code,internal_code,name,manufacturer_name,manufacture_country,manufacturer_item_description,unit_qty,quantity,unit_of_measure,weighted,qty_in_package,price,unit_of_measure_price,allow_discount,status,item_id
55,true,משלוחים לבית,,,משלוחים לבית,יחידה,0.00,יחידה,false,,29.90,0.0000,true,1,32808
103,true,לחמניה בריאות,,,לחמניה בריאות,יח',1.00,יח',false,,3.20,3.2000,true,1,18315
116,true,פלסטונים,,,פלסטונים,יחידה,0.00,יחידה,false,,4.90,0.0000,true,1,32750
163,true,פטריות שמפיניון תפזו,,,פטריות שמפיניון תפזו,קילוגרמים,1.00,"ק""ג",true,,31.90,31.9000,true,1,14114
164,true,פטריות חורש תפזורת,,,פטריות חורש תפזורת,קילוגרמים,1.00,"ק""ג",true,,29.90,29.9000,true,1,14115
301,true,בקבוק ריק חוזר בירה,,,בקבוק ריק חוזר בירה,יחידה,0.00,יחידה,false,,1.20,0.0000,true,1,2633
374,true,פטריות שמפניון,,,פטריות שמפניון,יח',1.00,יח',false,,8.90,8.9000,true,1,17812
395,true,לחמניה/כריך ילדים,,,לחמניה/כריך ילדים,יח',1.00,יח',false,,2.50,2.5000,true,1,1006
403,true,מאפה כיס פרלין פרימי,,,מאפה כיס פרלין פרימי,קילוגרמים,1.00,"ק""ג",true,,48.90,48.9000,true,1,1008
519,true,מעורב בבגט,,,מעורב בבגט,יחידה,0.00,יחידה,false,,25.00,0.0000,true,1,23596
572,true,קופון מצטרף חדש למוע,,,קופון מצטרף חדש למוע,יחידה,0.00,יחידה,false,,0.01,0.0000,true,1,40989
573,true,קופון מצטרף חדש למוע,,,קופון מצטרף חדש למוע,יחידה,0.00,יחידה,false,,0.01,0.0000,true,1,40990
996,true,חלה קלועה,,,חלה קלועה,יח',1.00,יח',false,,10.90,10.9000,true,1,1016
998,true,חלה מתוקה קלועה,,,חלה מתוקה קלועה,יח',1.00,יח',false,,12.90,12.9000,true,1,1017
1009,true,בגט שלם,,,בגט שלם,יח',1.00,יח',false,,4.80,4.8000,true,1,1021
1011,true,לחמנית קוראסול,,,לחמנית קוראסול,יח',1.00,יח',false,,3.90,3.9000,true,1,1022
1014,true,בגט רוסטיק,,,בגט רוסטיק,יח',1.00,יח',false,,7.90,7.9000,true,1,1023
1020,true,שליש בגט,,,שליש בגט,יח',1.00,יח',false,,3.20,3.2000,true,1,1025
1028,true,חצי בגט,,,חצי בגט,יח',1.00,יח',false,,3.30,3.3000,true,1,1027
1043,true,כרוב לבן כשר,,,כרוב לבן כשר,קילוגרמים,1.00,"ק""ג",true,,14.90,14.9000,true,1,13083
1058,true,חלה רגילה/חלה ציפורי,,,חלה רגילה/חלה ציפורי,גרמים,500.00,100 גרם,false,,3.90,0.0078,true,1,1818
1059,true,חלה מתוקה 500 גרם,,,חלה מתוקה 500 גרם,גרמים,500.00,100 גרם,false,,11.90,0.0238,true,1,1819
1073,true,סופגניה גדולה בודדת,,,סופגניה גדולה בודדת,יחידה,0.00,יחידה,false,,3.90,0.0000,true,1,29288
1074,true,כרוב אדום כשר,,,כרוב אדום כשר,קילוגרמים,1.00,"ק""ג",true,,14.90,14.9000,true,1,13084
1079,true,מיני סופגניה בודדת,,,מיני סופגניה בודדת,יחידה,0.00,יחידה,false,,3.30,0.0000,true,1,29289
1091,true,צנונית בייבי,,,צנונית בייבי,גרמים,400.00,100 גרם,false,,5.90,0.0148,true,1,13085
1095,true,בייבי בטטה,,,בייבי בטטה,יח',1.00,יח',false,,5.90,5.9000,true,1,17813
1103,true,לחמניה אצבע (6500),,,לחמניה אצבע (6500),יח',1.00,יח',false,,2.90,2.9000,true,1,12448
1108,true,לחמנית יאמיס,,,לחמנית יאמיס,יח',1.00,יח',false,,2.70,2.7000,true,1,1032
1212,true,לחמנית כריך/ביס/לבן/,,,לחמנית כריך/ביס/לבן/,יח',1.00,יח',false,,2.50,2.5000,true,1,1034
1476,true,לימון סיני,,,לימון סיני,קילוגרמים,1.00,"ק""ג",true,,12.90,12.9000,true,1,17818
1481,true,שזיף שגיב,,,שזיף שגיב,קילוגרמים,1.00,"ק""ג",true,,15.90,15.9000,true,1,17821
1494,true,תפו`א לבן תפזורת,,,תפו`א לבן תפזורת,קילוגרמים,1.00,"ק""ג",true,,4.90,4.9000,true,1,17829
1495,true,תפו`א  אדום תפזורת,,,תפו`א  אדום תפזורת,קילוגרמים,1.00,"ק""ג",true,,4.90,4.9000,true,1,17830
1500,true,פלפל כתום,,,פלפל כתום,קילוגרמים,1.00,"ק""ג",true,,9.90,9.9000,true,1,17833
1501,true,עגבניות,,,עגבניות,קילוגרמים,1.00,"ק""ג",true,,6.90,6.9000,true,1,17834
1502,true,מלפפונים,,,מלפפונים,קילוגרמים,1.00,"ק""ג",true,,5.90,5.9000,true,1,17835
1503,true,גזר ארוז,,,גזר ארוז,קילוגרמים,1.00,"ק""ג",true,,3.90,3.9000,true,1,17836
1504,true,סלק,,,סלק,קילוגרמים,1.00,"ק""ג",true,,3.90,3.9000,true,1,17837
1505,true,כרוב לבן,,,כרוב לבן,קילוגרמים,1.00,"ק""ג",true,,3.90,3.9000,true,1,17838
1506,true,כרוב אדום,,,כרוב אדום,קילוגרמים,1.00,"ק""ג",true,,5.90,5.9000,true,1,17839
1507,true,כרובית,,,כרובית,קילוגרמים,1.00,"ק""ג",true,,8.90,8.9000,true,1,17840
1510,true,קישואים,,,קישואים,קילוגרמים,1.00,"ק""ג",true,,7.90,7.9000,true,1,17842
1511,true,חצילים,,,חצילים,קילוגרמים,1.00,"ק""ג",true,,6.90,6.9000,true,1,17843
1513,true,פלפל ירוק,,,פלפל ירוק,קילוגרמים,1.00,"ק""ג",true,,9.90,9.9000,true,1,17844
1514,true,פלפל בהיר,,,פלפל בהיר,קילוגרמים,1.00,"ק""ג",true,,9.90,9.9000,true,1,17845
1515,true,פלפל חריף,,,פלפל חריף,קילוגרמים,1.00,"ק""ג",true,,9.90,9.9000,true,1,17846
1516,true,פלפל אדום,,,פלפל אדום,קילוגרמים,1.00,"ק""ג",true,,9.90,9.9000,true,1,17847
1518,true,מלון,,,מלון,קילוגרמים,1.00,"ק""ג",true,,6.90,6.9000,true,1,17849
1519,true,בצל יבש,,,בצל יבש,קילוגרמים,1.00,"ק""ג",true,,4.90,4.9000,true,1,17850
1521,true,קולורבי,,,קולורבי,קילוגרמים,1.00,"ק""ג",true,,7.90,7.9000,true,1,17851
1522,true,חסה ערבית,,,חסה ערבית,יח',1.00,יח',false,,4.90,4.9000,true,1,17852
1527,true,פטרוזיליה גומי,,,פטרוזיליה גומי,יח',1.00,יח',false,,3.50,3.5000,true,1,13086
1528,true,כוסברה גומי,,,כוסברה גומי,יח',1.00,יח',false,,3.50,3.5000,true,1,13087
1529,true,שמיר גומי,,,שמיר גומי,יח',1.00,יח',false,,3.50,3.5000,true,1,13088
1530,true,נענע גומי,,,נענע גומי,יח',1.00,יח',false,,3.50,3.5000,true,1,13089
1535,true,תפו`א אדום ארוז,,,תפו`א אדום ארוז,קילוגרמים,1.00,"ק""ג",true,,4.90,4.9000,true,1,17859
1540,true,חזרת,,,חזרת,קילוגרמים,1.00,"ק""ג",false,,39.90,39.9000,true,1,17862
1545,true,שום ארוז ייבוא יח',,,שום ארוז ייבוא יח',יח',1.00,יח',false,,4.90,4.9000,true,1,17866
1547,true,שומר,,,שומר,קילוגרמים,1.00,"ק""ג",true,,6.90,6.9000,true,1,17868
1550,true,תפו`א לבן ארוז,,,תפו`א לבן ארוז,קילוגרמים,1.00,"ק""ג",true,,3.90,3.9000,true,1,17869
1551,true,לימון,,,לימון,קילוגרמים,1.00,"ק""ג",true,,7.90,7.9000,true,1,17870
1552,true,תפוז,,,תפוז,קילוגרמים,1.00,"ק""ג",true,,5.90,5.9000,true,1,17871
1553,true,ענב לבן,,,ענב לבן,קילוגרמים,1.00,"ק""ג",true,,28.90,28.9000,true,1,17872
1555,true,תפוז ארוז,,,תפוז ארוז,קילוגרמים,1.00,"ק""ג",true,,5.90,5.9000,true,1,17874
1556,true,בננה מובחרת,,,בננה מובחרת,קילוגרמים,1.00,"ק""ג",true,,7.90,7.9000,true,1,17875
1558,true,אשכולית צהובה,,,אשכולית צהובה,קילוגרמים,1.00,"ק""ג",true,,6.90,6.9000,true,1,17877
1560,true,דלעת ארוזה,,,דלעת ארוזה,קילוגרמים,1.00,"ק""ג",true,,9.90,9.9000,true,1,17879
1561,true,תפוח עץ זהוב,,,תפוח עץ זהוב,קילוגרמים,1.00,"ק""ג",true,,8.90,8.9000,true,1,17880
1562,true,תפוח עץ יונתן,,,תפוח עץ יונתן,קילוגרמים,1.00,"ק""ג",true,,9.90,9.9000,true,1,17881
1563,true,תפוח עץ חרמון,,,תפוח עץ חרמון,קילוגרמים,1.00,"ק""ג",true,,8.90,8.9000,true,1,17882
1564,true,תפוח עץ סמיט,,,תפוח עץ סמיט,קילוגרמים,1.00,"ק""ג",true,,8.90,8.9000,true,1,17883
1566,true,אפרסק,,,אפרסק,קילוגרמים,1.00,"ק""ג",true,,8.90,8.9000,true,1,17884
1568,true,רימון,,,רימון,קילוגרמים,1.00,"ק""ג",true,,8.90,8.9000,true,1,17886
1570,true,קלמנטינה,,,קלמנטינה,קילוגרמים,1.00,"ק""ג",true,,5.90,5.9000,true,1,17887
1572,true,אבוקדו מובחר,,,אבוקדו מובחר,קילוגרמים,1.00,"ק""ג",true,,11.90,11.9000,true,1,17889
1573,true,מנגו,,,מנגו,קילוגרמים,1.00,"ק""ג",true,,11.90,11.9000,true,1,17890
1574,true,בטטה מתוקה,,,בטטה מתוקה,קילוגרמים,1.00,"ק""ג",true,,8.90,8.9000,true,1,17891
1576,true,אגס,,,אגס,קילוגרמים,1.00,"ק""ג",true,,9.90,9.9000,true,1,17892
1581,true,פלפל צהוב,,,פלפל צהוב,קילוגרמים,1.00,"ק""ג",true,,9.90,9.9000,true,1,17895
1583,true,נקטרינה,,,נקטרינה,קילוגרמים,1.00,"ק""ג",true,,8.90,8.9000,true,1,17896
1588,true,תירס ארוז,,,תירס ארוז,קילוגרמים,1.00,"ק""ג",true,,9.90,9.9000,true,1,17899
1590,true,פומלה,,,פומלה,קילוגרמים,1.00,"ק""ג",true,,6.90,6.9000,true,1,17900
1591,true,ענב אדום,,,ענב אדום,קילוגרמים,1.00,"ק""ג",true,,21.90,21.9000,true,1,17901
1601,true,סלרי חתוך ליח,,,סלרי חתוך ליח,יח',1.00,יח',false,,5.90,5.9000,true,1,13090
1604,true,אפרסמון,,,אפרסמון,קילוגרמים,1.00,"ק""ג",true,,15.90,15.9000,true,1,17907
1606,true,אנונה,,,אנונה,קילוגרמים,1.00,"ק""ג",true,,29.90,29.9000,true,1,17908
1607,true,תפו`א קטן אפיה ארוז,,,תפו`א קטן אפיה ארוז,קילוגרמים,1.00,"ק""ג",true,,3.90,3.9000,true,1,17909
1608,true,זנגוויל\גינגיר תפזור,,,זנגוויל\גינגיר תפזור,קילוגרמים,1.00,"ק""ג",true,,22.90,22.9000,true,1,17910
1610,true,שרי אשכולות לקג,,,שרי אשכולות לקג,קילוגרמים,1.00,"ק""ג",true,,18.90,18.9000,true,1,17911
1613,true,דלורית,,,דלורית,קילוגרמים,1.00,"ק""ג",true,,5.90,5.9000,true,1,17912
1615,true,בצל אדום,,,בצל אדום,קילוגרמים,1.00,"ק""ג",true,,5.90,5.9000,true,1,17914
1616,true,כוסברה כשר,,,כוסברה כשר,יח',1.00,יח',false,,5.90,5.9000,true,1,13091
1618,true,אפרסמון קרמבו,,,אפרסמון קרמבו,קילוגרמים,1.00,"ק""ג",true,,16.90,16.9000,true,1,17916
1619,true,פומלית,,,פומלית,קילוגרמים,1.00,"ק""ג",true,,5.90,5.9000,true,1,17917
1620,true,קיווי,,,קיווי,קילוגרמים,1.00,"ק""ג",true,,18.90,18.9000,true,1,17918
1632,true,קישוא זוקיני ירוק,,,קישוא זוקיני ירוק,קילוגרמים,1.00,"ק""ג",true,,10.90,10.9000,true,1,17921
1645,true,תפוח עץ גלה,,,תפוח עץ גלה,קילוגרמים,1.00,"ק""ג",true,,8.90,8.9000,true,1,17927
1667,true,לוף תפזורת,,,לוף תפזורת,קילוגרמים,1.00,"ק""ג",true,,16.90,16.9000,true,1,17930
1683,true,תפוח עץ פינק קריפס,,,תפוח עץ פינק קריפס,קילוגרמים,1.00,"ק""ג",true,,16.90,16.9000,true,1,17937
1708,true,גזר תפזורת,,,גזר תפזורת,קילוגרמים,1.00,"ק""ג",true,,4.90,4.9000,true,1,17944
1840,true,ברוקולי,,,ברוקולי,קילוגרמים,1.00,"ק""ג",true,,9.90,9.9000,true,1,17964
1841,true,תפוח פינק קריפס  מאר,,,תפוח פינק קריפס  מאר,גרמים,600.00,100 גרם,false,,16.90,0.0282,true,1,17965
1859,true,שיבה ליח',,,שיבה ליח',יח',1.00,יח',false,,4.90,4.9000,true,1,13093
1876,true,עירית ליח,,,עירית ליח,יח',1.00,יח',false,,5.90,5.9000,true,1,14117
1880,true,רוקולה ליח,,,רוקולה ליח,גרמים,100.00,100 גרם,false,,7.90,0.0790,true,1,13096
1941,true,ענב שחור,,,ענב שחור,קילוגרמים,1.00,"ק""ג",true,,21.90,21.9000,true,1,17979
2000,true,"בורקס גבינה/תפו""א",,,"בורקס גבינה/תפו""א",קילוגרמים,1.00,"ק""ג",true,,42.00,42.0000,true,1,1035
2244,true,חלה וויזניץ 500 גרם,,,חלה וויזניץ 500 גרם,יח',1.00,יח',false,,17.90,17.9000,true,1,28535
3080,true,עוגת סבתא שוקולד,,,עוגת סבתא שוקולד,יח',1.00,יח',false,,25.90,25.9000,true,1,1048
3500,true,עוף טרי שלם,,,עוף טרי שלם,קילוגרמים,1.00,"ק""ג",true,,18.90,18.9000,true,1,17799
3501,true,כרעיים עוף טרי,,,כרעיים עוף טרי,קילוגרמים,1.00,"ק""ג",true,,24.90,24.9000,true,1,5836
3502,true,חזה עוף טרי,,,חזה עוף טרי,קילוגרמים,1.00,"ק""ג",true,,31.90,31.9000,true,1,17800
3506,true,גרון הודו זכר טרי,,,גרון הודו זכר טרי,קילוגרמים,1.00,"ק""ג",true,,29.90,29.9000,true,1,5838
3507,true,שניצל עוף פרוס טרי,,,שניצל עוף פרוס טרי,קילוגרמים,1.00,"ק""ג",true,,34.90,34.9000,true,1,5839
3522,true,שוארמה פרגיות טרי,,,שוארמה פרגיות טרי,קילוגרמים,1.00,"ק""ג",true,,54.90,54.9000,true,1,5846
3534,true,סטייק פרגית טרי,,,סטייק פרגית טרי,קילוגרמים,1.00,"ק""ג",true,,49.90,49.9000,true,1,5851
3546,true,בשר עוף טרי טחון,,,בשר עוף טרי טחון,קילוגרמים,1.00,"ק""ג",true,,36.90,36.9000,true,1,10298
4650,true,5 יח' לחמניות שמיניה,,,5 יח' לחמניות שמיניה,יח',1.00,יח',false,,15.90,15.9000,true,1,1050
6013,true,"תרומה פתחון לב 10 ש""",,,"תרומה פתחון לב 10 ש""",יחידה,0.00,יחידה,false,,10.00,0.0000,true,1,23759
6164,true,אגוז מלך קלוף,,,אגוז מלך קלוף,קילוגרמים,1.00,"ק""ג",true,,75.00,75.0000,true,1,18572
6607,true,משמש מיובש,,,משמש מיובש,קילוגרמים,1.00,"ק""ג",true,,49.00,49.0000,true,1,18573
6669,true,פאקן טבעי,,,פאקן טבעי,קילוגרמים,1.00,"ק""ג",true,,99.00,99.0000,true,1,18574
6683,true,חמניות קלופות,,,חמניות קלופות,קילוגרמים,1.00,"ק""ג",true,,45.00,45.0000,true,1,18575
6751,true,מנצ`יס,,,מנצ`יס,קילוגרמים,1.00,"ק""ג",true,,47.00,47.0000,true,1,18576
7147,true,תערובת פיצוחים,,,תערובת פיצוחים,קילוגרמים,1.00,"ק""ג",true,,89.00,89.0000,true,1,18577
7208,true,שקד טבעי ענק,,,שקד טבעי ענק,קילוגרמים,1.00,"ק""ג",true,,69.00,69.0000,true,1,18578
7396,true,גרעין מלון קלוי,,,גרעין מלון קלוי,קילוגרמים,1.00,"ק""ג",true,,31.00,31.0000,true,1,18580
7451,true,גרעין שחור קלוי,,,גרעין שחור קלוי,קילוגרמים,1.00,"ק""ג",true,,19.00,19.0000,true,1,18582
7703,true,אגוז ברזיל טבעי,,,אגוז ברזיל טבעי,קילוגרמים,1.00,"ק""ג",true,,90.00,90.0000,true,1,18584
8328,true,מנגו  מסוכר,,,מנגו  מסוכר,קילוגרמים,1.00,"ק""ג",true,,41.00,41.0000,true,1,18586
8625,true,פרלינים במשקל,,,פרלינים במשקל,קילוגרמים,1.00,"ק""ג",true,,89.00,89.0000,true,1,18587
8888,true,פיקדון זיכוי לקוח,,,פיקדון זיכוי לקוח,יחידה,0.00,יחידה,false,,0.30,0.0000,true,1,32811
9996,true,פיצה נפוליטנה ב- 14.,,,פיצה נפוליטנה ב- 14.,יחידה,0.00,יחידה,false,,0.01,0.0000,true,1,24302
9999,true,פיקדון בקבוקים,,,פיקדון בקבוקים,יחידה,0.00,יחידה,false,,0.30,0.0000,true,1,27
69990,true,תערובת הבית,,,תערובת הבית,קילוגרמים,1.00,"ק""ג",true,,120.00,120.0000,true,1,49471
608370,true,רבע בגט,,,רבע בגט,יח',1.00,יח',false,,1.90,1.9000,true,1,52252
979181,true,ירקות חמוצים תפזורת,,,ירקות חמוצים תפזורת,קילוגרמים,1.00,"ק""ג",true,,39.00,39.0000,true,1,28787
979198,true,תבלינים שונים,,,תבלינים שונים,קילוגרמים,1.00,"ק""ג",true,,85.00,85.0000,true,1,28788
5678585,true,ענב סקרלוטה,,,ענב סקרלוטה,קילוגרמים,1.00,"ק""ג",true,,21.90,21.9000,true,1,18014
32147230,false,מיץ לימון סיצילייה 2,,,מיץ לימון סיצילייה 2,מיליליטרים,200.00,"100 מ""ל",false,,6.90,0.0345,true,1,2079
40111216,false,חטיף שוקולד באונטי 5,,,חטיף שוקולד באונטי 5,גרמים,57.00,100 גרם,false,,3.90,0.0684,true,1,7652
42299363,false,ניוואה דאודורנט רול,,,ניוואה דאודורנט רול,מיליליטרים,50.00,"100 מ""ל",false,,13.90,0.2780,true,1,16810
59039549,false,ווג קופסא בודדת פריס,,,ווג קופסא בודדת פריס,יחידה,0.00,יחידה,false,,37.50,0.0000,false,1,1635
72940754,false,"מילקי וניל 170 מ""ל",,,"מילקי וניל 170 מ""ל",מיליליטרים,170.00,"100 מ""ל",false,,2.80,0.0165,true,1,8965
72940761,false,מילקי שוקולד מהדרין,,,מילקי שוקולד מהדרין,מיליליטרים,170.00,"100 מ""ל",false,,2.80,0.0165,true,1,8966
72940952,false,מילקי אקסטראה קצפת מ,,,מילקי אקסטראה קצפת מ,מיליליטרים,110.00,"100 מ""ל",false,,3.50,0.0318,true,1,8967
72940983,false,אחלה חומוס 250ג,,,אחלה חומוס 250ג,גרמים,250.00,100 גרם,false,,6.90,0.0276,true,1,8969
72941041,false,מיני מילקי שוקולד 70,,,מיני מילקי שוקולד 70,מיליליטרים,70.00,"100 מ""ל",false,,2.00,0.0286,true,1,8970
72945308,false,שמרית קוביות שמרים ל,,,שמרית קוביות שמרים ל,גרמים,50.00,100 גרם,false,,3.40,0.0680,true,1,8971
72961209,false,"שמנת חמוצהבד""צ תנובה",,,"שמנת חמוצהבד""צ תנובה",מיליליטרים,200.00,"100 מ""ל",false,,2.40,0.0120,true,1,9903
72961223,false,"גיל 3% בד""צ 200 מ""ל",,,"גיל 3% בד""צ 200 מ""ל",מיליליטרים,200.00,"100 מ""ל",false,,1.51,0.0076,true,1,9905
72961506,false,פרילי תות 1.5% 125מל,,,פרילי תות 1.5% 125מל,מיליליטרים,125.00,"100 מ""ל",false,,3.30,0.0264,true,1,9906
72961520,false,פרילי אננס 1.5% 125מ,,,פרילי אננס 1.5% 125מ,מיליליטרים,125.00,"100 מ""ל",false,,3.30,0.0264,true,1,9908
72961544,false,באדי תות 125מל,,,באדי תות 125מל,מיליליטרים,125.00,"100 מ""ל",false,,2.90,0.0232,true,1,9909
72963753,false,תנובה שמנת של פעם 27,,,תנובה שמנת של פעם 27,מיליליטרים,200.00,"100 מ""ל",false,,3.90,0.0195,true,1,9913
72964132,false,פרילי טבע עם גרנולה,,,פרילי טבע עם גרנולה,מיליליטרים,200.00,"100 מ""ל",false,,4.70,0.0235,true,1,9914
72964422,false,תנובה יוגורט פרחים 4,,,תנובה יוגורט פרחים 4,מיליליטרים,200.00,"100 מ""ל",false,,2.60,0.0130,true,1,9915
72986240,false,באדי שוקו בדץ 125מל,,,באדי שוקו בדץ 125מל,מיליליטרים,125.00,"100 מ""ל",false,,2.80,0.0224,true,1,9917
72986370,false,גלידת פיינטים וניל צ,,,גלידת פיינטים וניל צ,מיליליטרים,420.00,"100 מ""ל",false,,19.90,0.0474,true,1,5154
72986424,false,גלידת פיינטים קרם עו,,,גלידת פיינטים קרם עו,מיליליטרים,420.00,"100 מ""ל",false,,19.90,0.0474,true,1,5155
72986448,false,גלידת טופי קרנץ,,,גלידת טופי קרנץ,מיליליטרים,420.00,"100 מ""ל",false,,19.90,0.0474,true,1,5156
72986455,false,גלידת פיינטים ניו-יו,,,גלידת פיינטים ניו-יו,מיליליטרים,420.00,"100 מ""ל",false,,19.90,0.0474,true,1,5157
72986479,false,גלידת פיינטים צאנקי,,,גלידת פיינטים צאנקי,מיליליטרים,420.00,"100 מ""ל",false,,19.90,0.0474,true,1,5158
72989425,false,גלידת פיינטים שוקולד,,,גלידת פיינטים שוקולד,מיליליטרים,500.00,"100 מ""ל",false,,19.90,0.0398,true,1,5159
76136184,false,פאל מאל בלו סופרסלימ,,,פאל מאל בלו סופרסלימ,יחידה,0.00,יחידה,false,,29.00,0.0000,false,1,1642
80042556,false,עגבניות MUTTI מרוסקו,,,עגבניות MUTTI מרוסקו,גרמים,400.00,100 גרם,false,,6.00,0.0150,true,1,27216
80042563,false,רסק עגבניות פאסטה מו,,,רסק עגבניות פאסטה מו,גרמים,700.00,100 גרם,false,,8.90,0.0127,true,1,17382
80052760,false,חטיף קינדר בואנו שוק,,,חטיף קינדר בואנו שוק,גרמים,43.00,100 גרם,false,,3.70,0.0860,true,1,14059
80136194,false,הפי היפו 5*20ג,,,הפי היפו 5*20ג,גרמים,102.00,100 גרם,false,,11.90,0.1167,true,1,14060
80176800,false,ממרח שוקולד נוטלה 75,,,ממרח שוקולד נוטלה 75,גרמים,750.00,100 גרם,false,,24.90,0.0332,true,1,14062
80177173,false,ממרח נוטלה קקאו עם א,,,ממרח נוטלה קקאו עם א,גרמים,350.00,100 גרם,false,,13.90,0.0397,true,1,14063
80177609,false,קינדר אצבעות שוק.חלב,,,קינדר אצבעות שוק.חלב,גרמים,50.00,100 גרם,false,,3.70,0.0740,true,1,14064
80177616,false,אצבעות שוקולד קינדר,,,אצבעות שוקולד קינדר,גרמים,100.00,100 גרם,false,,6.90,0.0690,true,1,14065
80273592,false,פלפל ארבע עונות,,,פלפל ארבע עונות,יחידה,0.00,יחידה,false,,12.90,0.0000,true,1,13979
80773429,false,מסטיק מנטוס בקבוק בט,,,מסטיק מנטוס בקבוק בט,גרמים,60.00,100 גרם,false,,9.90,0.1650,true,1,4506
80773443,false,מסטיק מנטוס בקבוק בט,,,מסטיק מנטוס בקבוק בט,גרמים,60.00,100 גרם,false,,9.90,0.1650,true,1,4507
80790990,false,מסטיק מנטוס בקבוק בט,,,מסטיק מנטוס בקבוק בט,גרמים,60.00,100 גרם,false,,9.90,0.1650,true,1,4510
80874652,false,קינדר קארדס חטיף בוד,,,קינדר קארדס חטיף בוד,גרמים,25.60,100 גרם,false,,3.90,0.1523,true,1,14069
80913467,false,מסטיק מנטוס בקבוק בט,,,מסטיק מנטוס בקבוק בט,גרמים,60.00,100 גרם,false,,9.90,0.1650,true,1,4519
87108651,false,סוכריות מנטוס מנטה 1,,,סוכריות מנטוס מנטה 1,גרמים,150.00,100 גרם,false,,10.90,0.0727,true,1,4523
87311396,false,מנטוס סוכריות גליל,,,מנטוס סוכריות גליל,גרמים,37.00,100 גרם,false,,2.90,0.0784,true,1,4526
90087974,false,חומץ תפוחים 5% תומר,,,חומץ תפוחים 5% תומר,מיליליטרים,750.00,"100 מ""ל",false,,11.90,0.0159,true,1,9559
90162602,false,משקה אנרגיה RED BULL,,,משקה אנרגיה RED BULL,מיליליטרים,250.00,"100 מ""ל",false,,5.90,0.0236,true,1,1990
90162800,false,משקה אנרגיה ללא סוכר,,,משקה אנרגיה ללא סוכר,מיליליטרים,250.00,"100 מ""ל",false,,5.90,0.0236,true,1,1991
198888886,false,עיגול אגורות,,,עיגול אגורות,יחידה,0.00,יחידה,false,,1.00,0.0000,true,1,15424
9800800056,false,ממרח נוטלה & GO,,,ממרח נוטלה & GO,גרמים,52.00,100 גרם,false,,4.90,0.0942,true,1,14073
11210000094,false,טבסקו,,,טבסקו,מיליליטרים,60.00,"100 מ""ל",false,,10.90,0.1817,true,1,13497
11210002500,false,טבסקו רוטב כנפי באפא,,,טבסקו רוטב כנפי באפא,מיליליטרים,150.00,"100 מ""ל",false,,23.90,0.1593,true,1,13499
11210009387,false,רוטב ירוק 60 מל,,,רוטב ירוק 60 מל,מיליליטרים,60.00,"100 מ""ל",false,,10.90,0.1817,true,1,13502
11210698055,false,רוטב טבסקו סרירצ'ה,,,רוטב טבסקו סרירצ'ה,מיליליטרים,566.00,"100 מ""ל",false,,24.90,0.0440,true,1,13504
16000548404,false,חטיף קראנצי גרנולה ש,,,חטיף קראנצי גרנולה ש,גרמים,210.00,100 גרם,false,,18.90,0.0900,true,1,4529
16000548503,false,חטיף קראנצי גרנולה מ,,,חטיף קראנצי גרנולה מ,גרמים,210.00,100 גרם,false,,18.90,0.0900,true,1,4531
16000548602,false,חטיף שיבולת שועל מלא,,,חטיף שיבולת שועל מלא,גרמים,210.00,100 גרם,false,,18.90,0.0900,true,1,4532
16229924263,false,"קרם קוקוס 250 מ""ל.",,,"קרם קוקוס 250 מ""ל.",מיליליטרים,250.00,"100 מ""ל",false,,9.90,0.0396,true,1,17599
18000701223,false,תערובת לעוגת שוק.דוי,,,תערובת לעוגת שוק.דוי,גרמים,500.00,100 גרם,false,,16.90,0.0338,true,1,4534
22200956932,false,דאו' ג'ל כחול ספיד ס,,,דאו' ג'ל כחול ספיד ס,גרמים,85.00,100 גרם,false,,16.90,0.1988,true,1,7920
25675120020,false,חמצוצים מקלות פטל 10,,,חמצוצים מקלות פטל 10,גרמים,100.00,100 גרם,false,,8.90,0.0890,true,1,1518
31200001597,false,חמוציות ממותקות ומיו,,,חמוציות ממותקות ומיו,גרמים,170.00,100 גרם,false,,10.90,0.0641,true,1,4539
37600207188,false,סקיפי חמאת בוטנים קל,,,סקיפי חמאת בוטנים קל,גרמים,462.00,100 גרם,false,,17.90,0.0387,true,1,1993
37600207256,false,סקיפי חמאת בוטנים עם,,,סקיפי חמאת בוטנים עם,גרמים,462.00,100 גרם,false,,17.90,0.0387,true,1,1994
37600207287,false,סקיפי חמאת בוטנים עם,,,סקיפי חמאת בוטנים עם,גרמים,462.00,100 גרם,false,,17.90,0.0387,true,1,1995
38000232152,false,פרינגלס ביג ברביקיו,,,פרינגלס ביג ברביקיו,גרמים,158.00,100 גרם,false,,8.90,0.0563,true,1,10360
38000232176,false,פרינגלס ביג שמנת בצל,,,פרינגלס ביג שמנת בצל,גרמים,158.00,100 גרם,false,,8.90,0.0563,true,1,10361
38000232183,false,פרינגלס ביג אורגינל,,,פרינגלס ביג אורגינל,גרמים,158.00,100 גרם,false,,8.90,0.0563,true,1,10362
38527591053,false,דגני בוקר מרובעים קי,,,דגני בוקר מרובעים קי,גרמים,412.00,100 גרם,false,,19.90,0.0483,true,1,9289
40000514480,false,עדשי שוקולד M&M שוקו,,,עדשי שוקולד M&M שוקו,גרמים,48.00,100 גרם,false,,4.90,0.1021,true,1,7671
41390001079,false,קיקומן רוטב סויה דל,,,קיקומן רוטב סויה דל,מיליליטרים,444.00,"100 מ""ל",false,,19.90,0.0448,true,1,1997
44600300580,false,כלורקס קלין אפ פרש כ,,,כלורקס קלין אפ פרש כ,מיליליטרים,946.00,"100 מ""ל",false,,19.90,0.0210,true,1,27263
50000100347,false,פריסקיז מעדני החתול,,,פריסקיז מעדני החתול,קילוגרמים,1.40,"ק""ג",false,,36.90,26.3571,true,1,6550
54881000055,false,תה שחור מבחר פירות 2,,,תה שחור מבחר פירות 2,גרמים,695.00,100 גרם,false,,8.90,0.0128,true,1,22406
54881016001,false,תה 4 סוגי חליטות פרי,,,תה 4 סוגי חליטות פרי,גרמים,695.00,100 גרם,false,,8.90,0.0128,true,1,22419
55500012046,false,כלורקס קלין אפ 946 מ,,,כלורקס קלין אפ 946 מ,מיליליטרים,946.00,"100 מ""ל",false,,19.90,0.0210,true,1,17603
64144090013,false,תרסיס שמן פאם חמאה 1,,,תרסיס שמן פאם חמאה 1,מיליליטרים,148.00,"100 מ""ל",false,,17.90,0.1209,true,1,4543
64144090020,false,תרסיס שמן זית פאם 14,,,תרסיס שמן זית פאם 14,גרמים,148.00,100 גרם,false,,17.90,0.1209,true,1,4544
64144090051,false,תרסיס שמן קנולה פאם,,,תרסיס שמן קנולה פאם,מיליליטרים,148.00,"100 מ""ל",false,,17.90,0.1209,true,1,4545
70177077693,false,טווינינג אינגליש ברק,,,טווינינג אינגליש ברק,גרמים,50.00,100 גרם,false,,18.90,0.3780,true,1,5069
76840001774,false,גלידת פיינטים שוק' צ,,,גלידת פיינטים שוק' צ,מיליליטרים,420.00,"100 מ""ל",false,,19.90,0.0474,true,1,5162
76840002351,false,GIMME S'MORE בן אנד,,,GIMME S'MORE בן אנד,מיליליטרים,420.00,"100 מ""ל",false,,19.90,0.0474,true,1,20621
76840002542,false,גלידת פיינטים נטפליק,,,גלידת פיינטים נטפליק,מיליליטרים,420.00,"100 מ""ל",false,,19.90,0.0474,true,1,5163
76840100156,false,בן&גרי גלידה צרי גרס,,,בן&גרי גלידה צרי גרס,גרמים,473.00,100 גרם,false,,19.90,0.0421,true,1,20624
76840100583,false,גלידה וניל +בצק עוגי,,,גלידה וניל +בצק עוגי,מיליליטרים,473.00,"100 מ""ל",false,,19.90,0.0421,true,1,5165
77245110610,false,סוכריות מאסט ללא סוכ,,,סוכריות מאסט ללא סוכ,גרמים,80.00,100 גרם,false,,6.90,0.0863,true,1,8462
77975034071,false,בייגלה סניידרס ניבלר,,,בייגלה סניידרס ניבלר,גרמים,255.00,100 גרם,false,,15.90,0.0624,true,1,4547
77975094631,false,סניידרס בייגלה סנדוו,,,סניידרס בייגלה סנדוו,גרמים,266.00,100 גרם,false,,15.90,0.0598,true,1,20354
77975094761,false,סניידרס צ'דר 340 גרם,,,סניידרס צ'דר 340 גרם,גרמים,340.00,100 גרם,false,,15.90,0.0468,true,1,20355
77975095157,false,בייגלה סניידרס בטעם,,,בייגלה סניידרס בטעם,גרמים,318.00,100 גרם,false,,15.90,0.0500,true,1,20357
611745285432,false,סט 3 מגבות מטבח,,,סט 3 מגבות מטבח,יחידה,0.00,יחידה,false,,14.90,0.0000,true,1,32706
645173911038,false,מלפפונים קורנישון מי,,,מלפפונים קורנישון מי,גרמים,720.00,100 גרם,false,,9.90,0.0138,true,1,9560
651080647519,false,פלאקרס חוט דנטלי מנט,,,פלאקרס חוט דנטלי מנט,יחידה,0.00,יחידה,false,,9.90,0.0000,true,1,2091
728229123811,false,טרה צ'יפס חטיף  ים ת,,,טרה צ'יפס חטיף  ים ת,גרמים,110.00,100 גרם,false,,14.90,0.1355,true,1,5080
728229124764,false,טרה צ'יפס חטיף בטטה,,,טרה צ'יפס חטיף בטטה,גרמים,110.00,100 גרם,false,,14.90,0.1355,true,1,5081
728229124771,false,טרה צ'יפס חטיף מבטטה,,,טרה צ'יפס חטיף מבטטה,גרמים,110.00,100 גרם,false,,14.90,0.1355,true,1,5082
728229130154,false,טרה צ'יפס חטיף בטטה,,,טרה צ'יפס חטיף בטטה,גרמים,110.00,100 גרם,false,,14.90,0.1355,true,1,5083
753182231761,false,בלו סיקס ללא סוכר 25,,,בלו סיקס ללא סוכר 25,מיליליטרים,250.00,"100 מ""ל",false,,4.20,0.0168,true,1,694
768404001640,false,גלידה פיינטס קפה 473,,,גלידה פיינטס קפה 473,מיליליטרים,473.00,"100 מ""ל",false,,19.90,0.0421,true,1,5167
769904000997,false,דגש שקדי מרק ללא גלו,,,דגש שקדי מרק ללא גלו,גרמים,200.00,100 גרם,false,,13.90,0.0695,true,1,18198
835811000426,false,מזלגות 50 יח' קרם עב,,,מזלגות 50 יח' קרם עב,יחידה,0.00,יחידה,false,,12.90,0.0000,true,1,2766
835811001195,false,מגש אובלי גדול מדקל,,,מגש אובלי גדול מדקל,יח',5.00,יח',false,,19.90,3.9800,true,1,19691
835811001201,false,מגש אובלי בינוני מדק,,,מגש אובלי בינוני מדק,יח',5.00,יח',false,,19.90,3.9800,true,1,19692
835811004219,false,מפות שולחן 8 מטר עבה,,,מפות שולחן 8 מטר עבה,מטרים,8.00,מטר,false,,8.90,1.1125,true,1,2791
835811004431,false,מארז  ממחטות נייר טי,,,מארז  ממחטות נייר טי,יח',5.00,יח',false,,9.90,1.9800,true,1,19704
835811005322,false,פחם דרום אמריקאי 2 ק,,,פחם דרום אמריקאי 2 ק,קילוגרמים,2.00,"ק""ג",false,,14.90,7.4500,true,1,2804
835811005339,false,זוג שקיות אוכל הנמל,,,זוג שקיות אוכל הנמל,יח',300.00,יח',false,,7.90,0.0263,true,1,2805
835811005728,false,עלים לקרמשניט 400 גר,,,עלים לקרמשניט 400 גר,גרמים,400.00,100 גרם,false,,14.90,0.0373,true,1,2807
835811005810,false,תבנית אלומיניום מרוב,,,תבנית אלומיניום מרוב,יחידה,0.00,יחידה,false,,11.90,0.0000,true,1,2809
835811006497,false,אבקת סוכר 500 גר,,,אבקת סוכר 500 גר,גרמים,500.00,100 גרם,false,,8.90,0.0178,true,1,2818
835811008347,false,גפרור ענק,,,גפרור ענק,יחידה,0.00,יחידה,false,,5.90,0.0000,true,1,2826
835811008699,false,כפות 50 יח שקוף עבה,,,כפות 50 יח שקוף עבה,יחידה,0.00,יחידה,false,,12.90,0.0000,true,1,2827
835811008941,false,סכינים 50 יח שקוף עב,,,סכינים 50 יח שקוף עב,יחידה,0.00,יחידה,false,,12.90,0.0000,true,1,2832
835811008958,false,כפיות 50 יח שקוף עבה,,,כפיות 50 יח שקוף עבה,יחידה,0.00,יחידה,false,,12.90,0.0000,true,1,2833
839762000658,false,איילנד נקטר גויאבה 1,,,איילנד נקטר גויאבה 1,ליטרים,1.00,ליטר,false,,11.50,11.5000,true,1,13868
851621000050,false,בירה BLANC שישיה 330,,,בירה BLANC שישיה 330,ליטרים,1.98,ליטר,false,,39.90,20.1515,true,1,2588
884912359155,false,דגני בוקר שיבולת שוע,,,דגני בוקר שיבולת שוע,גרמים,340.00,100 גרם,false,,22.90,0.0674,true,1,21495
884912359162,false,דגני בוקר שיבולת שוע,,,דגני בוקר שיבולת שוע,גרמים,340.00,100 גרם,false,,22.90,0.0674,true,1,21496
884912365200,false,דגני בוקר עם פירורי,,,דגני בוקר עם פירורי,גרמים,311.00,100 גרם,false,,22.90,0.0736,true,1,21500
3014260201753,false,סכיני גילוח חד פעמיי,,,סכיני גילוח חד פעמיי,יחידה,0.00,יחידה,false,,12.90,0.0000,true,1,10367
3014260228842,false,קצף גילוח רגיל ג'ילט,,,קצף גילוח רגיל ג'ילט,מיליליטרים,200.00,"100 מ""ל",false,,13.90,0.0695,true,1,10370
3014260289287,false,סכיני גילוח לאישה בל,,,סכיני גילוח לאישה בל,יחידה,0.00,יחידה,false,,12.90,0.0000,true,1,10374
3046920010801,false,לינדט אקסלנס  100ג,,,לינדט אקסלנס  100ג,גרמים,100.00,100 גרם,false,,14.90,0.1490,true,1,5087
3046920029674,false,לינדט אקסלנס עם שבבי,,,לינדט אקסלנס עם שבבי,גרמים,100.00,100 גרם,false,,14.90,0.1490,true,1,5094
3046920029681,false,לינדט אקסלנס מילד 85,,,לינדט אקסלנס מילד 85,גרמים,100.00,100 גרם,false,,14.90,0.1490,true,1,5095
3059943015128,false,איירוויק ספריי נטול,,,איירוויק ספריי נטול,מיליליטרים,345.00,"100 מ""ל",false,,12.90,0.0374,true,1,7740
3141360054405,false,פיניש מפיץ ריח לימון,,,פיניש מפיץ ריח לימון,יחידה,0.00,יחידה,false,,14.90,0.0000,true,1,7748
3161911229199,false,אלוויר חמאה רכה 250ג,,,אלוויר חמאה רכה 250ג,גרמים,250.00,100 גרם,false,,19.90,0.0796,true,1,16262
3161911366429,false,אלוויר חמאה רכה מלוח,,,אלוויר חמאה רכה מלוח,גרמים,250.00,100 גרם,false,,19.90,0.0796,true,1,16263
3161911393210,false,חמאת נורמנדי מלוחה 2,,,חמאת נורמנדי מלוחה 2,גרמים,200.00,100 גרם,false,,16.90,0.0845,true,1,26382
3178530402353,false,עוגיות רכות מיני מדל,,,עוגיות רכות מיני מדל,גרמים,175.00,100 גרם,false,,11.90,0.0680,true,1,26385
3178530407938,false,עוגיות שוקולד צ'יפס,,,עוגיות שוקולד צ'יפס,גרמים,175.00,100 גרם,false,,11.90,0.0680,true,1,16267
3245412211393,false,שוקולד חלב מעולה קרפ,,FR,שוקולד חלב מעולה קרפ,גרמים,300.00,100 גרם,false,,7.90,0.0263,true,1,28963
3245412211409,false,שוקולד חלב מעולה עם,,FR,שוקולד חלב מעולה עם,גרמים,300.00,100 גרם,false,,15.90,0.0530,true,1,28964
3270190174936,false,שוקולד חלב עם תכולת,,FR,שוקולד חלב עם תכולת,גרמים,100.00,100 גרם,false,,5.90,0.0590,true,1,28969
3387390320244,false,פיטנס פירות דגני עם,,,פיטנס פירות דגני עם,גרמים,375.00,100 גרם,false,,19.90,0.0531,true,1,6572
3387390525960,false,דגני קראנץ' נסטלה 50,,,דגני קראנץ' נסטלה 50,גרמים,500.00,100 גרם,false,,19.90,0.0398,true,1,6573
3523230025652,false,גבינהת עזים מיני בוש,,,גבינהת עזים מיני בוש,גרמים,125.00,100 גרם,false,,24.90,0.1992,true,1,26389
3523230026826,false,פרמידה עיזים טבעי 14,,,פרמידה עיזים טבעי 14,גרמים,140.00,100 גרם,false,,23.90,0.1707,true,1,16272
3525490011123,false,לה ז'אמל סנסו רוזה 7,,,לה ז'אמל סנסו רוזה 7,מיליליטרים,750.00,"100 מ""ל",false,,59.90,0.0799,true,1,25415
3560070582884,false,קרפור סטייליס עם שוק,,,קרפור סטייליס עם שוק,גרמים,300.00,100 גרם,false,,8.90,0.0297,true,1,45275
3560070669981,false,שוקולד מריר מעולה 80,,FR,שוקולד מריר מעולה 80,גרמים,80.00,100 גרם,false,,4.90,0.0613,true,1,28970
3560070701407,false,שוקולד מריר מעולה עם,,FR,שוקולד מריר מעולה עם,גרמים,100.00,100 גרם,false,,5.90,0.0590,true,1,28971
3560070720859,false,שוקולד מריר מעולה 72,,FR,שוקולד מריר מעולה 72,גרמים,80.00,100 גרם,false,,4.90,0.0613,true,1,28972
3560070800230,false,קרפור שוקו קרלס 375,,,קרפור שוקו קרלס 375,גרמים,375.00,100 גרם,false,,6.90,0.0184,true,1,45321
3560070800322,false,קרפור סנופלקס 375 גר,,,קרפור סנופלקס 375 גר,גרמים,375.00,100 גרם,false,,6.90,0.0184,true,1,45310
3560070800353,false,קרפור הוני בולז 375,,,קרפור הוני בולז 375,גרמים,375.00,100 גרם,false,,6.90,0.0184,true,1,45344
3560071013127,false,קרפור סטייליס עם שוק,,,קרפור סטייליס עם שוק,גרמים,300.00,100 גרם,false,,8.90,0.0297,true,1,45298
3560071013196,false,קרפור סטייליס בטעם ט,,,קרפור סטייליס בטעם ט,גרמים,500.00,100 גרם,false,,9.90,0.0198,true,1,45286
3560071015725,false,קרפור פיברה עם 5 פיר,,,קרפור פיברה עם 5 פיר,גרמים,500.00,100 גרם,false,,11.90,0.0238,true,1,45333
3560071341947,false,שמן זית כתית מעולה ב,,FR,שמן זית כתית מעולה ב,מיליליטרים,750.00,"100 מ""ל",false,,11.50,0.0153,true,1,36306
3560071431914,false,קפסולות קפה קרפור עו,,FR,קפסולות קפה קרפור עו,גרמים,52.00,100 גרם,false,,7.90,0.1519,true,1,46028
3560071431945,false,קפסולות קפה קרפור עו,,FR,קפסולות קפה קרפור עו,גרמים,52.00,100 גרם,false,,7.90,0.1519,true,1,46050
3560071432003,false,קפסולות קפה קרפור עו,,FR,קפסולות קפה קרפור עו,גרמים,52.00,100 גרם,false,,7.90,0.1519,true,1,46051
3560071432034,false,קפסולות קפה נטול קרפ,,FR,קפסולות קפה נטול קרפ,גרמים,52.00,100 גרם,false,,7.90,0.1519,true,1,46052
3560071432065,false,קפסולות קפה קרפור עו,,FR,קפסולות קפה קרפור עו,גרמים,52.00,100 גרם,false,,7.90,0.1519,true,1,46053
3560071432096,false,קפסולות קפה קרפור עו,,FR,קפסולות קפה קרפור עו,גרמים,52.00,100 גרם,false,,7.90,0.1519,true,1,46054
3560071432157,false,קפסולות קפה וניל קרפ,,FR,קפסולות קפה וניל קרפ,גרמים,52.00,100 גרם,false,,7.90,0.1519,true,1,46055
3560071432188,false,קפסולות קפה קרמל קרפ,,FR,קפסולות קפה קרמל קרפ,גרמים,52.00,100 גרם,false,,7.90,0.1519,true,1,46056
3560071432218,false,קפסולות קפה אגוז קרפ,,FR,קפסולות קפה אגוז קרפ,גרמים,52.00,100 גרם,false,,7.90,0.1519,true,1,46057
3560071432249,false,קפסולות קפה ברזיל קר,,FR,קפסולות קפה ברזיל קר,גרמים,52.00,100 גרם,false,,7.90,0.1519,true,1,46058
3560071432270,false,קפסולות קפה קולומביה,,FR,קפסולות קפה קולומביה,גרמים,52.00,100 גרם,false,,7.90,0.1519,true,1,46059
3560071432300,false,קפסולות קפה אתיופיה,,FR,קפסולות קפה אתיופיה,גרמים,52.00,100 גרם,false,,7.90,0.1519,true,1,46060
3560071432331,false,קפסולות קפה לאוס קרפ,,FR,קפסולות קפה לאוס קרפ,גרמים,52.00,100 גרם,false,,7.90,0.1519,true,1,46061
3560071432362,false,קפסולות קפה קניה קרפ,,FR,קפסולות קפה קניה קרפ,גרמים,52.00,100 גרם,false,,7.90,0.1519,true,1,46062
3560071432393,false,קפסולות קפה קוסטה רי,,FR,קפסולות קפה קוסטה רי,גרמים,52.00,100 גרם,false,,7.90,0.1519,true,1,46063
3574661485218,false,אובה פרוקומפורט נורמ,,,אובה פרוקומפורט נורמ,יחידה,0.00,יחידה,false,,21.90,0.0000,true,1,21631
3574661552576,false,קרפרי רגיל טנגה לבן,,,קרפרי רגיל טנגה לבן,יחידה,0.00,יחידה,false,,13.90,0.0000,true,1,7962
3574661552811,false,קרפרי כותון אוורירי,,,קרפרי כותון אוורירי,יחידה,0.00,יחידה,false,,13.90,0.0000,true,1,7964
3574661554877,false,קרפרי כותון מבושם 56,,,קרפרי כותון מבושם 56,יחידה,0.00,יחידה,false,,13.90,0.0000,true,1,7965
3574669907729,false,ג'ונסונס בייבי שמפו,,,ג'ונסונס בייבי שמפו,מיליליטרים,750.00,"100 מ""ל",false,,24.90,0.0332,true,1,21632
3600524051334,false,אלביב מרכך היאלורוני,,,אלביב מרכך היאלורוני,מיליליטרים,400.00,"100 מ""ל",false,,13.90,0.0348,true,1,27278
3600524051570,false,אלביב מסכה היאלורוני,,,אלביב מסכה היאלורוני,מיליליטרים,300.00,"100 מ""ל",false,,24.90,0.0830,true,1,27279
3600524055400,false,אלביב שמפו היאלורוני,,,אלביב שמפו היאלורוני,מיליליטרים,400.00,"100 מ""ל",false,,14.90,0.0373,true,1,27280
3600541029323,false,אסנשיאלס מסיר איפור,,,אסנשיאלס מסיר איפור,מיליליטרים,200.00,"100 מ""ל",false,,19.90,0.0995,true,1,17624
3600541253667,false,דאודורנט ספריי אינבי,,,דאודורנט ספריי אינבי,מיליליטרים,150.00,"100 מ""ל",false,,10.00,0.0667,true,1,27291
3600541382930,false,גרניה תמיסה מיסלר מס,,,גרניה תמיסה מיסלר מס,מיליליטרים,400.00,"100 מ""ל",false,,32.90,0.0822,true,1,27292
3600542385251,false,דאודורנט רול פרוטקשן,,,דאודורנט רול פרוטקשן,יחידה,50.00,יחידה,false,,12.90,0.2580,true,1,27302
3607343817547,false,דאודורנט ספריי לגבר,,,דאודורנט ספריי לגבר,מיליליטרים,150.00,"100 מ""ל",false,,12.90,0.0860,true,1,2095
3607347918981,false,דאו' רולאון לאישה 6,,,דאו' רולאון לאישה 6,יחידה,0.00,יחידה,false,,13.90,0.0000,true,1,2099
4000417026002,false,שוקולד חלב ממולא קרם,,,שוקולד חלב ממולא קרם,גרמים,100.00,100 גרם,false,,7.90,0.0790,true,1,4558
4000417101211,false,גלילי וופל עם קרם אג,,,גלילי וופל עם קרם אג,גרמים,150.00,100 גרם,false,,17.90,0.1193,true,1,20361
4005808366392,false,שפתון כחול למניעת יו,,,שפתון כחול למניעת יו,גרמים,4.80,100 גרם,false,,9.90,2.0625,true,1,16815
4005808368280,false,שפתון דובדבן לבלו 4.,,,שפתון דובדבן לבלו 4.,גרמים,4.80,100 גרם,false,,9.90,2.0625,true,1,16816
4005900639554,false,דאודורנט רול און מענ,,,דאודורנט רול און מענ,מיליליטרים,50.00,"100 מ""ל",false,,13.90,0.2780,true,1,26455
4005900828088,false,דאו' רול און לגבר פר,,,דאו' רול און לגבר פר,מיליליטרים,50.00,"100 מ""ל",false,,13.90,0.2780,true,1,16854
4008287051032,false,בירה קרומבכר פילס בפ,,,בירה קרומבכר פילס בפ,מיליליטרים,500.00,"100 מ""ל",false,,9.90,0.0198,true,1,18741
4008287905786,false,בירה קרומבכר חיטה בפ,,,בירה קרומבכר חיטה בפ,מיליליטרים,500.00,"100 מ""ל",false,,9.90,0.0198,true,1,18744
4008400290126,false,קינדר פינגווי עוגת ס,,,קינדר פינגווי עוגת ס,גרמים,30.00,100 גרם,false,,3.90,0.1300,true,1,22490
4008400290423,false,קינדר פינגווי עוגת ס,,,קינדר פינגווי עוגת ס,גרמים,120.00,100 גרם,false,,12.90,0.1075,true,1,22491
4009300525684,false,פומפדור חליטת לימוןג,,,פומפדור חליטת לימוןג,גרמים,35.00,100 גרם,false,,10.90,0.3114,true,1,21635
4009900013581,false,אורביט סטיקס ספירמינ,,,אורביט סטיקס ספירמינ,גרמים,65.00,100 גרם,false,,9.90,0.1523,true,1,7677
4009900402965,false,אורביט וויט פירות בק,,,אורביט וויט פירות בק,גרמים,64.00,100 גרם,false,,9.90,0.1547,true,1,7680
4009900420129,false,אורביט פרופשייונל פפ,,,אורביט פרופשייונל פפ,גרמים,64.00,100 גרם,false,,9.90,0.1547,true,1,7683
4009900426039,false,בקבוקון בקבוקון מסטי,,,בקבוקון בקבוקון מסטי,גרמים,64.00,100 גרם,false,,9.90,0.1547,true,1,7684
4009900479998,false,אורביט מסטיק בקבוקון,,,אורביט מסטיק בקבוקון,גרמים,64.00,100 גרם,false,,9.90,0.1547,true,1,7688
4009900482417,false,אורביט באבל מינט בקב,,,אורביט באבל מינט בקב,גרמים,64.00,100 גרם,false,,9.90,0.1547,true,1,7690
4009900531122,false,אורביט פרופשייונל ספ,,,אורביט פרופשייונל ספ,גרמים,64.00,100 גרם,false,,9.90,0.1547,true,1,7707
4009900534611,false,איירוויבז בטעם מלון,,,איירוויבז בטעם מלון,גרמים,64.00,100 גרם,false,,9.90,0.1547,true,1,7710
4009900539685,false,מסטיק בטעם מנטה ללא,,,מסטיק בטעם מנטה ללא,גרמים,61.80,100 גרם,false,,11.90,0.1926,true,1,21563
4009900540551,false,אורביט רפרשרס טרופיק,,,אורביט רפרשרס טרופיק,גרמים,67.00,100 גרם,false,,11.90,0.1776,true,1,21565
4011100001220,false,מרס מיני 403 גרם,,,מרס מיני 403 גרם,גרמים,403.00,100 גרם,false,,19.90,0.0494,true,1,7711
4014400904390,false,סוכריות וולמליש 325ג,,,סוכריות וולמליש 325ג,גרמים,325.00,100 גרם,false,,14.90,0.0458,true,1,4573
4014400910063,false,סוכריות חמאה וורטר 1,,,סוכריות חמאה וורטר 1,גרמים,135.00,100 גרם,false,,7.90,0.0585,true,1,4576
4014400914924,false,80 סוכריות קפה וורטר,,,80 סוכריות קפה וורטר,גרמים,80.00,100 גרם,false,,7.90,0.0988,true,1,4579
4014400923711,false,טופיפי בונבונירה שוק,,,טופיפי בונבונירה שוק,גרמים,125.00,100 גרם,false,,9.90,0.0792,true,1,4581
4015000031394,false,מסיר כתמים ספטיל 200,,,מסיר כתמים ספטיל 200,גרמים,200.00,100 גרם,false,,14.90,0.0745,true,1,12811
4015400598411,false,קוואטרו לילה אולוויז,,,קוואטרו לילה אולוויז,יחידה,0.00,יחידה,false,,36.90,0.0000,true,1,10382
4015400731719,false,תחבושות וליו פק לילה,,,תחבושות וליו פק לילה,יחידה,0.00,יחידה,false,,17.90,0.0000,true,1,10390
4015600762780,false,שמפו 2-ב1הד&שולדרס 5,,,שמפו 2-ב1הד&שולדרס 5,מיליליטרים,500.00,"100 מ""ל",false,,18.90,0.0378,true,1,10399
4015600762902,false,שמפו מנטול הד&שולדרס,,,שמפו מנטול הד&שולדרס,מיליליטרים,500.00,"100 מ""ל",false,,18.90,0.0378,true,1,10400
4015600763022,false,שמפו מגע המשי הד&שול,,,שמפו מגע המשי הד&שול,מיליליטרים,500.00,"100 מ""ל",false,,18.90,0.0378,true,1,10402
4017100364112,false,היט עוגיות סנדביץ בט,,,היט עוגיות סנדביץ בט,גרמים,220.00,100 גרם,false,,7.90,0.0359,true,1,4591
4018722344308,false,אלב גולד - טליאטלה כ,,,אלב גולד - טליאטלה כ,גרמים,500.00,100 גרם,false,,17.90,0.0358,true,1,18210
4052197000017,false,בירה בנדיקטינר 500 מ,,,בירה בנדיקטינר 500 מ,מיליליטרים,500.00,"100 מ""ל",false,,10.90,0.0218,true,1,21
4052197000925,false,בירה בנדקטינר כהה דו,,,בירה בנדקטינר כהה דו,מיליליטרים,500.00,"100 מ""ל",false,,10.90,0.0218,true,1,24
4066600999614,false,בירה פאולנר בקבוק 50,,,בירה פאולנר בקבוק 50,מיליליטרים,500.00,"100 מ""ל",false,,10.90,0.0218,true,1,3383
4084500065536,false,קרם לחות מוגברת פנטן,,,קרם לחות מוגברת פנטן,מיליליטרים,300.00,"100 מ""ל",false,,14.90,0.0497,true,1,10406
4084500065598,false,קרם לחות לתלתלים פנט,,,קרם לחות לתלתלים פנט,מיליליטרים,300.00,"100 מ""ל",false,,14.90,0.0497,true,1,10407
4084500149526,false,טייד גל 2.48 ליטר,,,טייד גל 2.48 ליטר,ליטרים,2.48,ליטר,false,,25.90,10.4435,true,1,10409
4603400000043,false,רוסקי סטנדרט 700מ'ל,,,רוסקי סטנדרט 700מ'ל,מיליליטרים,700.00,"100 מ""ל",false,,59.90,0.0856,true,1,4140
4603928000976,false,בלוגה וודקה 700מל,,,בלוגה וודקה 700מל,מיליליטרים,700.00,"100 מ""ל",false,,119.90,0.1713,true,1,12359
4640018993398,false,פיניש קוואנטום למדיח,,,פיניש קוואנטום למדיח,יחידה,0.00,יחידה,false,,59.90,0.0000,true,1,7759
4796019790013,false,גרין קוקו - שמן קוקו,,,גרין קוקו - שמן קוקו,מיליליטרים,300.00,"100 מ""ל",false,,19.90,0.0663,true,1,18213
4796019790020,false,גרין קוקו - שמן קוקו,,,גרין קוקו - שמן קוקו,מיליליטרים,500.00,"100 מ""ל",false,,27.90,0.0558,true,1,18214
4800888150080,false,דאו' רולאון מלפפונים,,,דאו' רולאון מלפפונים,מיליליטרים,50.00,"100 מ""ל",false,,14.90,0.2980,true,1,3725
4860009000014,false,תומר מיץ רימונים גרו,,,תומר מיץ רימונים גרו,ליטרים,1.00,ליטר,false,,16.90,16.9000,true,1,9561
4987176071545,false,שישיית מברשות שיניים,,,שישיית מברשות שיניים,יחידה,0.00,יחידה,false,,9.90,0.0000,true,1,26709
5000157143365,false,מתבל בטעם מיונז וקטש,,,מתבל בטעם מיונז וקטש,מיליליטרים,425.00,"100 מ""ל",false,,14.90,0.0351,true,1,2003
5000159407236,false,חטיף מרס 51 גרם,,,חטיף מרס 51 גרם,גרמים,51.00,100 גרם,false,,3.90,0.0765,true,1,7721
5000159409179,false,סניקרס מיני 403 גרם,,,סניקרס מיני 403 גרם,גרמים,403.00,100 גרם,false,,19.90,0.0494,true,1,7722
5000159442572,false,טוויקס מיני 403 גרם,,,טוויקס מיני 403 גרם,גרמים,403.00,100 גרם,false,,19.90,0.0494,true,1,7723
5000159452540,false,חטיף סניקרס מארז 5*2,,,חטיף סניקרס מארז 5*2,יחידה,250.00,יחידה,false,,9.90,0.0396,true,1,21567
5000159452663,false,חטיף מרס מארז 5*2 22,,,חטיף מרס מארז 5*2 22,גרמים,225.00,100 גרם,false,,9.90,0.0440,true,1,21568
5000159452977,false,מיני מיקס 400 גרם,,,מיני מיקס 400 גרם,גרמים,400.00,100 גרם,false,,19.90,0.0497,true,1,7724
5000159459228,false,חטיף טויקס 50 גרם,,,חטיף טויקס 50 גרם,גרמים,50.00,100 גרם,false,,3.90,0.0780,true,1,7726
5000159461122,false,חטיף סניקרס שוקולד 5,,,חטיף סניקרס שוקולד 5,גרמים,50.00,100 גרם,false,,3.90,0.0780,true,1,7727
5000159538626,false,חטיף טוויקס מארז 5*2,,,חטיף טוויקס מארז 5*2,גרמים,250.00,100 גרם,false,,9.90,0.0396,true,1,21574
5000204661392,false,קיווי משחת נעליים בק,,,קיווי משחת נעליים בק,מיליליטרים,100.00,"100 מ""ל",false,,9.90,0.0990,true,1,2143
5000396037531,false,מקוויטיס מצופה שוקול,,,מקוויטיס מצופה שוקול,גרמים,200.00,100 גרם,false,,10.90,0.0545,true,1,9421
5000396037548,false,מקוויטיס מצופה שוקול,,,מקוויטיס מצופה שוקול,גרמים,200.00,100 גרם,false,,10.90,0.0545,true,1,9422
5000396037944,false,מקוויטים ביסקוויטים,,,מקוויטים ביסקוויטים,גרמים,250.00,100 גרם,false,,9.90,0.0396,true,1,9423
5010026519368,false,פתיתי שיבולת שועל -,,,פתיתי שיבולת שועל -,גרמים,500.00,100 גרם,false,,7.90,0.0158,true,1,20372
5010182997680,false,רייד ארוסול קוטל נמל,,,רייד ארוסול קוטל נמל,מיליליטרים,300.00,"100 מ""ל",false,,14.90,0.0497,true,1,2151
5010182998847,false,דאק ג'ל נוזל לניקוי,,,דאק ג'ל נוזל לניקוי,מיליליטרים,750.00,"100 מ""ל",false,,8.90,0.0119,true,1,2153
5010677714006,false,גין בומביי ספייר 700,,,גין בומביי ספייר 700,מיליליטרים,700.00,"100 מ""ל",false,,109.90,0.1570,true,1,4914
5014271310428,false,סאן דלפור מעדן דובדב,,,סאן דלפור מעדן דובדב,גרמים,284.00,100 גרם,false,,19.90,0.0701,true,1,16277
5014271350424,false,סאן דלפור מעדן ארבע,,,סאן דלפור מעדן ארבע,גרמים,284.00,100 גרם,false,,19.90,0.0701,true,1,16279
5014271360423,false,סאן דלפור מעדן תפוז,,,סאן דלפור מעדן תפוז,גרמים,284.00,100 גרם,false,,19.90,0.0701,true,1,16280
5014271400426,false,סאן דלפור מעדן תות ש,,,סאן דלפור מעדן תות ש,גרמים,284.00,100 גרם,false,,19.90,0.0701,true,1,16283
5029053002408,false,נייר טואלט קליניקס ל,,,נייר טואלט קליניקס ל,מטרים,275.00,מטר,false,,29.90,0.1087,true,1,3196
5029053510811,false,תחבושות אולטרה נורמל,,,תחבושות אולטרה נורמל,יחידה,0.00,יחידה,false,,15.90,0.0000,true,1,3199
5029053578309,false,טישו אולטרה סופט קוב,,,טישו אולטרה סופט קוב,יחידה,0.00,יחידה,false,,5.90,0.0000,true,1,19796
5029054220085,false,האגיס אקסטרה קר מגבו,,,האגיס אקסטרה קר מגבו,יחידה,0.00,יחידה,false,,24.90,0.0000,true,1,3209
5035766044772,false,סטרונגבאו סיידר תפוח,,,סטרונגבאו סיידר תפוח,ליטרים,1.32,ליטר,false,,29.90,22.6515,true,1,3390
5060250343741,false,הרשיז ראונדס קוקיס א,,,הרשיז ראונדס קוקיס א,גרמים,96.00,100 גרם,false,,10.90,0.1135,true,1,28921
5060250343765,false,ריזס ראונדס בוטנים 6,,,ריזס ראונדס בוטנים 6,גרמים,96.00,100 גרם,false,,10.90,0.1135,true,1,28922
5060319120153,false,הייר ליבינג - קמומיל,,,הייר ליבינג - קמומיל,גרמים,40.00,100 גרם,false,,16.90,0.4225,true,1,18224
5060751219033,false,מונסטר אולטרה פרדייז,,,מונסטר אולטרה פרדייז,מיליליטרים,500.00,"100 מ""ל",false,,6.50,0.0130,true,1,19576
5099864006391,false,"סימילאק מהדרין בד""צ",,,"סימילאק מהדרין בד""צ",גרמים,900.00,100 גרם,false,,69.90,0.0777,true,1,18685
5201340003385,false,טונה מעושנת בשמן צמח,,,טונה מעושנת בשמן צמח,גרמים,160.00,100 גרם,false,,14.90,0.0931,true,1,22421
5208049006624,false,פאל מאל אקסטרה סילבר,,,פאל מאל אקסטרה סילבר,יחידה,0.00,יחידה,false,,27.50,0.0000,false,1,19212
5391523058063,false,סימילאק אדוואנס פלוס,,,סימילאק אדוואנס פלוס,גרמים,700.00,100 גרם,false,,64.90,0.0927,true,1,18689
5391523058070,false,סימילאק אדוונס פלוס,,,סימילאק אדוונס פלוס,גרמים,700.00,100 גרם,false,,64.90,0.0927,true,1,18690
5391523058087,false,סימילאק אדוואנס פלוס,,,סימילאק אדוואנס פלוס,גרמים,700.00,100 גרם,false,,64.90,0.0927,true,1,18691
5410076379378,false,אבקת כביסה טייד קולו,,,אבקת כביסה טייד קולו,קילוגרמים,5.00,"ק""ג",false,,34.90,6.9800,true,1,10434
5410126006087,false,לוטוס עוגיות קרמל 70,,,לוטוס עוגיות קרמל 70,גרמים,700.00,100 גרם,false,,23.90,0.0341,true,1,2012
5410126116953,false,לוטוס ממרח ביסקוויט,,,לוטוס ממרח ביסקוויט,גרמים,400.00,100 גרם,false,,19.90,0.0497,true,1,2016
5410126716016,false,ביסקוויט בטעם קרמל ל,,,ביסקוויט בטעם קרמל ל,גרמים,250.00,100 גרם,false,,10.90,0.0436,true,1,2018
5410126726947,false,לוטוס קראנץ ממרח עוג,,,לוטוס קראנץ ממרח עוג,גרמים,380.00,100 גרם,false,,19.90,0.0524,true,1,2019
5410228267515,false,בירה באדוויזר שישייה,,,בירה באדוויזר שישייה,ליטרים,1.98,ליטר,false,,27.90,14.0909,true,1,2733
5411188096108,false,אלפרו סויה לבישול 25,,,אלפרו סויה לבישול 25,מיליליטרים,250.00,"100 מ""ל",false,,8.90,0.0356,true,1,8974
5411188110835,false,אלפרו משקה שקדים 1 ל,,,אלפרו משקה שקדים 1 ל,ליטרים,1.00,ליטר,false,,13.90,13.9000,true,1,8467
5411188112709,false,אלפרו משקה שקדים ללא,,,אלפרו משקה שקדים ללא,יחידה,0.00,יחידה,false,,13.90,0.0000,true,1,8469
5411188115366,false,אלפרו משקה שיבולת שו,,,אלפרו משקה שיבולת שו,יחידה,0.00,יחידה,false,,13.90,0.0000,true,1,8470
5411188115472,false,אלפרו משקה סויה 1 לי,,,אלפרו משקה סויה 1 לי,ליטרים,1.00,ליטר,false,,13.90,13.9000,true,1,8471
5411188124689,false,אלפרו משקה שיבולת שו,,,אלפרו משקה שיבולת שו,יחידה,0.00,יחידה,false,,13.90,0.0000,true,1,21874
5411188124726,false,אלפרו משקה שיבולת שו,,,אלפרו משקה שיבולת שו,יחידה,0.00,יחידה,false,,13.90,0.0000,true,1,8478
5411188134985,false,אלפרו 3.5% שומן NOT,,,אלפרו 3.5% שומן NOT,ליטרים,1.00,ליטר,false,,13.90,13.9000,true,1,22093
5411188135005,false,אלפרו 1.8% שומן NOT,,,אלפרו 1.8% שומן NOT,ליטרים,1.00,ליטר,false,,13.90,13.9000,true,1,22094
5411188543398,false,אלפרו משקה סויה ללא,,,אלפרו משקה סויה ללא,ליטרים,1.00,ליטר,false,,13.90,13.9000,true,1,8484
5413149922907,false,אריאל אבקת כביסה קול,,,אריאל אבקת כביסה קול,קילוגרמים,5.00,"ק""ג",false,,34.90,6.9800,true,1,10437
5413149922938,false,אריאל אבקת כביסה שוש,,,אריאל אבקת כביסה שוש,קילוגרמים,5.00,"ק""ג",false,,34.90,6.9800,true,1,10438
5413548040479,false,בונבוניירה רפאלו 240,,,בונבוניירה רפאלו 240,גרמים,240.00,100 גרם,false,,19.90,0.0829,true,1,14078
5601008200444,false,גודיס עוגיות טבעת מצ,,,גודיס עוגיות טבעת מצ,גרמים,150.00,100 גרם,false,,4.90,0.0327,true,1,8012
5701932026964,false,הוט פופ .פופקורן עם,,,הוט פופ .פופקורן עם,גרמים,600.00,100 גרם,false,,14.90,0.0248,true,1,4596
5701932026971,false,הוט פופ פופקורן בטעם,,,הוט פופ פופקורן בטעם,גרמים,600.00,100 גרם,false,,14.90,0.0248,true,1,4597
5701932026995,false,הוט פופ פופקורן לייט,,,הוט פופ פופקורן לייט,גרמים,510.00,100 גרם,false,,14.90,0.0292,true,1,4598
5706516031358,false,הוט פופ 100 קלוריות,,,הוט פופ 100 קלוריות,גרמים,160.00,100 גרם,false,,14.90,0.0931,true,1,4599
5711953106583,false,ארלה גבינת שמנת טבעי,,,ארלה גבינת שמנת טבעי,גרמים,200.00,100 גרם,false,,14.90,0.0745,true,1,8975
5711953106590,false,ארלה גבינת שמנת שום,,,ארלה גבינת שמנת שום,גרמים,200.00,100 גרם,false,,14.90,0.0745,true,1,8976
5740900403215,false,ממרח לורפק עם מלח 25,,,ממרח לורפק עם מלח 25,גרמים,250.00,100 גרם,false,,16.90,0.0676,true,1,8979
5740900403222,false,ממרח לורפק עם מלח מו,,,ממרח לורפק עם מלח מו,גרמים,250.00,100 גרם,false,,16.90,0.0676,true,1,8980
5740900403239,false,ממרח לורפק ללא מלח 2,,,ממרח לורפק ללא מלח 2,גרמים,250.00,100 גרם,false,,16.90,0.0676,true,1,8981
5740900403246,false,ממרח לורפק ללא מלח 5,,,ממרח לורפק ללא מלח 5,גרמים,500.00,100 גרם,false,,27.90,0.0558,true,1,8982
5740900403253,false,ממרח לורפק עם מלח 50,,,ממרח לורפק עם מלח 50,גרמים,500.00,100 גרם,false,,27.90,0.0558,true,1,8983
5740900403260,false,ממרח לורפק ללא מלח מ,,,ממרח לורפק ללא מלח מ,גרמים,250.00,100 גרם,false,,16.90,0.0676,true,1,8984
5900020012814,false,דגני בוקר נסקוויק נס,,,דגני בוקר נסקוויק נס,גרמים,500.00,100 גרם,false,,19.90,0.0398,true,1,6576
5900020018908,false,פיטנס חטיף דגנים קרם,,,פיטנס חטיף דגנים קרם,גרמים,141.00,100 גרם,false,,14.90,0.1057,true,1,6578
5900020029669,false,פיטנס חטיף דגנים פיר,,,פיטנס חטיף דגנים פיר,גרמים,141.00,100 גרם,false,,14.90,0.1057,true,1,6592
5900020032454,false,חטיף דגנים  עוגיות פ,,,חטיף דגנים  עוגיות פ,גרמים,188.00,100 גרם,false,,14.90,0.0793,true,1,21034
5900020032539,false,חטיף דגנים  שוקולד פ,,,חטיף דגנים  שוקולד פ,גרמים,188.00,100 גרם,false,,14.90,0.0793,true,1,21035
5900020034021,false,פיטנס חטיף דגנים שוק,,,פיטנס חטיף דגנים שוק,גרמים,141.00,100 גרם,false,,14.90,0.1057,true,1,6595
5900020036407,false,דגני בוקר שוקולד וקר,,,דגני בוקר שוקולד וקר,גרמים,480.00,100 גרם,false,,19.90,0.0415,true,1,6598
5900627063233,false,50 יח AIO טבליות פינ,,,50 יח AIO טבליות פינ,גרמים,800.00,100 גרם,false,,39.90,0.0499,true,1,7780
5900627066715,false,פיניש 100 טבליות AIO,,,פיניש 100 טבליות AIO,יחידה,0.00,יחידה,false,,59.90,0.0000,true,1,21578
5901414200411,false,היט מיניס קרם קקאו 1,,,היט מיניס קרם קקאו 1,גרמים,130.00,100 גרם,false,,5.90,0.0454,true,1,4600
5902198160403,false,אקס אל משקה אנרגיה ט,,,אקס אל משקה אנרגיה ט,מיליליטרים,250.00,"100 מ""ל",false,,3.80,0.0152,true,1,3394
5902768862553,true,עוגיות בוגטי שוקולד,,,עוגיות בוגטי שוקולד,גרמים,155.00,100 גרם,false,,5.90,0.0381,true,1,45092
5904941750312,false,בלו בודד מוחיטו 250,,,בלו בודד מוחיטו 250,מיליליטרים,250.00,"100 מ""ל",false,,4.00,0.0160,true,1,695
5904941751302,false,בלו משקה אנרגיה 250,,,בלו משקה אנרגיה 250,מיליליטרים,250.00,"100 מ""ל",false,,3.90,0.0156,true,1,697
5906485301012,false,אקס אל משקה אנרגיה 2,,,אקס אל משקה אנרגיה 2,מיליליטרים,250.00,"100 מ""ל",false,,4.00,0.0160,true,1,3395
5941021001674,false,טבלת היידי גראנדור 8,,,טבלת היידי גראנדור 8,גרמים,80.00,100 גרם,false,,9.90,0.1238,true,1,28928
5941021002190,false,טבלת היידי גראנדור ל,,,טבלת היידי גראנדור ל,גרמים,100.00,100 גרם,false,,9.90,0.0990,true,1,28929
5941021007577,false,טבלת היידי גראנדור פ,,,טבלת היידי גראנדור פ,גרמים,80.00,100 גרם,false,,9.90,0.1238,true,1,28932
6111094000808,false,קוסקוס בינוני דארי 1,,,קוסקוס בינוני דארי 1,קילוגרמים,1.10,"ק""ג",false,,15.90,14.4545,true,1,9567
7046110075036,false,מארז מב.שיניים אולטי,,,מארז מב.שיניים אולטי,יחידה,0.00,יחידה,false,,10.00,0.0000,true,1,2163
7290000000004,false,לחמניית אצבע עם נקני,,,לחמניית אצבע עם נקני,יחידה,0.00,יחידה,false,,9.90,0.0000,true,1,18471
7290000000104,false,סנדוויץ'  עובד,,,סנדוויץ'  עובד,יחידה,0.00,יחידה,false,,5.00,0.0000,true,1,32810
7290000000978,true,חסה כשר,,,חסה כשר,יח',1.00,יח',false,,6.90,6.9000,true,1,13100
7290000000985,true,פטרוזיליה כשר,,,פטרוזיליה כשר,יח',1.00,יח',false,,5.90,5.9000,true,1,13101
7290000001104,false,פטריות  חורש  ארוז,,,פטריות  חורש  ארוז,יח',1.00,יח',false,,8.90,8.9000,true,1,14120
7290000001579,true,סלרי אמריקאי כשר,,,סלרי אמריקאי כשר,יח',1.00,יח',false,,5.90,5.9000,true,1,13102
7290000001586,true,שמיר כשר,,,שמיר כשר,יח',1.00,יח',false,,5.90,5.9000,true,1,13103
7290000001593,true,נענע כשר,,,נענע כשר,יח',1.00,יח',false,,4.90,4.9000,true,1,13104
7290000001609,true,מנגולד כשר,,,מנגולד כשר,יח',1.00,יח',false,,6.90,6.9000,true,1,13105
7290000002021,false,רוגלך פרווה,,,רוגלך פרווה,קילוגרמים,1.00,"ק""ג",true,,42.00,42.0000,true,1,1044
7290000002057,false,בורקיטס בולגרי בטעמי,,,בורקיטס בולגרי בטעמי,קילוגרמים,1.00,"ק""ג",true,,42.00,42.0000,true,1,1046
7290000002872,false,צפתית במים גד 5% במש,,,צפתית במים גד 5% במש,קילוגרמים,1.00,"ק""ג",true,,64.00,64.0000,true,1,5181
7290000002957,false,פטה עיזים גד 16% במש,,,פטה עיזים גד 16% במש,קילוגרמים,1.00,"ק""ג",true,,115.00,115.0000,true,1,5183
7290000003503,false,כנפיים עוף טרי,,,כנפיים עוף טרי,קילוגרמים,1.00,"ק""ג",true,,10.90,10.9000,true,1,5837
7290000004444,false,שקיות גופיה  20 מקרו,,,שקיות גופיה  20 מקרו,יחידה,0.00,יחידה,false,,0.10,0.0000,true,1,26680
7290000004792,false,בולגרית מעודנת גד 5%,,,בולגרית מעודנת גד 5%,קילוגרמים,1.00,"ק""ג",true,,56.00,56.0000,true,1,5188
7290000004815,false,מוצרלה גד 22% במשקל,,,מוצרלה גד 22% במשקל,קילוגרמים,1.00,"ק""ג",true,,79.00,79.0000,true,1,5189
7290000004891,false,בולגרית מסורתית גד 1,,,בולגרית מסורתית גד 1,קילוגרמים,1.00,"ק""ג",true,,56.00,56.0000,true,1,5190
7290000004969,false,גבינות שמנת טבעי גד,,,גבינות שמנת טבעי גד,קילוגרמים,1.00,"ק""ג",true,,47.00,47.0000,true,1,5193
7290000004976,false,גבינות שמנת זיתים גד,,,גבינות שמנת זיתים גד,קילוגרמים,1.00,"ק""ג",true,,47.00,47.0000,true,1,5194
7290000005025,false,בייגל בטעמים,,,בייגל בטעמים,יח',1.00,יח',false,,3.90,3.9000,true,1,1051
7290000006021,false,פטה מעדן סלט קוביות,,,פטה מעדן סלט קוביות,קילוגרמים,1.00,"ק""ג",true,,75.00,75.0000,true,1,2357
7290000006120,false,טאפאס ממולא גב.שמנת,,,טאפאס ממולא גב.שמנת,קילוגרמים,1.00,"ק""ג",true,,148.00,148.0000,true,1,19341
7290000008955,false,חמניות קלויות,,,חמניות קלויות,קילוגרמים,1.00,"ק""ג",true,,41.00,41.0000,true,1,18589
7290000009350,false,בשר טחון טרי,,,בשר טחון טרי,קילוגרמים,1.00,"ק""ג",true,,37.90,37.9000,true,1,28994
7290000009351,false,בשר טחון חלק טרי,,,בשר טחון חלק טרי,קילוגרמים,1.00,"ק""ג",true,,49.90,49.9000,true,1,28995
7290000009354,false,צלעות בקר טרי,,,צלעות בקר טרי,קילוגרמים,1.00,"ק""ג",true,,59.90,59.9000,true,1,28997
7290000009355,false,צלעות בקר חלק טרי,,,צלעות בקר חלק טרי,קילוגרמים,1.00,"ק""ג",true,,59.90,59.9000,true,1,28998
7290000009358,false,כתף בקר טרי,,,כתף בקר טרי,קילוגרמים,1.00,"ק""ג",true,,64.90,64.9000,true,1,29001
7290000009359,false,כתף חלק טרי,,,כתף חלק טרי,קילוגרמים,1.00,"ק""ג",true,,64.90,64.9000,true,1,29002
7290000009362,false,צלי כתף טרי,,,צלי כתף טרי,קילוגרמים,1.00,"ק""ג",true,,89.90,89.9000,true,1,29005
7290000009363,false,צלי כתף חלק טרי,,,צלי כתף חלק טרי,קילוגרמים,1.00,"ק""ג",true,,89.90,89.9000,true,1,29006
7290000009367,false,פילה מדומה חלק טרי,,,פילה מדומה חלק טרי,קילוגרמים,1.00,"ק""ג",true,,74.90,74.9000,true,1,29010
7290000009370,false,שריר טרי,,,שריר טרי,קילוגרמים,1.00,"ק""ג",true,,59.90,59.9000,true,1,29013
7290000009371,false,שריר חלק טרי,,,שריר חלק טרי,קילוגרמים,1.00,"ק""ג",true,,59.90,59.9000,true,1,29014
7290000009375,false,אנטריקוט חלק טרי,,,אנטריקוט חלק טרי,קילוגרמים,1.00,"ק""ג",true,,129.90,129.9000,true,1,29018
7290000009437,false,בשר טחון מחפוד טרי,,,בשר טחון מחפוד טרי,קילוגרמים,1.00,"ק""ג",true,,64.90,64.9000,true,1,25905
7290000009439,false,כתף מחפוד טרי,,,כתף מחפוד טרי,קילוגרמים,1.00,"ק""ג",true,,74.90,74.9000,true,1,25907
7290000009440,false,צלי כתף מחפוד טרי,,,צלי כתף מחפוד טרי,קילוגרמים,1.00,"ק""ג",true,,114.90,114.9000,true,1,25908
7290000009441,false,פילה מדומה מחפוד טרי,,,פילה מדומה מחפוד טרי,קילוגרמים,1.00,"ק""ג",true,,79.90,79.9000,true,1,25909
7290000009443,false,אוסובוקו מחפוד טרי,,,אוסובוקו מחפוד טרי,קילוגרמים,1.00,"ק""ג",true,,69.90,69.9000,true,1,25911
7290000009444,false,אנטריקוט מחפוד טרי,,,אנטריקוט מחפוד טרי,קילוגרמים,1.00,"ק""ג",true,,154.90,154.9000,true,1,25912
7290000009446,false,אסאדו ע.ע מחפוד טרי,,,אסאדו ע.ע מחפוד טרי,קילוגרמים,1.00,"ק""ג",true,,69.90,69.9000,true,1,25914
7290000009453,false,חזה בקר מחפוד טרי,,,חזה בקר מחפוד טרי,קילוגרמים,1.00,"ק""ג",true,,69.90,69.9000,true,1,34551
7290000009456,false,צוואר עגל טרי,,,צוואר עגל טרי,קילוגרמים,1.00,"ק""ג",true,,54.90,54.9000,true,1,35682
7290000009458,false,צוואר ע.ע  מחפוד,,,צוואר ע.ע  מחפוד,קילוגרמים,1.00,"ק""ג",true,,59.90,59.9000,true,1,35274
7290000009459,false,חזה ע.ע  מחפוד,,,חזה ע.ע  מחפוד,קילוגרמים,1.00,"ק""ג",true,,59.90,59.9000,true,1,35307
7290000009460,false,כתף ע.ע  מחפוד,,,כתף ע.ע  מחפוד,קילוגרמים,1.00,"ק""ג",true,,59.90,59.9000,true,1,35351
7290000009461,false,חזה ע.ע  טרי,,,חזה ע.ע  טרי,קילוגרמים,1.00,"ק""ג",true,,49.90,49.9000,true,1,35471
7290000009462,false,צוואר ע.ע  טרי,,,צוואר ע.ע  טרי,קילוגרמים,1.00,"ק""ג",true,,49.90,49.9000,true,1,35482
7290000009464,false,אנטריקוט ע.ע טרי,,,אנטריקוט ע.ע טרי,קילוגרמים,1.00,"ק""ג",true,,94.90,94.9000,true,1,35521
7290000009465,false,אנטריקוט ע.ע מחפוד ט,,,אנטריקוט ע.ע מחפוד ט,קילוגרמים,1.00,"ק""ג",true,,104.90,104.9000,true,1,35541
7290000009470,false,דנוור סטייק טרי,,,דנוור סטייק טרי,קילוגרמים,1.00,"ק""ג",true,,89.90,89.9000,true,1,35601
7290000009471,false,סטייק דלמוניקה טרי,,,סטייק דלמוניקה טרי,קילוגרמים,1.00,"ק""ג",true,,89.90,89.9000,true,1,35602
7290000009478,false,טחון פרימיום מחפוד ט,,,טחון פרימיום מחפוד ט,קילוגרמים,1.00,"ק""ג",true,,64.90,64.9000,true,1,35672
7290000009480,false,עצמות מח חלק טרי,,,עצמות מח חלק טרי,קילוגרמים,1.00,"ק""ג",true,,24.90,24.9000,true,1,35958
7290000009485,false,לשון בקר מחפוד טרי,,,לשון בקר מחפוד טרי,קילוגרמים,1.00,"ק""ג",true,,69.90,69.9000,true,1,36204
7290000009487,false,בשר ראש בקר מחפוד טר,,,בשר ראש בקר מחפוד טר,קילוגרמים,1.00,"ק""ג",true,,54.90,54.9000,true,1,36225
7290000009511,false,שייטל בקר מחפוד טרי,,,שייטל בקר מחפוד טרי,קילוגרמים,1.00,"ק""ג",true,,110.90,110.9000,true,1,36501
7290000009514,false,צאך בקר מחפוד טרי,,,צאך בקר מחפוד טרי,קילוגרמים,1.00,"ק""ג",true,,89.90,89.9000,true,1,36522
7290000010110,false,5 יח'  לחמנית קוראסו,,,5 יח'  לחמנית קוראסו,יח',1.00,יח',false,,16.90,16.9000,true,1,1064
7290000010250,false,5 יח'  בייגלה בטעמים,,,5 יח'  בייגלה בטעמים,יח',1.00,יח',false,,17.90,17.9000,true,1,1066
7290000011040,false,5 יח' לחמניה קשר,,,5 יח' לחמניה קשר,יח',1.00,יח',false,,13.90,13.9000,true,1,1067
7290000011236,false,בולגרית מעודנת המושב,,,בולגרית מעודנת המושב,קילוגרמים,1.00,"ק""ג",true,,45.00,45.0000,true,1,5293
7290000011243,false,בולגרית קשה המושבה 1,,,בולגרית קשה המושבה 1,קילוגרמים,1.00,"ק""ג",true,,45.00,45.0000,true,1,5294
7290000011250,false,שמנת שום שמיר המושב,,,שמנת שום שמיר המושב,קילוגרמים,1.00,"ק""ג",true,,39.00,39.0000,true,1,5295
7290000011274,false,שמנת זיתים המושבה 30,,,שמנת זיתים המושבה 30,קילוגרמים,1.00,"ק""ג",true,,39.00,39.0000,true,1,5296
7290000011427,false,אצבעות שוקולד וניל ה,,,אצבעות שוקולד וניל ה,קילוגרמים,1.00,"ק""ג",true,,60.00,60.0000,true,1,5298
7290000011593,false,שזיף,,,שזיף,קילוגרמים,1.00,"ק""ג",true,,19.90,19.9000,true,1,18002
7290000014510,false,חסה עגולה,,,חסה עגולה,יח',1.00,יח',false,,5.90,5.9000,true,1,18003
7290000023083,false,"ערק אשקלון 700 מ""ל כ",,,"ערק אשקלון 700 מ""ל כ",מיליליטרים,700.00,"100 מ""ל",false,,49.90,0.0713,true,1,3399
7290000023809,false,קלאסיק קברנה סובניון,,,קלאסיק קברנה סובניון,מיליליטרים,750.00,"100 מ""ל",false,,32.90,0.0439,true,1,3404
7290000025786,false,דניס נקי טרי,,,דניס נקי טרי,קילוגרמים,1.00,"ק""ג",true,,69.90,69.9000,true,1,15623
7290000026650,false,צפתית פיראוס 5% במשק,,,צפתית פיראוס 5% במשק,קילוגרמים,1.00,"ק""ג",true,,55.00,55.0000,true,1,9886
7290000026806,false,קרפיון נקי טרי,,,קרפיון נקי טרי,קילוגרמים,1.00,"ק""ג",true,,34.90,34.9000,true,1,15625
7290000026813,false,אמנון טרי נקי,,,אמנון טרי נקי,קילוגרמים,1.00,"ק""ג",true,,36.90,36.9000,true,1,15626
7290000026851,false,בורי נקי טרי,,,בורי נקי טרי,קילוגרמים,1.00,"ק""ג",true,,49.90,49.9000,true,1,15627
7290000026892,false,בס נקי,,,בס נקי,קילוגרמים,1.00,"ק""ג",true,,44.90,44.9000,true,1,15630
7290000026893,false,ברמונדי נקי,,,ברמונדי נקי,קילוגרמים,1.00,"ק""ג",true,,49.90,49.9000,true,1,15631
7290000027742,false,לברק נקי טרי,,,לברק נקי טרי,קילוגרמים,1.00,"ק""ג",true,,69.90,69.9000,true,1,15638
7290000027995,false,פילה סלמון טרי,,,פילה סלמון טרי,קילוגרמים,1.00,"ק""ג",true,,99.90,99.9000,true,1,15645
7290000035324,false,בולגרית חלב נוכרי פי,,,בולגרית חלב נוכרי פי,קילוגרמים,1.00,"ק""ג",true,,39.00,39.0000,true,1,9887
7290000040042,false,יופלה תות שובב 3% 15,,,יופלה תות שובב 3% 15,מיליליטרים,150.00,"100 מ""ל",false,,4.80,0.0320,true,1,9918
7290000040066,false,יופלה דובדבן פראי 3%,,,יופלה דובדבן פראי 3%,מיליליטרים,150.00,"100 מ""ל",false,,4.80,0.0320,true,1,9919
7290000040080,false,יופלה אפרסק מאוהב 3%,,,יופלה אפרסק מאוהב 3%,מיליליטרים,150.00,"100 מ""ל",false,,4.80,0.0320,true,1,9920
7290000040301,false,תנובה גבינת קממבר עי,,,תנובה גבינת קממבר עי,גרמים,125.00,100 גרם,false,,17.90,0.1432,true,1,9921
7290000040318,false,תנובה גבינת ברי 24%,,,תנובה גבינת ברי 24%,גרמים,125.00,100 גרם,false,,18.90,0.1512,true,1,9922
7290000040974,false,חלב תנובה קרטון דל ל,,,חלב תנובה קרטון דל ל,ליטרים,1.00,ליטר,false,,6.80,6.8000,true,1,9924
7290000041407,false,"גיל 3% בד""צ 125 מ""ל",,,"גיל 3% בד""צ 125 מ""ל",מיליליטרים,125.00,"100 מ""ל",false,,0.90,0.0072,true,1,9925
7290000041445,false,"קוטג' 5% תנובה בד""צ",,,"קוטג' 5% תנובה בד""צ",גרמים,250.00,100 גרם,false,,5.50,0.0220,true,1,9926
7290000041452,false,"קוטג' תנובה בד""צ 9%",,,"קוטג' תנובה בד""צ 9%",גרמים,250.00,100 גרם,false,,5.50,0.0220,true,1,9927
7290000041858,false,יטבתה שמנת חמוצה 15%,,,יטבתה שמנת חמוצה 15%,מיליליטרים,200.00,"100 מ""ל",false,,2.40,0.0120,true,1,8986
7290000042855,false,יטבתה שוקו שקית 225,,,יטבתה שוקו שקית 225,מיליליטרים,225.00,"100 מ""ל",false,,2.50,0.0111,true,1,8989
7290000043814,false,שף לבן שמנת לקצפת עמ,,,שף לבן שמנת לקצפת עמ,מיליליטרים,250.00,"100 מ""ל",false,,6.40,0.0256,true,1,9940
7290000043890,false,ריויון 1.5% 1ל,,,ריויון 1.5% 1ל,ליטרים,1.00,ליטר,false,,10.90,10.9000,true,1,9941
7290000044712,false,פרילי תות 1.5% 500מל,,,פרילי תות 1.5% 500מל,מיליליטרים,500.00,"100 מ""ל",false,,9.90,0.0198,true,1,9944
7290000044880,false,באדי תות 3% 500מל,,,באדי תות 3% 500מל,מיליליטרים,500.00,"100 מ""ל",false,,8.80,0.0176,true,1,9946
7290000045573,false,נעמה גבינת מותכת 25%,,,נעמה גבינת מותכת 25%,גרמים,200.00,100 גרם,false,,13.90,0.0695,true,1,9947
7290000045917,false,תנובה גבינת פרומעז 2,,,תנובה גבינת פרומעז 2,גרמים,200.00,100 גרם,false,,24.90,0.1245,true,1,9950
7290000046020,false,גלבוע 22% במשקל,,,גלבוע 22% במשקל,קילוגרמים,1.00,"ק""ג",true,,42.50,42.5000,true,1,9889
7290000046327,false,גלבוע גבינה פרוסה 22,,,גלבוע גבינה פרוסה 22,גרמים,200.00,100 גרם,false,,12.90,0.0645,true,1,9951
7290000046563,false,גבע פרמזן תנובה במשק,,,גבע פרמזן תנובה במשק,קילוגרמים,1.00,"ק""ג",true,,110.00,110.0000,true,1,9891
7290000047027,false,קשקבל גלעד במשקל,,,קשקבל גלעד במשקל,קילוגרמים,1.00,"ק""ג",true,,119.00,119.0000,true,1,9892
7290000047034,false,רוקפור גליל במשקל,,,רוקפור גליל במשקל,קילוגרמים,1.00,"ק""ג",true,,120.00,120.0000,true,1,9893
7290000047485,false,בולגרית פיראוס 24% ב,,,בולגרית פיראוס 24% ב,קילוגרמים,1.00,"ק""ג",true,,57.00,57.0000,true,1,9894
7290000047546,false,שף לבן כנען 5% 500ג,,,שף לבן כנען 5% 500ג,גרמים,500.00,100 גרם,false,,22.90,0.0458,true,1,9952
7290000047730,false,סלמון פילה מעושן מצו,,,סלמון פילה מעושן מצו,קילוגרמים,1.00,"ק""ג",true,,189.00,189.0000,true,1,5901
7290000047942,false,תנובה גבינה לבנה 9%,,,תנובה גבינה לבנה 9%,גרמים,250.00,100 גרם,false,,4.70,0.0188,true,1,9954
7290000048185,false,גבינה לבנה רכה 5% תנ,,,גבינה לבנה רכה 5% תנ,גרמים,250.00,100 גרם,false,,4.95,0.0198,true,1,9955
7290000048192,false,גבינה לבנה רכה 9% בד,,,גבינה לבנה רכה 9% בד,גרמים,250.00,100 גרם,false,,4.70,0.0188,true,1,9956
7290000048413,false,פיראוס חמד 16% 250ג,,,פיראוס חמד 16% 250ג,גרמים,250.00,100 גרם,false,,17.90,0.0716,true,1,9958
7290000048437,false,פיראוס צפתית 5% 200,,,פיראוס צפתית 5% 200,גרמים,200.00,100 גרם,false,,13.90,0.0695,true,1,9959
7290000049458,false,פיראוס בולגרית עיזים,,,פיראוס בולגרית עיזים,גרמים,250.00,100 גרם,false,,26.90,0.1076,true,1,9962
7290000050447,false,יופלהYYY תות 3% 500מ,,,יופלהYYY תות 3% 500מ,מיליליטרים,500.00,"100 מ""ל",false,,12.90,0.0258,true,1,9964
7290000050454,false,יופלהYYY אפרסק 3% 50,,,יופלהYYY אפרסק 3% 50,מיליליטרים,500.00,"100 מ""ל",false,,12.90,0.0258,true,1,9965
7290000051376,false,יופלה דיאט אננס ספור,,,יופלה דיאט אננס ספור,מיליליטרים,150.00,"100 מ""ל",false,,4.80,0.0320,true,1,9969
7290000051710,false,פיראוס לאבנה עם שמן,,,פיראוס לאבנה עם שמן,גרמים,263.00,100 גרם,false,,12.90,0.0490,true,1,9970
7290000052311,false,עמק מהדרין 15% 200 ג,,,עמק מהדרין 15% 200 ג,גרמים,200.00,100 גרם,false,,15.90,0.0795,true,1,9973
7290000052649,false,פיראוס לאבנה 5% 500ג,,,פיראוס לאבנה 5% 500ג,גרמים,500.00,100 גרם,false,,18.90,0.0378,true,1,9974
7290000053219,false,טל העמק 32% במשקל,,,טל העמק 32% במשקל,קילוגרמים,1.00,"ק""ג",true,,55.00,55.0000,true,1,9896
7290000055015,false,פיראוס גבינת פטה כבש,,,פיראוס גבינת פטה כבש,גרמים,250.00,100 גרם,false,,25.90,0.1036,true,1,9979
7290000055206,false,תנובה גבינה לבנה בטע,,,תנובה גבינה לבנה בטע,גרמים,250.00,100 גרם,false,,5.30,0.0212,true,1,9980
7290000055329,false,יופלה משקה יוגורט תו,,,יופלה משקה יוגורט תו,מיליליטרים,250.00,"100 מ""ל",false,,4.90,0.0196,true,1,9981
7290000055350,false,עמק קלאסית 28% במשקל,,,עמק קלאסית 28% במשקל,קילוגרמים,1.00,"ק""ג",true,,41.30,41.3000,true,1,9897
7290000056272,false,תנובה גבינה לבנה עם,,,תנובה גבינה לבנה עם,גרמים,250.00,100 גרם,false,,5.30,0.0212,true,1,9987
7290000056845,false,חלב תנובה בקרטון 3%,,,חלב תנובה בקרטון 3%,ליטרים,1.50,ליטר,false,,9.30,6.2000,true,1,9990
7290000056883,false,יופלה טעמים משתנים 3,,,יופלה טעמים משתנים 3,קילוגרמים,1.20,"ק""ג",false,,28.90,24.0833,true,1,9991
7290000056890,false,יופלה דיאט טעמים שונ,,,יופלה דיאט טעמים שונ,קילוגרמים,1.20,"ק""ג",false,,28.90,24.0833,true,1,9992
7290000056906,false,יופלה לבן 1.5% 8*150,,,יופלה לבן 1.5% 8*150,ליטרים,1.20,ליטר,false,,16.90,14.0833,true,1,9993
7290000056951,false,שף לבן שמנת לבישול +,,,שף לבן שמנת לבישול +,מיליליטרים,500.00,"100 מ""ל",false,,15.90,0.0318,true,1,9994
7290000057088,false,עמק דק דק 28% 200גר,,,עמק דק דק 28% 200גר,גרמים,200.00,100 גרם,false,,15.90,0.0795,true,1,9996
7290000057118,false,עמק  סמי  28% 400 גר,,,עמק  סמי  28% 400 גר,גרמים,400.00,100 גרם,false,,20.90,0.0522,true,1,9997
7290000057149,false,תנובה יוגורט טבעי 3%,,,תנובה יוגורט טבעי 3%,גרמים,200.00,100 גרם,false,,3.00,0.0150,true,1,9999
7290000058030,false,יופלה שטוזים משקה יו,,,יופלה שטוזים משקה יו,מיליליטרים,800.00,"100 מ""ל",false,,19.90,0.0249,true,1,10003
7290000058047,false,שף לבן שמנת מתוקה מה,,,שף לבן שמנת מתוקה מה,מיליליטרים,500.00,"100 מ""ל",false,,12.80,0.0256,true,1,10004
7290000058979,false,"גיל בטעם תות בד""צ 3%",,,"גיל בטעם תות בד""צ 3%",גרמים,125.00,100 גרם,false,,1.30,0.0104,true,1,10006
7290000060071,false,חטיפי פריכונים מאורז,,,חטיפי פריכונים מאורז,גרמים,80.00,100 גרם,false,,7.50,0.0938,true,1,6599
7290000060088,false,בייגלה אסם מקלות מלו,,,בייגלה אסם מקלות מלו,גרמים,400.00,100 גרם,false,,9.90,0.0248,true,1,6600
7290000060163,false,אטריות דקות אסם 400,,,אטריות דקות אסם 400,גרמים,400.00,100 גרם,false,,5.90,0.0148,true,1,6601
7290000060200,false,פתיתים אפויים קוסקוס,,,פתיתים אפויים קוסקוס,גרמים,500.00,100 גרם,false,,6.90,0.0138,true,1,6602
7290000060217,false,פסטה מקרוני אסם 500,,,פסטה מקרוני אסם 500,גרמים,500.00,100 גרם,false,,5.40,0.0108,true,1,6603
7290000060248,false,פסטה תלתלים אסם 500,,,פסטה תלתלים אסם 500,גרמים,500.00,100 גרם,false,,5.40,0.0108,true,1,6604
7290000060330,false,פסטה ספירלי פרפקטו 5,,,פסטה ספירלי פרפקטו 5,גרמים,500.00,100 גרם,false,,6.90,0.0138,true,1,6607
7290000060408,false,פתיתים אפויים טבעות,,,פתיתים אפויים טבעות,גרמים,500.00,100 גרם,false,,6.90,0.0138,true,1,6608
7290000060576,false,פתיתים אפויים כוכבים,,,פתיתים אפויים כוכבים,גרמים,500.00,100 גרם,false,,6.90,0.0138,true,1,6612
7290000060781,false,פסטה מסולסלים אסם 50,,,פסטה מסולסלים אסם 50,גרמים,500.00,100 גרם,false,,5.40,0.0108,true,1,6613
7290000060828,false,פסטה קרניים בינוניות,,,פסטה קרניים בינוניות,גרמים,500.00,100 גרם,false,,5.40,0.0108,true,1,6614
7290000060842,false,פסטה צדפים גדולים אס,,,פסטה צדפים גדולים אס,גרמים,500.00,100 גרם,false,,5.40,0.0108,true,1,6615
7290000060859,false,פסטה צדפים קטנים אסם,,,פסטה צדפים קטנים אסם,גרמים,500.00,100 גרם,false,,5.40,0.0108,true,1,6616
7290000060880,false,ספגטי אסם 500 גרם,,,ספגטי אסם 500 גרם,גרמים,500.00,100 גרם,false,,5.40,0.0108,true,1,6617
7290000060903,false,פתיתים אפויים אורז א,,,פתיתים אפויים אורז א,גרמים,500.00,100 גרם,false,,6.90,0.0138,true,1,6618
7290000060958,false,אטריות בינוניות אסם,,,אטריות בינוניות אסם,גרמים,400.00,100 גרם,false,,5.90,0.0148,true,1,6620
7290000060965,false,אטריות רחבות אסם 400,,,אטריות רחבות אסם 400,גרמים,400.00,100 גרם,false,,5.90,0.0148,true,1,6621
7290000061025,false,בולגרית המושבה 5% במ,,,בולגרית המושבה 5% במ,קילוגרמים,1.00,"ק""ג",true,,48.00,48.0000,true,1,5299
7290000061056,false,צפתית פרח המושבה 5%,,,צפתית פרח המושבה 5%,קילוגרמים,1.00,"ק""ג",true,,42.00,42.0000,true,1,5300
7290000061061,false,אסם קרקר בצל 250גרם,,,אסם קרקר בצל 250גרם,גרמים,250.00,100 גרם,false,,9.90,0.0396,true,1,6623
7290000061063,false,קש המושבה 9% במשקל,,,קש המושבה 9% במשקל,קילוגרמים,1.00,"ק""ג",true,,45.00,45.0000,true,1,5301
7290000061070,false,צפתית קשה המושבה במש,,,צפתית קשה המושבה במש,קילוגרמים,1.00,"ק""ג",true,,65.00,65.0000,true,1,5302
7290000061085,false,אסם רוטב צ'ילי מתוק,,,אסם רוטב צ'ילי מתוק,מיליליטרים,290.00,"100 מ""ל",false,,8.90,0.0307,true,1,6624
7290000061108,false,רוטב טריאקי אסם 290,,,רוטב טריאקי אסם 290,מיליליטרים,290.00,"100 מ""ל",false,,8.90,0.0307,true,1,6625
7290000061278,false,גבינת שמנת טבעית המו,,,גבינת שמנת טבעית המו,קילוגרמים,1.00,"ק""ג",true,,39.00,39.0000,true,1,5304
7290000061285,false,טבורג המושבה 10% במש,,,טבורג המושבה 10% במש,קילוגרמים,1.00,"ק""ג",true,,33.00,33.0000,true,1,5305
7290000061315,false,לאבנה טבעי המושבה 5%,,,לאבנה טבעי המושבה 5%,קילוגרמים,1.00,"ק""ג",true,,37.00,37.0000,true,1,5306
7290000061520,false,גבינת שמנת בטעמים המ,,,גבינת שמנת בטעמים המ,קילוגרמים,1.00,"ק""ג",true,,27.00,27.0000,true,1,5311
7290000062952,false,מיני קרוטונים למרק ו,,,מיני קרוטונים למרק ו,גרמים,250.00,100 גרם,false,,13.90,0.0556,true,1,6634
7290000063102,false,קמח תופח קטן אסם 350,,,קמח תופח קטן אסם 350,גרמים,350.00,100 גרם,false,,4.90,0.0140,true,1,6636
7290000063140,false,שקדי מרק רכיבים טבעי,,,שקדי מרק רכיבים טבעי,גרמים,400.00,100 גרם,false,,9.90,0.0248,true,1,6638
7290000064758,false,קוסקוס אמיתי אסם 350,,,קוסקוס אמיתי אסם 350,גרמים,350.00,100 גרם,false,,7.50,0.0214,true,1,6642
7290000064871,false,"מנה חמה פירה תפו""א ו",,,"מנה חמה פירה תפו""א ו",גרמים,56.00,100 גרם,false,,4.90,0.0875,true,1,6643
7290000065557,false,מנה חמה קוסקוס וירקו,,,מנה חמה קוסקוס וירקו,גרמים,84.00,100 גרם,false,,4.90,0.0583,true,1,6647
7290000065977,false,חטיפי פריכונים תירס,,,חטיפי פריכונים תירס,גרמים,80.00,100 גרם,false,,7.50,0.0938,true,1,6651
7290000066141,false,ביסלי גריל 70 גר'.,,,ביסלי גריל 70 גר'.,גרמים,70.00,100 גרם,false,,3.90,0.0557,true,1,6653
7290000066196,false,ביסלי גריל 200גרם,,,ביסלי גריל 200גרם,גרמים,200.00,100 גרם,false,,6.90,0.0345,true,1,6657
7290000066295,false,במבה מתוקה מחומרים ט,,,במבה מתוקה מחומרים ט,גרמים,30.00,100 גרם,false,,2.50,0.0833,true,1,6661
7290000066318,false,במבה קלאסי 80 גרם,,,במבה קלאסי 80 גרם,גרמים,80.00,100 גרם,false,,3.90,0.0487,true,1,6663
7290000066332,false,אפרופו 50 גרם,,,אפרופו 50 גרם,גרמים,50.00,100 גרם,false,,3.90,0.0780,true,1,6664
7290000066349,false,אפרופו 100גרם,,,אפרופו 100גרם,גרמים,100.00,100 גרם,false,,7.90,0.0790,true,1,6665
7290000066431,false,פופקו חמאה ודבש 80גר,,,פופקו חמאה ודבש 80גר,גרמים,80.00,100 גרם,false,,4.50,0.0563,true,1,6666
7290000067544,false,אסם פירורית פירורי ל,,,אסם פירורית פירורי ל,גרמים,200.00,100 גרם,false,,5.90,0.0295,true,1,6673
7290000067599,false,מנה חמה ספגטי בולונז,,,מנה חמה ספגטי בולונז,גרמים,65.00,100 גרם,false,,4.90,0.0754,true,1,6676
7290000068138,false,אסם פודינג אינסטנט ו,,,אסם פודינג אינסטנט ו,גרמים,80.00,100 גרם,false,,4.90,0.0613,true,1,6680
7290000068206,false,אסם ג'לי משמש צבעים,,,אסם ג'לי משמש צבעים,גרמים,85.00,100 גרם,false,,5.90,0.0694,true,1,6684
7290000068237,false,אסם ג'לי פטל צבעים ט,,,אסם ג'לי פטל צבעים ט,גרמים,85.00,100 גרם,false,,5.90,0.0694,true,1,6685
7290000068343,false,פריכונים מאורז מלא א,,,פריכונים מאורז מלא א,גרמים,140.00,100 גרם,false,,6.90,0.0493,true,1,6689
7290000068770,false,במבה יום הולדת 80גרם,,,במבה יום הולדת 80גרם,גרמים,80.00,100 גרם,false,,3.90,0.0487,true,1,6691
7290000069258,false,פנה ריגאטה פרפקטו 50,,,פנה ריגאטה פרפקטו 50,גרמים,500.00,100 גרם,false,,6.90,0.0138,true,1,6693
7290000069364,false,פריכונים מאורז מלא ל,,,פריכונים מאורז מלא ל,גרמים,140.00,100 גרם,false,,6.90,0.0493,true,1,6694
7290000069518,false,ג'ינג'ר דל סוכר,,,ג'ינג'ר דל סוכר,קילוגרמים,1.00,"ק""ג",true,,99.00,99.0000,true,1,28714
7290000069715,false,אסם חטיפי קרקר מלוח,,,אסם חטיפי קרקר מלוח,גרמים,300.00,100 גרם,false,,10.90,0.0363,true,1,6696
7290000070308,false,מרק עוף אמיתי אסם 40,,,מרק עוף אמיתי אסם 40,גרמים,400.00,100 גרם,false,,16.90,0.0422,true,1,6699
7290000070322,false,אבקת מרק פטריות רכיב,,,אבקת מרק פטריות רכיב,גרמים,400.00,100 גרם,false,,23.90,0.0597,true,1,6700
7290000070353,false,אבקת מרק בצל רכיבים,,,אבקת מרק בצל רכיבים,גרמים,400.00,100 גרם,false,,23.90,0.0597,true,1,6701
7290000070919,false,בייגלה אסם רשתות מלח,,,בייגלה אסם רשתות מלח,גרמים,400.00,100 גרם,false,,11.90,0.0298,true,1,6705
7290000072623,false,אסם קטשופ בקבוק לחיץ,,,אסם קטשופ בקבוק לחיץ,גרמים,750.00,100 גרם,false,,9.90,0.0132,true,1,6710
7290000072630,false,אסם קטשופ חריף 750 ג,,,אסם קטשופ חריף 750 ג,גרמים,750.00,100 גרם,false,,12.90,0.0172,true,1,6711
7290000072753,false,נס קפה טייסטרס צ'ויס,,,נס קפה טייסטרס צ'ויס,גרמים,200.00,100 גרם,false,,29.90,0.1495,true,1,6712
7290000072777,false,טייסטרס צוייס נטול ק,,,טייסטרס צוייס נטול ק,גרמים,200.00,100 גרם,false,,35.90,0.1795,true,1,6714
7290000073125,false,מנה חמה פסטה עם עגבנ,,,מנה חמה פסטה עם עגבנ,גרמים,62.00,100 גרם,false,,4.90,0.0790,true,1,6717
7290000073330,false,קשיו ענק קלוי,,,קשיו ענק קלוי,קילוגרמים,1.00,"ק""ג",true,,89.00,89.0000,true,1,18599
7290000073415,false,מנה חמה פסטה ברוטב פ,,,מנה חמה פסטה ברוטב פ,גרמים,61.00,100 גרם,false,,4.90,0.0803,true,1,6718
7290000073750,false,מנה חמה נודלס בטעם ע,,,מנה חמה נודלס בטעם ע,גרמים,70.00,100 גרם,false,,4.90,0.0700,true,1,6719
7290000073767,false,מנה חמה נודלס בטעם ב,,,מנה חמה נודלס בטעם ב,גרמים,70.00,100 גרם,false,,4.90,0.0700,true,1,6720
7290000073774,false,מנה חמה נודלס בטעם פ,,,מנה חמה נודלס בטעם פ,גרמים,70.00,100 גרם,false,,4.90,0.0700,true,1,6721
7290000074153,false,אסם פתי בר שוקו 500ג,,,אסם פתי בר שוקו 500ג,גרמים,500.00,100 גרם,false,,9.90,0.0198,true,1,6722
7290000074184,false,אסם פתי בר 500גרם,,,אסם פתי בר 500גרם,גרמים,500.00,100 גרם,false,,9.90,0.0198,true,1,6723
7290000074245,false,אסם קרם קרקר 250גרם,,,אסם קרם קרקר 250גרם,גרמים,250.00,100 גרם,false,,8.90,0.0356,true,1,6724
7290000074252,false,אסם קרקר שומשום 250ג,,,אסם קרקר שומשום 250ג,גרמים,250.00,100 גרם,false,,8.90,0.0356,true,1,6725
7290000074276,false,טבעון קרקר פיקנטי 25,,,טבעון קרקר פיקנטי 25,גרמים,250.00,100 גרם,false,,9.90,0.0396,true,1,6726
7290000074375,false,אסם קרקר זהב 150גרם,,,אסם קרקר זהב 150גרם,גרמים,150.00,100 גרם,false,,6.90,0.0460,true,1,6728
7290000074696,false,אסם קרם קרקר 1קג,,,אסם קרם קרקר 1קג,קילוגרמים,1.00,"ק""ג",false,,22.90,22.9000,true,1,6731
7290000074764,false,קרקר זהב אסם 900 גרם,,,קרקר זהב אסם 900 גרם,גרמים,900.00,100 גרם,false,,22.90,0.0254,true,1,6734
7290000075204,false,לחמית חיטה מלאה 250ג,,,לחמית חיטה מלאה 250ג,גרמים,250.00,100 גרם,false,,7.90,0.0316,true,1,6737
7290000075693,false,עוגת שמרים בריוש שוק,,,עוגת שמרים בריוש שוק,גרמים,360.00,100 גרם,false,,14.90,0.0414,true,1,6738
7290000075761,false,גרעין אבטיח קלוי,,,גרעין אבטיח קלוי,קילוגרמים,1.00,"ק""ג",true,,59.00,59.0000,true,1,18601
7290000076133,false,בייגלה אסם שמיניות ק,,,בייגלה אסם שמיניות ק,גרמים,400.00,100 גרם,false,,9.90,0.0248,true,1,6740
7290000076478,false,דלעת מקולפת טבעי,,,דלעת מקולפת טבעי,קילוגרמים,1.00,"ק""ג",true,,60.00,60.0000,true,1,18603
7290000076485,false,בוטן מטוגן,,,בוטן מטוגן,קילוגרמים,1.00,"ק""ג",true,,41.00,41.0000,true,1,18604
7290000076508,false,צימוק חום,,,צימוק חום,קילוגרמים,1.00,"ק""ג",true,,29.00,29.0000,true,1,18605
7290000076546,false,שקד ספרדי קלוי,,,שקד ספרדי קלוי,קילוגרמים,1.00,"ק""ג",true,,98.00,98.0000,true,1,18606
7290000076553,false,צנובר,,,צנובר,קילוגרמים,1.00,"ק""ג",true,,195.00,195.0000,true,1,18607
7290000076645,false,טוסטעים חיטה מלאה אס,,,טוסטעים חיטה מלאה אס,גרמים,100.00,100 גרם,false,,9.90,0.0990,true,1,6741
7290000076690,false,שקד מסוכר,,,שקד מסוכר,קילוגרמים,1.00,"ק""ג",true,,88.00,88.0000,true,1,18609
7290000076744,false,בונדוק קלוי,,,בונדוק קלוי,קילוגרמים,1.00,"ק""ג",true,,130.00,130.0000,true,1,18611
7290000076867,false,שקד מלובן,,,שקד מלובן,קילוגרמים,1.00,"ק""ג",true,,120.00,120.0000,true,1,18613
7290000076881,false,פקאן סיני,,,פקאן סיני,קילוגרמים,1.00,"ק""ג",true,,118.00,118.0000,true,1,18614
7290000077024,false,פיסטוק ענק קלוי,,,פיסטוק ענק קלוי,קילוגרמים,1.00,"ק""ג",true,,88.00,88.0000,true,1,18615
7290000077062,false,חומוס קלוי,,,חומוס קלוי,קילוגרמים,1.00,"ק""ג",true,,29.00,29.0000,true,1,18616
7290000077253,false,לחמית כפרית 190גרם,,,לחמית כפרית 190גרם,גרמים,190.00,100 גרם,false,,9.90,0.0521,true,1,6743
7290000077321,false,בוטן מסוכר,,,בוטן מסוכר,קילוגרמים,1.00,"ק""ג",true,,36.00,36.0000,true,1,18623
7290000077475,false,בוטנים קלויים,,,בוטנים קלויים,קילוגרמים,1.00,"ק""ג",true,,30.00,30.0000,true,1,18631
7290000077482,false,גרעין לבן קלוי,,,גרעין לבן קלוי,קילוגרמים,1.00,"ק""ג",true,,45.00,45.0000,true,1,18632
7290000077772,false,קבוקים,,,קבוקים,קילוגרמים,1.00,"ק""ג",true,,35.00,35.0000,true,1,18637
7290000077789,false,תאנים מיובשות,,,תאנים מיובשות,קילוגרמים,1.00,"ק""ג",true,,52.00,52.0000,true,1,18638
7290000077796,false,שזיף ללא גרעינים,,,שזיף ללא גרעינים,קילוגרמים,1.00,"ק""ג",true,,39.00,39.0000,true,1,18639
7290000077857,false,צימוק לבן,,,צימוק לבן,קילוגרמים,1.00,"ק""ג",true,,37.00,37.0000,true,1,18641
7290000077864,false,משמש אוזבקי,,,משמש אוזבקי,קילוגרמים,1.00,"ק""ג",true,,55.00,55.0000,true,1,18642
7290000077987,false,אננס פלחים,,,אננס פלחים,קילוגרמים,1.00,"ק""ג",true,,35.00,35.0000,true,1,18644
7290000078137,false,דובדבנים יבשים,,,דובדבנים יבשים,קילוגרמים,1.00,"ק""ג",true,,40.00,40.0000,true,1,18648
7290000078212,false,קרוטונים מתובלים אסם,,,קרוטונים מתובלים אסם,גרמים,250.00,100 גרם,false,,13.90,0.0556,true,1,6746
7290000078335,false,אוכמניות / חמוציות,,,אוכמניות / חמוציות,קילוגרמים,1.00,"ק""ג",true,,51.00,51.0000,true,1,18649
7290000078359,false,פפאיה,,,פפאיה,קילוגרמים,1.00,"ק""ג",true,,21.00,21.0000,true,1,18650
7290000078601,false,קשיו טבעי,,,קשיו טבעי,קילוגרמים,1.00,"ק""ג",true,,84.00,84.0000,true,1,18656
7290000078687,false,חטיפים בטעמים,,,חטיפים בטעמים,קילוגרמים,1.00,"ק""ג",true,,31.00,31.0000,true,1,18657
7290000079233,false,אסם קרם קרקר דל נתרן,,,אסם קרם קרקר דל נתרן,גרמים,250.00,100 גרם,false,,9.90,0.0396,true,1,6748
7290000079412,false,אמנטל נעם מהדרין במש,,,אמנטל נעם מהדרין במש,קילוגרמים,1.00,"ק""ג",true,,57.00,57.0000,true,1,2412
7290000081663,false,בייגלה אסם טבעות שומ,,,בייגלה אסם טבעות שומ,גרמים,300.00,100 גרם,false,,9.90,0.0330,true,1,6751
7290000085180,false,גטניו - פתיבר וניל 4,,,גטניו - פתיבר וניל 4,גרמים,470.00,100 גרם,false,,9.90,0.0211,true,1,42698
7290000089045,false,הולנדי במשקל,,,הולנדי במשקל,קילוגרמים,1.00,"ק""ג",true,,35.00,35.0000,true,1,6522
7290000089199,false,חריפה במשקל,,,חריפה במשקל,קילוגרמים,1.00,"ק""ג",true,,35.00,35.0000,true,1,6523
7290000089274,false,נקניק מעושן מעדנייה,,,נקניק מעושן מעדנייה,קילוגרמים,1.00,"ק""ג",true,,37.00,37.0000,true,1,6524
7290000089388,false,מעדן הרינג בסגנון מט,,,מעדן הרינג בסגנון מט,קילוגרמים,1.00,"ק""ג",true,,70.00,70.0000,true,1,6323
7290000095408,false,נעם 28%  חריץ מעדניה,,,נעם 28%  חריץ מעדניה,קילוגרמים,1.00,"ק""ג",true,,44.79,44.7900,true,1,2413
7290000095415,false,נעם 9% חריץ מעדניה-,,,נעם 9% חריץ מעדניה-,קילוגרמים,1.00,"ק""ג",true,,71.00,71.0000,true,1,2414
7290000095422,false,גבינת נועם  22% חריץ,,,גבינת נועם  22% חריץ,קילוגרמים,1.00,"ק""ג",true,,42.58,42.5800,true,1,2415
7290000100018,false,גביניות,,,גביניות,קילוגרמים,1.00,"ק""ג",true,,42.00,42.0000,true,1,1071
7290000100128,false,סדרת פירות קפואים-תו,,,סדרת פירות קפואים-תו,גרמים,300.00,100 גרם,false,,12.90,0.0430,true,1,9792
7290000100135,false,סדרת פירות קפואים-דו,,,סדרת פירות קפואים-דו,גרמים,300.00,100 גרם,false,,12.90,0.0430,true,1,9793
7290000100156,false,נילס קוקיס חלבי,,,נילס קוקיס חלבי,קילוגרמים,1.00,"ק""ג",true,,52.00,52.0000,true,1,1075
7290000100160,false,נילס קוקיס שוקו,,,נילס קוקיס שוקו,קילוגרמים,1.00,"ק""ג",true,,52.00,52.0000,true,1,1077
7290000100300,false,לחם מחמצת טוסקני כפר,,,לחם מחמצת טוסקני כפר,גרמים,530.00,100 גרם,false,,16.90,0.0319,true,1,1078
7290000100301,false,לחם מחמצת טוסקני לבן,,,לחם מחמצת טוסקני לבן,גרמים,530.00,100 גרם,false,,16.90,0.0319,true,1,1079
7290000100615,false,5 יח'   חליות לחמניו,,,5 יח'   חליות לחמניו,יח',1.00,יח',false,,11.90,11.9000,true,1,1081
7290000101927,false,אוכמניות כחולות מוקפ,,,אוכמניות כחולות מוקפ,גרמים,300.00,100 גרם,false,,12.90,0.0430,true,1,9803
7290000101934,false,מיקס פירות יער 300 ג,,,מיקס פירות יער 300 ג,גרמים,300.00,100 גרם,false,,12.90,0.0430,true,1,9804
7290000101941,false,אננס מוקפא 300 גרם,,,אננס מוקפא 300 גרם,גרמים,300.00,100 גרם,false,,12.90,0.0430,true,1,9805
7290000101958,false,מנגו מוקפא 300 גרם,,,מנגו מוקפא 300 גרם,גרמים,300.00,100 גרם,false,,12.90,0.0430,true,1,9806
7290000103365,false,סנפרוסט מרק ירקות 50,,,סנפרוסט מרק ירקות 50,גרמים,500.00,100 גרם,false,,17.90,0.0358,true,1,9809
7290000103433,false,לקט ירקות לתנור 800,,,לקט ירקות לתנור 800,גרמים,800.00,100 גרם,false,,21.90,0.0274,true,1,9810
7290000103457,false,מיני כרובית 600 גרם,,,מיני כרובית 600 גרם,גרמים,600.00,100 גרם,false,,15.90,0.0265,true,1,9811
7290000103471,false,סנפרוסט מיני ברוקולי,,,סנפרוסט מיני ברוקולי,גרמים,600.00,100 גרם,false,,15.90,0.0265,true,1,9812
7290000103839,false,סנפרוסט מרק כתום קפו,,,סנפרוסט מרק כתום קפו,גרמים,572.00,100 גרם,false,,16.90,0.0295,true,1,9821
7290000103860,false,סנפרוסט מרק עדשים קפ,,,סנפרוסט מרק עדשים קפ,גרמים,572.00,100 גרם,false,,16.90,0.0295,true,1,9823
7290000104072,false,סנפרוסט עדשים ירוקות,,,סנפרוסט עדשים ירוקות,גרמים,800.00,100 גרם,false,,18.90,0.0236,true,1,9825
7290000104188,false,סנפרוסט שעועית אדומה,,,סנפרוסט שעועית אדומה,גרמים,800.00,100 גרם,false,,18.90,0.0236,true,1,9826
7290000104201,false,אפונה עדינה סנפרוסט,,,אפונה עדינה סנפרוסט,גרמים,600.00,100 גרם,false,,12.90,0.0215,true,1,9827
7290000104218,false,סנפרוסט במיה 600גר,,,סנפרוסט במיה 600גר,גרמים,600.00,100 גרם,false,,15.90,0.0265,true,1,9828
7290000104676,false,אפונת גינה סנפרוסט 8,,,אפונת גינה סנפרוסט 8,גרמים,800.00,100 גרם,false,,14.90,0.0186,true,1,9831
7290000104683,false,שעועית שלמה סנפרוסט,,,שעועית שלמה סנפרוסט,גרמים,800.00,100 גרם,false,,19.90,0.0249,true,1,9832
7290000104706,false,גזר גמדי 800 גרם,,,גזר גמדי 800 גרם,גרמים,800.00,100 גרם,false,,16.90,0.0211,true,1,9834
7290000104713,false,פול ירוק 800גר,,,פול ירוק 800גר,גרמים,800.00,100 גרם,false,,22.90,0.0286,true,1,9835
7290000104720,false,שעועית ירוקה חתוכה ס,,,שעועית ירוקה חתוכה ס,גרמים,800.00,100 גרם,false,,17.90,0.0224,true,1,9836
7290000104744,false,כרובית 800גר,,,כרובית 800גר,גרמים,800.00,100 גרם,false,,23.90,0.0299,true,1,9838
7290000104768,false,תרד עלים 800 גרם,,,תרד עלים 800 גרם,גרמים,800.00,100 גרם,false,,23.90,0.0299,true,1,9840
7290000104799,false,שעועית לבנה מבושלת 8,,,שעועית לבנה מבושלת 8,גרמים,800.00,100 גרם,false,,18.90,0.0236,true,1,9842
7290000104805,false,גרגירי חומוס קפוא 80,,,גרגירי חומוס קפוא 80,גרמים,800.00,100 גרם,false,,18.90,0.0236,true,1,9843
7290000104874,false,לקט קוסקוס 800גר,,,לקט קוסקוס 800גר,גרמים,800.00,100 גרם,false,,21.90,0.0274,true,1,9846
7290000104881,false,אפונה וגזר 800 גרם ס,,,אפונה וגזר 800 גרם ס,גרמים,800.00,100 גרם,false,,14.90,0.0186,true,1,9847
7290000104911,false,לקט נורמנדי 800גר,,,לקט נורמנדי 800גר,גרמים,800.00,100 גרם,false,,21.90,0.0274,true,1,9849
7290000107165,false,פולי סויה אדממה קפוא,,,פולי סויה אדממה קפוא,גרמים,400.00,100 גרם,false,,13.90,0.0348,true,1,9851
7290000107295,false,תפרחות ברוקולי 800ג,,,תפרחות ברוקולי 800ג,גרמים,800.00,100 גרם,false,,24.90,0.0311,true,1,9853
7290000110844,false,חטיף כיפלי גריל 70 ג,,,חטיף כיפלי גריל 70 ג,גרמים,70.00,100 גרם,false,,4.90,0.0700,true,1,3735
7290000111063,false,מיונז אמיתי 250 ג צנ,,,מיונז אמיתי 250 ג צנ,גרמים,250.00,100 גרם,false,,6.50,0.0260,true,1,3737
7290000111117,false,בדין מרכך כביסה לבן,,,בדין מרכך כביסה לבן,ליטרים,4.00,ליטר,false,,19.90,4.9750,true,1,3738
7290000111186,false,מיונז אמיתי תלמה 500,,,מיונז אמיתי תלמה 500,גרמים,500.00,100 גרם,false,,8.90,0.0178,true,1,3739
7290000111353,false,מיונז 1 קג,,,מיונז 1 קג,קילוגרמים,1.00,"ק""ג",false,,16.90,16.9000,true,1,3740
7290000111360,false,חרדל אמיתי 250 גרם מ,,,חרדל אמיתי 250 גרם מ,גרמים,250.00,100 גרם,false,,5.90,0.0236,true,1,3741
7290000111384,false,חרדל אמיתי תלמה 550,,,חרדל אמיתי תלמה 550,גרמים,550.00,100 גרם,false,,7.50,0.0136,true,1,3742
7290000112220,false,בארכה טחינה 100% שומ,,,בארכה טחינה 100% שומ,גרמים,500.00,100 גרם,false,,13.90,0.0278,true,1,6752
7290000112237,false,בארכה טחינה 100% שומ,,,בארכה טחינה 100% שומ,קילוגרמים,1.00,"ק""ג",false,,19.90,19.9000,true,1,6753
7290000112497,false,מרק עשיר עוף עם אטרי,,,מרק עשיר עוף עם אטרי,גרמים,68.00,100 גרם,false,,9.40,0.1382,true,1,3743
7290000112503,false,מרק עשיר ירקות קנור,,,מרק עשיר ירקות קנור,גרמים,61.00,100 גרם,false,,9.40,0.1541,true,1,3744
7290000112619,false,מרק עוף אמיתי לתיבול,,,מרק עוף אמיתי לתיבול,גרמים,400.00,100 גרם,false,,18.90,0.0472,true,1,3745
7290000114187,false,סיף פנטסטיק אורנים 4,,,סיף פנטסטיק אורנים 4,ליטרים,4.00,ליטר,false,,19.90,4.9750,true,1,3750
7290000116204,false,מרק דגש עוף קנור 1 ק,,,מרק דגש עוף קנור 1 ק,קילוגרמים,1.00,"ק""ג",false,,14.90,14.9000,true,1,3751
7290000116884,false,רוטב ברביקיו קנור 20,,,רוטב ברביקיו קנור 20,מיליליטרים,200.00,"100 מ""ל",false,,9.90,0.0495,true,1,3752
7290000116921,false,רוטב צילי מתוק קנור,,,רוטב צילי מתוק קנור,מיליליטרים,300.00,"100 מ""ל",false,,9.90,0.0330,true,1,3753
7290000116945,false,רוטב סויה קנור 300מל,,,רוטב סויה קנור 300מל,מיליליטרים,300.00,"100 מ""ל",false,,9.90,0.0330,true,1,3754
7290000117720,false,מרק נמס בכוס פטריות,,,מרק נמס בכוס פטריות,גרמים,43.00,100 גרם,false,,6.50,0.1512,true,1,3756
7290000120836,false,מיונז הלמנס 394 גרם,,,מיונז הלמנס 394 גרם,גרמים,394.00,100 גרם,false,,10.90,0.0277,true,1,3759
7290000120874,false,מיונז הלמנס לייט 424,,,מיונז הלמנס לייט 424,גרמים,424.00,100 גרם,false,,10.90,0.0257,true,1,3760
7290000121031,false,מון בלאן גבינת חתול,,,מון בלאן גבינת חתול,גרמים,120.00,100 גרם,false,,8.90,0.0742,true,1,5939
7290000121079,false,מון בלאן שמיר 7% 120,,,מון בלאן שמיר 7% 120,גרמים,120.00,100 גרם,false,,8.90,0.0742,true,1,20844
7290000121093,false,מון בלאן שויצרית 7%,,,מון בלאן שויצרית 7%,גרמים,120.00,100 גרם,false,,8.90,0.0742,true,1,5941
7290000121109,false,מון בלאן זיתים 7% 12,,,מון בלאן זיתים 7% 12,גרמים,120.00,100 גרם,false,,8.90,0.0742,true,1,5942
7290000121154,false,מון בלאן סלמון 7% 12,,,מון בלאן סלמון 7% 12,גרמים,120.00,100 גרם,false,,8.90,0.0742,true,1,5943
7290000121239,false,מיוקל 5% מופחת שומן,,,מיוקל 5% מופחת שומן,גרמים,500.00,100 גרם,false,,11.90,0.0238,true,1,3761
7290000125251,false,בדין שמפו לכביסה עדי,,,בדין שמפו לכביסה עדי,ליטרים,2.00,ליטר,false,,22.90,11.4500,true,1,3768
7290000134123,false,טעם וריח פלפל שחור ט,,,טעם וריח פלפל שחור ט,גרמים,40.00,100 גרם,false,,9.90,0.2475,true,1,14267
7290000134314,false,תערובת תיבול לפיצה ט,,,תערובת תיבול לפיצה ט,גרמים,120.00,100 גרם,false,,9.90,0.0825,true,1,14270
7290000134338,false,תבלין אבקת שום טעם ו,,,תבלין אבקת שום טעם ו,גרמים,90.00,100 גרם,false,,9.90,0.1100,true,1,14271
7290000134352,false,טעם וריח קימנון טחון,,,טעם וריח קימנון טחון,גרמים,80.00,100 גרם,false,,9.90,0.1238,true,1,14272
7290000134376,false,טעם וריח פפריקה בשמן,,,טעם וריח פפריקה בשמן,גרמים,90.00,100 גרם,false,,9.90,0.1100,true,1,14273
7290000134673,false,תבלין זנגביל טעם ורי,,,תבלין זנגביל טעם ורי,גרמים,30.00,100 גרם,false,,6.90,0.2300,true,1,25445
7290000134826,false,תבלין זעתר טעם וריח,,,תבלין זעתר טעם וריח,גרמים,100.00,100 גרם,false,,9.90,0.0990,true,1,14276
7290000134833,false,טעם וריח ת.כמון במיכ,,,טעם וריח ת.כמון במיכ,גרמים,100.00,100 גרם,false,,9.90,0.0990,true,1,14277
7290000134840,false,טעם וריח ת.כורכום במ,,,טעם וריח ת.כורכום במ,גרמים,100.00,100 גרם,false,,9.90,0.0990,true,1,14278
7290000134857,false,טעם וריח ת.פפריקה מת,,,טעם וריח ת.פפריקה מת,גרמים,100.00,100 גרם,false,,9.90,0.0990,true,1,14279
7290000134871,false,טעם וריח ת. פלפל שחו,,,טעם וריח ת. פלפל שחו,גרמים,100.00,100 גרם,false,,12.90,0.1290,true,1,14281
7290000134970,false,תבלין חוואייג טעם ור,,,תבלין חוואייג טעם ור,גרמים,100.00,100 גרם,false,,9.90,0.0990,true,1,25447
7290000134987,false,טעם וריח פלפל שחור ג,,,טעם וריח פלפל שחור ג,גרמים,90.00,100 גרם,false,,12.90,0.1433,true,1,14282
7290000135045,false,אקס אל TEN פחית תפוח,,,אקס אל TEN פחית תפוח,מיליליטרים,250.00,"100 מ""ל",false,,3.80,0.0152,true,1,3424
7290000135052,false,אקס אל TEN פחית מנגו,,,אקס אל TEN פחית מנגו,מיליליטרים,250.00,"100 מ""ל",false,,3.80,0.0152,true,1,3425
7290000135311,false,פפסי מקס ליים 1.5 ל',,,פפסי מקס ליים 1.5 ל',ליטרים,1.50,ליטר,false,,6.90,4.6000,true,1,3429
7290000135465,false,מארז תריסר סודה טמפו,,,מארז תריסר סודה טמפו,ליטרים,6.00,100 ליטר,false,,24.90,4.1500,true,1,19840
7290000135595,false,פפסי מקס בטעם דובדבן,,,פפסי מקס בטעם דובדבן,ליטרים,1.50,ליטר,false,,7.40,4.9333,true,1,19842
7290000135625,false,גולדסטאר פחיות 4*500,,,גולדסטאר פחיות 4*500,ליטרים,2.00,ליטר,false,,32.90,16.4500,true,1,19845
7290000136141,false,פפסי קולה 1.5 ליטר,,,פפסי קולה 1.5 ליטר,ליטרים,1.50,ליטר,false,,7.40,4.9333,true,1,19855
7290000136158,false,פפסי מקס 1.5 ליטר,,,פפסי מקס 1.5 ליטר,ליטרים,1.50,ליטר,false,,6.90,4.6000,true,1,19856
7290000136189,false,סבן אפ דיאט 1.5 ליטר,,,סבן אפ דיאט 1.5 ליטר,ליטרים,1.50,ליטר,false,,6.90,4.6000,true,1,19859
7290000136288,false,סיידר הגליל JUICER ס,,,סיידר הגליל JUICER ס,מיליליטרים,330.00,"100 מ""ל",false,,13.30,0.0403,true,1,19863
7290000136516,false,ג`אמפ פסיפלורה 1.5 ל,,,ג`אמפ פסיפלורה 1.5 ל,ליטרים,1.50,ליטר,false,,7.50,5.0000,true,1,19870
7290000136523,false,ג`אמפ ענבים 1.5 ליטר,,,ג`אמפ ענבים 1.5 ליטר,ליטרים,1.50,ליטר,false,,7.50,5.0000,true,1,19871
7290000136561,false,ג`אמפ תות בננה 1.5 ל,,,ג`אמפ תות בננה 1.5 ל,ליטרים,1.50,ליטר,false,,7.50,5.0000,true,1,19872
7290000136585,false,ג`אמפ תפוז 1.5 ליטר,,,ג`אמפ תפוז 1.5 ליטר,ליטרים,1.50,ליטר,false,,7.50,5.0000,true,1,19873
7290000136646,false,נשר מאלט 1.5 ליטר,,,נשר מאלט 1.5 ליטר,ליטרים,1.50,ליטר,false,,8.90,5.9333,true,1,19874
7290000136653,false,נשר מאלט דיאט 1.5 לי,,,נשר מאלט דיאט 1.5 לי,ליטרים,1.50,ליטר,false,,8.90,5.9333,true,1,19875
7290000136660,false,טמפו סודה 1.5 ליטר,,,טמפו סודה 1.5 ליטר,ליטרים,1.50,ליטר,false,,2.90,1.9333,true,1,19876
7290000136677,false,פפסי קולה 1.5 ליטר,,,פפסי קולה 1.5 ליטר,ליטרים,1.50,ליטר,false,,7.40,4.9333,true,1,19877
7290000136684,false,פפסי מקס 1.5 ליטר,,,פפסי מקס 1.5 ליטר,ליטרים,1.50,ליטר,false,,6.90,4.6000,true,1,19878
7290000136752,false,סבן אפ דיאט 6*1.5 לי,,,סבן אפ דיאט 6*1.5 לי,ליטרים,9.00,ליטר,false,,36.50,4.0556,true,1,19880
7290000136769,false,פפסי קולה 6*1.5 ליטר,,,פפסי קולה 6*1.5 ליטר,ליטרים,9.00,ליטר,false,,31.80,3.5333,true,1,19881
7290000136776,false,פפסי מקס 6*1.5 ליטר,,,פפסי מקס 6*1.5 ליטר,ליטרים,9.00,ליטר,false,,35.90,3.9889,true,1,19882
7290000136790,false,טמפו סודה 6*1.5 ליטר,,,טמפו סודה 6*1.5 ליטר,ליטרים,9.00,ליטר,false,,16.70,1.8556,true,1,19884
7290000136844,false,אקווה נובה 6*2 ליטר,,,אקווה נובה 6*2 ליטר,ליטרים,12.00,ליטר,false,,11.30,0.9417,true,1,19888
7290000136868,false,מים סאן בנדטו 6* 1.5,,,מים סאן בנדטו 6* 1.5,ליטרים,9.00,ליטר,false,,18.90,2.1000,true,1,19890
7290000136875,false,סאן בנדטו מים מינרלי,,,סאן בנדטו מים מינרלי,ליטרים,9.00,ליטר,false,,18.90,2.1000,true,1,19891
7290000137513,false,קרמיסימו גלידונית ש.,,,קרמיסימו גלידונית ש.,גרמים,700.00,100 גרם,false,,41.90,0.0599,true,1,1730
7290000137643,false,שלגוני טעמקור 8יח,,,שלגוני טעמקור 8יח,גרמים,416.00,100 גרם,false,,37.90,0.0911,true,1,1731
7290000141848,false,מחלבת פנחס גבינה בול,,,מחלבת פנחס גבינה בול,קילוגרמים,1.00,"ק""ג",true,,77.00,77.0000,true,1,5906
7290000143187,false,שמפו לגבר הוואי 700,,,שמפו לגבר הוואי 700,מיליליטרים,700.00,"100 מ""ל",false,,9.90,0.0141,true,1,2969
7290000143279,false,שמפו נגד קשקשים הווא,,,שמפו נגד קשקשים הווא,מיליליטרים,700.00,"100 מ""ל",false,,9.90,0.0141,true,1,2975
7290000144467,false,שמן חמניות בריאות מה,,,שמן חמניות בריאות מה,ליטרים,1.00,ליטר,false,,14.90,14.9000,true,1,6124
7290000144474,false,שמן קנולה בריאות עץ,,,שמן קנולה בריאות עץ,ליטרים,1.00,ליטר,false,,14.90,14.9000,true,1,6125
7290000146645,false,סבון מוצק שחור מסתור,,,סבון מוצק שחור מסתור,גרמים,400.00,100 גרם,false,,11.90,0.0298,true,1,2978
7290000146669,false,סבון מוצק שמיים כחול,,,סבון מוצק שמיים כחול,גרמים,400.00,100 גרם,false,,11.90,0.0298,true,1,2980
7290000146676,false,סבון מוצק לגבר הוואי,,,סבון מוצק לגבר הוואי,גרמים,400.00,100 גרם,false,,11.90,0.0298,true,1,2981
7290000146683,false,סבון מוצק אפקט דאודו,,,סבון מוצק אפקט דאודו,גרמים,400.00,100 גרם,false,,11.90,0.0298,true,1,2982
7290000146997,false,משחת שיניים טום וגרי,,,משחת שיניים טום וגרי,מיליליטרים,50.00,"100 מ""ל",false,,9.20,0.1840,true,1,2984
7290000148489,false,גרעיני דלעת 200 גרם,,,גרעיני דלעת 200 גרם,גרמים,200.00,100 גרם,false,,8.90,0.0445,true,1,4603
7290000148939,false,שקדים קלויים 200 גרם,,,שקדים קלויים 200 גרם,גרמים,200.00,100 גרם,false,,15.90,0.0795,true,1,4606
7290000151885,false,נקניק הודו יחידה 700,,,נקניק הודו יחידה 700,גרמים,700.00,100 גרם,false,,14.90,0.0213,true,1,7314
7290000155821,false,עוף טוב פסטרמה מעושנ,,,עוף טוב פסטרמה מעושנ,גרמים,300.00,100 גרם,false,,19.90,0.0663,true,1,7321
7290000161358,false,מיונז אמיתי משמן קנו,,,מיונז אמיתי משמן קנו,גרמים,500.00,100 גרם,false,,12.90,0.0258,true,1,3771
7290000168173,false,ברנפלקס קרנצים תלמה,,,ברנפלקס קרנצים תלמה,גרמים,375.00,100 גרם,false,,19.90,0.0531,true,1,3783
7290000169538,false,נמס בכוס עגבניות וקר,,,נמס בכוס עגבניות וקר,גרמים,62.00,100 גרם,false,,6.50,0.1048,true,1,3787
7290000169798,false,עוגי מופחת סוכר 20%,,,עוגי מופחת סוכר 20%,גרמים,500.00,100 גרם,false,,19.90,0.0398,true,1,3788
7290000174723,false,שוקולית 500 גרם,,,שוקולית 500 גרם,גרמים,500.00,100 גרם,false,,11.90,0.0238,true,1,8492
7290000175760,false,מנציגו  כבשים ויליפו,,,מנציגו  כבשים ויליפו,קילוגרמים,1.00,"ק""ג",true,,90.00,90.0000,true,1,1238
7290000175777,false,איבריקו  ויליפוד31%,,,איבריקו  ויליפוד31%,קילוגרמים,1.00,"ק""ג",true,,94.00,94.0000,true,1,1239
7290000175906,false,גאודה עיזים ויליפוד,,,גאודה עיזים ויליפוד,קילוגרמים,1.00,"ק""ג",true,,100.00,100.0000,true,1,1240
7290000176079,false,טורקי עלית קפה עם הל,,,טורקי עלית קפה עם הל,גרמים,100.00,100 גרם,false,,8.90,0.0890,true,1,8494
7290000176413,false,עלית נמס 50 גר',,,עלית נמס 50 גר',גרמים,50.00,100 גרם,false,,8.90,0.1780,true,1,8499
7290000176420,false,קפה נמס עלית פחית 20,,,קפה נמס עלית פחית 20,גרמים,200.00,100 גרם,false,,19.90,0.0995,true,1,8500
7290000176468,false,האג קפה נטול קפאין 5,,,האג קפה נטול קפאין 5,גרמים,50.00,100 גרם,false,,10.90,0.2180,true,1,8501
7290000178707,false,תפוציפס טבעי 50 גרם,,,תפוציפס טבעי 50 גרם,גרמים,50.00,100 גרם,false,,3.50,0.0700,true,1,9293
7290000178721,false,תפוציפס טבעי 200 גרם,,,תפוציפס טבעי 200 גרם,גרמים,200.00,100 גרם,false,,9.90,0.0495,true,1,9294
7290000185590,false,סילאן 100% תמרים טבע,,,סילאן 100% תמרים טבע,גרמים,635.00,100 גרם,false,,19.90,0.0313,true,1,47633
7290000186931,false,ניקול כריות קרצוף חת,,,ניקול כריות קרצוף חת,יחידה,0.00,יחידה,false,,9.90,0.0000,true,1,3212
7290000187938,false,"נייר טואלט ""לילי"" פס",,,"נייר טואלט ""לילי"" פס",מטרים,588.00,מטר,false,,39.90,0.0679,true,1,3214
7290000187952,false,נייר טאולט לילי טריו,,,נייר טאולט לילי טריו,מטרים,537.00,מטר,false,,38.90,0.0724,true,1,3215
7290000188355,false,מגבות מטבח ניקול לבנ,,,מגבות מטבח ניקול לבנ,מטרים,64.80,מטר,false,,10.90,0.1682,true,1,3217
7290000188553,false,מגן תחתון סילק נורמל,,,מגן תחתון סילק נורמל,יחידה,0.00,יחידה,false,,15.90,0.0000,true,1,32716
7290000188591,false,מגן תחתון סילק יאנג,,,מגן תחתון סילק יאנג,יחידה,0.00,יחידה,false,,15.90,0.0000,true,1,32717
7290000189079,false,ניקול תבניות אינגליש,,,ניקול תבניות אינגליש,יחידה,0.00,יחידה,false,,9.90,0.0000,true,1,3221
7290000189192,false,ניקול מטלית חכמה יומ,,,ניקול מטלית חכמה יומ,יח',64.00,יח',false,,15.90,0.2484,true,1,3223
7290000189260,false,ניקול תבניות מלבניות,,,ניקול תבניות מלבניות,יחידה,0.00,יחידה,false,,9.90,0.0000,true,1,3225
7290000189277,false,ניקול תבניות מלבניות,,,ניקול תבניות מלבניות,יחידה,0.00,יחידה,false,,9.90,0.0000,true,1,36881
7290000189482,false,ניקול תבנית אפייה מק,,,ניקול תבנית אפייה מק,יחידה,0.00,יחידה,false,,9.90,0.0000,true,1,3226
7290000189505,false,ניקול תבנית אפייה מק,,,ניקול תבנית אפייה מק,יחידה,0.00,יחידה,false,,9.90,0.0000,true,1,3228
7290000189598,false,מטליות לחות חד פעמיו,,,מטליות לחות חד פעמיו,יחידה,0.00,יחידה,false,,9.90,0.0000,true,1,3231
7290000189734,false,ניקול מטליות לחות לפ,,,ניקול מטליות לחות לפ,יחידה,0.00,יחידה,false,,11.90,0.0000,true,1,3233
7290000190150,false,מפיות תלת שכבתיות ני,,,מפיות תלת שכבתיות ני,יחידה,0.00,יחידה,false,,5.90,0.0000,true,1,3236
7290000191225,false,האגיס רך נולד מידה 2,,,האגיס רך נולד מידה 2,יחידה,0.00,יחידה,false,,29.90,0.0000,true,1,3239
7290000191539,false,לילי צבעוני חמישיה-9,,,לילי צבעוני חמישיה-9,יחידה,0.00,יחידה,false,,12.90,0.0000,true,1,3241
7290000193014,false,מגן תחתון אינטרלוד ל,,,מגן תחתון אינטרלוד ל,יחידה,0.00,יחידה,false,,9.90,0.0000,true,1,3245
7290000193205,false,תחבושות אולטרה לילה,,,תחבושות אולטרה לילה,יחידה,0.00,יחידה,false,,15.90,0.0000,true,1,3246
7290000193540,false,מגן תחתון נטורל לונג,,,מגן תחתון נטורל לונג,יחידה,0.00,יחידה,false,,15.90,0.0000,true,1,3248
7290000193649,false,תחבושות נטורל אולטרה,,,תחבושות נטורל אולטרה,יחידה,0.00,יחידה,false,,15.90,0.0000,true,1,3250
7290000193656,false,תחבושות נטורל אולטרה,,,תחבושות נטורל אולטרה,יחידה,0.00,יחידה,false,,15.90,0.0000,true,1,3251
7290000194178,false,עוף מס' 1 קפוא מחפוד,,,עוף מס' 1 קפוא מחפוד,קילוגרמים,1.00,"ק""ג",true,,27.90,27.9000,true,1,15299
7290000194239,false,מחפוד-חזה עוף קפוא מ,,,מחפוד-חזה עוף קפוא מ,קילוגרמים,1.00,"ק""ג",true,,33.90,33.9000,true,1,15302
7290000194253,false,כנפיים עוף קפוא ארוז,,,כנפיים עוף קפוא ארוז,קילוגרמים,1.00,"ק""ג",true,,11.90,11.9000,true,1,15303
7290000194260,false,מחפוד-שוקיים עוף קפו,,,מחפוד-שוקיים עוף קפו,קילוגרמים,1.00,"ק""ג",true,,35.90,35.9000,true,1,15304
7290000194536,false,חזה עוף טרי מחפוד אר,,,חזה עוף טרי מחפוד אר,קילוגרמים,1.00,"ק""ג",true,,34.90,34.9000,true,1,15311
7290000194837,false,ניקול שקיות מזון עם,,,ניקול שקיות מזון עם,יחידה,0.00,יחידה,false,,9.90,0.0000,true,1,3254
7290000195216,false,ניקול נייר אפייה בשק,,,ניקול נייר אפייה בשק,יחידה,0.00,יחידה,false,,9.90,0.0000,true,1,36884
7290000195537,false,מגבוני האגיס דיילי ק,,,מגבוני האגיס דיילי ק,יחידה,0.00,יחידה,false,,18.90,0.0000,true,1,3256
7290000195773,false,מגבוני האגיס סנסטיב,,,מגבוני האגיס סנסטיב,יחידה,0.00,יחידה,false,,18.90,0.0000,true,1,3259
7290000196343,false,מפת שולחן מהודרת ניק,,,מפת שולחן מהודרת ניק,יחידה,0.00,יחידה,false,,11.90,0.0000,true,1,3260
7290000196763,false,ניקול השקית החזקה,,,ניקול השקית החזקה,יחידה,0.00,יחידה,false,,19.90,0.0000,true,1,3261
7290000197029,false,ניקול שקיות ניילון ר,,,ניקול שקיות ניילון ר,יחידה,0.00,יחידה,false,,12.90,0.0000,true,1,3263
7290000197081,false,ניילונית נצמד ניקול,,,ניילונית נצמד ניקול,מטרים,150.00,מטר,false,,24.90,0.1660,true,1,3264
7290000197425,false,האגיס פרידום דריי של,,,האגיס פרידום דריי של,יחידה,0.00,יחידה,false,,41.90,0.0000,true,1,3269
7290000197432,false,ניקול שקיות אוכל זוג,,,ניקול שקיות אוכל זוג,יחידה,0.00,יחידה,false,,12.90,0.0000,true,1,3270
7290000197456,false,האגיס פרידום דריי של,,,האגיס פרידום דריי של,יחידה,0.00,יחידה,false,,41.90,0.0000,true,1,3271
7290000197463,false,האגיס פרידום דריי של,,,האגיס פרידום דריי של,יחידה,0.00,יחידה,false,,41.90,0.0000,true,1,3272
7290000197470,false,"ניקול שקיות רב""ש 250",,,"ניקול שקיות רב""ש 250",יחידה,0.00,יחידה,false,,13.90,0.0000,true,1,3273
7290000197548,false,האגיס פרידום דריי של,,,האגיס פרידום דריי של,יחידה,0.00,יחידה,false,,41.90,0.0000,true,1,3274
7290000197678,false,האגיס פרידום דריי  ש,,,האגיס פרידום דריי  ש,יחידה,0.00,יחידה,false,,41.90,0.0000,true,1,3276
7290000197753,false,ניקול ניילונית זוג,,,ניקול ניילונית זוג,מטרים,60.00,מטר,false,,9.90,0.1650,true,1,3277
7290000197876,false,ניקול תבנית אלומיניו,,,ניקול תבנית אלומיניו,יחידה,0.00,יחידה,false,,8.90,0.0000,true,1,3278
7290000197883,false,ניקול תבניות אלומיני,,,ניקול תבניות אלומיני,יחידה,0.00,יחידה,false,,8.90,0.0000,true,1,3279
7290000197982,false,ניקול רדיד אלומיניום,,,ניקול רדיד אלומיניום,מטרים,15.00,מטר,false,,19.90,1.3267,true,1,3281
7290000204147,false,כריות יפניות 2 ב 1 ר,,,כריות יפניות 2 ב 1 ר,יחידה,0.00,יחידה,false,,9.90,0.0000,true,1,3293
7290000204512,false,מטליות לחות לרצפה בר,,,מטליות לחות לרצפה בר,יחידה,0.00,יחידה,false,,9.90,0.0000,true,1,3297
7290000207063,false,רוטב עגבניות פריכוז,,,רוטב עגבניות פריכוז,גרמים,240.00,100 גרם,false,,4.10,0.0171,true,1,3086
7290000207162,false,רוטב עגבניות 100 גרם,,,רוטב עגבניות 100 גרם,גרמים,100.00,100 גרם,false,,2.50,0.0250,true,1,3087
7290000207764,false,חטיף יפני,,,חטיף יפני,קילוגרמים,1.00,"ק""ג",true,,65.00,65.0000,true,1,18669
7290000208022,false,עגבניות מרוסקות יכין,,,עגבניות מרוסקות יכין,גרמים,800.00,100 גרם,false,,9.90,0.0124,true,1,3089
7290000208077,false,אפונת גינה גדולה L י,,,אפונת גינה גדולה L י,גרמים,335.00,100 גרם,false,,8.50,0.0254,true,1,3090
7290000208114,false,אפונת גינה וגזר יכין,,,אפונת גינה וגזר יכין,גרמים,330.00,100 גרם,false,,8.50,0.0258,true,1,3091
7290000208213,false,שעועית לבנה ברוטב עג,,,שעועית לבנה ברוטב עג,גרמים,355.00,100 גרם,false,,8.90,0.0251,true,1,3094
7290000208220,false,שעועית צילי חריף יכי,,,שעועית צילי חריף יכי,גרמים,355.00,100 גרם,false,,9.90,0.0279,true,1,3095
7290000208312,false,גרעיני תירס מתוק יכי,,,גרעיני תירס מתוק יכי,גרמים,400.00,100 גרם,false,,6.50,0.0163,true,1,3099
7290000208329,false,גרעיני תירס מתוק יכי,,,גרעיני תירס מתוק יכי,גרמים,335.00,100 גרם,false,,8.50,0.0254,true,1,3100
7290000208336,false,רוטב עגבניות יכין 24,,,רוטב עגבניות יכין 24,גרמים,240.00,100 גרם,false,,4.50,0.0188,true,1,3101
7290000208404,false,פול מצרי יכין 550 גר,,,פול מצרי יכין 550 גר,גרמים,350.00,100 גרם,false,,8.90,0.0254,true,1,3105
7290000208428,false,חומוס שלם יכין 550 ג,,,חומוס שלם יכין 550 ג,גרמים,290.00,100 גרם,false,,8.90,0.0307,true,1,3106
7290000208480,false,גרעיני תירס בטעם חמא,,,גרעיני תירס בטעם חמא,גרמים,335.00,100 גרם,false,,9.90,0.0296,true,1,3107
7290000208534,false,גרעיני תירס קיד מתוק,,,גרעיני תירס קיד מתוק,גרמים,335.00,100 גרם,false,,9.90,0.0296,true,1,3108
7290000208800,false,תירס קיד מתוק יכין 4,,,תירס קיד מתוק יכין 4,גרמים,400.00,100 גרם,false,,6.50,0.0163,true,1,3109
7290000208855,false,רוטב לפסטה קלאסי יכי,,,רוטב לפסטה קלאסי יכי,גרמים,260.00,100 גרם,false,,5.50,0.0212,true,1,3110
7290000208893,false,תירס לייט יכין 400 ג,,,תירס לייט יכין 400 ג,גרמים,400.00,100 גרם,false,,6.50,0.0163,true,1,3111
7290000208930,false,עגבניות מרוסקות עם ש,,,עגבניות מרוסקות עם ש,גרמים,260.00,100 גרם,false,,5.50,0.0212,true,1,3112
7290000208947,false,עגבניות מרוסקות יכין,,,עגבניות מרוסקות יכין,יחידה,260.00,יחידה,false,,5.50,0.0212,true,1,3113
7290000208978,false,רוטב עגבניות פריכוז,,,רוטב עגבניות פריכוז,גרמים,100.00,100 גרם,false,,3.00,0.0300,true,1,3114
7290000209012,false,חומץ הדרים 5% יכין 1,,,חומץ הדרים 5% יכין 1,ליטרים,1.00,ליטר,false,,5.90,5.9000,true,1,3115
7290000209043,false,מיץ לימון משומר יכין,,,מיץ לימון משומר יכין,ליטרים,1.00,ליטר,false,,4.90,4.9000,true,1,3116
7290000209371,false,תירס שלישיה יכין 3*1,,,תירס שלישיה יכין 3*1,גרמים,495.00,100 גרם,false,,14.90,0.0301,true,1,3120
7290000209388,false,תירס לייט שלישיה יכי,,,תירס לייט שלישיה יכי,גרמים,420.00,100 גרם,false,,14.90,0.0355,true,1,3121
7290000209517,false,סירופ דייאט לימון יכ,,,סירופ דייאט לימון יכ,ליטרים,1.00,ליטר,false,,16.90,16.9000,true,1,3122
7290000209722,false,רוטב עגבניות מרוכז מ,,,רוטב עגבניות מרוכז מ,גרמים,580.00,100 גרם,false,,10.90,0.0188,true,1,3128
7290000209906,false,עגבניות מרוסקות עם ב,,,עגבניות מרוסקות עם ב,גרמים,260.00,100 גרם,false,,5.50,0.0212,true,1,3129
7290000209913,false,עגבניות לקוביות יכין,,,עגבניות לקוביות יכין,גרמים,260.00,100 גרם,false,,5.50,0.0212,true,1,3130
7290000209944,false,רוטב לעגבניות לשקשוק,,,רוטב לעגבניות לשקשוק,גרמים,260.00,100 גרם,false,,5.50,0.0212,true,1,3131
7290000209951,false,רוטב עגבניות לפיצה י,,,רוטב עגבניות לפיצה י,מיליליטרים,260.00,"100 מ""ל",false,,5.50,0.0212,true,1,3132
7290000209968,false,רוטב ללזניה יכין 240,,,רוטב ללזניה יכין 240,גרמים,260.00,100 גרם,false,,5.50,0.0212,true,1,3133
7290000211138,false,סיימן גבינת עיזים הו,,,סיימן גבינת עיזים הו,קילוגרמים,1.00,"ק""ג",true,,179.00,179.0000,true,1,16250
7290000211312,false,אורז מלא אחד אחד 1קג,,,אורז מלא אחד אחד 1קג,קילוגרמים,1.00,"ק""ג",false,,7.70,7.7000,true,1,6128
7290000211442,false,סוגת אורז פרסי קלאסי,,,סוגת אורז פרסי קלאסי,קילוגרמים,1.00,"ק""ג",false,,10.90,10.9000,true,1,6131
7290000211503,false,"סוכר סוגת לבן 1 ק""ג",,,"סוכר סוגת לבן 1 ק""ג",קילוגרמים,1.00,"ק""ג",false,,3.90,3.9000,true,1,6132
7290000211626,false,"אורז חיש 1 ק""ג",,,"אורז חיש 1 ק""ג",קילוגרמים,1.00,"ק""ג",false,,7.90,7.9000,true,1,6133
7290000211985,false,סוגת אורז עגול 1קג,,,סוגת אורז עגול 1קג,קילוגרמים,1.00,"ק""ג",false,,9.90,9.9000,true,1,6134
7290000214003,false,חלבה ממולאת,,,חלבה ממולאת,קילוגרמים,1.00,"ק""ג",true,,59.00,59.0000,true,1,28746
7290000222497,false,פקאן מצופה בטעמים,,,פקאן מצופה בטעמים,קילוגרמים,1.00,"ק""ג",true,,99.00,99.0000,true,1,28747
7290000222572,false,קוקוס מיובש טבעי,,,קוקוס מיובש טבעי,קילוגרמים,1.00,"ק""ג",true,,89.00,89.0000,true,1,28749
7290000238029,false,"בצק עלים 1ק""ג",,,"בצק עלים 1ק""ג",קילוגרמים,1.00,"ק""ג",false,,15.90,15.9000,true,1,13148
7290000238036,false,מעדנות מלווח 700גר,,,מעדנות מלווח 700גר,גרמים,700.00,100 גרם,false,,13.90,0.0199,true,1,13149
7290000238173,false,בורקס גבינה מעדנות 8,,,בורקס גבינה מעדנות 8,גרמים,800.00,100 גרם,false,,16.90,0.0211,true,1,13150
7290000243566,false,שמן קנולה בריאות עץ,,,שמן קנולה בריאות עץ,מיליליטרים,750.00,"100 מ""ל",false,,11.90,0.0159,true,1,6135
7290000244761,false,"קרם ולוטה 80 מ""ל",,,"קרם ולוטה 80 מ""ל",מיליליטרים,100.00,"100 מ""ל",false,,9.90,0.0990,true,1,2988
7290000245157,false,מרכך כביסה סוד סנסיי,,,מרכך כביסה סוד סנסיי,ליטרים,4.00,ליטר,false,,17.90,4.4750,true,1,12813
7290000245782,false,מרכך כביסה סוד ורוד,,,מרכך כביסה סוד ורוד,ליטרים,4.00,ליטר,false,,17.90,4.4750,true,1,12818
7290000245799,false,מרכך כביסה סוד כחול,,,מרכך כביסה סוד כחול,ליטרים,4.00,ליטר,false,,17.90,4.4750,true,1,12819
7290000253251,false,שוקולד צ'יפס לבן אופ,,,שוקולד צ'יפס לבן אופ,גרמים,250.00,100 גרם,false,,10.90,0.0436,true,1,9430
7290000263359,false,האגיס אקסטרא קייר של,,,האגיס אקסטרא קייר של,יחידה,0.00,יחידה,false,,29.90,0.0000,true,1,3305
7290000263913,false,חמוציות,,,חמוציות,קילוגרמים,1.00,"ק""ג",true,,69.00,69.0000,true,1,18670
7290000272696,false,מיץ לימון משומר עסיס,,,מיץ לימון משומר עסיס,ליטרים,1.00,ליטר,false,,8.90,8.9000,true,1,6756
7290000272726,false,חומץ טבעי 5% עסיס 1,,,חומץ טבעי 5% עסיס 1,ליטרים,1.00,ליטר,false,,5.90,5.9000,true,1,6757
7290000286228,false,סנו סושי שישיות כריו,,,סנו סושי שישיות כריו,יחידה,0.00,יחידה,false,,9.90,0.0000,true,1,10984
7290000286549,false,סנו סושי מטליות לכל,,,סנו סושי מטליות לכל,יחידה,0.00,יחידה,false,,9.90,0.0000,true,1,10988
7290000286594,false,סנו X לימון במיכל 60,,,סנו X לימון במיכל 60,גרמים,600.00,100 גרם,false,,9.90,0.0165,true,1,10989
7290000287195,false,סנו רהיט ספריי עשיר,,,סנו רהיט ספריי עשיר,מיליליטרים,305.00,"100 מ""ל",false,,13.90,0.0456,true,1,10997
7290000287409,false,סנובון שלישיה תות 3*,,,סנובון שלישיה תות 3*,גרמים,165.00,100 גרם,false,,10.90,0.0661,true,1,10999
7290000287621,false,סנו אנטי קאלק W.C מנ,,,סנו אנטי קאלק W.C מנ,מיליליטרים,750.00,"100 מ""ל",false,,9.90,0.0132,true,1,11004
7290000288024,false,סנו ז'אוול בריח לימו,,,סנו ז'אוול בריח לימו,ליטרים,4.00,ליטר,false,,16.90,4.2250,true,1,11008
7290000288031,false,סנו אקנומיקה 4 ל,,,סנו אקנומיקה 4 ל,ליטרים,4.00,ליטר,false,,10.90,2.7250,true,1,11009
7290000288048,false,סנו ג'אוול מרסס אילנ,,,סנו ג'אוול מרסס אילנ,ליטרים,1.00,ליטר,false,,17.90,17.9000,true,1,11010
7290000288352,false,K - 300,,,K - 300,מיליליטרים,630.00,"100 מ""ל",false,,19.90,0.0316,true,1,11017
7290000288642,false,מרכך כביסה סנו מקסימ,,,מרכך כביסה סנו מקסימ,ליטרים,4.00,ליטר,false,,21.90,5.4750,true,1,11022
7290000288727,false,סנו מקסימה מאסק 1.25,,,סנו מקסימה מאסק 1.25,קילוגרמים,1.25,"ק""ג",false,,13.90,11.1200,true,1,11024
7290000288840,false,מים מזוקקים 2 ליטר,,,מים מזוקקים 2 ליטר,ליטרים,2.00,ליטר,false,,11.90,5.9500,true,1,11025
7290000289069,false,סנו ג'אוול מרסס לימו,,,סנו ג'אוול מרסס לימו,ליטרים,1.00,ליטר,false,,17.90,17.9000,true,1,11026
7290000289496,false,סנו ג'אוול ג'ל קרם ל,,,סנו ג'אוול ג'ל קרם ל,מיליליטרים,750.00,"100 מ""ל",false,,10.90,0.0145,true,1,11030
7290000289885,false,סנו פרש ענק אושן כחו,,,סנו פרש ענק אושן כחו,מיליליטרים,375.00,"100 מ""ל",false,,9.80,0.0261,true,1,11034
7290000291963,false,סנו ז'אוול סמיכה לימ,,,סנו ז'אוול סמיכה לימ,יחידה,0.00,יחידה,false,,8.90,0.0000,true,1,11038
7290000292137,false,נוזל ניקוי וטיפול במ,,,נוזל ניקוי וטיפול במ,מיליליטרים,500.00,"100 מ""ל",false,,29.90,0.0598,true,1,11040
7290000292311,false,סנו פוליווקס סחלבים,,,סנו פוליווקס סחלבים,ליטרים,2.00,ליטר,false,,19.90,9.9500,true,1,11041
7290000292502,false,K 800קוטל נמלים 300,,,K 800קוטל נמלים 300,מיליליטרים,300.00,"100 מ""ל",false,,15.90,0.0530,true,1,11043
7290000293516,false,סופג לחות בקופסא,,,סופג לחות בקופסא,מיליליטרים,340.00,"100 מ""ל",false,,25.90,0.0762,true,1,11051
7290000293820,false,שמפו וג'ל רחצה קרבון,,,שמפו וג'ל רחצה קרבון,מיליליטרים,700.00,"100 מ""ל",false,,15.00,0.0214,true,1,11054
7290000293837,false,דאודורנט ג'ל קרמה מן,,,דאודורנט ג'ל קרמה מן,מיליליטרים,70.00,"100 מ""ל",false,,15.90,0.2271,true,1,22977
7290000293943,false,סנו אנטי קאלק+מתז  1,,,סנו אנטי קאלק+מתז  1,ליטרים,1.00,ליטר,false,,16.90,16.9000,true,1,11055
7290000295299,false,כריות יפניות סנו סוש,,,כריות יפניות סנו סוש,יחידה,0.00,יחידה,false,,9.70,0.0000,true,1,11062
7290000295367,false,אבקת כביסה סנו מקסימ,,,אבקת כביסה סנו מקסימ,קילוגרמים,2.50,"ק""ג",false,,23.90,9.5600,true,1,11065
7290000295503,false,סנו סושי צמד שקיות א,,,סנו סושי צמד שקיות א,יחידה,0.00,יחידה,false,,13.90,0.0000,true,1,11067
7290000295541,false,סנו רב מגבת גמבו,,,סנו רב מגבת גמבו,יחידה,0.00,יחידה,false,,16.90,0.0000,true,1,11068
7290000295558,false,צמד רדיד אלומיניום ק,,,צמד רדיד אלומיניום ק,מטרים,15.00,מטר,false,,9.90,0.6600,true,1,11069
7290000295794,false,ספוגיות אל חלד זוג,,,ספוגיות אל חלד זוג,יחידה,0.00,יחידה,false,,9.90,0.0000,true,1,11074
7290000300884,false,סיימן גבינת צ'דר אנג,,,סיימן גבינת צ'דר אנג,קילוגרמים,1.00,"ק""ג",true,,130.00,130.0000,true,1,16253
7290000300900,false,שניצל תירס טבעול רכי,,,שניצל תירס טבעול רכי,גרמים,750.00,100 גרם,false,,24.90,0.0332,true,1,7331
7290000305882,false,אס דגים עם ירקות ברו,,,אס דגים עם ירקות ברו,גרמים,120.00,100 גרם,false,,4.90,0.0408,true,1,10328
7290000311180,false,מאגדת ופלית צבעונית,,,מאגדת ופלית צבעונית,גרמים,250.00,100 גרם,false,,6.90,0.0276,true,1,21523
7290000311210,false,ופלים בטעם לימון מן,,,ופלים בטעם לימון מן,גרמים,200.00,100 גרם,false,,4.30,0.0215,true,1,21524
7290000311227,false,ופלים בטעם קפה מן 20,,,ופלים בטעם קפה מן 20,גרמים,200.00,100 גרם,false,,4.30,0.0215,true,1,7625
7290000311234,false,ופלים בטעם וניל מן 2,,,ופלים בטעם וניל מן 2,גרמים,200.00,100 גרם,false,,4.30,0.0215,true,1,21525
7290000311258,false,ופל מצופה מן 250 גרם,,,ופל מצופה מן 250 גרם,גרמים,250.00,100 גרם,false,,6.50,0.0260,true,1,21526
7290000311272,false,ופלים בטעם חלבה מן 1,,,ופלים בטעם חלבה מן 1,גרמים,180.00,100 גרם,false,,4.30,0.0239,true,1,21527
7290000311364,false,מאגדת ופל TAKE1 עשיר,,,מאגדת ופל TAKE1 עשיר,גרמים,210.00,100 גרם,false,,6.30,0.0300,true,1,21531
7290000311500,false,ופלים בטעם שוקולד מן,,,ופלים בטעם שוקולד מן,גרמים,500.00,100 גרם,false,,8.90,0.0178,true,1,7626
7290000313160,false,חברים זהבה ושלושת הד,,,חברים זהבה ושלושת הד,גרמים,250.00,100 גרם,false,,7.90,0.0316,true,1,6758
7290000313184,false,חברים ביסקויט גן חיו,,,חברים ביסקויט גן חיו,גרמים,250.00,100 גרם,false,,7.90,0.0316,true,1,6759
7290000313290,false,נודלס אטריות מסולסלו,,,נודלס אטריות מסולסלו,יחידה,200.00,יחידה,false,,8.90,0.0445,true,1,6761
7290000318127,false,נקניקיות ביס 380 גרם,,,נקניקיות ביס 380 גרם,גרמים,380.00,100 גרם,false,,11.90,0.0313,true,1,5678
7290000318943,false,פסטרמה של פעם 200 גר,,,פסטרמה של פעם 200 גר,גרמים,200.00,100 גרם,false,,21.90,0.1095,true,1,5682
7290000319124,false,סלמי סרוולט 250 גרם,,,סלמי סרוולט 250 גרם,גרמים,250.00,100 גרם,false,,33.90,0.1356,true,1,5683
7290000319131,false,נקניקיות עוף יחיעם 4,,,נקניקיות עוף יחיעם 4,גרמים,400.00,100 גרם,false,,10.90,0.0273,true,1,5684
7290000319520,false,סאלמי צרפתי יחיעם 10,,,סאלמי צרפתי יחיעם 10,גרמים,100.00,100 גרם,false,,19.90,0.1990,true,1,5685
7290000334325,false,תפוגן ציפס למיקרו מא,,,תפוגן ציפס למיקרו מא,גרמים,375.00,100 גרם,false,,12.90,0.0344,true,1,7336
7290000334684,false,טבעות בצל 700 גרם,,,טבעות בצל 700 גרם,גרמים,700.00,100 גרם,false,,16.90,0.0241,true,1,7338
7290000339191,false,אבקת הלבנה רן 350 גר,,,אבקת הלבנה רן 350 גר,גרמים,350.00,100 גרם,false,,17.90,0.0511,true,1,3790
7290000339566,false,בדין מרכך כביסה ורוד,,,בדין מרכך כביסה ורוד,ליטרים,4.00,ליטר,false,,19.90,4.9750,true,1,3791
7290000342832,false,בדין מרכך כביסה צהוב,,,בדין מרכך כביסה צהוב,ליטרים,4.00,ליטר,false,,19.90,4.9750,true,1,3795
7290000345215,false,תה ויסוצקי קלאסיק 10,,,תה ויסוצקי קלאסיק 10,גרמים,100.00,100 גרם,false,,15.90,0.1590,true,1,9436
7290000345260,false,תה ויסוצקי קלאסיק 25,,,תה ויסוצקי קלאסיק 25,גרמים,37.50,100 גרם,false,,6.90,0.1840,true,1,9437
7290000345284,false,תה ויסוצקי 1.5 קלאסי,,,תה ויסוצקי 1.5 קלאסי,גרמים,150.00,100 גרם,false,,16.90,0.1127,true,1,9439
7290000345291,false,תה ארל גריי 1.5/25,,,תה ארל גריי 1.5/25,גרמים,37.50,100 גרם,false,,14.90,0.3973,true,1,9440
7290000345307,false,תה ארל גריי 1.5/50,,,תה ארל גריי 1.5/50,גרמים,75.00,100 גרם,false,,27.90,0.3720,true,1,9441
7290000346120,false,תה קסם הקנמון 25 שקי,,,תה קסם הקנמון 25 שקי,גרמים,62.50,100 גרם,false,,17.90,0.2864,true,1,9445
7290000346205,false,תה קמומיל 25 שקיקים,,,תה קמומיל 25 שקיקים,גרמים,37.50,100 גרם,false,,17.90,0.4773,true,1,9449
7290000347738,false,תה ירוק נענע 25 שקיק,,,תה ירוק נענע 25 שקיק,גרמים,37.50,100 גרם,false,,22.90,0.6107,true,1,9452
7290000347752,false,תה ירוק לימונית ולוא,,,תה ירוק לימונית ולוא,גרמים,37.50,100 גרם,false,,22.90,0.6107,true,1,9453
7290000363899,false,נקניקיות פיקנטיות 40,,,נקניקיות פיקנטיות 40,גרמים,400.00,100 גרם,false,,10.90,0.0273,true,1,9721
7290000364261,false,סלסולי כתף בקר 120 ג,,,סלסולי כתף בקר 120 ג,גרמים,120.00,100 גרם,false,,12.90,0.1075,true,1,9723
7290000364278,false,סלסולי סלמי איטלקי מ,,,סלסולי סלמי איטלקי מ,גרמים,120.00,100 גרם,false,,12.90,0.1075,true,1,9724
7290000364285,false,טירת צבי סלסולי פסטר,,,טירת צבי סלסולי פסטר,גרמים,120.00,100 גרם,false,,12.90,0.1075,true,1,9725
7290000364292,false,סלסולי פסטרמה גחלים,,,סלסולי פסטרמה גחלים,גרמים,120.00,100 גרם,false,,12.90,0.1075,true,1,9726
7290000364858,false,נקניקיות עוף טרי 1 ק,,,נקניקיות עוף טרי 1 ק,קילוגרמים,1.00,"ק""ג",false,,22.90,22.9000,true,1,9731
7290000364872,false,נקניקיות עוף 400 גרם,,,נקניקיות עוף 400 גרם,גרמים,400.00,100 גרם,false,,10.90,0.0273,true,1,9732
7290000367590,false,צמד כפרי נק.סלמי+פסט,,,צמד כפרי נק.סלמי+פסט,גרמים,800.00,100 גרם,false,,25.90,0.0324,true,1,9734
7290000369037,false,ניצן פטה קוביות בטעמ,,,ניצן פטה קוביות בטעמ,גרמים,200.00,100 גרם,false,,16.90,0.0845,true,1,2359
7290000369341,false,לאבנה אבו גוש ניצן מ,,,לאבנה אבו גוש ניצן מ,קילוגרמים,1.00,"ק""ג",true,,50.00,50.0000,true,1,2358
7290000369365,false,ניצן גבינה מתובלת 9%,,,ניצן גבינה מתובלת 9%,גרמים,200.00,100 גרם,false,,13.90,0.0695,true,1,32705
7290000369617,false,ניצן כדורי פטה בשמני,,,ניצן כדורי פטה בשמני,גרמים,150.00,100 גרם,false,,16.90,0.1127,true,1,36871
7290000369709,false,ניצן חמאה ט.שונים 10,,,ניצן חמאה ט.שונים 10,גרמים,100.00,100 גרם,false,,13.50,0.1350,true,1,36872
7290000370130,false,גבינת ברי צרפתית שקי,,,גבינת ברי צרפתית שקי,קילוגרמים,1.00,"ק""ג",true,,80.00,80.0000,true,1,1242
7290000377209,false,בוטנים מטוגן 200.,,,בוטנים מטוגן 200.,גרמים,200.00,100 גרם,false,,6.90,0.0345,true,1,4607
7290000377612,false,פריגת סחוט תפוזים 40,,,פריגת סחוט תפוזים 40,מיליליטרים,400.00,"100 מ""ל",false,,10.30,0.0258,true,1,2419
7290000379258,false,חלת קונדיטורית אנגל,,,חלת קונדיטורית אנגל,גרמים,500.00,100 גרם,false,,12.90,0.0258,true,1,13038
7290000382210,false,שקיות גופיה ינות בית,,,שקיות גופיה ינות בית,יחידה,0.00,יחידה,false,,0.10,0.0000,true,1,7
7290000382227,false,שקיות גופיה מגה בעיר,,,שקיות גופיה מגה בעיר,יחידה,0.00,יחידה,false,,0.10,0.0000,true,1,37210
7290000385738,false,מנצ`גו משולש. מע.,,,מנצ`גו משולש. מע.,קילוגרמים,1.00,"ק""ג",true,,135.00,135.0000,true,1,5213
7290000385745,false,פיקורינו משולש.מע.,,,פיקורינו משולש.מע.,קילוגרמים,1.00,"ק""ג",true,,130.00,130.0000,true,1,5214
7290000387043,false,צלעות 22 צרכני חלק ב,,,צלעות 22 צרכני חלק ב,קילוגרמים,1.00,"ק""ג",true,,39.90,39.9000,true,1,24219
7290000408316,false,דנונה טבעי 3% 200מל,,,דנונה טבעי 3% 200מל,מיליליטרים,200.00,"100 מ""ל",false,,3.50,0.0175,true,1,8990
7290000408354,false,דנונה קראנצ' פצפוצים,,,דנונה קראנצ' פצפוצים,מיליליטרים,175.00,"100 מ""ל",false,,4.30,0.0246,true,1,8991
7290000412481,false,מנקה אסלות 1 ליטר 00,,,מנקה אסלות 1 ליטר 00,ליטרים,1.00,ליטר,false,,7.90,7.9000,true,1,11077
7290000416021,false,ממרח שוקולד השחר 500,,,ממרח שוקולד השחר 500,גרמים,500.00,100 גרם,false,,13.90,0.0278,true,1,10658
7290000416045,false,ממרח שוקולד השחר 1 ק,,,ממרח שוקולד השחר 1 ק,קילוגרמים,1.00,"ק""ג",false,,23.90,23.9000,true,1,10659
7290000416618,false,ממרח שוקולד פרווה הש,,,ממרח שוקולד פרווה הש,גרמים,400.00,100 גרם,false,,11.90,0.0298,true,1,10662
7290000416632,false,ממרח שוקולד פרווה הש,,,ממרח שוקולד פרווה הש,קילוגרמים,1.00,"ק""ג",false,,22.90,22.9000,true,1,10663
7290000419220,false,לנדוור כחול המקורי ק,,,לנדוור כחול המקורי ק,גרמים,300.00,100 גרם,false,,18.90,0.0630,true,1,8022
7290000420325,false,פופסטאר פופקורן טבעי,,,פופסטאר פופקורן טבעי,גרמים,500.00,100 גרם,false,,12.90,0.0258,true,1,2165
7290000420417,false,גלילונית שקיות אשפה,,,גלילונית שקיות אשפה,יחידה,0.00,יחידה,false,,17.90,0.0000,true,1,2167
7290000436616,false,דובשניות ברמן 180 גר,,,דובשניות ברמן 180 גר,גרמים,180.00,100 גרם,false,,5.90,0.0328,true,1,20481
7290000449128,false,סיף ניקוי כללי 4 ליט,,,סיף ניקוי כללי 4 ליט,ליטרים,4.00,ליטר,false,,19.90,4.9750,true,1,3798
7290000450209,false,טונה בשמן פוסידון  1,,,טונה בשמן פוסידון  1,גרמים,108.00,100 גרם,false,,5.50,0.0509,true,1,5944
7290000453019,false,שמרית שמרים טריים לא,,,שמרית שמרים טריים לא,גרמים,50.00,100 גרם,false,,4.20,0.0840,true,1,8992
7290000453125,false,שמרית שמרים טריים לא,,,שמרית שמרים טריים לא,גרמים,100.00,100 גרם,false,,7.40,0.0740,true,1,8993
7290000453385,false,פאקא שמרים יבשים 500,,,פאקא שמרים יבשים 500,גרמים,500.00,100 גרם,false,,12.90,0.0258,true,1,8510
7290000453408,false,שמרית בצק פיצה דק מצ,,,שמרית בצק פיצה דק מצ,גרמים,415.00,100 גרם,false,,16.90,0.0407,true,1,8994
7290000453415,false,שמרית בצק עלים מצונן,,,שמרית בצק עלים מצונן,גרמים,300.00,100 גרם,false,,14.90,0.0497,true,1,8995
7290000453422,false,שמרית בצק פילו מוכן,,,שמרית בצק פילו מוכן,גרמים,300.00,100 גרם,false,,14.90,0.0497,true,1,8996
7290000453446,false,פיצה קראסט שמרית מצו,,,פיצה קראסט שמרית מצו,גרמים,500.00,100 גרם,false,,19.90,0.0398,true,1,22101
7290000453484,false,בצק קדאיף מצונן שמרי,,,בצק קדאיף מצונן שמרי,גרמים,350.00,100 גרם,false,,14.90,0.0426,true,1,22102
7290000453798,false,שמרים יבשים אקטיביים,,,שמרים יבשים אקטיביים,גרמים,500.00,100 גרם,false,,12.90,0.0258,true,1,8511
7290000455456,false,נסיכת הנילוס פילה פר,,,נסיכת הנילוס פילה פר,קילוגרמים,1.00,"ק""ג",true,,69.90,69.9000,true,1,12924
7290000461625,false,ביגלה 8 8 400גר,,,ביגלה 8 8 400גר,גרמים,400.00,100 גרם,false,,9.90,0.0248,true,1,3799
7290000461656,false,מקלות מלוחים 400 גרם,,,מקלות מלוחים 400 גרם,גרמים,400.00,100 גרם,false,,9.90,0.0248,true,1,3800
7290000461700,false,ביגלה שמיניות גדולות,,,ביגלה שמיניות גדולות,גרמים,400.00,100 גרם,false,,11.90,0.0298,true,1,3801
7290000461793,false,ביגלה ארוך ארוך דל ש,,,ביגלה ארוך ארוך דל ש,גרמים,150.00,100 גרם,false,,5.90,0.0393,true,1,3803
7290000462141,false,סחוג אדום חריף מאוד,,,סחוג אדום חריף מאוד,גרמים,150.00,100 גרם,false,,7.90,0.0527,true,1,9001
7290000462172,false,סחוג ירוק חריף מאוד,,,סחוג ירוק חריף מאוד,גרמים,150.00,100 גרם,false,,7.90,0.0527,true,1,9002
7290000467320,false,צבר חומוס אבו מרוואן,,,צבר חומוס אבו מרוואן,גרמים,400.00,100 גרם,false,,13.90,0.0348,true,1,7343
7290000474090,false,טרה חלב בקרטון 1% 1ל,,,טרה חלב בקרטון 1% 1ל,ליטרים,1.00,ליטר,false,,5.80,5.8000,true,1,2423
7290000474540,false,טוב טעם גבינה 3% 250,,,טוב טעם גבינה 3% 250,גרמים,250.00,100 גרם,false,,10.20,0.0408,true,1,2426
7290000474830,false,נעם גבינה צהובה מגור,,,נעם גבינה צהובה מגור,גרמים,500.00,100 גרם,false,,32.90,0.0658,true,1,2427
7290000480107,false,"קוואקר מהיר אטוס לל""",,,"קוואקר מהיר אטוס לל""",גרמים,500.00,100 גרם,false,,11.90,0.0238,true,1,9295
7290000480442,false,שיבולת שועל בשקית קו,,,שיבולת שועל בשקית קו,גרמים,500.00,100 גרם,false,,11.90,0.0238,true,1,9296
7290000481029,false,פיתות 10 יחידות בטעם,,,פיתות 10 יחידות בטעם,קילוגרמים,1.00,"ק""ג",false,,9.90,9.9000,true,1,1828
7290000481043,true,עשיריית פיתות כוסמין,,,עשיריית פיתות כוסמין,גרמים,700.00,100 גרם,false,,13.90,0.0199,true,1,19256
7290000481074,false,לחם טריו מלא דגנית 7,,,לחם טריו מלא דגנית 7,גרמים,750.00,100 גרם,false,,14.90,0.0199,true,1,19257
7290000481883,false,10 לחמניות דגנית,,,10 לחמניות דגנית,גרמים,750.00,100 גרם,false,,10.90,0.0145,true,1,1833
7290000482019,false,שקיות קוקי רגיל 10יח,,,שקיות קוקי רגיל 10יח,יחידה,0.00,יחידה,false,,9.90,0.0000,true,1,8028
7290000482033,false,שקיות קוקי ענק בתנור,,,שקיות קוקי ענק בתנור,יחידה,0.00,יחידה,false,,9.90,0.0000,true,1,8029
7290000482049,false,הבולגריה קוביות שמן,,,הבולגריה קוביות שמן,קילוגרמים,1.00,"ק""ג",true,,75.00,75.0000,true,1,18947
7290000484747,false,"עלית הארק 40% 700 מ""",,,"עלית הארק 40% 700 מ""",מיליליטרים,700.00,"100 מ""ל",false,,54.90,0.0784,true,1,10671
7290000493176,false,אסם אבקת רוטב צלי לב,,,אסם אבקת רוטב צלי לב,גרמים,22.00,100 גרם,false,,3.90,0.1773,true,1,6780
7290000493183,false,אסם אבקת רוטב פטריות,,,אסם אבקת רוטב פטריות,גרמים,30.00,100 גרם,false,,3.90,0.1300,true,1,6781
7290000496360,false,פילה  בקלה דרום אפרי,,,פילה  בקלה דרום אפרי,קילוגרמים,1.00,"ק""ג",true,,43.90,43.9000,true,1,28279
7290000504025,false,סוכרזית פטריה 300 טב,,,סוכרזית פטריה 300 טב,גרמים,246.00,100 גרם,false,,7.90,0.0321,true,1,8512
7290000504049,false,סוכרזית קנקן 1200 טב,,,סוכרזית קנקן 1200 טב,גרמים,984.00,100 גרם,false,,17.90,0.0182,true,1,8513
7290000504209,false,דיאט טיפ-ממתיק,,,דיאט טיפ-ממתיק,מיליליטרים,220.00,"100 מ""ל",false,,15.90,0.0723,true,1,8514
7290000511212,false,גבינה ערקית המושבה.,,,גבינה ערקית המושבה.,קילוגרמים,1.00,"ק""ג",true,,76.00,76.0000,true,1,5314
7290000518176,false,מתוק וקל ענק 250 שקי,,,מתוק וקל ענק 250 שקי,גרמים,250.00,100 גרם,false,,16.90,0.0676,true,1,32741
7290000518220,false,סוכרה דיאט 100 יח,,,סוכרה דיאט 100 יח,גרמים,80.00,100 גרם,false,,23.90,0.2987,true,1,38417
7290000518251,false,מתוק וקל זהב 100 שקי,,,מתוק וקל זהב 100 שקי,גרמים,100.00,100 גרם,false,,10.90,0.1090,true,1,32743
7290000523125,false,מלח ים יבש הארץ 250,,,מלח ים יבש הארץ 250,גרמים,250.00,100 גרם,false,,5.40,0.0216,true,1,6136
7290000523224,false,מלח ים יבש הארץ 500,,,מלח ים יבש הארץ 500,גרמים,500.00,100 גרם,false,,7.90,0.0158,true,1,6137
7290000523521,false,מלח מעושר ביוד הארץ,,,מלח מעושר ביוד הארץ,גרמים,250.00,100 גרם,false,,5.90,0.0236,true,1,6139
7290000523804,false,מלח עדין בצנצנת הארץ,,,מלח עדין בצנצנת הארץ,קילוגרמים,1.00,"ק""ג",false,,6.90,6.9000,true,1,6140
7290000525969,false,פרימור מיץ תפוזים 1ל,,,פרימור מיץ תפוזים 1ל,ליטרים,1.00,ליטר,false,,15.80,15.8000,true,1,9004
7290000530086,false,סלמי מעושן 7000 א.מ.,,,סלמי מעושן 7000 א.מ.,גרמים,600.00,100 גרם,false,,27.90,0.0465,true,1,13778
7290000530413,false,המבורגר זהב 400גר,,,המבורגר זהב 400גר,גרמים,400.00,100 גרם,false,,19.90,0.0497,true,1,13782
7290000533353,false,זוגלובק בצק עלים 1קג,,,זוגלובק בצק עלים 1קג,קילוגרמים,1.00,"ק""ג",false,,13.90,13.9000,true,1,13788
7290000537566,false,נקניקיות עוף טרי 400,,,נקניקיות עוף טרי 400,גרמים,400.00,100 גרם,false,,9.90,0.0248,true,1,13792
7290000537603,false,"נקנקיות עוף 1 ק""ג -ז",,,"נקנקיות עוף 1 ק""ג -ז",קילוגרמים,1.00,"ק""ג",false,,23.90,23.9000,true,1,13793
7290000552118,false,נקנקיות מרגז 400 גרם,,,נקנקיות מרגז 400 גרם,גרמים,400.00,100 גרם,false,,20.90,0.0522,true,1,5945
7290000552569,false,סטייק בורגר 400 ג'-ט,,,סטייק בורגר 400 ג'-ט,גרמים,400.00,100 גרם,false,,17.90,0.0447,true,1,5946
7290000554402,false,גד מלבי 160מל.,,,גד מלבי 160מל.,מיליליטרים,160.00,"100 מ""ל",false,,5.50,0.0344,true,1,5220
7290000554457,false,גד צפתית מיני 5% 350,,,גד צפתית מיני 5% 350,גרמים,350.00,100 גרם,false,,19.90,0.0569,true,1,5221
7290000554532,false,גד צפתית מעודנת במלח,,,גד צפתית מעודנת במלח,גרמים,200.00,100 גרם,false,,13.90,0.0695,true,1,5223
7290000554624,false,גד ירח מתוק 150מל,,,גד ירח מתוק 150מל,גרמים,150.00,100 גרם,false,,5.50,0.0367,true,1,5225
7290000554686,false,גד לאבנה בשמן זית וז,,,גד לאבנה בשמן זית וז,גרמים,250.00,100 גרם,false,,13.90,0.0556,true,1,5226
7290000554822,false,גד ריקוטה טבעי 5% 25,,,גד ריקוטה טבעי 5% 25,גרמים,250.00,100 גרם,false,,13.90,0.0556,true,1,5227
7290000554839,false,גד מסקרפונה 40% 250ג,,,גד מסקרפונה 40% 250ג,גרמים,250.00,100 גרם,false,,19.90,0.0796,true,1,5228
7290000560540,false,ג'ל גילוח כתום לעור,,,ג'ל גילוח כתום לעור,מיליליטרים,200.00,"100 מ""ל",false,,14.90,0.0745,true,1,2170
7290000571119,false,גאודה טבעי המחלבה,,,גאודה טבעי המחלבה,קילוגרמים,1.00,"ק""ג",true,,103.00,103.0000,true,1,5215
7290000574035,false,לחם אחיד פרוס דגנית,,,לחם אחיד פרוס דגנית,גרמים,750.00,100 גרם,false,,5.90,0.0079,true,1,1837
7290000574141,false,לחם חיטה מלאה דגנית,,,לחם חיטה מלאה דגנית,גרמים,750.00,100 גרם,false,,11.90,0.0159,true,1,1840
7290000574172,false,לחם קל חיטה מלאה דגנ,,,לחם קל חיטה מלאה דגנ,גרמים,750.00,100 גרם,false,,11.90,0.0159,true,1,1841
7290000574455,false,לחם חיטה מלא+כוסמין,,,לחם חיטה מלא+כוסמין,גרמים,750.00,100 גרם,false,,13.90,0.0185,true,1,1844
7290000604343,false,תמר דקל נור  400גר,,,תמר דקל נור  400גר,גרמים,400.00,100 גרם,false,,9.90,0.0248,true,1,14468
7290000611228,false,פילה עוף טרי ארוז,,,פילה עוף טרי ארוז,קילוגרמים,1.00,"ק""ג",true,,34.90,34.9000,true,1,13509
7290000611280,false,עוף שלם טרי ארוז,,,עוף שלם טרי ארוז,קילוגרמים,1.00,"ק""ג",true,,18.90,18.9000,true,1,13510
7290000611839,false,שוקיים עוף טרי ארוז,,,שוקיים עוף טרי ארוז,קילוגרמים,1.00,"ק""ג",true,,28.90,28.9000,true,1,13512
7290000611846,false,כרעיים עוף טרי ארוז.,,,כרעיים עוף טרי ארוז.,קילוגרמים,1.00,"ק""ג",true,,26.90,26.9000,true,1,13513
7290000611853,false,כנפיים עוף טרי ארוז,,,כנפיים עוף טרי ארוז,קילוגרמים,1.00,"ק""ג",true,,10.90,10.9000,true,1,13514
7290000611860,false,חזה עוף שלם טרי ארוז,,,חזה עוף שלם טרי ארוז,קילוגרמים,1.00,"ק""ג",true,,31.90,31.9000,true,1,13515
7290000628170,false,צלי כתף מס' 5 חלק בר,,,צלי כתף מס' 5 חלק בר,קילוגרמים,1.00,"ק""ג",true,,69.90,69.9000,true,1,24227
7290000644783,false,דגי תנובה נתחי פילה,,,דגי תנובה נתחי פילה,קילוגרמים,1.00,"ק""ג",true,,79.90,79.9000,true,1,10288
7290000652542,false,פילה אמנון 5-7 100%,,,פילה אמנון 5-7 100%,קילוגרמים,1.00,"ק""ג",true,,29.90,29.9000,true,1,10291
7290000652894,false,סטייק דג טונה 100% ד,,,סטייק דג טונה 100% ד,קילוגרמים,1.00,"ק""ג",true,,44.90,44.9000,true,1,10293
7290000654546,false,פילה אמנון 7-9 100%,,,פילה אמנון 7-9 100%,קילוגרמים,1.00,"ק""ג",true,,29.90,29.9000,true,1,10294
7290000658926,false,פילה מרלוזה קפוא 100,,,פילה מרלוזה קפוא 100,קילוגרמים,1.00,"ק""ג",true,,29.90,29.9000,true,1,22685
7290000659312,false,דגי תנובה פילה סלמון,,,דגי תנובה פילה סלמון,קילוגרמים,1.00,"ק""ג",true,,69.90,69.9000,true,1,10295
7290000662817,false,סלמון מעושן פרוס 100,,,סלמון מעושן פרוס 100,גרמים,100.00,100 גרם,false,,18.90,0.1890,true,1,22495
7290000663036,false,פילה אמנון ללא עור 1,,,פילה אמנון ללא עור 1,קילוגרמים,1.00,"ק""ג",true,,34.90,34.9000,true,1,22686
7290000663166,false,פילה הייק דרום אפריק,,,פילה הייק דרום אפריק,קילוגרמים,1.00,"ק""ג",true,,49.90,49.9000,true,1,22687
7290000680123,false,כנפיים עוף טרי ארוז,,,כנפיים עוף טרי ארוז,קילוגרמים,1.00,"ק""ג",true,,10.90,10.9000,true,1,16319
7290000680130,false,שוקיים עוף טרי ארוז,,,שוקיים עוף טרי ארוז,קילוגרמים,1.00,"ק""ג",true,,28.90,28.9000,true,1,16320
7290000680147,false,כרעיים עוף טרי ארוז,,,כרעיים עוף טרי ארוז,קילוגרמים,1.00,"ק""ג",true,,26.90,26.9000,true,1,16321
7290000680161,false,חזה עוף שלם טרי ארוז,,,חזה עוף שלם טרי ארוז,קילוגרמים,1.00,"ק""ג",true,,31.90,31.9000,true,1,16323
7290000680451,false,כבד עוף טרי ארוז.,,,כבד עוף טרי ארוז.,קילוגרמים,1.00,"ק""ג",true,,19.90,19.9000,true,1,16328
7290000680529,false,שניצל עוף טרי ארוז,,,שניצל עוף טרי ארוז,קילוגרמים,1.00,"ק""ג",true,,36.90,36.9000,true,1,16333
7290000680536,false,סטייק פרגית טרי כרע,,,סטייק פרגית טרי כרע,קילוגרמים,1.00,"ק""ג",true,,49.90,49.9000,true,1,16334
7290000681298,false,חזה עוף טרי מחפוד אר,,,חזה עוף טרי מחפוד אר,קילוגרמים,1.00,"ק""ג",true,,32.90,32.9000,true,1,16336
7290000681304,false,כרעיים עוף טרי מחפוד,,,כרעיים עוף טרי מחפוד,קילוגרמים,1.00,"ק""ג",true,,32.90,32.9000,true,1,16337
7290000681311,false,ירכיים עוף טרי מחפוד,,,ירכיים עוף טרי מחפוד,קילוגרמים,1.00,"ק""ג",true,,32.90,32.9000,true,1,16338
7290000681328,false,מחפוד שוקיים עוף טרי,,,מחפוד שוקיים עוף טרי,קילוגרמים,1.00,"ק""ג",true,,34.90,34.9000,true,1,16339
7290000681335,false,פרגיות עוף טרי מחפוד,,,פרגיות עוף טרי מחפוד,קילוגרמים,1.00,"ק""ג",true,,74.90,74.9000,true,1,16340
7290000681366,false,כנפיים עוף מחפוד ב-ק,,,כנפיים עוף מחפוד ב-ק,קילוגרמים,1.00,"ק""ג",true,,14.90,14.9000,true,1,16343
7290000681380,false,שניצל עוף טרי מחפוד,,,שניצל עוף טרי מחפוד,קילוגרמים,1.00,"ק""ג",true,,34.90,34.9000,true,1,16345
7290000688084,false,מי עדן 1/2 ליטר ספור,,,מי עדן 1/2 ליטר ספור,מיליליטרים,500.00,"100 מ""ל",false,,2.80,0.0056,true,1,4276
7290000688381,false,מי עדן פקק ספורט 6*5,,,מי עדן פקק ספורט 6*5,ליטרים,3.00,ליטר,false,,12.90,4.3000,true,1,4279
7290000688466,false,מי עדן ג'ים 750מל,,,מי עדן ג'ים 750מל,מיליליטרים,750.00,"100 מ""ל",false,,2.90,0.0039,true,1,4280
7290000688503,false,מי עדן ג'ים 6*750מל,,,מי עדן ג'ים 6*750מל,ליטרים,4.50,ליטר,false,,14.90,3.3111,true,1,4281
7290000692210,false,אג'קס ניקוי כללי ורצ,,,אג'קס ניקוי כללי ורצ,ליטרים,2.00,ליטר,false,,21.90,10.9500,true,1,8033
7290000704287,false,מנגו מיובש ללא סוכר,,,מנגו מיובש ללא סוכר,קילוגרמים,1.00,"ק""ג",true,,89.00,89.0000,true,1,28772
7290000704355,false,אננס טבעי ללא סוכר ל,,,אננס טבעי ללא סוכר ל,קילוגרמים,1.00,"ק""ג",true,,89.00,89.0000,true,1,28773
7290000707345,false,חזה עוף שלם טרי ארוז,,,חזה עוף שלם טרי ארוז,קילוגרמים,1.00,"ק""ג",true,,31.90,31.9000,true,1,6428
7290000707369,false,כרעיים עוף טרי ארוז,,,כרעיים עוף טרי ארוז,קילוגרמים,1.00,"ק""ג",true,,26.90,26.9000,true,1,6430
7290000707383,false,שוקיים עוף טרי ארוז,,,שוקיים עוף טרי ארוז,קילוגרמים,1.00,"ק""ג",true,,28.90,28.9000,true,1,6432
7290000707390,false,פרגית עוף טרי ארוז ש,,,פרגית עוף טרי ארוז ש,קילוגרמים,1.00,"ק""ג",true,,54.90,54.9000,true,1,6433
7290000707420,false,עוף שלם טרי ארוז,,,עוף שלם טרי ארוז,קילוגרמים,1.00,"ק""ג",true,,19.90,19.9000,true,1,6434
7290000707437,false,כנפיים עוף טרי ארוז,,,כנפיים עוף טרי ארוז,קילוגרמים,1.00,"ק""ג",true,,10.90,10.9000,true,1,6435
7290000707468,false,כבד עוף טרי ארוז,,,כבד עוף טרי ארוז,קילוגרמים,1.00,"ק""ג",true,,19.90,19.9000,true,1,6438
7290000707543,false,פילה עוף טרי ארוז,,,פילה עוף טרי ארוז,קילוגרמים,1.00,"ק""ג",true,,34.90,34.9000,true,1,6440
7290000708151,false,שניצל עוף טרי ארוז,,,שניצל עוף טרי ארוז,קילוגרמים,1.00,"ק""ג",true,,34.90,34.9000,true,1,6453
7290000708502,false,סטייק פרגית טרי כרע,,,סטייק פרגית טרי כרע,קילוגרמים,1.00,"ק""ג",true,,49.90,49.9000,true,1,6455
7290000725600,false,סקנדינבית חריץ מע.,,,סקנדינבית חריץ מע.,קילוגרמים,1.00,"ק""ג",true,,75.00,75.0000,true,1,9902
7290000803180,false,מי פה דנטלית מרידול,,,מי פה דנטלית מרידול,מיליליטרים,400.00,"100 מ""ל",false,,24.90,0.0622,true,1,8040
7290000835954,false,פילה אמנון 5-7 בוואק,,,פילה אמנון 5-7 בוואק,קילוגרמים,1.00,"ק""ג",true,,24.90,24.9000,true,1,12965
7290000835961,false,פילה אמנון 7-9 בוואק,,,פילה אמנון 7-9 בוואק,קילוגרמים,1.00,"ק""ג",true,,24.90,24.9000,true,1,12966
7290000910291,false,פלפל צ`ילי,,,פלפל צ`ילי,גרמים,100.00,100 גרם,false,,5.90,0.0590,true,1,13106
7290000970775,false,בוטן ענק,,,בוטן ענק,קילוגרמים,1.00,"ק""ג",true,,37.00,37.0000,true,1,28779
7290000977383,false,פקאן קלוי,,,פקאן קלוי,קילוגרמים,1.00,"ק""ג",true,,126.00,126.0000,true,1,28780
7290000977650,false,פיסטוק מקולף,,,פיסטוק מקולף,קילוגרמים,1.00,"ק""ג",true,,154.00,154.0000,true,1,18674
7290000978871,false,חמוציות ללא סוכר,,,חמוציות ללא סוכר,קילוגרמים,1.00,"ק""ג",true,,70.00,70.0000,true,1,18675
7290000979167,false,תמר מג`הול ג'מבו,,,תמר מג`הול ג'מבו,קילוגרמים,1.00,"ק""ג",true,,55.00,55.0000,true,1,51945
7290000979174,false,מגוון זיתים,,,מגוון זיתים,קילוגרמים,1.00,"ק""ג",true,,59.00,59.0000,true,1,28786
7290000979204,false,סוכריות גומי /קשות/ח,,,סוכריות גומי /קשות/ח,קילוגרמים,1.00,"ק""ג",true,,59.00,59.0000,true,1,28789
7290000989761,false,שקד טחון,,,שקד טחון,קילוגרמים,1.00,"ק""ג",true,,90.00,90.0000,true,1,28792
7290001041130,false,ממרח תמרים מיה 450 ג,,,ממרח תמרים מיה 450 ג,גרמים,450.00,100 גרם,false,,6.90,0.0153,true,1,5318
7290001041147,false,חומוס 1 ק'ג,,,חומוס 1 ק'ג,קילוגרמים,1.00,"ק""ג",false,,10.90,10.9000,true,1,5319
7290001041161,false,שעועית 1 ק'ג,,,שעועית 1 ק'ג,קילוגרמים,1.00,"ק""ג",false,,11.90,11.9000,true,1,5321
7290001041185,false,פופקורן 1 ק'ג,,,פופקורן 1 ק'ג,קילוגרמים,1.00,"ק""ג",false,,8.90,8.9000,true,1,5323
7290001041208,false,עדשים ירוקות 1 ק'ג,,,עדשים ירוקות 1 ק'ג,קילוגרמים,1.00,"ק""ג",false,,11.90,11.9000,true,1,5325
7290001041222,false,חומוס לבן ענק 1 ק'ג,,,חומוס לבן ענק 1 ק'ג,קילוגרמים,1.00,"ק""ג",false,,15.90,15.9000,true,1,5327
7290001041260,false,שומשום מיה 400 גרם,,,שומשום מיה 400 גרם,גרמים,400.00,100 גרם,false,,9.90,0.0248,true,1,5328
7290001041277,false,פרורי לחם 400 גרם,,,פרורי לחם 400 גרם,גרמים,400.00,100 גרם,false,,5.90,0.0148,true,1,5329
7290001045169,false,פרימור מיץ תפוחים צל,,,פרימור מיץ תפוחים צל,ליטרים,1.00,ליטר,false,,15.80,15.8000,true,1,9005
7290001045688,false,פרימור מיץ תפוזים 40,,,פרימור מיץ תפוזים 40,מיליליטרים,400.00,"100 מ""ל",false,,7.90,0.0197,true,1,9008
7290001121054,false,יחיעם צמד חמד 700 גר,,,יחיעם צמד חמד 700 גר,גרמים,700.00,100 גרם,false,,24.90,0.0356,true,1,5688
7290001123775,false,שווארמה פרגיות 500 ג,,,שווארמה פרגיות 500 ג,גרמים,500.00,100 גרם,false,,19.90,0.0398,true,1,5949
7290001123782,false,שווארמה הודו 500 גרם,,,שווארמה הודו 500 גרם,גרמים,500.00,100 גרם,false,,19.90,0.0398,true,1,5950
7290001136287,false,שמפו רגיל ירוק נקה 7,,,שמפו רגיל ירוק נקה 7,מיליליטרים,750.00,"100 מ""ל",false,,10.90,0.0145,true,1,11078
7290001136294,false,שמפו יבש אדום נקה 7,,,שמפו יבש אדום נקה 7,מיליליטרים,750.00,"100 מ""ל",false,,10.90,0.0145,true,1,11079
7290001136683,false,מרכך רגיל ירוק נקה 7,,,מרכך רגיל ירוק נקה 7,מיליליטרים,750.00,"100 מ""ל",false,,10.90,0.0145,true,1,11082
7290001136799,false,תחליב רחצה ורד ויסמי,,,תחליב רחצה ורד ויסמי,יחידה,0.00,יחידה,false,,13.90,0.0000,true,1,11083
7290001136973,false,תחליב רחצה קמומיל נק,,,תחליב רחצה קמומיל נק,יחידה,0.00,יחידה,false,,13.90,0.0000,true,1,11084
7290001201510,false,30 ביצים M  מ.לסר,,,30 ביצים M  מ.לסר,יחידה,0.00,יחידה,false,,27.87,0.0000,true,1,5051
7290001201589,false,12 ביצים L  מ.לסר,,,12 ביצים L  מ.לסר,יחידה,0.00,יחידה,false,,12.05,0.0000,true,1,5053
7290001201602,false,18ביצים L  מ.לסר,,,18ביצים L  מ.לסר,יחידה,0.00,יחידה,false,,18.07,0.0000,true,1,5055
7290001201824,false,12 ביצים L  אורגני מ,,,12 ביצים L  אורגני מ,יחידה,0.00,יחידה,false,,21.90,0.0000,true,1,5061
7290001201862,false,12 ביצים חופש L מ. ל,,,12 ביצים חופש L מ. ל,יחידה,0.00,יחידה,false,,17.90,0.0000,true,1,5064
7290001201893,false,12 ביצים M  אומגה 3,,,12 ביצים M  אומגה 3,יחידה,0.00,יחידה,false,,16.90,0.0000,true,1,5066
7290001216040,false,טחינה אל ארז 100% שו,,,טחינה אל ארז 100% שו,גרמים,500.00,100 גרם,false,,15.90,0.0318,true,1,6142
7290001216057,false,טחינה אל ארז 100% שו,,,טחינה אל ארז 100% שו,קילוגרמים,1.00,"ק""ג",false,,28.90,28.9000,true,1,6143
7290001216101,false,טחינה אל ארז 100% שו,,,טחינה אל ארז 100% שו,קילוגרמים,1.00,"ק""ג",false,,32.90,32.9000,true,1,20873
7290001216231,false,טחינה מלאה 100% שומש,,,טחינה מלאה 100% שומש,גרמים,500.00,100 גרם,false,,17.50,0.0350,true,1,6144
7290001231932,false,וינסטון קופסא בודדת,,,וינסטון קופסא בודדת,יחידה,0.00,יחידה,false,,32.00,0.0000,false,1,1623
7290001245798,false,נוזל כלים לימון 18%,,,נוזל כלים לימון 18%,ליטרים,1.60,ליטר,false,,10.90,6.8125,true,1,13538
7290001245828,false,נוזל כלים קלאסי 18%,,,נוזל כלים קלאסי 18%,ליטרים,1.60,ליטר,false,,10.90,6.8125,true,1,13539
7290001245835,false,נוזל רצפות אורנים 4,,,נוזל רצפות אורנים 4,ליטרים,4.00,ליטר,false,,13.90,3.4750,true,1,13540
7290001245842,false,נוזל רצפות מאסק 4 לי,,,נוזל רצפות מאסק 4 לי,ליטרים,4.00,ליטר,false,,13.90,3.4750,true,1,13541
7290001245897,false,נוזל רצפות יסמין 4 ל,,,נוזל רצפות יסמין 4 ל,ליטרים,4.00,ליטר,false,,13.90,3.4750,true,1,13542
7290001245972,false,מרכך כביסה טאצ' לבן,,,מרכך כביסה טאצ' לבן,ליטרים,4.00,ליטר,false,,13.90,3.4750,true,1,42155
7290001246061,false,מרכך פרימיום פנטזי 1,,,מרכך פרימיום פנטזי 1,ליטרים,1.00,ליטר,false,,12.90,12.9000,true,1,42156
7290001246092,false,תרסיס מסיר שומנים 75,,,תרסיס מסיר שומנים 75,מיליליטרים,750.00,"100 מ""ל",false,,12.90,0.0172,true,1,13545
7290001247082,false,ספרינג עגבניות קרטונ,,,ספרינג עגבניות קרטונ,ליטרים,1.00,ליטר,false,,6.40,6.4000,true,1,4283
7290001247129,false,ספרינג תפוז קרטונית,,,ספרינג תפוז קרטונית,ליטרים,1.00,ליטר,false,,6.70,6.7000,true,1,4287
7290001247143,false,ספרינג תפוח קרטונית,,,ספרינג תפוח קרטונית,ליטרים,1.00,ליטר,false,,6.70,6.7000,true,1,4288
7290001274934,false,פופסיקל בטעם לימון 8,,,פופסיקל בטעם לימון 8,גרמים,640.00,100 גרם,false,,23.90,0.0373,true,1,13228
7290001305188,false,פלמוליב לכלים פריחת,,,פלמוליב לכלים פריחת,מיליליטרים,750.00,"100 מ""ל",false,,9.90,0.0132,true,1,8043
7290001407134,false,פרוסות חלבה שוקו וני,,,פרוסות חלבה שוקו וני,גרמים,350.00,100 גרם,false,,13.90,0.0397,true,1,6785
7290001407547,false,בארכה טחינה שומשום מ,,,בארכה טחינה שומשום מ,גרמים,500.00,100 גרם,false,,12.90,0.0258,true,1,6787
7290001407769,false,בארכה טחינה עם שומשו,,,בארכה טחינה עם שומשו,גרמים,500.00,100 גרם,false,,12.90,0.0258,true,1,6788
7290001407813,false,חלבה שאמית וניל עם פ,,,חלבה שאמית וניל עם פ,גרמים,350.00,100 גרם,false,,13.90,0.0397,true,1,6789
7290001419618,false,וופל עלמה בלגי שוקו,,,וופל עלמה בלגי שוקו,גרמים,200.00,100 גרם,false,,2.90,0.0145,true,1,13988
7290001419779,false,וופל עלמה קלאסי 200,,,וופל עלמה קלאסי 200,גרמים,200.00,100 גרם,false,,2.90,0.0145,true,1,13989
7290001459928,false,גזר גמדי בלדי 800 גר,,,גזר גמדי בלדי 800 גר,גרמים,800.00,100 גרם,false,,11.90,0.0149,true,1,34155
7290001459935,false,אפונה בלדי 800 גרם,,,אפונה בלדי 800 גרם,גרמים,800.00,100 גרם,false,,11.90,0.0149,true,1,34116
7290001482094,false,וילי פוד פרמזן משולש,,,וילי פוד פרמזן משולש,גרמים,200.00,100 גרם,false,,22.90,0.1145,true,1,1257
7290001491096,false,תה ירוק בתוספת לימונ,,,תה ירוק בתוספת לימונ,גרמים,75.00,100 גרם,false,,39.90,0.5320,true,1,9455
7290001552025,false,קוסקוס 800גר,,,קוסקוס 800גר,גרמים,800.00,100 גרם,false,,14.90,0.0186,true,1,17160
7290001567760,false,פסטרמה של פעם 300 גר,,,פסטרמה של פעם 300 גר,גרמים,300.00,100 גרם,false,,24.90,0.0830,true,1,5694
7290001567791,false,פסטרמה רומנית 250 גר,,,פסטרמה רומנית 250 גר,גרמים,250.00,100 גרם,false,,24.90,0.0996,true,1,5695
7290001567814,false,סלמי מעושן בסגנון אי,,,סלמי מעושן בסגנון אי,גרמים,300.00,100 גרם,false,,19.90,0.0663,true,1,5696
7290001591734,false,נקניקיות מרגז בסגנון,,,נקניקיות מרגז בסגנון,גרמים,500.00,100 גרם,false,,22.90,0.0458,true,1,20852
7290001594032,false,קוקה קולה דיאט קלאסי,,,קוקה קולה דיאט קלאסי,מיליליטרים,350.00,"100 מ""ל",false,,7.50,0.0214,true,1,2599
7290001594155,false,קוקה קולה 500מל,,,קוקה קולה 500מל,מיליליטרים,500.00,"100 מ""ל",false,,6.00,0.0120,true,1,2605
7290001594858,false,טובורג רד בקבוק פקדו,,,טובורג רד בקבוק פקדו,ליטרים,1.98,ליטר,false,,29.90,15.1010,true,1,2616
7290001670057,false,.סכום ח.פ.כפיות 100י,,,.סכום ח.פ.כפיות 100י,יחידה,0.00,יחידה,false,,9.90,0.0000,true,1,2853
7290001670064,false,סכינים 100יח,,,סכינים 100יח,יחידה,0.00,יחידה,false,,9.90,0.0000,true,1,2854
7290001713150,false,אקונומיקה קצף ניקוי,,,אקונומיקה קצף ניקוי,ליטרים,1.00,ליטר,false,,9.90,9.9000,true,1,7487
7290001713167,false,קצף לניקוי כלים סניט,,,קצף לניקוי כלים סניט,ליטרים,1.00,ליטר,false,,9.90,9.9000,true,1,7488
7290001791349,false,אקונומיקה ריחנית פסג,,,אקונומיקה ריחנית פסג,ליטרים,4.00,ליטר,false,,9.90,2.4750,true,1,11087
7290001791776,false,סנו די רולאון עם אלו,,,סנו די רולאון עם אלו,מיליליטרים,50.00,"100 מ""ל",false,,19.90,0.3980,true,1,11090
7290001813478,false,חיוכים חגיגה וניל 90,,,חיוכים חגיגה וניל 90,גרמים,900.00,100 גרם,false,,19.90,0.0221,true,1,8518
7290001817728,false,ציטוס כאפה 55 גרם,,,ציטוס כאפה 55 גרם,גרמים,55.00,100 גרם,false,,3.10,0.0564,true,1,9298
7290001865453,false,סבון נוזלי לבנדר+ מש,,,סבון נוזלי לבנדר+ מש,יחידה,0.00,יחידה,false,,10.00,0.0000,true,1,2178
7290001990094,false,סוכר חום בצנצנת קלאס,,,סוכר חום בצנצנת קלאס,קילוגרמים,1.00,"ק""ג",false,,14.90,14.9000,true,1,6145
7290001990148,false,סוכר גולדן קלאסי בצנ,,,סוכר גולדן קלאסי בצנ,קילוגרמים,1.00,"ק""ג",false,,12.90,12.9000,true,1,6147
7290001990261,false,"סוגת חומוס 1 ק""ג",,,"סוגת חומוס 1 ק""ג",קילוגרמים,1.00,"ק""ג",false,,14.90,14.9000,true,1,6148
7290001990278,false,סוגת שעועית לבנה 1 ק,,,סוגת שעועית לבנה 1 ק,קילוגרמים,1.00,"ק""ג",false,,18.90,18.9000,true,1,6149
7290001990391,false,"אפונה 1 ק""ג",,,"אפונה 1 ק""ג",קילוגרמים,1.00,"ק""ג",false,,10.90,10.9000,true,1,6150
7290001990407,false,עדשים ירוקים 1 קג,,,עדשים ירוקים 1 קג,קילוגרמים,1.00,"ק""ג",false,,13.80,13.8000,true,1,6151
7290001990414,false,סוגת עדשים אדומים 1,,,סוגת עדשים אדומים 1,קילוגרמים,1.00,"ק""ג",false,,13.80,13.8000,true,1,6152
7290001990421,false,"סוגת פופקורן 1 ק""ג",,,"סוגת פופקורן 1 ק""ג",קילוגרמים,1.00,"ק""ג",false,,9.80,9.8000,true,1,6153
7290002000136,false,שעווה להסרת שיער למי,,,שעווה להסרת שיער למי,גרמים,500.00,100 גרם,false,,14.90,0.0298,true,1,2180
7290002000143,false,קרם ידיים קלאסיק פנג,,,קרם ידיים קלאסיק פנג,מיליליטרים,100.00,"100 מ""ל",false,,7.90,0.0790,true,1,2181
7290002002857,false,נייר להסרת שיער מגע,,,נייר להסרת שיער מגע,יחידה,0.00,יחידה,false,,17.90,0.0000,true,1,2185
7290002007241,false,סודה לשתיה 50 גרם,,,סודה לשתיה 50 גרם,גרמים,50.00,100 גרם,false,,1.50,0.0300,true,1,2866
7290002007357,false,שקיות לצליה דליקטס מ,,,שקיות לצליה דליקטס מ,יחידה,0.00,יחידה,false,,4.50,0.0000,true,1,2867
7290002007890,false,כוס שתיה קרה 100 יח,,,כוס שתיה קרה 100 יח,יחידה,0.00,יחידה,false,,8.90,0.0000,true,1,2875
7290002008040,false,שיפודים עץ 30סמ,,,שיפודים עץ 30סמ,יחידה,0.00,יחידה,false,,2.90,0.0000,true,1,2879
7290002008224,false,קישוט לעוגה גליד.,,,קישוט לעוגה גליד.,גרמים,60.00,100 גרם,false,,5.70,0.0950,true,1,2883
7290002008507,false,נייר אפיה 50יח,,,נייר אפיה 50יח,יחידה,0.00,יחידה,false,,7.90,0.0000,true,1,2888
7290002008743,false,סוכר וניל 10*10 גרם,,,סוכר וניל 10*10 גרם,גרמים,100.00,100 גרם,false,,1.90,0.0190,true,1,2889
7290002008750,false,אבקת אפיה 10*10 גרם,,,אבקת אפיה 10*10 גרם,גרמים,100.00,100 גרם,false,,1.90,0.0190,true,1,2890
7290002008989,false,קישקשים 225 יח,,,קישקשים 225 יח,יחידה,0.00,יחידה,false,,6.90,0.0000,true,1,2892
7290002043065,false,פריכוני אורז בציפוי,,,פריכוני אורז בציפוי,גרמים,70.00,100 גרם,false,,8.90,0.1271,true,1,61
7290002043218,false,אקסטרא צ'יפס מלח ואו,,,אקסטרא צ'יפס מלח ואו,גרמים,60.00,100 גרם,false,,6.90,0.1150,true,1,18712
7290002043225,false,צ'יפס פפריקה אקסטרה,,,צ'יפס פפריקה אקסטרה,גרמים,60.00,100 גרם,false,,6.90,0.1150,true,1,66
7290002043331,false,צ'יפס כוסמת אקסטרה 6,,,צ'יפס כוסמת אקסטרה 6,גרמים,60.00,100 גרם,false,,6.90,0.1150,true,1,18714
7290002043591,false,חטיף צ'יפס משפחתי בט,,,חטיף צ'יפס משפחתי בט,גרמים,120.00,100 גרם,false,,11.90,0.0992,true,1,18719
7290002043782,false,צ'יפס טקסס ברבקיו אק,,,צ'יפס טקסס ברבקיו אק,גרמים,60.00,100 גרם,false,,6.90,0.1150,true,1,71
7290002043829,false,פריכיות מלח היהמלאיה,,,פריכיות מלח היהמלאיה,גרמים,200.00,100 גרם,false,,15.90,0.0795,true,1,74
7290002053088,false,אטריות ביצים מס' 8 א,,,אטריות ביצים מס' 8 א,גרמים,210.00,100 גרם,false,,7.90,0.0376,true,1,1472
7290002053095,false,אטריות ביצים מס' 10,,,אטריות ביצים מס' 10,גרמים,200.00,100 גרם,false,,7.90,0.0395,true,1,1473
7290002057031,false,זיתים מבוקעים פיקנטי,,,זיתים מבוקעים פיקנטי,גרמים,560.00,100 גרם,false,,8.90,0.0159,true,1,17642
7290002057093,false,זית מנזלינו גדול מנז,,,זית מנזלינו גדול מנז,גרמים,540.00,100 גרם,false,,7.90,0.0146,true,1,17645
7290002057123,false,זיתים חרוזית ירוק קב,,,זיתים חרוזית ירוק קב,גרמים,275.00,100 גרם,false,,9.50,0.0345,true,1,17646
7290002057185,false,טבעות זיתים ירוקים ק,,,טבעות זיתים ירוקים ק,גרמים,540.00,100 גרם,false,,9.20,0.0170,true,1,17649
7290002057352,false,מלפפונים  במלח 7-9 ק,,,מלפפונים  במלח 7-9 ק,גרמים,560.00,100 גרם,false,,6.50,0.0116,true,1,17650
7290002057369,false,מלפפון במלח 10-12 קב,,,מלפפון במלח 10-12 קב,גרמים,560.00,100 גרם,false,,7.50,0.0134,true,1,17651
7290002057376,false,מלפפון במלח 13-17 קב,,,מלפפון במלח 13-17 קב,גרמים,560.00,100 גרם,false,,9.90,0.0177,true,1,17652
7290002057383,false,מלפפון 18-25במלח קבו,,,מלפפון 18-25במלח קבו,גרמים,560.00,100 גרם,false,,12.90,0.0230,true,1,17653
7290002057437,false,שיפקונית קבוצת יבנה,,,שיפקונית קבוצת יבנה,גרמים,560.00,100 גרם,false,,9.90,0.0177,true,1,27324
7290002057468,false,מלפפון בחומץ 10-12 ק,,,מלפפון בחומץ 10-12 ק,גרמים,560.00,100 גרם,false,,7.50,0.0134,true,1,17655
7290002057482,false,מלפפון בחומץ 18-25 ק,,,מלפפון בחומץ 18-25 ק,גרמים,560.00,100 גרם,false,,12.90,0.0230,true,1,17657
7290002057628,false,זיתים טבעות מושחר קב,,,זיתים טבעות מושחר קב,גרמים,275.00,100 גרם,false,,8.90,0.0324,true,1,17659
7290002065555,false,6 לחמניות רכות אנגל,,,6 לחמניות רכות אנגל,גרמים,450.00,100 גרם,false,,10.90,0.0242,true,1,13046
7290002065616,false,שיפון גרעינים אנגל 7,,,שיפון גרעינים אנגל 7,גרמים,750.00,100 גרם,false,,12.50,0.0167,true,1,13047
7290002105503,false,המבורגר טחון 500 גר,,,המבורגר טחון 500 גר,גרמים,500.00,100 גרם,false,,19.90,0.0398,true,1,15395
7290002105541,false,סטייק אנטריקוט 800 ג,,,סטייק אנטריקוט 800 ג,גרמים,800.00,100 גרם,false,,49.90,0.0624,true,1,15398
7290002107385,false,צוריאל גליל גבינת עי,,,צוריאל גליל גבינת עי,גרמים,180.00,100 גרם,false,,20.90,0.1161,true,1,2432
7290002107491,false,צוריאל גבינת עזים למ,,,צוריאל גבינת עזים למ,גרמים,250.00,100 גרם,false,,14.90,0.0596,true,1,2433
7290002107798,false,צוריאל בולגרית מעודנ,,,צוריאל בולגרית מעודנ,גרמים,250.00,100 גרם,false,,21.90,0.0876,true,1,2434
7290002107965,false,צוריאל טבורוג גבינה,,,צוריאל טבורוג גבינה,גרמים,500.00,100 גרם,false,,22.90,0.0458,true,1,2435
7290002111085,false,רוטב עגבניות 22% פרי,,,רוטב עגבניות 22% פרי,גרמים,100.00,100 גרם,false,,2.50,0.0250,true,1,3136
7290002111825,false,גרעיני תירס מתוק פרי,,,גרעיני תירס מתוק פרי,גרמים,335.00,100 גרם,false,,8.50,0.0254,true,1,3149
7290002129455,false,פיצה איטלקית   450 ג,,,פיצה איטלקית   450 ג,גרמים,450.00,100 גרם,false,,19.90,0.0442,true,1,5961
7290002129479,false,פיצה איטלקית דקה שלש,,,פיצה איטלקית דקה שלש,גרמים,320.00,100 גרם,false,,16.90,0.0528,true,1,33376
7290002130574,false,דבש טהור מפרחי בר בצ,,,דבש טהור מפרחי בר בצ,גרמים,500.00,100 גרם,false,,24.90,0.0498,true,1,8524
7290002157953,false,טונה בשמן קנולה וילי,,,טונה בשמן קנולה וילי,גרמים,560.00,100 גרם,false,,19.90,0.0355,true,1,5964
7290002190516,false,ממרח ריבת חלב קומידה,,,ממרח ריבת חלב קומידה,גרמים,500.00,100 גרם,false,,13.90,0.0278,true,1,9573
7290002195054,false,המבורגר בלדי 400ג,,,המבורגר בלדי 400ג,גרמים,400.00,100 גרם,false,,11.90,0.0298,true,1,12980
7290002195078,false,בלדי קבב כבש  400 גר,,,בלדי קבב כבש  400 גר,גרמים,400.00,100 גרם,false,,11.90,0.0298,true,1,12981
7290002253006,false,דורות שום כתוש טרי 2,,,דורות שום כתוש טרי 2,גרמים,200.00,100 גרם,false,,16.90,0.0845,true,1,7344
7290002253105,false,דורות מגשית קוביות ש,,,דורות מגשית קוביות ש,גרמים,80.00,100 גרם,false,,10.90,0.1363,true,1,7345
7290002253150,false,בזיליקום טרי קצוץ 70,,,בזיליקום טרי קצוץ 70,גרמים,70.00,100 גרם,false,,9.90,0.1414,true,1,7346
7290002253167,false,פטרוזליה טרייה קצוצה,,,פטרוזליה טרייה קצוצה,גרמים,70.00,100 גרם,false,,9.90,0.1414,true,1,7347
7290002253181,false,כוסברה טריה קצוצה 70,,,כוסברה טריה קצוצה 70,גרמים,70.00,100 גרם,false,,9.90,0.1414,true,1,7348
7290002253198,false,דורות ג'ינג'ר טרי כת,,,דורות ג'ינג'ר טרי כת,גרמים,70.00,100 גרם,false,,9.90,0.1414,true,1,7349
7290002253259,false,דורות רוטב עגבניות ב,,,דורות רוטב עגבניות ב,גרמים,160.00,100 גרם,false,,11.50,0.0719,true,1,21244
7290002255086,false,קובה ביתי במילוי בשר,,,קובה ביתי במילוי בשר,גרמים,700.00,100 גרם,false,,22.90,0.0327,true,1,17166
7290002255161,false,"קרפלך במילוי תפו""א ק",,,"קרפלך במילוי תפו""א ק",גרמים,800.00,100 גרם,false,,22.90,0.0286,true,1,45083
7290002255215,false,עלים לסיגר 500ג,,,עלים לסיגר 500ג,גרמים,500.00,100 גרם,false,,9.90,0.0198,true,1,17169
7290002255284,false,"קובה חמוסטה בד""צ חטי",,,"קובה חמוסטה בד""צ חטי",גרמים,800.00,100 גרם,false,,22.90,0.0286,true,1,17171
7290002263661,false,מיץ לימון 100% טבעי,,,מיץ לימון 100% טבעי,מיליליטרים,250.00,"100 מ""ל",false,,7.90,0.0316,true,1,81
7290002278528,false,כריות ניקוי כלים לשב,,,כריות ניקוי כלים לשב,יחידה,0.00,יחידה,false,,6.90,0.0000,true,1,18700
7290002291046,false,בלדי המבורגר מסעדות,,,בלדי המבורגר מסעדות,גרמים,480.00,100 גרם,false,,22.90,0.0477,true,1,12984
7290002317005,false,טבעות זיתים מושחרים,,,טבעות זיתים מושחרים,גרמים,560.00,100 גרם,false,,10.90,0.0195,true,1,15819
7290002317081,false,זיתים נטולי גלעין 20,,,זיתים נטולי גלעין 20,גרמים,670.00,100 גרם,false,,9.90,0.0148,true,1,15821
7290002317128,false,מלפפון במלח 10-12 מו,,,מלפפון במלח 10-12 מו,גרמים,560.00,100 גרם,false,,10.90,0.0195,true,1,15822
7290002317135,false,מלפפון במלח 13-17 מו,,,מלפפון במלח 13-17 מו,גרמים,560.00,100 גרם,false,,10.90,0.0195,true,1,15823
7290002317166,false,מלפפון בחומץ 10-12 מ,,,מלפפון בחומץ 10-12 מ,גרמים,560.00,100 גרם,false,,10.90,0.0195,true,1,15824
7290002317173,false,מלפפון בחומץ 13-17 מ,,,מלפפון בחומץ 13-17 מ,גרמים,560.00,100 גרם,false,,10.90,0.0195,true,1,15825
7290002317265,false,מלפפון במלח 20% 7-9,,,מלפפון במלח 20% 7-9,גרמים,670.00,100 גרם,false,,9.90,0.0148,true,1,15826
7290002317289,false,חצילים מוטולה 560 גר,,,חצילים מוטולה 560 גר,גרמים,560.00,100 גרם,false,,9.90,0.0177,true,1,15827
7290002317296,false,פלפל שיפקה + 20% מוט,,,פלפל שיפקה + 20% מוט,גרמים,550.00,100 גרם,false,,9.90,0.0180,true,1,15828
7290002317319,false,מלפפון בחומץ 7-9 20%,,,מלפפון בחומץ 7-9 20%,גרמים,670.00,100 גרם,false,,9.90,0.0148,true,1,15829
7290002317326,false,זיתים מנזלינו 20% 12,,,זיתים מנזלינו 20% 12,גרמים,670.00,100 גרם,false,,9.90,0.0148,true,1,15830
7290002317371,false,זיתים מושחרים נטולי,,,זיתים מושחרים נטולי,גרמים,560.00,100 גרם,false,,10.90,0.0195,true,1,15832
7290002317579,false,טבעות זיתים ירוקים מ,,,טבעות זיתים ירוקים מ,גרמים,560.00,100 גרם,false,,10.90,0.0195,true,1,15833
7290002317609,false,כרוב כבוש מוטולה 560,,,כרוב כבוש מוטולה 560,גרמים,560.00,100 גרם,false,,6.90,0.0123,true,1,15834
7290002317616,false,זיתים חתוכים מרינט 1,,,זיתים חתוכים מרינט 1,גרמים,560.00,100 גרם,false,,10.90,0.0195,true,1,15835
7290002319023,false,1/10 סוכר וניל,,,1/10 סוכר וניל,גרמים,100.00,100 גרם,false,,1.90,0.0190,true,1,5347
7290002319054,false,פרג טחון 100ג,,,פרג טחון 100ג,גרמים,100.00,100 גרם,false,,4.90,0.0490,true,1,5350
7290002319061,false,.קוקוס טחון 100 גר.,,,.קוקוס טחון 100 גר.,גרמים,100.00,100 גרם,false,,3.70,0.0370,true,1,5351
7290002319122,false,גריסים מיה 500 גרם,,,גריסים מיה 500 גרם,גרמים,500.00,100 גרם,false,,3.90,0.0078,true,1,5356
7290002319139,false,שעועית מיה 500 גרם,,,שעועית מיה 500 גרם,גרמים,500.00,100 גרם,false,,7.90,0.0158,true,1,5357
7290002319146,false,שעועית אדומה מיה 500,,,שעועית אדומה מיה 500,גרמים,500.00,100 גרם,false,,7.90,0.0158,true,1,5358
7290002319207,false,כוסמת מיה 500 גרם,,,כוסמת מיה 500 גרם,גרמים,500.00,100 גרם,false,,5.90,0.0118,true,1,5363
7290002327042,false,"בורקס תפו""א 800 ג",,,"בורקס תפו""א 800 ג",גרמים,800.00,100 גרם,false,,15.90,0.0199,true,1,5969
7290002327059,false,בצק עלים 1 ק`ג,,,בצק עלים 1 ק`ג,קילוגרמים,1.00,"ק""ג",false,,16.90,16.9000,true,1,5970
7290002327073,false,בורקס גבינה 800 גרם,,,בורקס גבינה 800 גרם,גרמים,800.00,100 גרם,false,,16.90,0.0211,true,1,5972
7290002331155,false,נביעות מים מינרלים ב,,,נביעות מים מינרלים ב,מיליליטרים,500.00,"100 מ""ל",false,,6.40,0.0128,true,1,2623
7290002331360,false,נביעות TO GO שישייה,,,נביעות TO GO שישייה,ליטרים,3.00,ליטר,false,,14.90,4.9667,true,1,2624
7290002331421,false,נביעות 6*755מל,,,נביעות 6*755מל,ליטרים,4.53,ליטר,false,,16.90,3.7307,true,1,2625
7290002331483,false,נביעות בייבי 320*6 מ,,,נביעות בייבי 320*6 מ,ליטרים,1.92,ליטר,false,,13.90,7.2396,true,1,2626
7290002344032,false,סחבות מיקרופייבר  מא,,,סחבות מיקרופייבר  מא,יחידה,0.00,יחידה,false,,12.90,0.0000,true,1,28974
7290002344056,false,מטליות מיקרופייבר  מ,,,מטליות מיקרופייבר  מ,יחידה,0.00,יחידה,false,,12.90,0.0000,true,1,28975
7290002345015,false,סינטה דקדק 250 גרם,,,סינטה דקדק 250 גרם,גרמים,250.00,100 גרם,false,,16.90,0.0676,true,1,5976
7290002353836,false,סרדינים רוברט בשמן ז,,,סרדינים רוברט בשמן ז,גרמים,120.00,100 גרם,false,,8.90,0.0742,true,1,26392
7290002360285,false,פומפדור חליטת קמומיל,,,פומפדור חליטת קמומיל,גרמים,30.00,100 גרם,false,,10.90,0.3633,true,1,8045
7290002371533,false,טירת צבי סלסולי פסטר,,,טירת צבי סלסולי פסטר,גרמים,120.00,100 גרם,false,,12.90,0.1075,true,1,9737
7290002371540,false,טירת צבי קורנדביף דק,,,טירת צבי קורנדביף דק,גרמים,120.00,100 גרם,false,,12.90,0.1075,true,1,9738
7290002374268,false,שמן חמניות מילומור 1,,,שמן חמניות מילומור 1,ליטרים,1.00,ליטר,false,,9.90,9.9000,true,1,20874
7290002374312,false,שמן קנולה מילומור 1,,,שמן קנולה מילומור 1,ליטרים,1.00,ליטר,false,,10.90,10.9000,true,1,6154
7290002374640,false,שמן קנולה פלוס אומגה,,,שמן קנולה פלוס אומגה,ליטרים,1.00,ליטר,false,,16.50,16.5000,true,1,6155
7290002407348,false,שמן זית כתית מעולה ג,,,שמן זית כתית מעולה ג,מיליליטרים,750.00,"100 מ""ל",false,,29.90,0.0399,true,1,26205
7290002512004,false,צנעני מלווח 900 גרם,,,צנעני מלווח 900 גרם,גרמים,900.00,100 גרם,false,,19.90,0.0221,true,1,17176
7290002512035,false,בצק עלים 1קג צנעני,,,בצק עלים 1קג צנעני,קילוגרמים,1.00,"ק""ג",false,,17.90,17.9000,true,1,17178
7290002512257,false,מלווח מופחת שומן 700,,,מלווח מופחת שומן 700,גרמים,700.00,100 גרם,false,,17.90,0.0256,true,1,45086
7290002512264,false,ג'חנון מופחת שומן 70,,,ג'חנון מופחת שומן 70,גרמים,700.00,100 גרם,false,,17.90,0.0256,true,1,17179
7290002517733,false,תבלין קצח טעם וריח 4,,,תבלין קצח טעם וריח 4,גרמים,40.00,100 גרם,false,,6.90,0.1725,true,1,25453
7290002543237,false,קורנפלקס קלוגס 750 ג,,,קורנפלקס קלוגס 750 ג,גרמים,750.00,100 גרם,false,,14.50,0.0193,true,1,2028
7290002603498,false,פיצת השף מאיטליה CHE,,,פיצת השף מאיטליה CHE,גרמים,220.00,100 גרם,false,,16.90,0.0768,true,1,5996
7290002657408,false,טונה בשמן פוסידון 96,,,טונה בשמן פוסידון 96,גרמים,700.00,100 גרם,false,,27.90,0.0399,true,1,6000
7290002692478,false,שמן זית כתית מעולה מ,,,שמן זית כתית מעולה מ,מיליליטרים,750.00,"100 מ""ל",false,,30.90,0.0412,true,1,6157
7290002692775,false,תרסיס שמן קנולה בטעם,,,תרסיס שמן קנולה בטעם,מיליליטרים,200.00,"100 מ""ל",false,,15.50,0.0775,true,1,6159
7290002703068,false,צנצנת דבש עין חרוד 1,,,צנצנת דבש עין חרוד 1,קילוגרמים,1.00,"ק""ג",false,,41.90,41.9000,true,1,15501
7290002703358,false,צנצנת דבש עין חרוד 3,,,צנצנת דבש עין חרוד 3,גרמים,350.00,100 גרם,false,,16.90,0.0483,true,1,15503
7290002703402,false,דבש עין חרוד 400 גרם,,,דבש עין חרוד 400 גרם,גרמים,400.00,100 גרם,false,,19.90,0.0497,true,1,15504
7290002703426,false,דבש לחיץ מכוורת 250,,,דבש לחיץ מכוורת 250,גרמים,250.00,100 גרם,false,,12.90,0.0516,true,1,15505
7290002730262,false,פלמוליב לכלים קלאסי,,,פלמוליב לכלים קלאסי,מיליליטרים,750.00,"100 מ""ל",false,,9.90,0.0132,true,1,8046
7290002730811,false,משחת שיניים גל משפחת,,,משחת שיניים גל משפחת,מיליליטרים,100.00,"100 מ""ל",false,,11.90,0.1190,true,1,8051
7290002735014,false,ינון מלווח ארוז 800,,,ינון מלווח ארוז 800,גרמים,800.00,100 גרם,false,,13.90,0.0174,true,1,17183
7290002735021,false,ינון גחנון ארוז 750,,,ינון גחנון ארוז 750,גרמים,750.00,100 גרם,false,,13.90,0.0185,true,1,17184
7290002735113,false,בורקס גבינה ינון 800,,,בורקס גבינה ינון 800,גרמים,800.00,100 גרם,false,,15.90,0.0199,true,1,17185
7290002735120,false,"בורקס תפו""א ינון 800",,,"בורקס תפו""א ינון 800",גרמים,800.00,100 גרם,false,,13.90,0.0174,true,1,17186
7290002750338,false,לחם עגבניות מיובשות,,,לחם עגבניות מיובשות,גרמים,530.00,100 גרם,false,,16.90,0.0319,true,1,1106
7290002752332,false,מנטוס .סוכריות פירות,,,מנטוס .סוכריות פירות,גרמים,37.50,100 גרם,false,,2.90,0.0773,true,1,4609
7290002752349,false,מנטוס סוכריות מנטה 3,,,מנטוס סוכריות מנטה 3,גרמים,37.50,100 גרם,false,,2.90,0.0773,true,1,4610
7290002752493,false,טיק טק 1/4,,,טיק טק 1/4,גרמים,64.00,100 גרם,false,,9.90,0.1547,true,1,14081
7290002757139,false,שלושת האופים מלוואח,,,שלושת האופים מלוואח,גרמים,700.00,100 גרם,false,,12.90,0.0184,true,1,6005
7290002757511,false,דלידג קציצות דג לביש,,,דלידג קציצות דג לביש,גרמים,750.00,100 גרם,false,,24.90,0.0332,true,1,6006
7290002757535,false,בורקס פילו אצבעות גב,,,בורקס פילו אצבעות גב,גרמים,700.00,100 גרם,false,,16.90,0.0241,true,1,6007
7290002757665,false,קבב מזרחי 400 גרם,,,קבב מזרחי 400 גרם,גרמים,400.00,100 גרם,false,,9.90,0.0248,true,1,6009
7290002757672,false,המבורגר 400גרם נטו,,,המבורגר 400גרם נטו,גרמים,400.00,100 גרם,false,,9.90,0.0248,true,1,6010
7290002768074,false,סבון נוזלי דרמופון 1,,,סבון נוזלי דרמופון 1,יחידה,0.00,יחידה,false,,17.90,0.0000,true,1,11093
7290002768159,false,קצף אמבט בת אורן 500,,,קצף אמבט בת אורן 500,מיליליטרים,500.00,"100 מ""ל",false,,17.90,0.0358,true,1,11094
7290002782735,false,דאו' לגבר פנינה רוזנ,,,דאו' לגבר פנינה רוזנ,מיליליטרים,150.00,"100 מ""ל",false,,14.90,0.0993,true,1,6481
7290002782759,false,קרם גוף מס' 2 פנינה,,,קרם גוף מס' 2 פנינה,מיליליטרים,400.00,"100 מ""ל",false,,23.90,0.0597,true,1,6483
7290002787891,false,שלושת האופים מקלות ב,,,שלושת האופים מקלות ב,גרמים,600.00,100 גרם,false,,19.90,0.0332,true,1,6016
7290002793311,false,מילוי למכשיר 50,,,מילוי למכשיר 50,יחידה,0.00,יחידה,false,,56.90,0.0000,true,1,6287
7290002805151,false,סיף פנטסטיק לרצפות ב,,,סיף פנטסטיק לרצפות ב,ליטרים,4.00,ליטר,false,,19.90,4.9750,true,1,3805
7290002814160,false,מסיר שומנים קר סנט מ,,,מסיר שומנים קר סנט מ,יחידה,0.00,יחידה,false,,18.90,0.0000,true,1,7495
7290002814290,false,קצף מרוכז 1 ליטר בלנ,,,קצף מרוכז 1 ליטר בלנ,ליטרים,1.00,ליטר,false,,15.90,15.9000,true,1,7497
7290002814603,false,מסיר שומנים קר מבושם,,,מסיר שומנים קר מבושם,מיליליטרים,750.00,"100 מ""ל",false,,9.90,0.0132,true,1,7502
7290002824183,false,גבינה לבנה 5% סקי 50,,,גבינה לבנה 5% סקי 50,גרמים,500.00,100 גרם,false,,9.30,0.0186,true,1,9009
7290002824466,false,דנונה יוגורט ביו 0%,,,דנונה יוגורט ביו 0%,מיליליטרים,200.00,"100 מ""ל",false,,3.50,0.0175,true,1,9010
7290002824640,false,גבינה 5% סקי 250 גרם,,,גבינה 5% סקי 250 גרם,גרמים,250.00,100 גרם,false,,4.98,0.0199,true,1,9011
7290002825722,false,אחלה כרוב אדום 500ג,,,אחלה כרוב אדום 500ג,גרמים,500.00,100 גרם,false,,13.90,0.0278,true,1,9012
7290002827306,false,עוף ירושלים נקניקיות,,,עוף ירושלים נקניקיות,גרמים,400.00,100 גרם,false,,7.90,0.0198,true,1,15412
7290002827337,false,עוף ירושלים נקניקיות,,,עוף ירושלים נקניקיות,גרמים,400.00,100 גרם,false,,7.90,0.0198,true,1,15414
7290002830948,false,מון בלאן גבינת עיזים,,,מון בלאן גבינת עיזים,גרמים,120.00,100 גרם,false,,8.90,0.0742,true,1,6018
7290002868996,false,טרה קוטג מועשר 5% 25,,,טרה קוטג מועשר 5% 25,גרמים,250.00,100 גרם,false,,5.30,0.0212,true,1,2436
7290002871248,false,בירה טובורג רד בקבוק,,,בירה טובורג רד בקבוק,מיליליטרים,500.00,"100 מ""ל",false,,8.80,0.0176,true,1,2632
7290002871361,false,קרלסברג בירה בק.חוזר,,,קרלסברג בירה בק.חוזר,מיליליטרים,500.00,"100 מ""ל",false,,7.90,0.0158,true,1,2634
7290002881018,false,סן מורנו מעדן תות שד,,,סן מורנו מעדן תות שד,גרמים,284.00,100 גרם,false,,9.90,0.0349,true,1,9574
7290002881032,false,סן מורנו מעדן אוכמני,,,סן מורנו מעדן אוכמני,גרמים,284.00,100 גרם,false,,9.90,0.0349,true,1,33868
7290002881230,false,אננס חתוך תומר 850 ג,,,אננס חתוך תומר 850 ג,גרמים,850.00,100 גרם,false,,7.50,0.0088,true,1,9579
7290002881247,false,אננס שלם פרוסות תומר,,,אננס שלם פרוסות תומר,גרמים,850.00,100 גרם,false,,7.50,0.0088,true,1,9580
7290002881254,false,קוקטייל טרופי תומר 8,,,קוקטייל טרופי תומר 8,גרמים,850.00,100 גרם,false,,6.90,0.0081,true,1,9581
7290002881261,false,ליצי שלם תומר 565 גר,,,ליצי שלם תומר 565 גר,גרמים,565.00,100 גרם,false,,8.90,0.0158,true,1,9582
7290002881278,false,אפרסק חצאים תומר 820,,,אפרסק חצאים תומר 820,גרמים,820.00,100 גרם,false,,9.90,0.0121,true,1,9583
7290002881506,false,חמאת בוטנים 510 גרם,,,חמאת בוטנים 510 גרם,גרמים,510.00,100 גרם,false,,12.90,0.0253,true,1,9588
7290002881513,false,חמאת בוטנים עם שברי,,,חמאת בוטנים עם שברי,גרמים,510.00,100 גרם,false,,12.90,0.0253,true,1,9589
7290002881612,false,לפתן דובדבנים חמוצים,,,לפתן דובדבנים חמוצים,גרמים,700.00,100 גרם,false,,8.90,0.0127,true,1,9592
7290002881957,false,סרדין מרוקאי חריף תו,,,סרדין מרוקאי חריף תו,גרמים,125.00,100 גרם,false,,4.90,0.0392,true,1,9599
7290002904694,false,דאודורנט ספריי קלאסי,,,דאודורנט ספריי קלאסי,מיליליטרים,180.00,"100 מ""ל",false,,14.90,0.0828,true,1,11095
7290002909880,false,פולי סויה אדממה בלדי,,,פולי סויה אדממה בלדי,גרמים,400.00,100 גרם,false,,6.90,0.0173,true,1,12989
7290002909989,false,שעועית ירוקה חתוכה ב,,,שעועית ירוקה חתוכה ב,גרמים,800.00,100 גרם,false,,11.90,0.0149,true,1,34221
7290002922117,false,מארז עוגיות אקלר 250,,,מארז עוגיות אקלר 250,100 יח',250.00,100 יח',false,,19.90,0.0796,true,1,28813
7290002929642,false,טונה בשמן ויליגר רבי,,,טונה בשמן ויליגר רבי,גרמים,560.00,100 גרם,false,,19.90,0.0355,true,1,6020
7290002971955,false,קמח לבן 650 ללא צורך,,,קמח לבן 650 ללא צורך,קילוגרמים,1.00,"ק""ג",false,,7.90,7.9000,true,1,3354
7290002971962,false,קמח מלא 100% ללא צור,,,קמח מלא 100% ללא צור,קילוגרמים,1.00,"ק""ג",false,,7.90,7.9000,true,1,3355
7290002971986,false,קמח שיפון ללא צורך ב,,,קמח שיפון ללא צורך ב,קילוגרמים,1.00,"ק""ג",false,,7.90,7.9000,true,1,3356
7290002971993,false,קמח כוסמין מלא ללא צ,,,קמח כוסמין מלא ללא צ,קילוגרמים,1.00,"ק""ג",false,,12.90,12.9000,true,1,3357
7290002972365,false,קמח תופח ללא צורך בנ,,,קמח תופח ללא צורך בנ,קילוגרמים,1.00,"ק""ג",false,,7.90,7.9000,true,1,3359
7290002973669,false,קמח לחם ללא צורך בני,,,קמח לחם ללא צורך בני,קילוגרמים,1.00,"ק""ג",false,,7.90,7.9000,true,1,3362
7290002973676,false,קמח לחלה ללא צורך בנ,,,קמח לחלה ללא צורך בנ,קילוגרמים,1.00,"ק""ג",false,,7.90,7.9000,true,1,3363
7290002973812,false,קמח כוסמין 80% ללא צ,,,קמח כוסמין 80% ללא צ,קילוגרמים,1.00,"ק""ג",false,,13.90,13.9000,true,1,3364
7290002973829,false,קמח כוסמין לבן ללא צ,,,קמח כוסמין לבן ללא צ,קילוגרמים,1.00,"ק""ג",false,,13.90,13.9000,true,1,3365
7290002987963,false,אחלה חומוס 1קג,,,אחלה חומוס 1קג,קילוגרמים,1.00,"ק""ג",false,,13.90,13.9000,true,1,9013
7290003009312,false,בוטן קלוי 200 גרם,,,בוטן קלוי 200 גרם,גרמים,200.00,100 גרם,false,,6.90,0.0345,true,1,4612
7290003009329,false,בוטן אמריקאי מצופה 2,,,בוטן אמריקאי מצופה 2,גרמים,200.00,100 גרם,false,,5.90,0.0295,true,1,4613
7290003009336,false,קבוקים מצופים 200 גר,,,קבוקים מצופים 200 גר,גרמים,200.00,100 גרם,false,,5.90,0.0295,true,1,4614
7290003026227,false,קמיל בלו סנסיטיב שמפ,,,קמיל בלו סנסיטיב שמפ,יחידה,0.00,יחידה,false,,32.90,0.0000,true,1,10805
7290003029181,false,יטבתה שוקו בקבוק 1ל,,,יטבתה שוקו בקבוק 1ל,ליטרים,1.00,ליטר,false,,11.90,11.9000,true,1,9015
7290003029372,false,יטבתה משקה חלב בננה,,,יטבתה משקה חלב בננה,ליטרים,1.00,ליטר,false,,11.90,11.9000,true,1,9016
7290003029433,false,יטבתה שוקו +פקק 250,,,יטבתה שוקו +פקק 250,מיליליטרים,250.00,"100 מ""ל",false,,5.50,0.0220,true,1,9018
7290003029532,false,יטבתה מוקה 1ל,,,יטבתה מוקה 1ל,ליטרים,1.00,ליטר,false,,11.90,11.9000,true,1,9019
7290003029792,false,יטבתה מהדרין שוקו שק,,,יטבתה מהדרין שוקו שק,ליטרים,1.80,ליטר,false,,18.90,10.5000,true,1,9020
7290003029815,false,חלב מועשר בכד2 ליטר,,,חלב מועשר בכד2 ליטר,ליטרים,2.00,ליטר,false,,14.90,7.4500,true,1,9021
7290003047642,false,תה ליפטון יילו לייבל,,,תה ליפטון יילו לייבל,גרמים,150.00,100 גרם,false,,9.90,0.0660,true,1,3806
7290003054190,false,לחם שיפון 3 דגנים מס,,,לחם שיפון 3 דגנים מס,גרמים,500.00,100 גרם,false,,13.90,0.0278,true,1,2032
7290003054657,false,חרדל דיג'ון אקסטרא פ,,,חרדל דיג'ון אקסטרא פ,גרמים,370.00,100 גרם,false,,9.90,0.0268,true,1,2034
7290003072859,false,רוסטביף טירת צבי 120,,,רוסטביף טירת צבי 120,גרמים,120.00,100 גרם,false,,23.90,0.1992,true,1,9756
7290003107216,false,"קמח לבן דגן 1 ק""ג",,,"קמח לבן דגן 1 ק""ג",קילוגרמים,1.00,"ק""ג",false,,5.90,5.9000,true,1,3368
7290003107223,false,"סולת חיטה דגן 1 ק""ג",,,"סולת חיטה דגן 1 ק""ג",קילוגרמים,1.00,"ק""ג",false,,6.00,6.0000,true,1,3369
7290003107315,false,"סולת  דגן 1 ק""ג",,,"סולת  דגן 1 ק""ג",קילוגרמים,1.00,"ק""ג",false,,4.50,4.5000,true,1,3372
7290003107346,false,קמח חיטה לבן דגן 1 ק,,,קמח חיטה לבן דגן 1 ק,קילוגרמים,1.00,"ק""ג",false,,4.50,4.5000,true,1,3373
7290003126712,false,צוריאל יוגורט עיזים,,,צוריאל יוגורט עיזים,מיליליטרים,150.00,"100 מ""ל",false,,5.80,0.0387,true,1,2438
7290003126958,false,צוריאל גבינה גוש טופ,,,צוריאל גבינה גוש טופ,גרמים,300.00,100 גרם,false,,11.90,0.0397,true,1,2439
7290003142422,false,גרעיני חמניה ללא מלח,,,גרעיני חמניה ללא מלח,גרמים,180.00,100 גרם,false,,5.90,0.0328,true,1,4618
7290003143146,false,ממרח תמרים 450 גרם,,,ממרח תמרים 450 גרם,גרמים,450.00,100 גרם,false,,4.90,0.0109,true,1,4621
7290003143276,false,יוגטה מרשמלו מגולגל,,,יוגטה מרשמלו מגולגל,גרמים,180.00,100 גרם,false,,6.90,0.0383,true,1,4622
7290003144419,false,סילאן טבעי קלית גת 7,,,סילאן טבעי קלית גת 7,גרמים,710.00,100 גרם,false,,17.90,0.0252,true,1,4625
7290003189076,false,פיצרלה חלבון  צמחי,,,פיצרלה חלבון  צמחי,גרמים,500.00,100 גרם,false,,18.90,0.0378,true,1,18681
7290003220403,false,מעדני המלך קרקר עם מ,,,מעדני המלך קרקר עם מ,גרמים,110.00,100 גרם,false,,2.90,0.0264,true,1,13996
7290003220410,false,מעדני המלך קרקר שומש,,,מעדני המלך קרקר שומש,גרמים,110.00,100 גרם,false,,2.90,0.0264,true,1,42701
7290003220533,false,רוטב צ'ילי מתוק 700,,,רוטב צ'ילי מתוק 700,מיליליטרים,700.00,"100 מ""ל",false,,10.90,0.0156,true,1,14000
7290003220595,false,אורז לסושי 1 ק'ג WOK,,,אורז לסושי 1 ק'ג WOK,קילוגרמים,1.00,"ק""ג",false,,10.90,10.9000,true,1,14002
7290003220649,false,שמן שומשום 100% טהור,,,שמן שומשום 100% טהור,מיליליטרים,150.00,"100 מ""ל",false,,13.90,0.0927,true,1,14005
7290003220755,false,ווק רוטב סויה כהה 64,,,ווק רוטב סויה כהה 64,מיליליטרים,640.00,"100 מ""ל",false,,15.90,0.0248,true,1,14009
7290003220977,false,מעדני מלך ירח חצי מצ,,,מעדני מלך ירח חצי מצ,גרמים,175.00,100 גרם,false,,5.90,0.0337,true,1,25359
7290003222070,false,פיתות מכבים 10+3,,,פיתות מכבים 10+3,קילוגרמים,1.36,"ק""ג",false,,10.90,8.0147,true,1,6470
7290003222568,false,5 פיתות המכבים,,,5 פיתות המכבים,גרמים,500.00,100 גרם,false,,3.90,0.0078,true,1,6475
7290003229109,false,א.מ .פסטרמה בפפריקה,,,א.מ .פסטרמה בפפריקה,גרמים,400.00,100 גרם,false,,25.90,0.0647,true,1,9758
7290003229123,false,א.מ. פסטרמה על גחלים,,,א.מ. פסטרמה על גחלים,גרמים,400.00,100 גרם,false,,25.90,0.0647,true,1,9760
7290003229147,false,סלמי בסגנון איטלקי 3,,,סלמי בסגנון איטלקי 3,גרמים,300.00,100 גרם,false,,25.90,0.0863,true,1,9761
7290003229154,false,א.מ. סלמי קוניאק מוב,,,א.מ. סלמי קוניאק מוב,גרמים,300.00,100 גרם,false,,25.90,0.0863,true,1,9762
7290003229192,false,א.מ. כתף בקר מעושן 4,,,א.מ. כתף בקר מעושן 4,גרמים,400.00,100 גרם,false,,25.90,0.0647,true,1,9763
7290003229215,false,פסטרמה איטלקית 360 ג,,,פסטרמה איטלקית 360 ג,גרמים,360.00,100 גרם,false,,25.90,0.0719,true,1,9765
7290003251308,false,"אציטון משובח  100 מ""",,,"אציטון משובח  100 מ""",מיליליטרים,100.00,"100 מ""ל",false,,3.90,0.0390,true,1,32728
7290003258284,false,קרם גוף מס' 3 פנינה,,,קרם גוף מס' 3 פנינה,מיליליטרים,350.00,"100 מ""ל",false,,28.90,0.0826,true,1,6484
7290003268252,false,לחם חיטה מלא ללא גרע,,,לחם חיטה מלא ללא גרע,גרמים,750.00,100 גרם,false,,12.90,0.0172,true,1,1850
7290003287253,false,מרגז קצביה ארוז 600,,,מרגז קצביה ארוז 600,גרמים,600.00,100 גרם,false,,27.90,0.0465,true,1,12992
7290003287284,false,קבב ביתי קצביה ארוז,,,קבב ביתי קצביה ארוז,גרמים,600.00,100 גרם,false,,27.90,0.0465,true,1,12994
7290003321155,false,דנונה קראנצ' ששבי פק,,,דנונה קראנצ' ששבי פק,מיליליטרים,183.00,"100 מ""ל",false,,4.30,0.0235,true,1,9023
7290003411238,false,ברוגמן שמרים יבשים נ,,,ברוגמן שמרים יבשים נ,גרמים,500.00,100 גרם,false,,14.90,0.0298,true,1,2899
7290003411566,false,צמרוני אוזניים עץ 20,,,צמרוני אוזניים עץ 20,יחידה,0.00,יחידה,false,,2.90,0.0000,true,1,2902
7290003423909,false,קוקיז אנד קרים 43 גר,,,קוקיז אנד קרים 43 גר,גרמים,43.00,100 גרם,false,,4.90,0.1140,true,1,4492
7290003427154,false,שמן זית כתית מעולה ז,,,שמן זית כתית מעולה ז,מיליליטרים,750.00,"100 מ""ל",false,,32.90,0.0439,true,1,9457
7290003438006,false,אוליביה ממרח פסטו אי,,,אוליביה ממרח פסטו אי,גרמים,180.00,100 גרם,false,,12.90,0.0717,true,1,9459
7290003438013,false,אוליביה ממרח זיתים א,,,אוליביה ממרח זיתים א,גרמים,190.00,100 גרם,false,,12.90,0.0679,true,1,9460
7290003444009,false,ריזס שוקולד חלב במיל,,,ריזס שוקולד חלב במיל,גרמים,42.00,100 גרם,false,,3.90,0.0929,true,1,4493
7290003450602,false,חרדל אמיתי צהוב בקבו,,,חרדל אמיתי צהוב בקבו,גרמים,255.00,100 גרם,false,,7.90,0.0310,true,1,2035
7290003457991,false,מאגדת קורנטו  קלאסיק,,,מאגדת קורנטו  קלאסיק,גרמים,300.00,100 גרם,false,,24.90,0.0830,true,1,1738
7290003514007,false,שקדי מרק מנה 400 גרם,,,שקדי מרק מנה 400 גרם,גרמים,400.00,100 גרם,false,,8.80,0.0220,true,1,8069
7290003521074,false,סרקל מרכך שיער לילדי,,,סרקל מרכך שיער לילדי,יחידה,0.00,יחידה,false,,23.90,0.0000,true,1,10807
7290003521081,false,סרקל שמפו לילדים 1 ל,,,סרקל שמפו לילדים 1 ל,ליטרים,1.00,ליטר,false,,23.90,23.9000,true,1,10808
7290003525904,false,סלט טונה פיקנטי וילי,,,סלט טונה פיקנטי וילי,גרמים,480.00,100 גרם,false,,14.90,0.0310,true,1,6034
7290003550753,false,טונה בהירה בשמן פוסי,,,טונה בהירה בשמן פוסי,גרמים,308.00,100 גרם,false,,19.90,0.0646,true,1,6036
7290003570164,false,מינוט שוארמה פרגית 3,,,מינוט שוארמה פרגית 3,גרמים,300.00,100 גרם,false,,26.90,0.0897,true,1,13002
7290003570928,false,קבב  בלדי קצביה ארוז,,,קבב  בלדי קצביה ארוז,גרמים,500.00,100 גרם,false,,27.90,0.0558,true,1,13006
7290003578108,false,אננס חתוך ויליפוד 85,,,אננס חתוך ויליפוד 85,גרמים,490.00,100 גרם,false,,8.90,0.0182,true,1,1264
7290003578313,false,דובדבנים חמוצים ללא,,,דובדבנים חמוצים ללא,גרמים,350.00,100 גרם,false,,9.90,0.0283,true,1,1266
7290003598311,false,מינוט סטייק 300 גר'/,,,מינוט סטייק 300 גר'/,גרמים,300.00,100 גרם,false,,26.90,0.0897,true,1,13009
7290003643004,false,"סוגת אורז בסמטי 1 ק""",,,"סוגת אורז בסמטי 1 ק""",קילוגרמים,1.00,"ק""ג",false,,12.90,12.9000,true,1,6161
7290003643165,false,קונפלור 500 גרם,,,קונפלור 500 גרם,גרמים,500.00,100 גרם,false,,4.90,0.0098,true,1,6165
7290003643325,false,קוסקוס בינוני סוגת 3,,,קוסקוס בינוני סוגת 3,גרמים,350.00,100 גרם,false,,4.90,0.0140,true,1,6167
7290003643387,false,סוכר לבן בצנצנת סוגת,,,סוכר לבן בצנצנת סוגת,קילוגרמים,1.00,"ק""ג",false,,7.90,7.9000,true,1,6169
7290003643646,false,סוכר דמררה בצנצנת חו,,,סוכר דמררה בצנצנת חו,קילוגרמים,1.00,"ק""ג",false,,12.90,12.9000,true,1,6170
7290003643684,false,אפונה יבשה 500 גרם,,,אפונה יבשה 500 גרם,גרמים,500.00,100 גרם,false,,5.90,0.0118,true,1,6171
7290003643707,false,סוגת גריסים 500גר,,,סוגת גריסים 500גר,גרמים,500.00,100 גרם,false,,4.90,0.0098,true,1,6172
7290003643714,false,חומוס 500 גרם,,,חומוס 500 גרם,גרמים,500.00,100 גרם,false,,7.90,0.0158,true,1,6173
7290003643738,false,סוגת חיטה 500 גר,,,סוגת חיטה 500 גר,גרמים,500.00,100 גרם,false,,4.90,0.0098,true,1,6174
7290003643752,false,עדשים ירוקות 500 גרם,,,עדשים ירוקות 500 גרם,גרמים,500.00,100 גרם,false,,6.90,0.0138,true,1,6176
7290003643769,false,עדשים אדומות 500 גרם,,,עדשים אדומות 500 גרם,גרמים,500.00,100 גרם,false,,6.90,0.0138,true,1,6177
7290003643776,false,סוגת פופקורן 500 גרם,,,סוגת פופקורן 500 גרם,גרמים,500.00,100 גרם,false,,5.50,0.0110,true,1,6178
7290003643806,false,שעועית לבנה 500 גרם,,,שעועית לבנה 500 גרם,גרמים,500.00,100 גרם,false,,11.90,0.0238,true,1,6180
7290003643813,false,שעועית אדומה 500 גרם,,,שעועית אדומה 500 גרם,גרמים,500.00,100 גרם,false,,10.90,0.0218,true,1,6181
7290003681716,false,גריסי פנינה 500 גרם,,,גריסי פנינה 500 גרם,גרמים,500.00,100 גרם,false,,4.50,0.0090,true,1,5421
7290003706167,false,בצל ירוק ארוז,,,בצל ירוק ארוז,יח',1.00,יח',false,,5.90,5.9000,true,1,13108
7290003726615,false,טופו ויילר 300 גרם.,,,טופו ויילר 300 גרם.,גרמים,300.00,100 גרם,false,,10.90,0.0363,true,1,9025
7290003781850,false,גבינת קשקבל פרוסות 2,,,גבינת קשקבל פרוסות 2,גרמים,200.00,100 גרם,false,,19.90,0.0995,true,1,18951
7290003804368,false,תיבולית בזיליקום קנו,,,תיבולית בזיליקום קנו,גרמים,72.00,100 גרם,false,,7.90,0.1097,true,1,3811
7290003805501,false,פתית שוודי חסכוני בד,,,פתית שוודי חסכוני בד,גרמים,300.00,100 גרם,false,,14.90,0.0497,true,1,3815
7290003805587,false,פתית חיטה מלאה בד'ץ,,,פתית חיטה מלאה בד'ץ,גרמים,250.00,100 גרם,false,,14.90,0.0596,true,1,3816
7290003807178,false,רוטב סויה בסגנון סינ,,,רוטב סויה בסגנון סינ,מיליליטרים,300.00,"100 מ""ל",false,,9.90,0.0330,true,1,3821
7290003807482,false,"רוטב טריאקי 300 מ""ל",,,"רוטב טריאקי 300 מ""ל",מיליליטרים,300.00,"100 מ""ל",false,,9.90,0.0330,true,1,3822
7290003882922,false,עלי גפן ממולאים באור,,,עלי גפן ממולאים באור,גרמים,360.00,100 גרם,false,,8.90,0.0247,true,1,1274
7290003896141,false,אלמנדוס 200 גרם,,,אלמנדוס 200 גרם,גרמים,200.00,100 גרם,false,,8.90,0.0445,true,1,4633
7290003989096,false,אחלה חציל פיקנטי 500,,,אחלה חציל פיקנטי 500,גרמים,500.00,100 גרם,false,,15.50,0.0310,true,1,9026
7290003989539,false,EAT GOOD רביולי גבינ,,,EAT GOOD רביולי גבינ,גרמים,400.00,100 גרם,false,,19.90,0.0497,true,1,9027
7290003989553,false,שטראוס טורטליני פטרי,,,שטראוס טורטליני פטרי,גרמים,400.00,100 גרם,false,,19.90,0.0497,true,1,9028
7290004011284,false,ריצ בסיס להכנת קצפת,,,ריצ בסיס להכנת קצפת,מיליליטרים,212.00,"100 מ""ל",false,,6.90,0.0325,true,1,6037
7290004011338,false,ריצ קצפת במיכל 250מל,,,ריצ קצפת במיכל 250מל,מיליליטרים,250.00,"100 מ""ל",false,,8.90,0.0356,true,1,6039
7290004030018,false,מיץ לימון סחוט פרי פ,,,מיץ לימון סחוט פרי פ,מיליליטרים,500.00,"100 מ""ל",false,,6.80,0.0136,true,1,15932
7290004030445,false,פרי ניב תפוז סחוט 1ל,,,פרי ניב תפוז סחוט 1ל,ליטרים,1.00,ליטר,false,,13.90,13.9000,true,1,15937
7290004030544,false,לימונדה לואיזה ולמון,,,לימונדה לואיזה ולמון,יחידה,0.00,יחידה,false,,13.90,0.0000,true,1,15938
7290004030612,false,פרי ניב מיץ קיוי אגס,,,פרי ניב מיץ קיוי אגס,ליטרים,1.00,ליטר,false,,15.10,15.1000,true,1,15939
7290004030834,false,מיץ סחוט רימונים 100,,,מיץ סחוט רימונים 100,ליטרים,1.00,ליטר,false,,22.90,22.9000,true,1,15942
7290004063016,false,"מלח שולחן סלית 1 ק""ג",,,"מלח שולחן סלית 1 ק""ג",קילוגרמים,1.00,"ק""ג",false,,1.70,1.7000,true,1,6183
7290004063115,false,מלח מטבח גס לבישול כ,,,מלח מטבח גס לבישול כ,קילוגרמים,1.00,"ק""ג",false,,1.70,1.7000,true,1,6184
7290004064174,false,מלח ההימלאיה דק בצנצ,,,מלח ההימלאיה דק בצנצ,קילוגרמים,1.00,"ק""ג",false,,14.90,14.9000,true,1,6188
7290004064303,false,מלח אטלנטי בצנצנת הא,,,מלח אטלנטי בצנצנת הא,גרמים,800.00,100 גרם,false,,17.90,0.0224,true,1,6194
7290004068011,false,גד יוגורט כבשים 5% 6,,,גד יוגורט כבשים 5% 6,מיליליטרים,600.00,"100 מ""ל",false,,15.90,0.0265,true,1,5237
7290004078225,false,מי פה פלקס סופט מינט,,,מי פה פלקס סופט מינט,מיליליטרים,500.00,"100 מ""ל",false,,29.90,0.0598,true,1,8073
7290004078270,false,פלמוליב לכלים לימון-,,,פלמוליב לכלים לימון-,יחידה,0.00,יחידה,false,,12.90,0.0000,true,1,8075
7290004102326,false,תרד לא שטוף,,,תרד לא שטוף,גרמים,180.00,100 גרם,false,,11.90,0.0661,true,1,13110
7290004119973,false,קרלו שוקולדה 3% 125מ,,,קרלו שוקולדה 3% 125מ,מיליליטרים,125.00,"100 מ""ל",false,,2.90,0.0232,true,1,10013
7290004120108,false,יופלה דיאט דובדבן 0%,,,יופלה דיאט דובדבן 0%,מיליליטרים,150.00,"100 מ""ל",false,,4.80,0.0320,true,1,10015
7290004120566,false,פיראוס בולגרית 24% 2,,,פיראוס בולגרית 24% 2,גרמים,250.00,100 גרם,false,,20.90,0.0836,true,1,10019
7290004120573,false,פיראוס בולגרית בקר 1,,,פיראוס בולגרית בקר 1,גרמים,250.00,100 גרם,false,,20.90,0.0836,true,1,10020
7290004120634,false,פיראוס בולגרית 5% 25,,,פיראוס בולגרית 5% 25,גרמים,250.00,100 גרם,false,,20.90,0.0836,true,1,10021
7290004121488,false,יופלה דיאט אפרסק 0%,,,יופלה דיאט אפרסק 0%,מיליליטרים,150.00,"100 מ""ל",false,,4.80,0.0320,true,1,10023
7290004121525,false,יופלה אפרסק תות 3% 8,,,יופלה אפרסק תות 3% 8,קילוגרמים,1.20,"ק""ג",false,,28.90,24.0833,true,1,10024
7290004121754,false,יופלה קרם גבינה ותות,,,יופלה קרם גבינה ותות,גרמים,150.00,100 גרם,false,,4.80,0.0320,true,1,10025
7290004121853,false,פיראוס בולגרית בקובי,,,פיראוס בולגרית בקובי,גרמים,200.00,100 גרם,false,,19.90,0.0995,true,1,10027
7290004122119,false,שף לבן פתיתי פרמזן ל,,,שף לבן פתיתי פרמזן ל,גרמים,100.00,100 גרם,false,,10.90,0.1090,true,1,10028
7290004122195,false,גוש חלב פרוס 28% 200,,,גוש חלב פרוס 28% 200,גרמים,200.00,100 גרם,false,,12.90,0.0645,true,1,10029
7290004122270,false,עמק פרוס סגירה חוזרת,,,עמק פרוס סגירה חוזרת,גרמים,200.00,100 גרם,false,,15.90,0.0795,true,1,10030
7290004122348,false,עמק לייט 9% 200ג,,,עמק לייט 9% 200ג,גרמים,200.00,100 גרם,false,,16.90,0.0845,true,1,10031
7290004122676,false,פיראוס חמד לייט 5% 2,,,פיראוס חמד לייט 5% 2,גרמים,250.00,100 גרם,false,,17.90,0.0716,true,1,10032
7290004122683,false,עמק אצבעות 172ג,,,עמק אצבעות 172ג,גרמים,172.00,100 גרם,false,,15.90,0.0924,true,1,10033
7290004124205,false,יופלה דיאט תות 0% 15,,,יופלה דיאט תות 0% 15,מיליליטרים,150.00,"100 מ""ל",false,,4.80,0.0320,true,1,10034
7290004124847,false,שף לבן קצפת צמחית 24,,,שף לבן קצפת צמחית 24,מיליליטרים,500.00,"100 מ""ל",false,,14.90,0.0298,true,1,10035
7290004125370,false,תנובה שמנת מופחתת 9%,,,תנובה שמנת מופחתת 9%,מיליליטרים,200.00,"100 מ""ל",false,,3.50,0.0175,true,1,10036
7290004125400,false,"אשל 4.5% בד""צ מהדרין",,,"אשל 4.5% בד""צ מהדרין",מיליליטרים,200.00,"100 מ""ל",false,,1.65,0.0082,true,1,10037
7290004125417,false,"גיל 3% בד""צ מהדרין",,,"גיל 3% בד""צ מהדרין",מיליליטרים,200.00,"100 מ""ל",false,,1.51,0.0076,true,1,10038
7290004125455,false,תנובה שמנת אורגינל מ,,,תנובה שמנת אורגינל מ,מיליליטרים,200.00,"100 מ""ל",false,,2.40,0.0120,true,1,10039
7290004125462,false,תנובה שמנת חמוצה 15%,,,תנובה שמנת חמוצה 15%,מיליליטרים,500.00,"100 מ""ל",false,,6.00,0.0120,true,1,10040
7290004125509,false,תנובה שמנת חצי מנה 1,,,תנובה שמנת חצי מנה 1,מיליליטרים,100.00,"100 מ""ל",false,,1.60,0.0160,true,1,10041
7290004125578,false,משקה סויה תנובה מועש,,,משקה סויה תנובה מועש,ליטרים,1.00,ליטר,false,,9.90,9.9000,true,1,10042
7290004125585,false,סויה תנובה משקה סויה,,,סויה תנובה משקה סויה,ליטרים,1.00,ליטר,false,,9.90,9.9000,true,1,10043
7290004125721,false,שף לבן שמנת לבישול 1,,,שף לבן שמנת לבישול 1,מיליליטרים,250.00,"100 מ""ל",false,,7.90,0.0316,true,1,10044
7290004125776,false,עמק גבינה קשה פרוסה,,,עמק גבינה קשה פרוסה,גרמים,400.00,100 גרם,false,,27.90,0.0697,true,1,10046
7290004126759,false,יופלה דיאט פירות יער,,,יופלה דיאט פירות יער,מיליליטרים,150.00,"100 מ""ל",false,,4.80,0.0320,true,1,10048
7290004126872,false,משקאות חלב תנובה שוק,,,משקאות חלב תנובה שוק,מיליליטרים,250.00,"100 מ""ל",false,,5.30,0.0212,true,1,10049
7290004127329,false,קוטג' 5% תנובה מהדרי,,,קוטג' 5% תנובה מהדרי,גרמים,250.00,100 גרם,false,,5.50,0.0220,true,1,10051
7290004127336,false,קוטג' תנובה מהדרין 9,,,קוטג' תנובה מהדרין 9,גרמים,250.00,100 גרם,false,,5.50,0.0220,true,1,10052
7290004127800,false,תנובה גבינה לבנה 5%,,,תנובה גבינה לבנה 5%,גרמים,500.00,100 גרם,false,,9.90,0.0198,true,1,10053
7290004127817,false,תנובה גבינה לבנה 9%,,,תנובה גבינה לבנה 9%,גרמים,500.00,100 גרם,false,,9.30,0.0186,true,1,10054
7290004127862,false,תנובה גבינה למריחה מ,,,תנובה גבינה למריחה מ,גרמים,750.00,100 גרם,false,,14.70,0.0196,true,1,10055
7290004128333,false,פיראוס לאבנה גביע %9,,,פיראוס לאבנה גביע %9,גרמים,500.00,100 גרם,false,,18.90,0.0378,true,1,10057
7290004128432,false,שף לבן פתיתי גבינה מ,,,שף לבן פתיתי גבינה מ,גרמים,500.00,100 גרם,false,,21.90,0.0438,true,1,10060
7290004129101,false,נפוליאון בטעם טבעי 2,,,נפוליאון בטעם טבעי 2,גרמים,225.00,100 גרם,false,,12.90,0.0573,true,1,10061
7290004129156,false,נפוליאון שום שמיר 25,,,נפוליאון שום שמיר 25,גרמים,225.00,100 גרם,false,,12.90,0.0573,true,1,10063
7290004129736,false,יופלה קרם יוגרט מעוד,,,יופלה קרם יוגרט מעוד,מיליליטרים,200.00,"100 מ""ל",false,,4.20,0.0210,true,1,10065
7290004129767,false,יופלה לבן מאגדת 3% 8,,,יופלה לבן מאגדת 3% 8,קילוגרמים,1.20,"ק""ג",false,,16.90,14.0833,true,1,10066
7290004130794,false,סויה תנובה טבעי במתי,,,סויה תנובה טבעי במתי,ליטרים,1.00,ליטר,false,,9.90,9.9000,true,1,10068
7290004130916,false,יופלה בטעם פירות יער,,,יופלה בטעם פירות יער,גרמים,150.00,100 גרם,false,,4.80,0.0320,true,1,10069
7290004131074,false,חלב תנובה הומוגני מה,,,חלב תנובה הומוגני מה,ליטרים,1.00,ליטר,false,,6.20,6.2000,true,1,10070
7290004131432,false,יופלה לבן 3% 200מל,,,יופלה לבן 3% 200מל,מיליליטרים,200.00,"100 מ""ל",false,,3.70,0.0185,true,1,10072
7290004131456,false,יופלה לבן 1.5% 200מל,,,יופלה לבן 1.5% 200מל,מיליליטרים,200.00,"100 מ""ל",false,,3.70,0.0185,true,1,10073
7290004131531,false,משקה חלב תנובה שוקו,,,משקה חלב תנובה שוקו,ליטרים,1.00,ליטר,false,,11.90,11.9000,true,1,10074
7290004131814,false,פיראוס צפתית מעודנת,,,פיראוס צפתית מעודנת,גרמים,200.00,100 גרם,false,,13.90,0.0695,true,1,10075
7290004132552,false,סויה תנובה לייט בטעם,,,סויה תנובה לייט בטעם,ליטרים,1.00,ליטר,false,,9.90,9.9000,true,1,10077
7290004133511,false,יופלה לבן מעודן 1.5%,,,יופלה לבן מעודן 1.5%,ליטרים,1.20,ליטר,false,,19.90,16.5833,true,1,10082
7290004135058,false,קרלו מהדרין מיני שוק,,,קרלו מהדרין מיני שוק,מיליליטרים,800.00,"100 מ""ל",false,,13.20,0.0165,true,1,10086
7290004135225,false,מעדן תנובה דיאט שוקו,,,מעדן תנובה דיאט שוקו,מיליליטרים,150.00,"100 מ""ל",false,,3.80,0.0253,true,1,10089
7290004136598,false,מארז הפסקת אוכל חלב,,,מארז הפסקת אוכל חלב,גרמים,150.00,100 גרם,false,,8.90,0.0593,true,1,10092
7290004136857,false,ג'לי תנובה פטל 125מל,,,ג'לי תנובה פטל 125מל,מיליליטרים,125.00,"100 מ""ל",false,,2.20,0.0176,true,1,10093
7290004136864,false,ג'לי תנובה אננס עם ח,,,ג'לי תנובה אננס עם ח,מיליליטרים,125.00,"100 מ""ל",false,,2.60,0.0208,true,1,10094
7290004136871,false,ג'לי תנובה אפרסק עם,,,ג'לי תנובה אפרסק עם,מיליליטרים,125.00,"100 מ""ל",false,,2.60,0.0208,true,1,10095
7290004137021,false,שף לבן שמנת לבישול 1,,,שף לבן שמנת לבישול 1,מיליליטרים,250.00,"100 מ""ל",false,,7.90,0.0316,true,1,10096
7290004137311,false,עמק לייט משפחתית 9%,,,עמק לייט משפחתית 9%,גרמים,400.00,100 גרם,false,,29.90,0.0747,true,1,10097
7290004150235,false,חומוס עם חריף 300 גר,,,חומוס עם חריף 300 גר,גרמים,300.00,100 גרם,false,,14.90,0.0497,true,1,20915
7290004199579,false,סאני פלסטר אינטרסן 1,,,סאני פלסטר אינטרסן 1,יחידה,0.00,יחידה,false,,9.90,0.0000,true,1,390
7290004199777,false,צימרוני אוזניים כוטו,,,צימרוני אוזניים כוטו,יחידה,0.00,יחידה,false,,7.90,0.0000,true,1,391
7290004200244,false,פרסים רמה 3,,,פרסים רמה 3,יחידה,0.00,יחידה,false,,9.50,0.0000,true,1,12181
7290004230944,false,מקלות בורקס פילו גבי,,,מקלות בורקס פילו גבי,גרמים,600.00,100 גרם,false,,16.90,0.0282,true,1,6056
7290004537241,false,אפונת גינה קפואה 800,,,אפונת גינה קפואה 800,גרמים,800.00,100 גרם,false,,8.90,0.0111,true,1,17188
7290004537258,false,אפונה וגזר 800 גר שד,,,אפונה וגזר 800 גר שד,גרמים,800.00,100 גרם,false,,8.90,0.0111,true,1,17189
7290004537272,false,פול קפוא 800גר שדה ב,,,פול קפוא 800גר שדה ב,גרמים,800.00,100 גרם,false,,9.90,0.0124,true,1,17191
7290004537326,false,לקט ירקות העונה 800,,,לקט ירקות העונה 800,גרמים,800.00,100 גרם,false,,8.90,0.0111,true,1,17195
7290004537357,false,גרעיני תירס 800 גר ש,,,גרעיני תירס 800 גר ש,גרמים,800.00,100 גרם,false,,11.90,0.0149,true,1,17198
7290004584306,false,גמדים תות בננה 4*100,,,גמדים תות בננה 4*100,מיליליטרים,400.00,"100 מ""ל",false,,10.90,0.0273,true,1,9029
7290004584351,false,סימפוניה חמישית 200ג,,,סימפוניה חמישית 200ג,גרמים,200.00,100 גרם,false,,10.90,0.0545,true,1,9030
7290004584528,false,דנונה יוגורט טבעי 1.,,,דנונה יוגורט טבעי 1.,מיליליטרים,200.00,"100 מ""ל",false,,3.50,0.0175,true,1,9031
7290004585907,false,דני וניל מהדרין 130מ,,,דני וניל מהדרין 130מ,מיליליטרים,130.00,"100 מ""ל",false,,2.60,0.0200,true,1,9032
7290004639006,false,קוסקוס ביתי קפוא,,,קוסקוס ביתי קפוא,גרמים,800.00,100 גרם,false,,14.90,0.0186,true,1,17199
7290004731076,false,אלסבון אלוורה כיף 1,,,אלסבון אלוורה כיף 1,ליטרים,1.00,ליטר,false,,10.90,10.9000,true,1,11110
7290004731670,false,דואופרש פצ'ולי לבנדר,,,דואופרש פצ'ולי לבנדר,מיליליטרים,300.00,"100 מ""ל",false,,10.90,0.0363,true,1,11120
7290005084355,false,משחת שיניים דואל קר,,,משחת שיניים דואל קר,מיליליטרים,75.00,"100 מ""ל",false,,21.90,0.2920,true,1,1539
7290005113222,false,זיתים מיקס יבנה 540,,,זיתים מיקס יבנה 540,גרמים,340.00,100 גרם,false,,9.90,0.0291,true,1,17662
7290005174551,false,אחלה חומוס 125ג,,,אחלה חומוס 125ג,גרמים,125.00,100 גרם,false,,4.70,0.0376,true,1,9034
7290005174568,false,אחלה חציל במיונז 125,,,אחלה חציל במיונז 125,גרמים,125.00,100 גרם,false,,4.70,0.0376,true,1,9035
7290005174575,false,אחלה טחינה 125גר,,,אחלה טחינה 125גר,גרמים,125.00,100 גרם,false,,4.70,0.0376,true,1,9036
7290005197758,false,חיוכים של שוקו,,,חיוכים של שוקו,גרמים,150.00,100 גרם,false,,4.90,0.0327,true,1,8530
7290005200786,false,תפוציפס שמנת ובצל 50,,,תפוציפס שמנת ובצל 50,גרמים,50.00,100 גרם,false,,3.50,0.0700,true,1,9300
7290005201882,false,טורקי עלית 200 גר',,,טורקי עלית 200 גר',גרמים,200.00,100 גרם,false,,15.90,0.0795,true,1,8538
7290005287206,false,טונה בשמן סטארקיסט ר,,,טונה בשמן סטארקיסט ר,גרמים,640.00,100 גרם,false,,24.90,0.0389,true,1,10335
7290005287251,false,טונה במים סטארקיסט ר,,,טונה במים סטארקיסט ר,גרמים,640.00,100 גרם,false,,24.90,0.0389,true,1,10337
7290005287930,false,טונה במים סטארקיסט ב,,,טונה במים סטארקיסט ב,גרמים,640.00,100 גרם,false,,24.90,0.0389,true,1,10341
7290005326585,false,אוליביה פסטו בזיליקו,,,אוליביה פסטו בזיליקו,גרמים,180.00,100 גרם,false,,11.90,0.0661,true,1,10099
7290005384851,false,מיץ לימון משומר וילי,,,מיץ לימון משומר וילי,מיליליטרים,200.00,"100 מ""ל",false,,2.90,0.0145,true,1,1282
7290005403965,false,פולי סויה 800 גר' שד,,,פולי סויה 800 גר' שד,גרמים,800.00,100 גרם,false,,14.90,0.0186,true,1,17200
7290005403972,false,תחתיות ארטישוק 400 ג,,,תחתיות ארטישוק 400 ג,גרמים,400.00,100 גרם,false,,7.90,0.0198,true,1,17201
7290005403989,false,במיה קפואה 600 גרם ש,,,במיה קפואה 600 גרם ש,גרמים,600.00,100 גרם,false,,7.90,0.0132,true,1,17202
7290005418716,false,לחות לבניית תלתלים נ,,,לחות לבניית תלתלים נ,מיליליטרים,400.00,"100 מ""ל",false,,20.90,0.0522,true,1,11125
7290005423635,false,נוזל לניקוי רצפות דו,,,נוזל לניקוי רצפות דו,ליטרים,2.00,ליטר,false,,17.90,8.9500,true,1,11137
7290005423871,false,משחת שיניים אורביטול,,,משחת שיניים אורביטול,גרמים,435.00,100 גרם,false,,15.90,0.0366,true,1,11140
7290005424113,false,סנו סושי מטליות רצפה,,,סנו סושי מטליות רצפה,יחידה,0.00,יחידה,false,,12.90,0.0000,true,1,11144
7290005424311,false,סנו K רב קוטל,,,סנו K רב קוטל,מיליליטרים,475.00,"100 מ""ל",false,,19.90,0.0419,true,1,11145
7290005424762,false,ריצפז פלוס ווקס דוחה,,,ריצפז פלוס ווקס דוחה,ליטרים,2.00,ליטר,false,,25.90,12.9500,true,1,11151
7290005424991,false,סנו פרש אוטומטיק בהת,,,סנו פרש אוטומטיק בהת,גרמים,165.00,100 גרם,false,,13.90,0.0842,true,1,11156
7290005425127,false,מתז 99.9% מנקה שומני,,,מתז 99.9% מנקה שומני,מיליליטרים,750.00,"100 מ""ל",false,,10.90,0.0145,true,1,11160
7290005425196,false,אבקת כביסה סנו מקסימ,,,אבקת כביסה סנו מקסימ,קילוגרמים,2.50,"ק""ג",false,,23.90,9.5600,true,1,11161
7290005425202,false,אבקת כביסה סנו מקסימ,,,אבקת כביסה סנו מקסימ,קילוגרמים,2.50,"ק""ג",false,,23.90,9.5600,true,1,11162
7290005426384,false,סנומוד מיס מיליון,,,סנומוד מיס מיליון,מיליליטרים,150.00,"100 מ""ל",false,,9.90,0.0660,true,1,11172
7290005426940,false,סנו 300 K פלוס 8,,,סנו 300 K פלוס 8,מיליליטרים,400.00,"100 מ""ל",false,,19.90,0.0497,true,1,11178
7290005426964,false,סנובון כחול שלישיה ב,,,סנובון כחול שלישיה ב,גרמים,165.00,100 גרם,false,,14.90,0.0903,true,1,11179
7290005426971,false,סנובון כחול שלישיה ב,,,סנובון כחול שלישיה ב,גרמים,165.00,100 גרם,false,,14.90,0.0903,true,1,11180
7290005427107,false,סנו סושי מגבות הפלא,,,סנו סושי מגבות הפלא,מטרים,63.50,מטר,false,,10.90,0.1717,true,1,11181
7290005430602,false,סנו אוקסיג'ן מסיר כת,,,סנו אוקסיג'ן מסיר כת,מיליליטרים,750.00,"100 מ""ל",false,,17.90,0.0239,true,1,11199
7290005431883,false,עדן מלבי חלבי 165 גר,,,עדן מלבי חלבי 165 גר,גרמים,165.00,100 גרם,false,,5.90,0.0358,true,1,10100
7290005431890,false,עדן בוואריה 95 גרם.,,,עדן בוואריה 95 גרם.,גרמים,95.00,100 גרם,false,,5.90,0.0621,true,1,10101
7290005431906,false,עדן קדאיף 82 גרם,,,עדן קדאיף 82 גרם,גרמים,82.00,100 גרם,false,,5.90,0.0720,true,1,10102
7290005431913,false,קינוחי עדן עוגת גבינ,,,קינוחי עדן עוגת גבינ,גרמים,92.00,100 גרם,false,,5.90,0.0641,true,1,10103
7290005431920,false,עדן עוגת גבינה פירור,,,עדן עוגת גבינה פירור,גרמים,78.00,100 גרם,false,,5.90,0.0756,true,1,10104
7290005431937,false,עדן טירמיסו 82 גרם,,,עדן טירמיסו 82 גרם,גרמים,82.00,100 גרם,false,,5.90,0.0720,true,1,10105
7290005431951,false,עדן מוס שוקולד 75 גר,,,עדן מוס שוקולד 75 גר,גרמים,75.00,100 גרם,false,,5.90,0.0787,true,1,10106
7290005559709,false,בורקס פיצה 700 גרם,,,בורקס פיצה 700 גרם,גרמים,700.00,100 גרם,false,,25.90,0.0370,true,1,13154
7290005559907,false,פיצה משפחתית גבינה 5,,,פיצה משפחתית גבינה 5,גרמים,500.00,100 גרם,false,,19.90,0.0398,true,1,13155
7290005559914,false,פיצה משפחתית זיתים 5,,,פיצה משפחתית זיתים 5,גרמים,550.00,100 גרם,false,,19.90,0.0362,true,1,13156
7290005559990,false,בצק פילאס תורכי מעדנ,,,בצק פילאס תורכי מעדנ,גרמים,600.00,100 גרם,false,,22.90,0.0382,true,1,13157
7290005591761,false,דבש טהור מפרחי בר בל,,,דבש טהור מפרחי בר בל,גרמים,400.00,100 גרם,false,,19.90,0.0497,true,1,8539
7290005605994,false,"פאנטה קלאסי 350 מ""ל",,,"פאנטה קלאסי 350 מ""ל",מיליליטרים,350.00,"100 מ""ל",false,,7.50,0.0214,true,1,2646
7290005610011,false,תפו`א אדום דוד משה,,,תפו`א אדום דוד משה,קילוגרמים,1.00,"ק""ג",true,,5.90,5.9000,true,1,18009
7290005838002,false,דניאלה מעדן גבינה 15,,,דניאלה מעדן גבינה 15,מיליליטרים,150.00,"100 מ""ל",false,,3.90,0.0260,true,1,9038
7290005839078,false,דנונה ביו מארז חסכון,,,דנונה ביו מארז חסכון,קילוגרמים,1.20,"ק""ג",false,,15.90,13.2500,true,1,9041
7290005839108,false,סימפוניה עם זיתים 5%,,,סימפוניה עם זיתים 5%,גרמים,200.00,100 גרם,false,,10.90,0.0545,true,1,9042
7290005839313,false,מילקי טופ מגולגלת 14,,,מילקי טופ מגולגלת 14,מיליליטרים,142.00,"100 מ""ל",false,,4.50,0.0317,true,1,9043
7290005896460,false,איגל בירה חזקה 7.8%,,,איגל בירה חזקה 7.8%,מיליליטרים,500.00,"100 מ""ל",false,,5.90,0.0118,true,1,3443
7290005896620,false,סאן בנדטו מים מינרלי,,,סאן בנדטו מים מינרלי,ליטרים,1.50,ליטר,false,,4.50,3.0000,true,1,3444
7290005901430,false,המבורגר מסעדות טעים,,,המבורגר מסעדות טעים,גרמים,480.00,100 גרם,false,,24.90,0.0519,true,1,17212
7290005901454,false,סטייק מינוט טעים טעי,,,סטייק מינוט טעים טעי,גרמים,300.00,100 גרם,false,,35.90,0.1197,true,1,17214
7290005938238,false,פרסקו ממרח מצונן צ'י,,,פרסקו ממרח מצונן צ'י,גרמים,220.00,100 גרם,false,,17.90,0.0814,true,1,6060
7290005992575,false,גד בולגרית למריחה 5%,,,גד בולגרית למריחה 5%,גרמים,250.00,100 גרם,false,,15.90,0.0636,true,1,5242
7290005992735,false,גד לאבנה 5% 250ג,,,גד לאבנה 5% 250ג,גרמים,250.00,100 גרם,false,,11.90,0.0476,true,1,5243
7290005996238,false,פסטרמה בדבש דק דק יח,,,פסטרמה בדבש דק דק יח,גרמים,120.00,100 גרם,false,,12.90,0.1075,true,1,5703
7290006065179,false,סטייק טונה קפוא בואק,,,סטייק טונה קפוא בואק,קילוגרמים,1.00,"ק""ג",true,,39.90,39.9000,true,1,28284
7290006065391,false,פילה  דג נסיכת הנילו,,,פילה  דג נסיכת הנילו,קילוגרמים,1.00,"ק""ג",true,,43.90,43.9000,true,1,28290
7290006065407,false,נתחי פילה  נסיכת הני,,,נתחי פילה  נסיכת הני,קילוגרמים,1.00,"ק""ג",true,,46.90,46.9000,true,1,28291
7290006185501,false,אל סבון נוזלי ורוד פ,,,אל סבון נוזלי ורוד פ,יחידה,0.00,יחידה,false,,9.80,0.0000,true,1,6489
7290006185518,false,אל סבון נוזלי כחול פ,,,אל סבון נוזלי כחול פ,יחידה,0.00,יחידה,false,,9.80,0.0000,true,1,6490
7290006199027,false,גלידל מאגדת בטעם תות,,,גלידל מאגדת בטעם תות,גרמים,600.00,100 גרם,false,,29.90,0.0498,true,1,13230
7290006229588,false,איגל בירה פחית זהב 5,,,איגל בירה פחית זהב 5,מיליליטרים,500.00,"100 מ""ל",false,,5.50,0.0110,true,1,3448
7290006241504,false,קפוא תפוזים 340 גרם,,,קפוא תפוזים 340 גרם,גרמים,340.00,100 גרם,false,,9.90,0.0291,true,1,2440
7290006241535,false,קפוא מנגו 340 גרם,,,קפוא מנגו 340 גרם,גרמים,340.00,100 גרם,false,,9.90,0.0291,true,1,2442
7290006251107,false,תה מסאלה ויסוצקי 2/2,,,תה מסאלה ויסוצקי 2/2,גרמים,50.00,100 גרם,false,,18.90,0.3780,true,1,9467
7290006251275,false,תה ירוק סיני,,,תה ירוק סיני,גרמים,37.50,100 גרם,false,,22.90,0.6107,true,1,9469
7290006251343,false,תה חליטה הגן הקסום פ,,,תה חליטה הגן הקסום פ,גרמים,62.50,100 גרם,false,,17.90,0.2864,true,1,9470
7290006251374,false,תה ירוק לימונית וג'י,,,תה ירוק לימונית וג'י,גרמים,25.00,100 גרם,false,,22.90,0.9160,true,1,9471
7290006265548,false,נבטים סינים,,,נבטים סינים,יח',1.00,יח',false,,5.90,5.9000,true,1,14123
7290006265890,false,נבטי חמניה יח,,,נבטי חמניה יח,יח',1.00,יח',false,,8.90,8.9000,true,1,13111
7290006271174,false,גחנון לאפיה בתנור מע,,,גחנון לאפיה בתנור מע,גרמים,700.00,100 גרם,false,,17.90,0.0256,true,1,13158
7290006271181,false,מעדנות גחנון אפוי 75,,,מעדנות גחנון אפוי 75,גרמים,750.00,100 גרם,false,,23.90,0.0319,true,1,13159
7290006271648,false,מיני בורקס תפו`א 800,,,מיני בורקס תפו`א 800,גרמים,800.00,100 גרם,false,,22.90,0.0286,true,1,13160
7290006271655,false,מיני בורקס גבינה 800,,,מיני בורקס גבינה 800,גרמים,800.00,100 גרם,false,,24.90,0.0311,true,1,13161
7290006272072,false,חטיפי פיצה מעדנות 65,,,חטיפי פיצה מעדנות 65,גרמים,650.00,100 גרם,false,,28.90,0.0445,true,1,13163
7290006272430,false,בצק עלים חמאה 600 גר,,,בצק עלים חמאה 600 גר,גרמים,600.00,100 גרם,false,,27.90,0.0465,true,1,13164
7290006306296,false,פסטה נונה פסטה נונה,,,פסטה נונה פסטה נונה,גרמים,400.00,100 גרם,false,,23.90,0.0597,true,1,5245
7290006306302,false,פסטה נונה ריביולי פר,,,פסטה נונה ריביולי פר,גרמים,400.00,100 גרם,false,,23.90,0.0597,true,1,5246
7290006306319,false,פסטה נונה פסטה נונה,,,פסטה נונה פסטה נונה,גרמים,400.00,100 גרם,false,,23.90,0.0597,true,1,5247
7290006306326,false,פסטה נונה ריביולי פט,,,פסטה נונה ריביולי פט,גרמים,400.00,100 גרם,false,,23.90,0.0597,true,1,5248
7290006342072,false,גרעין לבן 200 גרם,,,גרעין לבן 200 גרם,גרמים,200.00,100 גרם,false,,9.90,0.0495,true,1,18139
7290006342447,false,גרעיני אבטיח 200  גר,,,גרעיני אבטיח 200  גר,גרמים,200.00,100 גרם,false,,11.90,0.0595,true,1,18140
7290006342560,false,בוטן אמריקאי 200 גרם,,,בוטן אמריקאי 200 גרם,גרמים,200.00,100 גרם,false,,4.90,0.0245,true,1,18143
7290006449955,false,מלפפון בייבי,,,מלפפון בייבי,יח',1.00,יח',false,,8.90,8.9000,true,1,13112
7290006459947,false,פחמים גריל פרימיום,,,פחמים גריל פרימיום,יחידה,0.00,יחידה,false,,19.90,0.0000,true,1,25671
7290006492616,false,גד בולגרית פרוסות 5%,,,גד בולגרית פרוסות 5%,גרמים,250.00,100 גרם,false,,25.90,0.1036,true,1,5253
7290006492852,false,גד גבינת עיזים למריח,,,גד גבינת עיזים למריח,גרמים,250.00,100 גרם,false,,15.90,0.0636,true,1,5256
7290006494917,false,טוסו וופל טעם שוקולד,,,טוסו וופל טעם שוקולד,גרמים,180.00,100 גרם,false,,7.90,0.0439,true,1,2189
7290006494924,false,מרמולייט ופל בטעם לי,,,מרמולייט ופל בטעם לי,גרמים,180.00,100 גרם,false,,7.90,0.0439,true,1,2190
7290006511157,false,פטריות שלמות שמפיניו,,,פטריות שלמות שמפיניו,גרמים,230.00,100 גרם,false,,7.90,0.0343,true,1,1283
7290006511751,false,פטריות חתוכות ויליפו,,,פטריות חתוכות ויליפו,גרמים,870.00,100 גרם,false,,11.90,0.0137,true,1,1284
7290006532008,false,צ'יפס טעים טעים 1.8,,,צ'יפס טעים טעים 1.8,קילוגרמים,1.80,"ק""ג",false,,22.90,12.7222,true,1,17216
7290006567048,false,קוסקוס ישראלי בשקית,,,קוסקוס ישראלי בשקית,גרמים,350.00,100 גרם,false,,7.50,0.0214,true,1,6794
7290006644480,false,משקה תפוזים Move תפו,,,משקה תפוזים Move תפו,מיליליטרים,500.00,"100 מ""ל",false,,5.40,0.0108,true,1,4292
7290006644510,false,משקה ענבים Move תפוז,,,משקה ענבים Move תפוז,מיליליטרים,500.00,"100 מ""ל",false,,5.40,0.0108,true,1,4295
7290006644527,false,משקה תות בננה Move ת,,,משקה תות בננה Move ת,מיליליטרים,500.00,"100 מ""ל",false,,5.40,0.0108,true,1,4296
7290006652027,false,במבה יום הולדת מאח.1,,,במבה יום הולדת מאח.1,גרמים,300.00,100 גרם,false,,23.90,0.0797,true,1,6795
7290006653819,false,קוסקוס דק בשקית אסם,,,קוסקוס דק בשקית אסם,גרמים,350.00,100 גרם,false,,7.50,0.0214,true,1,6797
7290006664051,false,אקטימל טבעי 14*100מל,,,אקטימל טבעי 14*100מל,ליטרים,1.40,ליטר,false,,29.90,21.3571,true,1,9045
7290006664310,false,גבינה 3% סקי 250 גרם,,,גבינה 3% סקי 250 גרם,גרמים,250.00,100 גרם,false,,4.70,0.0188,true,1,9046
7290006664402,false,שטראוס גבינה 5% 750ג,,,שטראוס גבינה 5% 750ג,גרמים,750.00,100 גרם,false,,13.60,0.0181,true,1,9047
7290006664532,false,דנונה תות 3% 150מל,,,דנונה תות 3% 150מל,גרמים,150.00,100 גרם,false,,3.50,0.0233,true,1,9048
7290006664655,false,אקטימל טבעי 8*100מל,,,אקטימל טבעי 8*100מל,מיליליטרים,800.00,"100 מ""ל",false,,19.90,0.0249,true,1,9049
7290006664693,false,דנונה אפרסק 3% 150מל,,,דנונה אפרסק 3% 150מל,גרמים,150.00,100 גרם,false,,3.50,0.0233,true,1,9050
7290006664990,false,דנונה ביו מארז חיסכו,,,דנונה ביו מארז חיסכו,קילוגרמים,1.20,"ק""ג",false,,15.90,13.2500,true,1,9051
7290006704016,false,בזיליקום ארוז יחידה,,,בזיליקום ארוז יחידה,יח',1.00,יח',false,,5.90,5.9000,true,1,13113
7290006704047,false,רוזמרין,,,רוזמרין,יח',1.00,יח',false,,5.90,5.9000,true,1,14125
7290006704092,false,מרווה יחידה,,,מרווה יחידה,יח',1.00,יח',false,,5.90,5.9000,true,1,14127
7290006704108,false,קורנית /טימין  יח',,,קורנית /טימין  יח',יח',1.00,יח',false,,5.90,5.9000,true,1,14128
7290006704511,false,תפוא ננסי מיקרוגל,,,תפוא ננסי מיקרוגל,גרמים,750.00,100 גרם,false,,6.90,0.0092,true,1,13115
7290006739131,false,זוגלובק בצק פילו 500,,,זוגלובק בצק פילו 500,גרמים,500.00,100 גרם,false,,11.90,0.0238,true,1,13795
7290006739292,false,פסטרמה תבור 330גר,,,פסטרמה תבור 330גר,גרמים,330.00,100 גרם,false,,25.90,0.0785,true,1,13797
7290006739407,false,שניצל תירס לייט 630,,,שניצל תירס לייט 630,גרמים,600.00,100 גרם,false,,21.90,0.0365,true,1,13799
7290006739414,false,סלמי קוניאק זוגלובק,,,סלמי קוניאק זוגלובק,גרמים,300.00,100 גרם,false,,25.90,0.0863,true,1,13800
7290006739421,false,סלמי מעושן איטלקי  ז,,,סלמי מעושן איטלקי  ז,גרמים,300.00,100 גרם,false,,25.90,0.0863,true,1,13801
7290006739445,false,שניצל תירס קלאסי 750,,,שניצל תירס קלאסי 750,גרמים,750.00,100 גרם,false,,21.90,0.0292,true,1,13802
7290006741363,false,"זוגלובק בורקס תפו""א",,,"זוגלובק בורקס תפו""א",גרמים,800.00,100 גרם,false,,13.90,0.0174,true,1,13804
7290006742179,false,קבב מזרחי 400 גרם,,,קבב מזרחי 400 גרם,גרמים,400.00,100 גרם,false,,19.90,0.0497,true,1,13806
7290006742292,false,פסטרממיה בדבש 1% 330,,,פסטרממיה בדבש 1% 330,גרמים,330.00,100 גרם,false,,25.90,0.0785,true,1,13808
7290006742315,false,חזה הודו ברביקיו 1%,,,חזה הודו ברביקיו 1%,גרמים,330.00,100 גרם,false,,25.90,0.0785,true,1,13809
7290006764065,false,נשר מאלט בקבוק פקדון,,,נשר מאלט בקבוק פקדון,מיליליטרים,500.00,"100 מ""ל",false,,4.90,0.0098,true,1,3450
7290006764072,false,גולדסטאר בירה בק חוז,,,גולדסטאר בירה בק חוז,מיליליטרים,500.00,"100 מ""ל",false,,7.80,0.0156,true,1,3451
7290006764157,false,בירה גולדסטאר לא מסו,,,בירה גולדסטאר לא מסו,מיליליטרים,500.00,"100 מ""ל",false,,8.80,0.0176,true,1,3454
7290006765000,false,8 טורטיות חיטה מלאה,,,8 טורטיות חיטה מלאה,גרמים,540.00,100 גרם,false,,9.90,0.0183,true,1,18482
7290006765895,false,בוטן קלוי בקליפה 200,,,בוטן קלוי בקליפה 200,גרמים,200.00,100 גרם,false,,6.90,0.0345,true,1,18145
7290006788405,false,דאו רול און נושם אקט,,,דאו רול און נושם אקט,מיליליטרים,75.00,"100 מ""ל",false,,11.90,0.1587,true,1,11217
7290006788436,false,דאו' רולאון נושם פיו,,,דאו' רולאון נושם פיו,גרמים,75.00,100 גרם,false,,11.90,0.1587,true,1,11220
7290006788443,false,דאו' רולאון נושם אוק,,,דאו' רולאון נושם אוק,גרמים,75.00,100 גרם,false,,11.90,0.1587,true,1,11221
7290006788498,false,דאו' תרסיס נושם ורוד,,,דאו' תרסיס נושם ורוד,מיליליטרים,200.00,"100 מ""ל",false,,9.90,0.0495,true,1,11224
7290006789648,false,קרם לחות לשיער יבש ק,,,קרם לחות לשיער יבש ק,מיליליטרים,400.00,"100 מ""ל",false,,16.90,0.0422,true,1,11228
7290006805850,false,תערובת להכנת פנקייקס,,,תערובת להכנת פנקייקס,גרמים,500.00,100 גרם,false,,16.90,0.0338,true,1,4636
7290006822192,false,אושן ספרי דיאט חמוצי,,,אושן ספרי דיאט חמוצי,ליטרים,1.00,ליטר,false,,11.90,11.9000,true,1,2649
7290006983152,false,קרוטונים מתובלים אסם,,,קרוטונים מתובלים אסם,גרמים,400.00,100 גרם,false,,17.90,0.0447,true,1,6799
7290006983176,false,לחמית שיפון אסם 250,,,לחמית שיפון אסם 250,גרמים,230.00,100 גרם,false,,7.90,0.0343,true,1,6800
7290006983770,false,עוגת הבית שיש 400גר,,,עוגת הבית שיש 400גר,גרמים,400.00,100 גרם,false,,10.90,0.0273,true,1,6804
7290006983787,false,עוגת הבית שוקוציפס 4,,,עוגת הבית שוקוציפס 4,גרמים,400.00,100 גרם,false,,10.90,0.0273,true,1,6805
7290006983794,false,עוגת הבית תפוז 400גר,,,עוגת הבית תפוז 400גר,גרמים,400.00,100 גרם,false,,10.90,0.0273,true,1,6806
7290006992161,false,מטרנה דייסת קורנפלור,,,מטרנה דייסת קורנפלור,גרמים,200.00,100 גרם,false,,12.90,0.0645,true,1,6808
7290006992208,false,מטרנה דייסת דגנים פר,,,מטרנה דייסת דגנים פר,גרמים,200.00,100 גרם,false,,12.90,0.0645,true,1,6811
7290006992390,false,מטרנה דייסת וניל פרו,,,מטרנה דייסת וניל פרו,גרמים,200.00,100 גרם,false,,12.90,0.0645,true,1,6812
7290008000826,false,משחת שיניים ברבי ליל,,,משחת שיניים ברבי ליל,מיליליטרים,50.00,"100 מ""ל",false,,10.90,0.2180,true,1,1543
7290008101318,false,פירורי לחם זהוב קלאס,,,פירורי לחם זהוב קלאס,גרמים,300.00,100 גרם,false,,6.90,0.0230,true,1,18721
7290008101356,false,פירורי לחם פנקו זהוב,,,פירורי לחם פנקו זהוב,גרמים,300.00,100 גרם,false,,8.90,0.0297,true,1,18722
7290008102469,false,פירורי לחם זהוב קלאס,,,פירורי לחם זהוב קלאס,גרמים,800.00,100 גרם,false,,12.90,0.0161,true,1,18723
7290008104050,false,סבון שטיפה אינטימית,,,סבון שטיפה אינטימית,מיליליטרים,220.00,"100 מ""ל",false,,21.90,0.0995,true,1,1544
7290008154222,false,שניצלונים עוף טוב 70,,,שניצלונים עוף טוב 70,גרמים,700.00,100 גרם,false,,12.90,0.0184,true,1,7352
7290008175173,false,חמאה מפינלנד 200גר',,,חמאה מפינלנד 200גר',גרמים,200.00,100 גרם,false,,9.90,0.0495,true,1,1285
7290008268301,false,אוכמניות,,,אוכמניות,גרמים,120.00,100 גרם,false,,10.90,0.0908,true,1,18022
7290008333115,false,.ג'לטין טהור 28 גר,,,.ג'לטין טהור 28 גר,גרמים,28.00,100 גרם,false,,9.50,0.3393,true,1,6066
7290008343466,false,בצק פילו 500 גרם,,,בצק פילו 500 גרם,גרמים,500.00,100 גרם,false,,16.90,0.0338,true,1,6068
7290008344272,false,המבורגר 100% 400 ג'-,,,המבורגר 100% 400 ג'-,גרמים,400.00,100 גרם,false,,17.90,0.0447,true,1,6071
7290008409049,false,מאמא עוף מיני דק שני,,,מאמא עוף מיני דק שני,גרמים,500.00,100 גרם,false,,25.90,0.0518,true,1,9860
7290008409100,false,אצבעות שניצל ציפוי ש,,,אצבעות שניצל ציפוי ש,גרמים,700.00,100 גרם,false,,34.90,0.0499,true,1,9861
7290008409124,false,מאמא עוף קפוא שניצל,,,מאמא עוף קפוא שניצל,גרמים,700.00,100 גרם,false,,34.90,0.0499,true,1,9862
7290008409216,false,מאמא עוף קפוא שניצל,,,מאמא עוף קפוא שניצל,גרמים,700.00,100 גרם,false,,39.90,0.0570,true,1,9863
7290008409315,false,מאמא עוף מיני דק שני,,,מאמא עוף מיני דק שני,גרמים,500.00,100 גרם,false,,25.90,0.0518,true,1,9865
7290008409551,false,שניצל עוף אמיתי בציפ,,,שניצל עוף אמיתי בציפ,גרמים,700.00,100 גרם,false,,39.90,0.0570,true,1,9871
7290008409582,false,שניצל אמיתי בציפוי ב,,,שניצל אמיתי בציפוי ב,גרמים,700.00,100 גרם,false,,39.90,0.0570,true,1,9873
7290008415071,false,צבר חומוס עם טחינה 1,,,צבר חומוס עם טחינה 1,גרמים,150.00,100 גרם,false,,4.90,0.0327,true,1,7353
7290008443616,false,מרכך לשיער יבש אדום,,,מרכך לשיער יבש אדום,מיליליטרים,750.00,"100 מ""ל",false,,10.90,0.0145,true,1,11231
7290008443647,false,מרכך לשיער מתולתל סג,,,מרכך לשיער מתולתל סג,מיליליטרים,750.00,"100 מ""ל",false,,10.90,0.0145,true,1,11233
7290008461221,false,סרדינים רוברט שמן חמ,,,סרדינים רוברט שמן חמ,גרמים,115.00,100 גרם,false,,6.90,0.0600,true,1,26393
7290008461238,false,סרדינים רוברט בשמן ח,,,סרדינים רוברט בשמן ח,גרמים,115.00,100 גרם,false,,6.90,0.0600,true,1,26394
7290008462204,false,חרדל דיזון מקורי 380,,,חרדל דיזון מקורי 380,גרמים,380.00,100 גרם,false,,9.90,0.0261,true,1,16287
7290008464024,false,גולדסטאר לא מסונן פח,,,גולדסטאר לא מסונן פח,מיליליטרים,500.00,"100 מ""ל",false,,8.90,0.0178,true,1,3461
7290008464130,false,גולדסטאר לא מסונן 6*,,,גולדסטאר לא מסונן 6*,ליטרים,1.98,ליטר,false,,34.90,17.6263,true,1,3463
7290008464345,false,"גולדסטאר בירה ח""פ 33",,,"גולדסטאר בירה ח""פ 33",יחידה,330.00,יחידה,false,,6.90,0.0209,true,1,3467
7290008464406,false,פפסי מקס פחית להחזרה,,,פפסי מקס פחית להחזרה,מיליליטרים,330.00,"100 מ""ל",false,,4.00,0.0121,true,1,3468
7290008464468,false,"גולדסטאר פחית 500מ""ל",,,"גולדסטאר פחית 500מ""ל",מיליליטרים,500.00,"100 מ""ל",false,,7.90,0.0158,true,1,3469
7290008464505,false,סן בנדטו 0.5ל. מים מ,,,סן בנדטו 0.5ל. מים מ,מיליליטרים,500.00,"100 מ""ל",false,,3.50,0.0070,true,1,3471
7290008464611,false,"מי סודה טמפו 275 מ""ל",,,"מי סודה טמפו 275 מ""ל",מיליליטרים,275.00,"100 מ""ל",false,,3.90,0.0142,true,1,3473
7290008464673,false,גולדסטאר SLOWBREW 10,,,גולדסטאר SLOWBREW 10,מיליליטרים,500.00,"100 מ""ל",false,,7.90,0.0158,true,1,3474
7290008464697,false,מכבי 7.9% בקבוק 6* 3,,,מכבי 7.9% בקבוק 6* 3,ליטרים,1.98,ליטר,false,,31.90,16.1111,true,1,3475
7290008464734,false,גולדסטאר SLOW BREW 3,,,גולדסטאר SLOW BREW 3,ליטרים,1.98,ליטר,false,,39.90,20.1515,true,1,3477
7290008464741,false,"גולדסטאר ח""פ בקבוק 6",,,"גולדסטאר ח""פ בקבוק 6",ליטרים,1.98,ליטר,false,,34.90,17.6263,true,1,3478
7290008464796,false,"הייניקן בקבוק ח""פ 6*",,,"הייניקן בקבוק ח""פ 6*",ליטרים,1.98,ליטר,false,,34.90,17.6263,true,1,3479
7290008466639,false,רוגלך ירושלמי ברליס,,,רוגלך ירושלמי ברליס,גרמים,300.00,100 גרם,false,,19.90,0.0663,true,1,28814
7290008466646,false,שניק קינמון ברליס 30,,,שניק קינמון ברליס 30,גרמים,300.00,100 גרם,false,,19.90,0.0663,true,1,28815
7290008500128,false,עוגת שמרים טעם שוקול,,,עוגת שמרים טעם שוקול,גרמים,500.00,100 גרם,false,,25.90,0.0518,true,1,18923
7290008500142,false,"עוגת שמרים טעם תפו""ע",,,"עוגת שמרים טעם תפו""ע",גרמים,480.00,100 גרם,false,,25.90,0.0540,true,1,18925
7290008644112,false,אחלה מטבוחה 125ג,,,אחלה מטבוחה 125ג,גרמים,125.00,100 גרם,false,,4.70,0.0376,true,1,9053
7290008644235,false,עלי בייבי 120 ג ירקו,,,עלי בייבי 120 ג ירקו,גרמים,120.00,100 גרם,false,,9.90,0.0825,true,1,9054
7290008644945,false,סלט המושבה 450 ג ירק,,,סלט המושבה 450 ג ירק,גרמים,450.00,100 גרם,false,,10.90,0.0242,true,1,9056
7290008693134,false,דניאלה תות מעדן גבינ,,,דניאלה תות מעדן גבינ,מיליליטרים,150.00,"100 מ""ל",false,,3.90,0.0260,true,1,9058
7290008713900,false,לחם שיפון עגול אנגל,,,לחם שיפון עגול אנגל,גרמים,750.00,100 גרם,false,,12.50,0.0167,true,1,13052
7290008745239,false,תפוציפס קראנץ טבעי 5,,,תפוציפס קראנץ טבעי 5,גרמים,50.00,100 גרם,false,,3.50,0.0700,true,1,9301
7290008747547,false,תפוציפס קראנץ טבעי 2,,,תפוציפס קראנץ טבעי 2,גרמים,200.00,100 גרם,false,,9.90,0.0495,true,1,9302
7290008752244,false,תפוציפס קראנץ גריל 5,,,תפוציפס קראנץ גריל 5,גרמים,50.00,100 גרם,false,,3.50,0.0700,true,1,9303
7290008753111,false,תפוציפס מקסיקני 50גר,,,תפוציפס מקסיקני 50גר,גרמים,50.00,100 גרם,false,,3.50,0.0700,true,1,9304
7290008775816,false,ערגליות שוקולד 300 ג,,,ערגליות שוקולד 300 ג,גרמים,300.00,100 גרם,false,,9.90,0.0330,true,1,6813
7290008775823,false,ערגליות תות שדה 300,,,ערגליות תות שדה 300,גרמים,300.00,100 גרם,false,,9.90,0.0330,true,1,6814
7290008801010,false,יין  P.C  קברנה סובי,,,יין  P.C  קברנה סובי,מיליליטרים,750.00,"100 מ""ל",false,,39.90,0.0532,true,1,268
7290008801157,false,יין סלקטד מרלו 750 מ,,,יין סלקטד מרלו 750 מ,מיליליטרים,750.00,"100 מ""ל",false,,29.90,0.0399,true,1,271
7290008801546,false,יין קונקורד קינג דיו,,,יין קונקורד קינג דיו,מיליליטרים,750.00,"100 מ""ל",false,,19.90,0.0265,true,1,275
7290008801843,false,יין סלקטד קברנה סובנ,,,יין סלקטד קברנה סובנ,מיליליטרים,750.00,"100 מ""ל",false,,29.90,0.0399,true,1,276
7290008801850,false,יין סלקטד אמרלד ריזל,,,יין סלקטד אמרלד ריזל,מיליליטרים,750.00,"100 מ""ל",false,,29.90,0.0399,true,1,277
7290008802291,false,"יין  P.C  מרלו 750מ""",,,"יין  P.C  מרלו 750מ""",מיליליטרים,750.00,"100 מ""ל",false,,39.90,0.0532,true,1,278
7290008802529,false,יין וינו לבן יבש,,,יין וינו לבן יבש,מיליליטרים,750.00,"100 מ""ל",false,,19.90,0.0265,true,1,280
7290008804189,false,קברנה סוביניון סדרה,,,קברנה סוביניון סדרה,מיליליטרים,750.00,"100 מ""ל",false,,59.90,0.0799,true,1,284
7290008805049,false,יין סלקטד רוזה כרמל,,,יין סלקטד רוזה כרמל,מיליליטרים,750.00,"100 מ""ל",false,,29.90,0.0399,true,1,289
7290008805520,false,יין סלקטד קברנה סובנ,,,יין סלקטד קברנה סובנ,מיליליטרים,750.00,"100 מ""ל",false,,29.90,0.0399,true,1,291
7290008806961,false,קרמיסימו שוקולד שבבי,,,קרמיסימו שוקולד שבבי,ליטרים,1.33,ליטר,false,,17.90,13.4586,true,1,1750
7290008806985,false,קרמיסימו נישנושים ש.,,,קרמיסימו נישנושים ש.,גרמים,630.00,100 גרם,false,,41.90,0.0665,true,1,1751
7290008830676,false,"פריט מבצע 5 ש""ח",,,"פריט מבצע 5 ש""ח",יחידה,0.00,יחידה,false,,5.00,0.0000,true,1,18677
7290008830690,false,"פריט מבצע 10 ש""ח.",,,"פריט מבצע 10 ש""ח.",יחידה,0.00,יחידה,false,,10.00,0.0000,true,1,18678
7290008849838,false,אוליביה טפנד זיתים 1,,,אוליביה טפנד זיתים 1,גרמים,180.00,100 גרם,false,,11.90,0.0661,true,1,10109
7290008849845,false,אוליביה אריסה פיקנטי,,,אוליביה אריסה פיקנטי,גרמים,185.00,100 גרם,false,,11.90,0.0643,true,1,10110
7290008909853,false,קוקה קולה זירו 500 מ,,,קוקה קולה זירו 500 מ,מיליליטרים,500.00,"100 מ""ל",false,,6.00,0.0120,true,1,2655
7290008975551,false,מטרנה מהדרין  שלב 3,,,מטרנה מהדרין  שלב 3,גרמים,700.00,100 גרם,false,,47.90,0.0684,true,1,6816
7290009018004,false,פיקדון בקבוק/פחית בו,,,פיקדון בקבוק/פחית בו,יחידה,0.00,יחידה,false,,0.30,0.0000,true,1,12
7290009018011,false,פיקדון בקבוק/פחיות ש,,,פיקדון בקבוק/פחיות ש,יחידה,0.00,יחידה,false,,1.80,0.0000,true,1,23
7290009018264,false,פיקדון בקבוק/פחית רב,,,פיקדון בקבוק/פחית רב,יחידה,0.00,יחידה,false,,1.20,0.0000,true,1,30
7290009023480,false,פיקדון בקבוק 12 יח,,,פיקדון בקבוק 12 יח,יחידה,0.00,יחידה,false,,3.60,0.0000,true,1,18375
7290009174397,false,כריך עובד מגה,,,כריך עובד מגה,יחידה,0.00,יחידה,false,,1.50,0.0000,true,1,32874
7290010002092,false,מימון פלפל שחור גרוס,,,מימון פלפל שחור גרוס,גרמים,90.00,100 גרם,false,,15.50,0.1722,true,1,96
7290010002122,false,מימון פפריקה הונגרית,,,מימון פפריקה הונגרית,גרמים,100.00,100 גרם,false,,11.60,0.1160,true,1,98
7290010002191,false,מימון מקלות קינמון ב,,,מימון מקלות קינמון ב,גרמים,70.00,100 גרם,false,,10.00,0.1429,true,1,102
7290010002214,false,מימון צילי גרוס 80 ג,,,מימון צילי גרוס 80 ג,גרמים,80.00,100 גרם,false,,11.60,0.1450,true,1,104
7290010002290,false,מימון תערובת לשווארמ,,,מימון תערובת לשווארמ,גרמים,100.00,100 גרם,false,,11.60,0.1160,true,1,106
7290010002481,false,מימון שום טחון במיכל,,,מימון שום טחון במיכל,גרמים,100.00,100 גרם,false,,15.50,0.1550,true,1,121
7290010002696,false,אקסטרא צ'יפס אורז חו,,,אקסטרא צ'יפס אורז חו,גרמים,60.00,100 גרם,false,,6.90,0.1150,true,1,18725
7290010003051,false,מימון פפריקה הונגרית,,,מימון פפריקה הונגרית,גרמים,400.00,100 גרם,false,,24.90,0.0622,true,1,126
7290010003075,false,מימון פפריקה מרוקאית,,,מימון פפריקה מרוקאית,גרמים,400.00,100 גרם,false,,24.90,0.0622,true,1,127
7290010003792,false,מימון מלח לימון שקית,,,מימון מלח לימון שקית,גרמים,100.00,100 גרם,false,,5.90,0.0590,true,1,136
7290010003822,false,מימון פפריקה חריפה ש,,,מימון פפריקה חריפה ש,גרמים,80.00,100 גרם,false,,5.90,0.0738,true,1,139
7290010003839,false,מימון קינמון טחון שק,,,מימון קינמון טחון שק,גרמים,80.00,100 גרם,false,,5.90,0.0738,true,1,140
7290010004348,false,מימון פ פריקה מתוקה,,,מימון פ פריקה מתוקה,גרמים,250.00,100 גרם,false,,21.90,0.0876,true,1,143
7290010065318,false,מחית פרינוק גוניור ת,,,מחית פרינוק גוניור ת,גרמים,190.00,100 גרם,false,,5.90,0.0311,true,1,17663
7290010065349,false,מחית פרינוק גוניור ס,,,מחית פרינוק גוניור ס,גרמים,190.00,100 גרם,false,,5.90,0.0311,true,1,17665
7290010065745,false,פרינוק ג'וניור לפתן,,,פרינוק ג'וניור לפתן,גרמים,190.00,100 גרם,false,,5.90,0.0311,true,1,17666
7290010066513,false,נתחי טונה בשמן צמחי,,,נתחי טונה בשמן צמחי,גרמים,632.00,100 גרם,false,,22.90,0.0362,true,1,10304
7290010066575,false,נתחי טונה במים פילטו,,,נתחי טונה במים פילטו,גרמים,632.00,100 גרם,false,,22.90,0.0362,true,1,10306
7290010066582,false,נתחי טונה בשמן קנולה,,,נתחי טונה בשמן קנולה,גרמים,632.00,100 גרם,false,,22.90,0.0362,true,1,10307
7290010117864,false,דוריטוס חריף אש 70 ג,,,דוריטוס חריף אש 70 ג,גרמים,70.00,100 גרם,false,,3.20,0.0457,true,1,9305
7290010118328,false,תפוצ'יפס טבעי 6*40 ג,,,תפוצ'יפס טבעי 6*40 ג,גרמים,240.00,100 גרם,false,,11.90,0.0496,true,1,9307
7290010124107,false,סטייק בורגר 400 גרם,,,סטייק בורגר 400 גרם,גרמים,400.00,100 גרם,false,,15.90,0.0398,true,1,13012
7290010124190,false,שניצל בקר מלינסה אל,,,שניצל בקר מלינסה אל,גרמים,250.00,100 גרם,false,,12.90,0.0516,true,1,13013
7290010124503,false,שומן כבש 200 גר',,,שומן כבש 200 גר',גרמים,200.00,100 גרם,false,,10.90,0.0545,true,1,13015
7290010129003,false,עוגיות אוזניים 600גר,,,עוגיות אוזניים 600גר,גרמים,600.00,100 גרם,false,,19.90,0.0332,true,1,7516
7290010129010,false,עוגיות ריבה 600גר,,,עוגיות ריבה 600גר,גרמים,600.00,100 גרם,false,,19.90,0.0332,true,1,7517
7290010129553,false,עוגיות רולדה תמרים 6,,,עוגיות רולדה תמרים 6,גרמים,600.00,100 גרם,false,,19.90,0.0332,true,1,7532
7290010129652,false,עוגיות לקפה דולצ'ה ו,,,עוגיות לקפה דולצ'ה ו,גרמים,350.00,100 גרם,false,,16.90,0.0483,true,1,7539
7290010129720,false,עוגיות שמרים שניק קי,,,עוגיות שמרים שניק קי,גרמים,400.00,100 גרם,false,,11.90,0.0298,true,1,7544
7290010129959,false,עוגיות שמרים רוגלעך,,,עוגיות שמרים רוגלעך,גרמים,400.00,100 גרם,false,,11.90,0.0298,true,1,7548
7290010153510,false,בורגול מיה 500 גרם,,,בורגול מיה 500 גרם,גרמים,500.00,100 גרם,false,,3.90,0.0078,true,1,5449
7290010153534,false,קמח תירס מיה 400 גרם,,,קמח תירס מיה 400 גרם,גרמים,400.00,100 גרם,false,,5.90,0.0148,true,1,5451
7290010153787,false,ציפוי לשניצל עם שום,,,ציפוי לשניצל עם שום,גרמים,500.00,100 גרם,false,,8.90,0.0178,true,1,5457
7290010154012,false,לימון כבוש 250 ביטון,,,לימון כבוש 250 ביטון,גרמים,250.00,100 גרם,false,,12.90,0.0516,true,1,6077
7290010154029,false,250 אריסה מתוקה ביטו,,,250 אריסה מתוקה ביטו,גרמים,250.00,100 גרם,false,,12.90,0.0516,true,1,6078
7290010154265,false,פלפל צ`ומה ביטון 250,,,פלפל צ`ומה ביטון 250,גרמים,250.00,100 גרם,false,,12.90,0.0516,true,1,6081
7290010154678,false,יוחאי ביטון אריסה מר,,,יוחאי ביטון אריסה מר,גרמים,250.00,100 גרם,false,,12.90,0.0516,true,1,6084
7290010154685,false,סלט שום כתוש 250 גר',,,סלט שום כתוש 250 גר',גרמים,250.00,100 גרם,false,,12.90,0.0516,true,1,6085
7290010192007,false,פטרוזיליה,,,פטרוזיליה,יח',1.00,יח',false,,3.50,3.5000,true,1,13117
7290010192014,false,שמיר,,,שמיר,יח',1.00,יח',false,,3.50,3.5000,true,1,13118
7290010192021,false,כוסברה,,,כוסברה,יח',1.00,יח',false,,3.50,3.5000,true,1,13119
7290010192038,false,שורש פטרוזיליה ארוז,,,שורש פטרוזיליה ארוז,יח',1.00,יח',false,,5.90,5.9000,true,1,13120
7290010192045,false,נענע יחידה,,,נענע יחידה,יח',1.00,יח',false,,3.50,3.5000,true,1,13121
7290010192052,false,סלרי עלים (אמריקאי),,,סלרי עלים (אמריקאי),יח',1.00,יח',false,,5.90,5.9000,true,1,13122
7290010192069,false,סלרי ראש ארוז,,,סלרי ראש ארוז,יח',1.00,יח',false,,5.90,5.9000,true,1,13123
7290010192083,false,מנגולד ארוז,,,מנגולד ארוז,יח',1.00,יח',false,,6.90,6.9000,true,1,13124
7290010192137,false,לוף ארוז ליח,,,לוף ארוז ליח,יח',1.00,יח',false,,8.90,8.9000,true,1,13125
7290010237548,false,"פפסי מקס 500 מ""ל",,,"פפסי מקס 500 מ""ל",מיליליטרים,500.00,"100 מ""ל",false,,3.90,0.0078,true,1,3481
7290010237586,false,דיאט סבן אפ 500 מ'ל,,,דיאט סבן אפ 500 מ'ל,מיליליטרים,500.00,"100 מ""ל",false,,3.90,0.0078,true,1,3484
7290010237685,false,היינקן בירה צואר ארו,,,היינקן בירה צואר ארו,מיליליטרים,330.00,"100 מ""ל",false,,10.30,0.0312,true,1,3485
7290010237784,false,מכבי שנדי לימון ליים,,,מכבי שנדי לימון ליים,ליטרים,1.98,ליטר,false,,28.90,14.5960,true,1,3487
7290010259830,false,נודלס בטעם סיני פיקנ,,,נודלס בטעם סיני פיקנ,גרמים,70.00,100 גרם,false,,4.90,0.0700,true,1,1290
7290010259854,false,נודלס בטעם פטריות מנ,,,נודלס בטעם פטריות מנ,גרמים,70.00,100 גרם,false,,4.90,0.0700,true,1,1292
7290010259861,false,נודלס בטעם ירקות מנת,,,נודלס בטעם ירקות מנת,גרמים,70.00,100 גרם,false,,4.90,0.0700,true,1,1293
7290010259977,false,שמן קנולה ויליפוד 1,,,שמן קנולה ויליפוד 1,ליטרים,1.00,ליטר,false,,8.90,8.9000,true,1,26465
7290010259991,false,"צנימים בד""ץ וילי פוד",,,"צנימים בד""ץ וילי פוד",גרמים,250.00,100 גרם,false,,7.40,0.0296,true,1,1296
7290010279227,false,זיקוק 15 ס`מ 6 יח`,,,זיקוק 15 ס`מ 6 יח`,יחידה,0.00,יחידה,false,,14.00,0.0000,true,1,40316
7290010429554,false,שמן זית כתית מעולה 2,,,שמן זית כתית מעולה 2,מיליליטרים,750.00,"100 מ""ל",false,,32.90,0.0439,true,1,8569
7290010439287,false,מגבת גוף ענק חלק,,,מגבת גוף ענק חלק,יחידה,0.00,יחידה,false,,39.90,0.0000,true,1,32740
7290010471669,false,דנונה קראנצ' יוגורט,,,דנונה קראנצ' יוגורט,מיליליטרים,175.00,"100 מ""ל",false,,4.30,0.0246,true,1,9059
7290010472307,false,גמדים לשתיה תות בננה,,,גמדים לשתיה תות בננה,מיליליטרים,864.00,"100 מ""ל",false,,19.90,0.0230,true,1,9060
7290010472390,false,מארז  דני  שוקולד 8*,,,מארז  דני  שוקולד 8*,מיליליטרים,1000.00,"100 מ""ל",false,,15.90,0.0159,true,1,9061
7290010627004,false,טחינה ירושלים 500 גר,,,טחינה ירושלים 500 גר,גרמים,500.00,100 גרם,false,,13.90,0.0278,true,1,9480
7290010627844,false,טחינה ירושלים 500 מל,,,טחינה ירושלים 500 מל,גרמים,500.00,100 גרם,false,,13.90,0.0278,true,1,9481
7290010650255,false,לקט פטריות מיובשות ל,,,לקט פטריות מיובשות ל,גרמים,40.00,100 גרם,false,,9.90,0.2475,true,1,16781
7290010650279,false,לקט פיטריות לפסטה 25,,,לקט פיטריות לפסטה 25,גרמים,25.00,100 גרם,false,,9.90,0.3960,true,1,16782
7290010718627,false,אל סבון נוזלי ירוק פ,,,אל סבון נוזלי ירוק פ,יחידה,0.00,יחידה,false,,9.80,0.0000,true,1,6492
7290010718634,false,אל סבון נוזלי לבן פנ,,,אל סבון נוזלי לבן פנ,יחידה,0.00,יחידה,false,,9.80,0.0000,true,1,6493
7290010838219,false,סטיביה 100 שקיות,,,סטיביה 100 שקיות,גרמים,100.00,100 גרם,false,,29.90,0.2990,true,1,2200
7290010883356,false,סנו סושי זוג כפפות א,,,סנו סושי זוג כפפות א,יחידה,0.00,יחידה,false,,8.90,0.0000,true,1,11236
7290010883370,false,סנו סושי זוג כפפות א,,,סנו סושי זוג כפפות א,יחידה,0.00,יחידה,false,,8.90,0.0000,true,1,11238
7290010931330,false,אחלה מטבוחה 500ג,,,אחלה מטבוחה 500ג,גרמים,500.00,100 גרם,false,,13.90,0.0278,true,1,9062
7290010945450,false,טרה גבינה לבנה מהדרי,,,טרה גבינה לבנה מהדרי,גרמים,250.00,100 גרם,false,,4.95,0.0198,true,1,2446
7290011015862,false,סירופ דיאט לימונענע,,,סירופ דיאט לימונענע,מיליליטרים,750.00,"100 מ""ל",false,,21.90,0.0292,true,1,2658
7290011017866,false,קוקה קולה פחית סליק,,,קוקה קולה פחית סליק,מיליליטרים,330.00,"100 מ""ל",false,,5.00,0.0152,true,1,2661
7290011017873,false,ZERO קולה פחית סליק,,,ZERO קולה פחית סליק,מיליליטרים,330.00,"100 מ""ל",false,,5.00,0.0152,true,1,2662
7290011017880,false,קולה דיאט פחית סליק,,,קולה דיאט פחית סליק,מיליליטרים,330.00,"100 מ""ל",false,,5.00,0.0152,true,1,2663
7290011018368,false,ויינשטפן בירה לבנה 6,,,ויינשטפן בירה לבנה 6,ליטרים,1.98,ליטר,false,,59.90,30.2525,true,1,2664
7290011018832,false,קוקה קולה פרידג' פאק,,,קוקה קולה פרידג' פאק,ליטרים,1.98,ליטר,false,,22.00,11.1111,true,1,2669
7290011018924,false,דיאט קוקה קולה פרידג,,,דיאט קוקה קולה פרידג,ליטרים,1.98,ליטר,false,,22.00,11.1111,true,1,2671
7290011026066,false,סרקל שמפו + מרכך ליל,,,סרקל שמפו + מרכך ליל,יחידה,0.00,יחידה,false,,23.90,0.0000,true,1,10825
7290011051525,false,ספרינג טי קר אפרסק 5,,,ספרינג טי קר אפרסק 5,מיליליטרים,500.00,"100 מ""ל",false,,5.00,0.0100,true,1,4309
7290011064099,false,נועם פלפלוני שרי ממו,,,נועם פלפלוני שרי ממו,גרמים,125.00,100 גרם,false,,19.90,0.1592,true,1,37577
7290011131371,false,מיזלי קראנצ' שקדים ג,,,מיזלי קראנצ' שקדים ג,קילוגרמים,1.00,"ק""ג",false,,24.90,24.9000,true,1,5121
7290011131654,false,מיזלי ביג מיקס גרין,,,מיזלי ביג מיקס גרין,קילוגרמים,1.00,"ק""ג",false,,24.90,24.9000,true,1,5126
7290011132507,false,סאן בנדטו מוגז עדין,,,סאן בנדטו מוגז עדין,מיליליטרים,500.00,"100 מ""ל",false,,2.90,0.0058,true,1,3489
7290011133375,false,מכבי שנדי אפרסק בקבו,,,מכבי שנדי אפרסק בקבו,ליטרים,1.98,ליטר,false,,28.90,14.5960,true,1,3492
7290011133634,false,שישיית פחיות פפסי מק,,,שישיית פחיות פפסי מק,ליטרים,1.98,ליטר,false,,17.90,9.0404,true,1,3494
7290011148911,false,פלפלים מתוקים טינקרב,,,פלפלים מתוקים טינקרב,גרמים,300.00,100 גרם,false,,7.90,0.0263,true,1,13128
7290011154080,false,תרכיז תפוחים צלול טע,,,תרכיז תפוחים צלול טע,מיליליטרים,500.00,"100 מ""ל",false,,19.90,0.0398,true,1,20379
7290011194215,false,"דניאלה בננה 150 מ""ל",,,"דניאלה בננה 150 מ""ל",מיליליטרים,150.00,"100 מ""ל",false,,3.90,0.0260,true,1,9063
7290011249748,false,גילרו רולים שוקו 100,,,גילרו רולים שוקו 100,גרמים,100.00,100 גרם,false,,2.90,0.0290,true,1,14017
7290011249755,false,רולים אגוז 100 גרם,,,רולים אגוז 100 גרם,גרמים,100.00,100 גרם,false,,2.90,0.0290,true,1,14018
7290011254032,false,קינואה 500 גרם,,,קינואה 500 גרם,גרמים,500.00,100 גרם,false,,9.90,0.0198,true,1,5472
7290011378769,false,בארכה בקטנה מאגדת ונ,,,בארכה בקטנה מאגדת ונ,גרמים,120.00,100 גרם,false,,10.90,0.0908,true,1,6822
7290011379018,false,פטריות צמד חמד,,,פטריות צמד חמד,גרמים,500.00,100 גרם,false,,15.90,0.0318,true,1,14134
7290011438142,false,יטבתה אייס קפה בבקבו,,,יטבתה אייס קפה בבקבו,מיליליטרים,350.00,"100 מ""ל",false,,6.20,0.0177,true,1,9066
7290011447281,false,מטרנה חלבי שלב 2  70,,,מטרנה חלבי שלב 2  70,גרמים,700.00,100 גרם,false,,47.90,0.0684,true,1,6827
7290011473952,false,שבולת שועל דקה מהיר,,,שבולת שועל דקה מהיר,גרמים,400.00,100 גרם,false,,5.90,0.0148,true,1,19140
7290011499051,false,גד פטה כבשים גביע 20,,,גד פטה כבשים גביע 20,גרמים,250.00,100 גרם,false,,24.90,0.0996,true,1,5258
7290011499105,false,גד בולגרית 5% 250ג,,,גד בולגרית 5% 250ג,גרמים,250.00,100 גרם,false,,21.90,0.0876,true,1,5259
7290011499112,false,גד בולגרית 16% 250ג,,,גד בולגרית 16% 250ג,גרמים,250.00,100 גרם,false,,21.90,0.0876,true,1,5260
7290011499129,false,גד בולגרית מעודנת קו,,,גד בולגרית מעודנת קו,גרמים,200.00,100 גרם,false,,19.90,0.0995,true,1,5261
7290011499327,false,גד בולגרית בקר מעודנ,,,גד בולגרית בקר מעודנ,גרמים,250.00,100 גרם,false,,21.90,0.0876,true,1,5263
7290011499358,false,גד פטה עיזים 20% 200,,,גד פטה עיזים 20% 200,גרמים,200.00,100 גרם,false,,24.90,0.1245,true,1,5265
7290011499365,false,גד חלומי 24% 200ג,,,גד חלומי 24% 200ג,גרמים,200.00,100 גרם,false,,19.90,0.0995,true,1,5266
7290011499419,false,גבינה במרקם  שמנת 5%,,,גבינה במרקם  שמנת 5%,גרמים,200.00,100 גרם,false,,11.50,0.0575,true,1,5267
7290011499624,false,גד ניו יורק גבינת שמ,,,גד ניו יורק גבינת שמ,גרמים,200.00,100 גרם,false,,12.90,0.0645,true,1,5269
7290011515911,false,מאגדת לייט ריבת חלב,,,מאגדת לייט ריבת חלב,גרמים,312.00,100 גרם,false,,28.90,0.0926,true,1,5778
7290011518561,false,אקטימל תות משפחתי 14,,,אקטימל תות משפחתי 14,ליטרים,1.40,ליטר,false,,29.90,21.3571,true,1,9067
7290011525712,false,קמיל בלו סנסיטיב לפנ,,,קמיל בלו סנסיטיב לפנ,יחידה,0.00,יחידה,false,,32.90,0.0000,true,1,10828
7290011530525,false,שייק איט יום שלישי 4,,,שייק איט יום שלישי 4,גרמים,450.00,100 גרם,false,,29.90,0.0664,true,1,13019
7290011530747,false,שייק איט יום רביעי 4,,,שייק איט יום רביעי 4,גרמים,450.00,100 גרם,false,,29.90,0.0664,true,1,13023
7290011530945,false,קרפציו עגל 210 גר',,,קרפציו עגל 210 גר',גרמים,210.00,100 גרם,false,,39.90,0.1900,true,1,13024
7290011587123,false,קרם קוקוס תומר 400 מ,,,קרם קוקוס תומר 400 מ,מיליליטרים,400.00,"100 מ""ל",false,,7.90,0.0198,true,1,9608
7290011587468,false,מוזלי קראנצ + אגוז ת,,,מוזלי קראנצ + אגוז ת,גרמים,600.00,100 גרם,false,,12.90,0.0215,true,1,9611
7290011587833,false,עגבניות מיובשות בשמן,,,עגבניות מיובשות בשמן,גרמים,340.00,100 גרם,false,,11.50,0.0338,true,1,9617
7290011593087,false,סבא חביב שמן זית כתי,,,סבא חביב שמן זית כתי,מיליליטרים,750.00,"100 מ""ל",false,,29.90,0.0399,true,1,18888
7290011598211,false,מנקה כללי אנטיקאלק 7,,,מנקה כללי אנטיקאלק 7,מיליליטרים,700.00,"100 מ""ל",false,,17.90,0.0256,true,1,11248
7290011598259,false,סנו פרש אוטומטיק מאס,,,סנו פרש אוטומטיק מאס,מיליליטרים,250.00,"100 מ""ל",false,,13.90,0.0556,true,1,11249
7290011607180,false,"קולון 101 1.25 ק""ג",,,"קולון 101 1.25 ק""ג",קילוגרמים,1.25,"ק""ג",false,,12.90,10.3200,true,1,7788
7290011615260,false,"עלי טורטיה בד""ץ וילי",,,"עלי טורטיה בד""ץ וילי",גרמים,540.00,100 גרם,false,,7.90,0.0146,true,1,1298
7290011622428,false,כתמטמינים-חטיף בריאו,,,כתמטמינים-חטיף בריאו,גרמים,100.00,100 גרם,false,,5.80,0.0580,true,1,1492
7290011659073,false,קוביות שום קפוא 80 ג,,,קוביות שום קפוא 80 ג,גרמים,80.00,100 גרם,false,,9.90,0.1238,true,1,26635
7290011668587,false,גרנולה בטעם עשיר פני,,,גרנולה בטעם עשיר פני,גרמים,500.00,100 גרם,false,,24.90,0.0498,true,1,6499
7290011765118,false,קצף גילוח דליקט קרמה,,,קצף גילוח דליקט קרמה,מיליליטרים,200.00,"100 מ""ל",false,,9.50,0.0475,true,1,11256
7290011765408,false,שמפו+מרכך כיף בוב ספ,,,שמפו+מרכך כיף בוב ספ,מיליליטרים,750.00,"100 מ""ל",false,,9.90,0.0132,true,1,11260
7290011765446,false,משחת שיניים בוב ספוג,,,משחת שיניים בוב ספוג,מיליליטרים,50.00,"100 מ""ל",false,,7.90,0.1580,true,1,11261
7290011765613,false,סנו מתז מסיר עובש בנ,,,סנו מתז מסיר עובש בנ,ליטרים,13.00,ליטר,false,,15.90,1.2231,true,1,11262
7290011800642,false,צבר מטבוחה מרוקאית 4,,,צבר מטבוחה מרוקאית 4,גרמים,400.00,100 גרם,false,,14.90,0.0373,true,1,7356
7290011800840,false,צבר רפי כהן טחינה בל,,,צבר רפי כהן טחינה בל,גרמים,400.00,100 גרם,false,,14.90,0.0373,true,1,7358
7290011860271,false,תפוגן ביס בול טבעי 7,,,תפוגן ביס בול טבעי 7,גרמים,700.00,100 גרם,false,,15.90,0.0227,true,1,7359
7290011877088,false,סנו סושי צמד רדידי א,,,סנו סושי צמד רדידי א,מטרים,15.00,מטר,false,,14.90,0.9933,true,1,11264
7290011877095,false,סנו סושי צמד רדידי א,,,סנו סושי צמד רדידי א,מטרים,15.00,מטר,false,,19.90,1.3267,true,1,36959
7290011877859,false,סנו אינסטלטור פותח ס,,,סנו אינסטלטור פותח ס,מיליליטרים,200.00,"100 מ""ל",false,,13.90,0.0695,true,1,11269
7290011877866,false,אבקת כביסה סנו מקסימ,,,אבקת כביסה סנו מקסימ,קילוגרמים,6.00,"ק""ג",false,,44.90,7.4833,true,1,11270
7290011947743,false,מיקס זית ירוק וזית ק,,,מיקס זית ירוק וזית ק,גרמים,215.00,100 גרם,false,,11.90,0.0553,true,1,9495
7290011964344,false,שום גבישי 120 גר' במ,,,שום גבישי 120 גר' במ,גרמים,120.00,100 גרם,false,,9.90,0.0825,true,1,14290
7290011964658,false,תבלין מלח לימון טעם,,,תבלין מלח לימון טעם,גרמים,170.00,100 גרם,false,,9.90,0.0582,true,1,14292
7290011964702,false,תבלין לשווארמה ללא מ,,,תבלין לשווארמה ללא מ,גרמים,100.00,100 גרם,false,,9.90,0.0990,true,1,25460
7290012001994,false,חרדל דיגון גרעינים 3,,,חרדל דיגון גרעינים 3,גרמים,350.00,100 גרם,false,,9.90,0.0283,true,1,2037
7290012019265,false,"מחית תפו""ע ללא סוכר",,,"מחית תפו""ע ללא סוכר",גרמים,452.00,100 גרם,false,,9.90,0.0219,true,1,9623
7290012086113,false,עגבניות שרי,,,עגבניות שרי,גרמים,500.00,100 גרם,false,,8.90,0.0178,true,1,18043
7290012116063,false,אל סבון כיף פיות בתמ,,,אל סבון כיף פיות בתמ,מיליליטרים,750.00,"100 מ""ל",false,,9.90,0.0132,true,1,11274
7290012116612,false,מארז מברשות שיניים א,,,מארז מברשות שיניים א,יחידה,0.00,יחידה,false,,10.90,0.0000,true,1,11281
7290012116629,false,תחליב סנו די לתינוקו,,,תחליב סנו די לתינוקו,מיליליטרים,50.00,"100 מ""ל",false,,19.90,0.3980,true,1,11282
7290012116735,false,נייר טואלט סופט ג'מב,,,נייר טואלט סופט ג'מב,מטרים,900.00,מטר,false,,39.90,0.0443,true,1,11285
7290012117275,false,סנוקליר שקית מילוי 7,,,סנוקליר שקית מילוי 7,מיליליטרים,750.00,"100 מ""ל",false,,5.90,0.0079,true,1,11288
7290012117428,false,שמפו וג'ל רחצה לגבר,,,שמפו וג'ל רחצה לגבר,מיליליטרים,700.00,"100 מ""ל",false,,15.00,0.0214,true,1,11293
7290012117534,false,סנו מקסימה מרכך קומפ,,,סנו מקסימה מרכך קומפ,יחידה,0.00,יחידה,false,,16.90,0.0000,true,1,11296
7290012117558,false,סנו מקסימה מרכך קומפ,,,סנו מקסימה מרכך קומפ,יחידה,0.00,יחידה,false,,16.90,0.0000,true,1,11298
7290012191053,true,המנגליסט גפרור ארוך,,,המנגליסט גפרור ארוך,יחידה,0.00,יחידה,false,,5.90,0.0000,true,1,26731
7290012191084,false,המנגליסט גפרורים עשי,,,המנגליסט גפרורים עשי,יחידה,0.00,יחידה,false,,2.90,0.0000,true,1,26732
7290012212154,false,מלפפון במלח קטן בצנצ,,,מלפפון במלח קטן בצנצ,גרמים,560.00,100 גרם,false,,12.90,0.0230,true,1,26208
7290012226120,false,זוגלובק קבנוס 135ג.,,,זוגלובק קבנוס 135ג.,גרמים,135.00,100 גרם,false,,9.90,0.0733,true,1,13813
7290012226939,false,זוגלובק קבנוס בטעם צ,,,זוגלובק קבנוס בטעם צ,גרמים,135.00,100 גרם,false,,9.90,0.0733,true,1,13818
7290012227325,false,זוגלובק סלמי מעושן ד,,,זוגלובק סלמי מעושן ד,גרמים,120.00,100 גרם,false,,12.90,0.1075,true,1,13821
7290012227912,false,קבנוס מעודן  זוגלובק,,,קבנוס מעודן  זוגלובק,גרמים,135.00,100 גרם,false,,9.90,0.0733,true,1,13830
7290012227974,false,זוגלובק פסטרמה בדבש,,,זוגלובק פסטרמה בדבש,גרמים,120.00,100 גרם,false,,12.90,0.1075,true,1,13831
7290012227981,false,פסטרמה ברביקיו זוגלו,,,פסטרמה ברביקיו זוגלו,גרמים,120.00,100 גרם,false,,12.90,0.1075,true,1,13832
7290012260827,false,שערות קדאיף  475 גרם,,,שערות קדאיף  475 גרם,גרמים,475.00,100 גרם,false,,13.90,0.0293,true,1,17230
7290012313240,false,מיקס זית ירוק וקלמטה,,,מיקס זית ירוק וקלמטה,גרמים,560.00,100 גרם,false,,11.50,0.0205,true,1,27335
7290012367717,false,קרם ידיים אפקטיב קר,,,קרם ידיים אפקטיב קר,מיליליטרים,150.00,"100 מ""ל",false,,12.90,0.0860,true,1,10831
7290012372209,false,קמח חיטה לבן מנופה ר,,,קמח חיטה לבן מנופה ר,קילוגרמים,1.00,"ק""ג",false,,7.90,7.9000,true,1,28872
7290012404955,false,ספרינג נקטר חמוציות,,,ספרינג נקטר חמוציות,ליטרים,1.25,ליטר,false,,12.40,9.9200,true,1,4313
7290012522581,false,טבעול שניצל תירס ללא,,,טבעול שניצל תירס ללא,גרמים,664.00,100 גרם,false,,19.90,0.0300,true,1,7361
7290012561405,false,בצל חצי מטוגן דורות,,,בצל חצי מטוגן דורות,גרמים,180.00,100 גרם,false,,9.90,0.0550,true,1,7362
7290012642586,false,ערמונים קלופים וקלוי,,,ערמונים קלופים וקלוי,גרמים,100.00,100 גרם,false,,4.90,0.0490,true,1,9626
7290012645075,false,יוגורט כבשים בסגנון,,,יוגורט כבשים בסגנון,גרמים,350.00,100 גרם,false,,11.90,0.0340,true,1,22107
7290012645112,false,יוגורט עיזים בדלי 75,,,יוגורט עיזים בדלי 75,מיליליטרים,750.00,"100 מ""ל",false,,17.90,0.0239,true,1,9070
7290012645174,false,גבינת עיזים 5% חלב ה,,,גבינת עיזים 5% חלב ה,גרמים,200.00,100 גרם,false,,13.90,0.0695,true,1,22109
7290012645389,false,חלב הארץ יוגורט ביו,,,חלב הארץ יוגורט ביו,ליטרים,1.00,ליטר,false,,21.90,21.9000,true,1,9074
7290012803055,false,מרמולייט סוכרלוז 100,,,מרמולייט סוכרלוז 100,גרמים,100.00,100 גרם,false,,19.90,0.1990,true,1,2221
7290012803451,false,טוסו שוקלד מריר 62%,,,טוסו שוקלד מריר 62%,גרמים,100.00,100 גרם,false,,8.90,0.0890,true,1,2227
7290012803765,false,טוסו שוקלד מריר 100ג,,,טוסו שוקלד מריר 100ג,גרמים,100.00,100 גרם,false,,8.90,0.0890,true,1,2229
7290012803772,false,טוסו שוקלד חלב 100ג,,,טוסו שוקלד חלב 100ג,גרמים,100.00,100 גרם,false,,8.90,0.0890,true,1,2230
7290012823251,false,אל סבון יסמין לבנדר,,,אל סבון יסמין לבנדר,ליטרים,1.00,ליטר,false,,10.90,10.9000,true,1,11305
7290012823602,false,נייר טואלט סופט סילק,,,נייר טואלט סופט סילק,מטרים,588.00,מטר,false,,29.90,0.0509,true,1,11315
7290012838026,false,עוגיות מלוחות עדי 35,,,עוגיות מלוחות עדי 35,גרמים,350.00,100 גרם,false,,15.90,0.0454,true,1,28817
7290012850073,false,בי לאב מחית סלט פירו,,,בי לאב מחית סלט פירו,גרמים,190.00,100 גרם,false,,5.90,0.0311,true,1,10920
7290012884986,false,תפוגן ציפס לתנור עד,,,תפוגן ציפס לתנור עד,קילוגרמים,1.50,"ק""ג",false,,24.90,16.6000,true,1,7364
7290012938597,false,משחת שיניים רפיד רלי,,,משחת שיניים רפיד רלי,מיליליטרים,75.00,"100 מ""ל",false,,24.90,0.3320,true,1,1551
7290013027399,false,לחם 100 בתוספת שיפון,,,לחם 100 בתוספת שיפון,גרמים,750.00,100 גרם,false,,12.90,0.0172,true,1,13056
7290013083678,false,מטרנה אקסטרה קר שלב,,,מטרנה אקסטרה קר שלב,גרמים,700.00,100 גרם,false,,58.90,0.0841,true,1,6832
7290013117212,false,בורקס פילו גבינה מעד,,,בורקס פילו גבינה מעד,גרמים,600.00,100 גרם,false,,19.90,0.0332,true,1,13165
7290013117236,false,בורקס פילו פיצה מעדנ,,,בורקס פילו פיצה מעדנ,גרמים,600.00,100 גרם,false,,19.90,0.0332,true,1,13167
7290013117243,false,בורקס פילו בולגרית מ,,,בורקס פילו בולגרית מ,גרמים,600.00,100 גרם,false,,19.90,0.0332,true,1,13168
7290013117427,false,מעדנות בצק פריך מרוד,,,מעדנות בצק פריך מרוד,גרמים,900.00,100 גרם,false,,22.90,0.0254,true,1,13170
7290013117526,false,מעדנות בצק שמרים למא,,,מעדנות בצק שמרים למא,גרמים,900.00,100 גרם,false,,22.90,0.0254,true,1,13171
7290013121028,false,לחם לבן ללא גלוטן גר,,,לחם לבן ללא גלוטן גר,גרמים,500.00,100 גרם,false,,17.90,0.0358,true,1,17231
7290013121127,false,לחמניות מיני ללא גלו,,,לחמניות מיני ללא גלו,גרמים,480.00,100 גרם,false,,17.90,0.0373,true,1,17234
7290013144232,false,פודינג וניל 85 גרם,,,פודינג וניל 85 גרם,גרמים,80.00,100 גרם,false,,4.90,0.0613,true,1,163
7290013144393,false,תמצית בטעם וניל 50גר,,,תמצית בטעם וניל 50גר,גרמים,50.00,100 גרם,false,,4.90,0.0980,true,1,171
7290013144409,false,תמצית בטעם רום 50גר,,,תמצית בטעם רום 50גר,מיליליטרים,50.00,"100 מ""ל",false,,4.90,0.0980,true,1,172
7290013144539,false,צבע מאכל אדום 50גר,,,צבע מאכל אדום 50גר,גרמים,50.00,100 גרם,false,,4.30,0.0860,true,1,177
7290013144751,false,מימונס סירופ בטעם מי,,,מימונס סירופ בטעם מי,מיליליטרים,500.00,"100 מ""ל",false,,13.90,0.0278,true,1,180
7290013145178,false,קוקוס טחון לבן 100 ג,,,קוקוס טחון לבן 100 ג,גרמים,100.00,100 גרם,false,,4.50,0.0450,true,1,197
7290013145215,false,שומשום 400גר,,,שומשום 400גר,גרמים,400.00,100 גרם,false,,14.90,0.0373,true,1,199
7290013145390,false,מימונס שוקולד ציפס מ,,,מימונס שוקולד ציפס מ,גרמים,250.00,100 גרם,false,,8.90,0.0356,true,1,202
7290013145840,false,מימונס סוכר וניל 10*,,,מימונס סוכר וניל 10*,גרמים,100.00,100 גרם,false,,2.20,0.0220,true,1,218
7290013145857,false,אבקת אפיה 10* 10 גרם,,,אבקת אפיה 10* 10 גרם,גרמים,100.00,100 גרם,false,,2.20,0.0220,true,1,219
7290013145901,false,סודה לשתיה 100 גרם,,,סודה לשתיה 100 גרם,גרמים,100.00,100 גרם,false,,1.90,0.0190,true,1,222
7290013145918,false,אבקת סוכר 100 גרם,,,אבקת סוכר 100 גרם,גרמים,100.00,100 גרם,false,,1.90,0.0190,true,1,223
7290013145956,false,מימונס שמרים יבשים ב,,,מימונס שמרים יבשים ב,גרמים,500.00,100 גרם,false,,13.90,0.0278,true,1,225
7290013145970,false,מימונס קורנפלור 200,,,מימונס קורנפלור 200,גרמים,200.00,100 גרם,false,,3.90,0.0195,true,1,227
7290013156006,false,עוגיות  מרוקאיות גיק,,,עוגיות  מרוקאיות גיק,גרמים,350.00,100 גרם,false,,15.90,0.0454,true,1,28818
7290013156822,false,עוגיות רייף גיקובס 3,,,עוגיות רייף גיקובס 3,גרמים,350.00,100 גרם,false,,15.90,0.0454,true,1,28821
7290013156846,false,עוגיות מלוחות גיקובס,,,עוגיות מלוחות גיקובס,גרמים,350.00,100 גרם,false,,15.90,0.0454,true,1,28822
7290013156914,false,עוגיות כעך טוניסאי ג,,,עוגיות כעך טוניסאי ג,גרמים,350.00,100 גרם,false,,15.90,0.0454,true,1,28823
7290013156921,false,"עוגיות  מרוקאיות לל""",,,"עוגיות  מרוקאיות לל""",גרמים,350.00,100 גרם,false,,15.90,0.0454,true,1,28824
7290013203182,false,שרי מנומר -ליקופן,,,שרי מנומר -ליקופן,גרמים,200.00,100 גרם,false,,9.90,0.0495,true,1,18044
7290013215123,false,פטריות שמפניון למילו,,,פטריות שמפניון למילו,יח',1.00,יח',false,,19.90,19.9000,true,1,24288
7290013220103,false,דובדבן קפוא 500 גרם,,,דובדבן קפוא 500 גרם,גרמים,500.00,100 גרם,false,,19.90,0.0398,true,1,17242
7290013220134,false,פירות יער 500 גרם בק,,,פירות יער 500 גרם בק,גרמים,500.00,100 גרם,false,,19.90,0.0398,true,1,17244
7290013220318,false,חמוציות יער 400 גרם,,,חמוציות יער 400 גרם,גרמים,400.00,100 גרם,false,,19.90,0.0497,true,1,26637
7290013220349,false,דומדמנית אדומה 500 ג,,,דומדמנית אדומה 500 ג,גרמים,500.00,100 גרם,false,,19.90,0.0398,true,1,26638
7290013220899,false,תות שדה קפוא 500 גרם,,,תות שדה קפוא 500 גרם,גרמים,500.00,100 גרם,false,,19.90,0.0398,true,1,17245
7290013221001,false,אננס 500 גרם בקופסא,,,אננס 500 גרם בקופסא,גרמים,500.00,100 גרם,false,,19.90,0.0398,true,1,17247
7290013221018,false,מנגו 500 גרם בקופסא,,,מנגו 500 גרם בקופסא,גרמים,500.00,100 גרם,false,,19.90,0.0398,true,1,17248
7290013268020,false,סנו מקסימה אולטרא פר,,,סנו מקסימה אולטרא פר,יחידה,0.00,יחידה,false,,16.90,0.0000,true,1,11320
7290013268242,false,ריצפז פרש הום בניחוח,,,ריצפז פרש הום בניחוח,ליטרים,2.00,ליטר,false,,19.90,9.9500,true,1,11325
7290013268938,false,סנובון שלישיה מאסק 3,,,סנובון שלישיה מאסק 3,גרמים,195.00,100 גרם,false,,10.90,0.0559,true,1,11335
7290013268983,false,מקסימה מרכך כביסה בב,,,מקסימה מרכך כביסה בב,יחידה,0.00,יחידה,false,,16.90,0.0000,true,1,22994
7290013268990,false,סנו מקסימה מרכך מרוכ,,,סנו מקסימה מרכך מרוכ,יחידה,0.00,יחידה,false,,16.90,0.0000,true,1,11336
7290013269003,false,סנו מקסימה קר בייבי,,,סנו מקסימה קר בייבי,ליטרים,1.00,ליטר,false,,17.90,17.9000,true,1,11337
7290013269300,false,סנו סושי פלסטיק נצמד,,,סנו סושי פלסטיק נצמד,מטרים,150.00,מטר,false,,23.90,0.1593,true,1,11340
7290013269652,false,פוליויקס גרניט פורצל,,,פוליויקס גרניט פורצל,ליטרים,2.00,ליטר,false,,19.90,9.9500,true,1,11346
7290013269669,false,ריצפז פנטזיה 3ל,,,ריצפז פנטזיה 3ל,ליטרים,3.00,ליטר,false,,12.90,4.3000,true,1,11347
7290013269751,false,ריצפז מטליות לחות לנ,,,ריצפז מטליות לחות לנ,יחידה,0.00,יחידה,false,,10.90,0.0000,true,1,11350
7290013269850,false,סנו סושי נייר אפיה א,,,סנו סושי נייר אפיה א,יחידה,0.00,יחידה,false,,14.90,0.0000,true,1,11351
7290013284310,false,רוטב לפסטה לילדים פר,,,רוטב לפסטה לילדים פר,גרמים,240.00,100 גרם,false,,4.90,0.0204,true,1,17670
7290013284662,false,רוטב פיצה פיתה פריני,,,רוטב פיצה פיתה פריני,גרמים,240.00,100 גרם,false,,4.90,0.0204,true,1,17671
7290013310163,false,איזילייט מדליק פחם מ,,,איזילייט מדליק פחם מ,יחידה,0.00,יחידה,false,,5.90,0.0000,true,1,418
7290013358356,false,מאסטר שף פירורי לחם,,,מאסטר שף פירורי לחם,גרמים,350.00,100 גרם,false,,6.90,0.0197,true,1,8085
7290013358363,false,מאסטר שף  פירורי לחם,,,מאסטר שף  פירורי לחם,גרמים,300.00,100 גרם,false,,9.80,0.0327,true,1,8086
7290013358486,false,מאסטר שף פירורים  מו,,,מאסטר שף פירורים  מו,גרמים,300.00,100 גרם,false,,6.90,0.0230,true,1,8090
7290013366634,false,חסה סלנובה,,,חסה סלנובה,יח',1.00,יח',false,,11.90,11.9000,true,1,15533
7290013389381,false,"קמח תירס תומר 1 ק""ג",,,"קמח תירס תומר 1 ק""ג",קילוגרמים,1.00,"ק""ג",false,,9.90,9.9000,true,1,9633
7290013424976,false,תות שדה שלם קפוא 500,,,תות שדה שלם קפוא 500,גרמים,500.00,100 גרם,false,,11.90,0.0238,true,1,26648
7290013430090,false,אלכסנדר אמברה בירה 3,,,אלכסנדר אמברה בירה 3,מיליליטרים,330.00,"100 מ""ל",false,,12.90,0.0391,true,1,18746
7290013440648,false,אבטיח קרחונים מאגדת,,,אבטיח קרחונים מאגדת,גרמים,540.00,100 גרם,false,,25.90,0.0480,true,1,5782
7290013472199,false,וילי פוד ערמונים 100,,,וילי פוד ערמונים 100,גרמים,100.00,100 גרם,false,,4.90,0.0490,true,1,1302
7290013531117,false,רוטב לפסטה לילדים יכ,,,רוטב לפסטה לילדים יכ,גרמים,260.00,100 גרם,false,,5.50,0.0212,true,1,3161
7290013531582,false,זיתים חרוזית מגולעני,,,זיתים חרוזית מגולעני,גרמים,600.00,100 גרם,false,,11.90,0.0198,true,1,3164
7290013534057,false,מיה ציפס בטטה טבעי 1,,,מיה ציפס בטטה טבעי 1,גרמים,100.00,100 גרם,false,,7.90,0.0790,true,1,5527
7290013579232,false,אוכמניות כחולות קפוא,,,אוכמניות כחולות קפוא,גרמים,250.00,100 גרם,false,,10.00,0.0400,true,1,24257
7290013580009,false,המבורגר זהב 400 גרם,,,המבורגר זהב 400 גרם,גרמים,400.00,100 גרם,false,,15.90,0.0398,true,1,13027
7290013585387,false,קולה זירו 1 ליטר,,,קולה זירו 1 ליטר,ליטרים,1.00,ליטר,false,,6.50,6.5000,true,1,2681
7290013585394,false,קוקה קולה 1 ליטר,,,קוקה קולה 1 ליטר,ליטרים,1.00,ליטר,false,,6.90,6.9000,true,1,2682
7290013608260,false,פרימור מיץ רימונים ס,,,פרימור מיץ רימונים ס,יחידה,0.00,יחידה,false,,22.90,0.0000,true,1,9077
7290013608864,false,פרימור משקה פירות הד,,,פרימור משקה פירות הד,ליטרים,1.00,ליטר,false,,15.80,15.8000,true,1,9080
7290013652164,false,מגבונים להסרת איפור,,,מגבונים להסרת איפור,יחידה,0.00,יחידה,false,,24.90,0.0000,true,1,10837
7290013702036,false,שוופס אפרסק ווטר 0.5,,,שוופס אפרסק ווטר 0.5,מיליליטרים,500.00,"100 מ""ל",false,,5.00,0.0100,true,1,4315
7290013702388,false,שוופס תפוח ווטר 0.5,,,שוופס תפוח ווטר 0.5,מיליליטרים,500.00,"100 מ""ל",false,,5.00,0.0100,true,1,4317
7290013787392,false,רביולי גבינות קלאסי,,,רביולי גבינות קלאסי,גרמים,330.00,100 גרם,false,,24.90,0.0755,true,1,10115
7290013787408,false,רביולי בטטה ריקו 330,,,רביולי בטטה ריקו 330,גרמים,330.00,100 גרם,false,,24.90,0.0755,true,1,10116
7290013848345,false,מטליות לחות לחיטוי י,,,מטליות לחות לחיטוי י,יחידה,0.00,יחידה,false,,19.90,0.0000,true,1,11357
7290013848383,false,ג'ל רחצה אנטי בלוק ק,,,ג'ל רחצה אנטי בלוק ק,מיליליטרים,700.00,"100 מ""ל",false,,15.00,0.0214,true,1,11358
7290013906205,false,טירת צבי פסטרמה שום,,,טירת צבי פסטרמה שום,גרמים,400.00,100 גרם,false,,25.90,0.0647,true,1,9768
7290013906212,false,טירת צבי נקניקיות וי,,,טירת צבי נקניקיות וי,קילוגרמים,1.00,"ק""ג",false,,22.90,22.9000,true,1,9769
7290013906441,false,טירת צבי קבנוס 120 ג,,,טירת צבי קבנוס 120 ג,גרמים,120.00,100 גרם,false,,9.90,0.0825,true,1,9779
7290013906458,false,טירת צבי קבנוס פיקנט,,,טירת צבי קבנוס פיקנט,גרמים,120.00,100 גרם,false,,9.90,0.0825,true,1,9780
7290013906687,false,טירת צבי צמד כפרית ב,,,טירת צבי צמד כפרית ב,גרמים,600.00,100 גרם,false,,24.90,0.0415,true,1,9785
7290013906694,false,"נקניקיות עוף 1.5 ק""ג",,,"נקניקיות עוף 1.5 ק""ג",קילוגרמים,1.50,"100 ק""ג",false,,35.90,23.9333,true,1,22455
7290014002944,false,תה גן קסום חליטת חמא,,,תה גן קסום חליטת חמא,גרמים,62.50,100 גרם,false,,17.90,0.2864,true,1,22364
7290014046016,false,יחיעם פסטרמה הודו 10,,,יחיעם פסטרמה הודו 10,גרמים,250.00,100 גרם,false,,24.90,0.0996,true,1,5705
7290014046436,false,נשנושי קבנוס 125 ג,,,נשנושי קבנוס 125 ג,גרמים,125.00,100 גרם,false,,10.90,0.0872,true,1,5707
7290014046474,false,יחיעם נקניקיות עוף 1,,,יחיעם נקניקיות עוף 1,קילוגרמים,1.50,"ק""ג",false,,26.90,17.9333,true,1,5708
7290014059085,false,משחה לשיקום והגנה סנ,,,משחה לשיקום והגנה סנ,מיליליטרים,75.00,"100 מ""ל",false,,24.90,0.3320,true,1,1554
7290014079014,false,לבבות קיסר,,,לבבות קיסר,גרמים,300.00,100 גרם,false,,9.90,0.0330,true,1,13130
7290014079076,false,נבטי אלפלפא,,,נבטי אלפלפא,יח',1.00,יח',false,,5.90,5.9000,true,1,14135
7290014083806,false,וילי פוד עוגיות בטעם,,,וילי פוד עוגיות בטעם,גרמים,350.00,100 גרם,false,,10.90,0.0311,true,1,1307
7290014083813,false,בריוולס וילניס שפרוט,,,בריוולס וילניס שפרוט,גרמים,190.00,100 גרם,false,,7.90,0.0416,true,1,18957
7290014094864,false,פיסטוק קלוי 170 גרם,,,פיסטוק קלוי 170 גרם,גרמים,170.00,100 גרם,false,,16.90,0.0994,true,1,18162
7290014094895,false,אגוז מלך 150גר ששון,,,אגוז מלך 150גר ששון,גרמים,150.00,100 גרם,false,,10.90,0.0727,true,1,18163
7290014204027,false,פנינה שמפו יומי 750,,,פנינה שמפו יומי 750,מיליליטרים,750.00,"100 מ""ל",false,,8.90,0.0119,true,1,6503
7290014204683,false,פנינה סבון נוזלי משא,,,פנינה סבון נוזלי משא,יחידה,0.00,יחידה,false,,9.90,0.0000,true,1,6511
7290014204690,false,סבון נוזלי משאבה ורו,,,סבון נוזלי משאבה ורו,יחידה,0.00,יחידה,false,,9.90,0.0000,true,1,6512
7290014217003,false,תבלין פפריקה מעושנת,,,תבלין פפריקה מעושנת,גרמים,90.00,100 גרם,false,,9.90,0.1100,true,1,25461
7290014217065,false,טעם וריח אורגנו מיכל,,,טעם וריח אורגנו מיכל,גרמים,30.00,100 גרם,false,,9.90,0.3300,true,1,14293
7290014217140,false,תבלין ראס אל חנות טע,,,תבלין ראס אל חנות טע,גרמים,100.00,100 גרם,false,,9.90,0.0990,true,1,14294
7290014217171,false,תבלין בתיבול גריל דג,,,תבלין בתיבול גריל דג,גרמים,100.00,100 גרם,false,,9.90,0.0990,true,1,25464
7290014217225,false,טעם וריח גריל עוף מי,,,טעם וריח גריל עוף מי,גרמים,120.00,100 גרם,false,,9.90,0.0825,true,1,14295
7290014217362,false,תערובת תיבול קציצות,,,תערובת תיבול קציצות,גרמים,100.00,100 גרם,false,,9.90,0.0990,true,1,25466
7290014217522,false,תבלין תערובת לחם שום,,,תבלין תערובת לחם שום,גרמים,100.00,100 גרם,false,,9.90,0.0990,true,1,25468
7290014218932,false,חטיפי פיצה בתוספת זי,,,חטיפי פיצה בתוספת זי,גרמים,710.00,100 גרם,false,,29.90,0.0421,true,1,13177
7290014256620,false,יין באזז קריניאנו 75,,,יין באזז קריניאנו 75,מיליליטרים,750.00,"100 מ""ל",false,,27.90,0.0372,true,1,296
7290014325036,false,ג'לי שמחות 600 גרם,,,ג'לי שמחות 600 גרם,גרמים,600.00,100 גרם,false,,18.90,0.0315,true,1,5572
7290014397279,false,סנו סושי שקיות מזון,,,סנו סושי שקיות מזון,יחידה,0.00,יחידה,false,,11.90,0.0000,true,1,11376
7290014397514,false,סנו פרש הום כותנה מל,,,סנו פרש הום כותנה מל,מיליליטרים,350.00,"100 מ""ל",false,,10.90,0.0311,true,1,11380
7290014397781,false,ריצפז פרש הום סבון מ,,,ריצפז פרש הום סבון מ,ליטרים,2.00,ליטר,false,,19.90,9.9500,true,1,11390
7290014397873,false,מרכך כביסה סנו מקסימ,,,מרכך כביסה סנו מקסימ,ליטרים,4.00,ליטר,false,,21.90,5.4750,true,1,11393
7290014435704,false,סלמון מעושן סלטי שמי,,,סלמון מעושן סלטי שמי,גרמים,100.00,100 גרם,false,,19.90,0.1990,true,1,6361
7290014435803,false,מטיאס הולנדי פרובנצי,,,מטיאס הולנדי פרובנצי,גרמים,180.00,100 גרם,false,,18.90,0.1050,true,1,6362
7290014435810,false,הרינג כבוש עם בצל במ,,,הרינג כבוש עם בצל במ,גרמים,180.00,100 גרם,false,,18.90,0.1050,true,1,6363
7290014435827,false,פילה מקרל מעושן בשמן,,,פילה מקרל מעושן בשמן,גרמים,180.00,100 גרם,false,,24.90,0.1383,true,1,6364
7290014435834,false,מקרל מעושן פרוס בשמן,,,מקרל מעושן פרוס בשמן,גרמים,180.00,100 גרם,false,,24.90,0.1383,true,1,6365
7290014435841,false,פילה מטיאס הולנדי  ב,,,פילה מטיאס הולנדי  ב,גרמים,180.00,100 גרם,false,,18.90,0.1050,true,1,6366
7290014455245,false,גד גרנה פדנו משולש כ,,,גד גרנה פדנו משולש כ,גרמים,200.00,100 גרם,false,,23.90,0.1195,true,1,5277
7290014455320,false,גד כדור מוצרלה פרסקה,,,גד כדור מוצרלה פרסקה,גרמים,100.00,100 גרם,false,,8.90,0.0890,true,1,5279
7290014455467,false,גד מעדן שיבולת שועל,,,גד מעדן שיבולת שועל,מיליליטרים,150.00,"100 מ""ל",false,,5.50,0.0367,true,1,5280
7290014459137,false,תפוגן סטייק ציפס 1.5,,,תפוגן סטייק ציפס 1.5,קילוגרמים,1.50,"ק""ג",false,,23.90,15.9333,true,1,7365
7290014459373,false,תפוגן ציפס קראנצי 1.,,,תפוגן ציפס קראנצי 1.,קילוגרמים,1.50,"ק""ג",false,,24.90,16.6000,true,1,7367
7290014459472,false,תפוגן צ`יפס קלאסי 2,,,תפוגן צ`יפס קלאסי 2,קילוגרמים,2.00,"ק""ג",false,,24.90,12.4500,true,1,7368
7290014459632,false,"טוגן 1.5 ק""ג",,,"טוגן 1.5 ק""ג",קילוגרמים,1.50,"ק""ג",false,,15.90,10.6000,true,1,7369
7290014466128,false,יקבי רמת הגולן הר חר,,,יקבי רמת הגולן הר חר,מיליליטרים,750.00,"100 מ""ל",false,,29.90,0.0399,true,1,14189
7290014466463,false,יקבי רמת הגולן הר חר,,,יקבי רמת הגולן הר חר,מיליליטרים,750.00,"100 מ""ל",false,,29.90,0.0399,true,1,14191
7290014472136,false,גרעין שחור קלוי 150,,,גרעין שחור קלוי 150,גרמים,150.00,100 גרם,false,,4.90,0.0327,true,1,18165
7290014472518,false,בוטן קלוי פרימיום 25,,,בוטן קלוי פרימיום 25,גרמים,250.00,100 גרם,false,,11.90,0.0476,true,1,18171
7290014472525,false,תערובת פיצוחים מובחר,,,תערובת פיצוחים מובחר,גרמים,250.00,100 גרם,false,,19.90,0.0796,true,1,18172
7290014472990,false,ממרח 100% שקדים שקדי,,,ממרח 100% שקדים שקדי,גרמים,300.00,100 גרם,false,,29.90,0.0997,true,1,18504
7290014636675,false,מגבת גוף מנהטן 70*13,,,מגבת גוף מנהטן 70*13,יחידה,0.00,יחידה,false,,34.90,0.0000,true,1,5660
7290014636682,false,מגבת פנים,,,מגבת פנים,יחידה,0.00,יחידה,false,,19.90,0.0000,true,1,5661
7290014673359,false,מלח לימון 400 גר,,,מלח לימון 400 גר,גרמים,400.00,100 גרם,false,,21.90,0.0547,true,1,252
7290014673403,false,מימון פלפל שחור טחון,,,מימון פלפל שחור טחון,גרמים,250.00,100 גרם,false,,30.00,0.1200,true,1,257
7290014673434,false,פלפל שחור גרוס דק בש,,,פלפל שחור גרוס דק בש,גרמים,80.00,100 גרם,false,,8.90,0.1113,true,1,259
7290014692299,false,גבינת ברי 125 גרם EU,,,גבינת ברי 125 גרם EU,גרמים,125.00,100 גרם,false,,14.90,0.1192,true,1,1308
7290014731189,false,כפיות P.P לבן 100 יח,,,כפיות P.P לבן 100 יח,יח',100.00,יח',false,,6.90,0.0690,true,1,26734
7290014731264,false,כוסות לשתיה קרה חד פ,,,כוסות לשתיה קרה חד פ,יח',100.00,יח',false,,7.90,0.0790,true,1,17333
7290014731271,false,כוסות שתיה קרה 80 יח,,,כוסות שתיה קרה 80 יח,יחידה,0.00,יחידה,false,,5.90,0.0000,true,1,26735
7290014749078,false,עוף טוב מקלוני קבנוס,,,עוף טוב מקלוני קבנוס,גרמים,200.00,100 גרם,false,,15.90,0.0795,true,1,7388
7290014749245,false,רצועות שניצל שומשום,,,רצועות שניצל שומשום,גרמים,600.00,100 גרם,false,,32.90,0.0548,true,1,7392
7290014749849,false,שניצל עוף דקיק בציפו,,,שניצל עוף דקיק בציפו,גרמים,720.00,100 גרם,false,,27.90,0.0387,true,1,21254
7290014749887,false,שניצל עוף דקיק ענקיס,,,שניצל עוף דקיק ענקיס,גרמים,720.00,100 גרם,false,,27.90,0.0387,true,1,21256
7290014758100,false,יוגורט תנובה 3% 8*15,,,יוגורט תנובה 3% 8*15,קילוגרמים,1.20,"ק""ג",false,,15.90,13.2500,true,1,10120
7290014758117,false,יוגורט תנובה 1.5% 8*,,,יוגורט תנובה 1.5% 8*,קילוגרמים,1.20,"ק""ג",false,,15.90,13.2500,true,1,10121
7290014758162,false,חלב תנובה עיזים מלא,,,חלב תנובה עיזים מלא,ליטרים,1.00,ליטר,false,,13.90,13.9000,true,1,10122
7290014759534,false,פיראוס בולגרית למריח,,,פיראוס בולגרית למריח,גרמים,200.00,100 גרם,false,,12.90,0.0645,true,1,10128
7290014759978,false,גבינות תנובה קצקבל פ,,,גבינות תנובה קצקבל פ,גרמים,200.00,100 גרם,false,,24.90,0.1245,true,1,10131
7290014759992,false,גבינות תנובה רוקפור,,,גבינות תנובה רוקפור,גרמים,140.00,100 גרם,false,,18.50,0.1321,true,1,10133
7290014760134,false,גביע מעדן סויה בטעם,,,גביע מעדן סויה בטעם,גרמים,125.00,100 גרם,false,,3.70,0.0296,true,1,10134
7290014760141,false,תנובה משקה שקדים טרי,,,תנובה משקה שקדים טרי,יחידה,0.00,יחידה,false,,11.90,0.0000,true,1,10135
7290014760448,false,גלבוע 22% 400 גרם,,,גלבוע 22% 400 גרם,גרמים,400.00,100 גרם,false,,22.90,0.0572,true,1,10136
7290014760912,false,גוש חלב 28% מהדרין 4,,,גוש חלב 28% מהדרין 4,גרמים,400.00,100 גרם,false,,24.90,0.0622,true,1,10138
7290014761018,false,גיל בטעם וניל 3% 125,,,גיל בטעם וניל 3% 125,גרמים,125.00,100 גרם,false,,1.30,0.0104,true,1,10139
7290014761056,false,יולו שוקולד חלב מעול,,,יולו שוקולד חלב מעול,גרמים,122.00,100 גרם,false,,4.30,0.0352,true,1,10140
7290014761063,false,יולו שוקולד מריר מעו,,,יולו שוקולד מריר מעו,גרמים,122.00,100 גרם,false,,4.30,0.0352,true,1,10141
7290014761070,false,יולו שוקולד לבן מעול,,,יולו שוקולד לבן מעול,גרמים,122.00,100 גרם,false,,4.30,0.0352,true,1,10142
7290014761193,false,פרילי פירות יער 1.5%,,,פרילי פירות יער 1.5%,גרמים,125.00,100 גרם,false,,3.30,0.0264,true,1,10143
7290014762756,false,נפוליאון 16% עם בצל,,,נפוליאון 16% עם בצל,גרמים,225.00,100 גרם,false,,12.90,0.0573,true,1,10149
7290014762800,false,גביע מעדן סויה בטעם,,,גביע מעדן סויה בטעם,גרמים,125.00,100 גרם,false,,3.70,0.0296,true,1,10154
7290014762831,false,גבינת שמנת נפוליאון,,,גבינת שמנת נפוליאון,גרמים,225.00,100 גרם,false,,12.90,0.0573,true,1,10155
7290014762909,false,פתיתי מוצרלה 200 גר`,,,פתיתי מוצרלה 200 גר`,גרמים,200.00,100 גרם,false,,15.90,0.0795,true,1,10157
7290014762947,false,לאבנה גלילית פיראוס,,,לאבנה גלילית פיראוס,גרמים,750.00,100 גרם,false,,23.90,0.0319,true,1,10158
7290014763272,false,משקה סויה ביו עם תות,,,משקה סויה ביו עם תות,מיליליטרים,250.00,"100 מ""ל",false,,4.90,0.0196,true,1,10160
7290014791725,false,משקה מוגז תפוחים שוו,,,משקה מוגז תפוחים שוו,מיליליטרים,500.00,"100 מ""ל",false,,5.00,0.0100,true,1,4322
7290014855434,false,בייביסיטר פרפורמנס מ,,,בייביסיטר פרפורמנס מ,יחידה,0.00,יחידה,false,,14.90,0.0000,true,1,10922
7290014855458,false,מגבוני בייבי פרפורמנ,,,מגבוני בייבי פרפורמנ,יחידה,0.00,יחידה,false,,14.90,0.0000,true,1,10923
7290014910461,false,"ערק יודה 700 מ""ל כשל",,,"ערק יודה 700 מ""ל כשל",מיליליטרים,700.00,"100 מ""ל",false,,59.90,0.0856,true,1,4156
7290014940901,false,לחם פשוט מלא אנגל 75,,,לחם פשוט מלא אנגל 75,גרמים,750.00,100 גרם,false,,13.90,0.0185,true,1,13058
7290014974562,false,עלמה גביעי גלידה 24,,,עלמה גביעי גלידה 24,גרמים,120.00,100 גרם,false,,5.90,0.0492,true,1,14028
7290015129121,false,סקיני פסטה קונג'אק ב,,,סקיני פסטה קונג'אק ב,גרמים,270.00,100 גרם,false,,10.90,0.0404,true,1,27471
7290015129145,false,סקיני פסטה קונג'אק ב,,,סקיני פסטה קונג'אק ב,גרמים,270.00,100 גרם,false,,10.90,0.0404,true,1,27472
7290015129251,false,סקיני - פסטה פטוצ'ינ,,,סקיני - פסטה פטוצ'ינ,גרמים,270.00,100 גרם,false,,10.90,0.0404,true,1,18232
7290015139250,false,חופשי שוקולד מריר עם,,,חופשי שוקולד מריר עם,גרמים,85.00,100 גרם,false,,4.90,0.0576,true,1,13688
7290015150088,false,מחית עגבניות בלה איט,,,מחית עגבניות בלה איט,גרמים,700.00,100 גרם,false,,9.90,0.0141,true,1,9510
7290015150118,false,עגבניות חתוכות דק בל,,,עגבניות חתוכות דק בל,גרמים,400.00,100 גרם,false,,14.90,0.0373,true,1,9511
7290015155823,false,פאוץ' פרינוק מחית תפ,,,פאוץ' פרינוק מחית תפ,גרמים,120.00,100 גרם,false,,5.90,0.0492,true,1,17672
7290015178181,false,אוליביה ארטישוק ברוז,,,אוליביה ארטישוק ברוז,גרמים,180.00,100 גרם,false,,11.90,0.0661,true,1,22508
7290015193832,false,ארומה קרקר עם שומשום,,,ארומה קרקר עם שומשום,גרמים,300.00,100 גרם,false,,8.70,0.0290,true,1,14038
7290015253321,false,"פחם 2 ק""ג ירוק פרימי",,,"פחם 2 ק""ג ירוק פרימי",קילוגרמים,2.00,"ק""ג",false,,13.90,6.9500,true,1,17336
7290015282581,false,חומוס אבו גוש עם חרי,,,חומוס אבו גוש עם חרי,גרמים,200.00,100 גרם,false,,9.90,0.0495,true,1,6386
7290015282604,false,טחינה מיוחדת,,,טחינה מיוחדת,גרמים,200.00,100 גרם,false,,9.90,0.0495,true,1,6388
7290015282628,false,חציל בטעם כבד סלטי ש,,,חציל בטעם כבד סלטי ש,גרמים,200.00,100 גרם,false,,11.90,0.0595,true,1,6390
7290015282635,false,חומוס מסבחה,,,חומוס מסבחה,גרמים,200.00,100 גרם,false,,9.90,0.0495,true,1,6391
7290015282642,false,חומוס אבו גוש,,,חומוס אבו גוש,גרמים,200.00,100 גרם,false,,9.90,0.0495,true,1,6392
7290015282673,false,חציל במיונז ביתי,,,חציל במיונז ביתי,גרמים,200.00,100 גרם,false,,9.90,0.0495,true,1,6394
7290015282697,false,סלט כרוב אדום 200ג ש,,,סלט כרוב אדום 200ג ש,גרמים,200.00,100 גרם,false,,11.90,0.0595,true,1,6396
7290015282796,false,סלט תפוח אדמה 200 ג,,,סלט תפוח אדמה 200 ג,גרמים,200.00,100 גרם,false,,11.90,0.0595,true,1,6403
7290015324007,false,טעם וריח פלפל שחור ג,,,טעם וריח פלפל שחור ג,גרמים,80.00,100 גרם,false,,9.90,0.1238,true,1,14299
7290015324014,false,טעם וריח פלפל שחור ט,,,טעם וריח פלפל שחור ט,גרמים,80.00,100 גרם,false,,9.90,0.1238,true,1,14300
7290015324038,false,טעם וריח פפריקה בשמן,,,טעם וריח פפריקה בשמן,גרמים,80.00,100 גרם,false,,5.90,0.0738,true,1,14301
7290015324045,false,תבלין פפריקה חריפה ב,,,תבלין פפריקה חריפה ב,גרמים,80.00,100 גרם,false,,5.90,0.0738,true,1,14302
7290015324052,false,טעם וריח פפריקה מתוק,,,טעם וריח פפריקה מתוק,גרמים,80.00,100 גרם,false,,5.90,0.0738,true,1,14303
7290015324083,false,טעם וריח מלח לימון ש,,,טעם וריח מלח לימון ש,גרמים,80.00,100 גרם,false,,5.90,0.0738,true,1,14306
7290015324090,false,טעם וריח כמון שקית 8,,,טעם וריח כמון שקית 8,גרמים,80.00,100 גרם,false,,5.90,0.0738,true,1,14307
7290015324113,false,טעם וריח בהרט שקית 8,,,טעם וריח בהרט שקית 8,גרמים,80.00,100 גרם,false,,5.90,0.0738,true,1,14309
7290015324120,false,טעם וריח שום גבישי ב,,,טעם וריח שום גבישי ב,גרמים,80.00,100 גרם,false,,7.90,0.0988,true,1,14310
7290015328647,false,נר נשמה בפח 24 שעות,,,נר נשמה בפח 24 שעות,יחידה,0.00,יחידה,false,,1.90,0.0000,true,1,4854
7290015347259,false,פירורי לחם מוזהבים 4,,,פירורי לחם מוזהבים 4,גרמים,400.00,100 גרם,false,,5.90,0.0148,true,1,5588
7290015366663,false,מש.שיניים מנטה עדין,,,מש.שיניים מנטה עדין,גרמים,100.00,100 גרם,false,,5.90,0.0590,true,1,1570
7290015374286,false,סיגר במילוי תפו'א 40,,,סיגר במילוי תפו'א 40,גרמים,400.00,100 גרם,false,,12.90,0.0323,true,1,45087
7290015437431,false,רכז רימונים תומר  42,,,רכז רימונים תומר  42,גרמים,420.00,100 גרם,false,,19.90,0.0474,true,1,9642
7290015437646,false,מחית עגבניות איטלקיו,,,מחית עגבניות איטלקיו,גרמים,680.00,100 גרם,false,,9.90,0.0146,true,1,22434
7290015572033,false,שרי צהוב,,,שרי צהוב,יח',1.00,יח',false,,9.90,9.9000,true,1,15543
7290015652070,false,קשיו קלוי 150 גרם שש,,,קשיו קלוי 150 גרם שש,גרמים,150.00,100 גרם,false,,12.90,0.0860,true,1,18173
7290015652254,false,גרעיני חמניה קלויים,,,גרעיני חמניה קלויים,גרמים,400.00,100 גרם,false,,10.00,0.0250,true,1,18507
7290015652278,false,תערובת פיצוחים ששון,,,תערובת פיצוחים ששון,גרמים,250.00,100 גרם,false,,20.00,0.0800,true,1,18509
7290015652292,false,קבוקים עם שומשום ששו,,,קבוקים עם שומשום ששו,גרמים,400.00,100 גרם,false,,10.00,0.0250,true,1,18510
7290015652308,false,מנצ'ס ששון הקולה 300,,,מנצ'ס ששון הקולה 300,גרמים,300.00,100 גרם,false,,10.00,0.0333,true,1,18511
7290015652322,false,בוטנים אמריקאים מצופ,,,בוטנים אמריקאים מצופ,גרמים,400.00,100 גרם,false,,10.00,0.0250,true,1,18513
7290015652407,false,פיסטוק קלוי ששון הקו,,,פיסטוק קלוי ששון הקו,גרמים,250.00,100 גרם,false,,20.00,0.0800,true,1,18514
7290015733243,false,מטרנה אקסטרה קר מהדר,,,מטרנה אקסטרה קר מהדר,גרמים,700.00,100 גרם,false,,58.90,0.0841,true,1,6847
7290015733977,false,מטרנה קומפורט 700 גר,,,מטרנה קומפורט 700 גר,גרמים,700.00,100 גרם,false,,67.90,0.0970,true,1,21042
7290015766005,false,שרי וויטני יחידה,,,שרי וויטני יחידה,גרמים,500.00,100 גרם,false,,8.90,0.0178,true,1,18046
7290015766029,false,שרי כתום יח',,,שרי כתום יח',גרמים,460.00,100 גרם,false,,8.90,0.0193,true,1,18047
7290015781015,false,ויז'ן מלבק,,,ויז'ן מלבק,מיליליטרים,750.00,"100 מ""ל",false,,39.90,0.0532,true,1,20301
7290015781114,false,אימפרשן מרלו,,,אימפרשן מרלו,מיליליטרים,750.00,"100 מ""ל",false,,49.90,0.0665,true,1,4366
7290015781121,false,אימפרשן קברנה סובניו,,,אימפרשן קברנה סובניו,מיליליטרים,750.00,"100 מ""ל",false,,49.90,0.0665,true,1,4367
7290015781152,false,אימפרשן יין רוזה,,,אימפרשן יין רוזה,מיליליטרים,750.00,"100 מ""ל",false,,49.90,0.0665,true,1,20308
7290015781169,false,אימפרשן אדום חצי יבש,,,אימפרשן אדום חצי יבש,מיליליטרים,750.00,"100 מ""ל",false,,49.90,0.0665,true,1,20309
7290015781282,false,אימפרשן גוורצטרמינר,,,אימפרשן גוורצטרמינר,מיליליטרים,750.00,"100 מ""ל",false,,49.90,0.0665,true,1,20311
7290015855082,false,ברוקולי מיני,,,ברוקולי מיני,יח',1.00,יח',false,,8.90,8.9000,true,1,13131
7290015855143,false,שום קלוף,,,שום קלוף,גרמים,170.00,100 גרם,false,,11.90,0.0700,true,1,15889
7290015855181,false,ג'ינג'ר ארוז,,,ג'ינג'ר ארוז,יח',1.00,יח',false,,7.90,7.9000,true,1,13132
7290015855938,false,עלי בייבי 250 גר' אד,,,עלי בייבי 250 גר' אד,גרמים,300.00,100 גרם,false,,9.90,0.0330,true,1,24292
7290015858106,false,ממרח פסטו ביתי עללחם,,,ממרח פסטו ביתי עללחם,גרמים,180.00,100 גרם,false,,15.90,0.0883,true,1,9081
7290015858113,false,ממרח עגבניות מיובשות,,,ממרח עגבניות מיובשות,גרמים,180.00,100 גרם,false,,15.90,0.0883,true,1,22112
7290015858144,false,ממרח ארטישוק עללחם 1,,,ממרח ארטישוק עללחם 1,גרמים,180.00,100 גרם,false,,15.90,0.0883,true,1,9082
7290015858175,false,ממרח פלפלים קלויים ע,,,ממרח פלפלים קלויים ע,גרמים,180.00,100 גרם,false,,15.90,0.0883,true,1,9083
7290015865708,false,תענוג פרי אוכמניות ע,,,תענוג פרי אוכמניות ע,גרמים,400.00,100 גרם,false,,17.90,0.0447,true,1,26212
7290015865715,false,תענוג פרי פירות יער,,,תענוג פרי פירות יער,גרמים,400.00,100 גרם,false,,17.90,0.0447,true,1,26213
7290015865739,false,קונפיטורה לייט אוכמנ,,,קונפיטורה לייט אוכמנ,גרמים,400.00,100 גרם,false,,19.90,0.0497,true,1,26215
7290015968140,false,אטב אחיזה רחבה בעיצו,,,אטב אחיזה רחבה בעיצו,יחידה,0.00,יחידה,false,,14.90,0.0000,true,1,37245
7290016006025,false,שוופס סודה 500מל,,,שוופס סודה 500מל,מיליליטרים,500.00,"100 מ""ל",false,,3.90,0.0078,true,1,4326
7290016006322,false,מי עדן 1 ליטר,,,מי עדן 1 ליטר,ליטרים,1.00,ליטר,false,,2.90,2.9000,true,1,4329
7290016006339,false,מי עדן רביעייה 1 ליט,,,מי עדן רביעייה 1 ליט,ליטרים,4.00,ליטר,false,,9.90,2.4750,true,1,4330
7290016006346,false,שוופס סודה שישייה 0.,,,שוופס סודה שישייה 0.,ליטרים,3.00,ליטר,false,,13.90,4.6333,true,1,4331
7290016087222,false,ברוטב עגבניות מרוכז,,,ברוטב עגבניות מרוכז,גרמים,240.00,100 גרם,false,,4.90,0.0204,true,1,17681
7290016087239,false,רוטב עגבניות לשקשוקה,,,רוטב עגבניות לשקשוקה,גרמים,240.00,100 גרם,false,,4.90,0.0204,true,1,17682
7290016096491,false,נתחי טונה בשמן צמחי,,,נתחי טונה בשמן צמחי,גרמים,240.00,100 גרם,false,,11.90,0.0496,true,1,10313
7290016096675,false,טונה בשמן זית פילטונ,,,טונה בשמן זית פילטונ,גרמים,240.00,100 גרם,false,,17.90,0.0746,true,1,10317
7290016096811,false,ממרח טונה פילטונה רב,,,ממרח טונה פילטונה רב,גרמים,160.00,100 גרם,false,,19.90,0.1244,true,1,22695
7290016098181,false,ביסקוויט אותיות אלף-,,,ביסקוויט אותיות אלף-,גרמים,200.00,100 גרם,false,,4.90,0.0245,true,1,4867
7290016104868,false,סירופ בטעם מייפל 700,,,סירופ בטעם מייפל 700,גרמים,700.00,100 גרם,false,,12.90,0.0184,true,1,4877
7290016104875,false,סירופ בטעם שוקולד 70,,,סירופ בטעם שוקולד 70,גרמים,700.00,100 גרם,false,,12.90,0.0184,true,1,4878
7290016150117,false,מעדן סלק בוואקום 500,,,מעדן סלק בוואקום 500,גרמים,500.00,100 גרם,false,,5.90,0.0118,true,1,15444
7290016188608,false,למברוסקו לבן חצי יבש,,,למברוסקו לבן חצי יבש,מיליליטרים,750.00,"100 מ""ל",false,,24.90,0.0332,true,1,302
7290016197488,false,מטלית קסם לשיש מארז,,,מטלית קסם לשיש מארז,יחידה,0.00,יחידה,false,,9.90,0.0000,true,1,3308
7290016197839,false,ניקול השקית החזקה XL,,,ניקול השקית החזקה XL,יחידה,0.00,יחידה,false,,19.90,0.0000,true,1,3310
7290016217988,false,דגים גרבדלקס 100גר,,,דגים גרבדלקס 100גר,גרמים,100.00,100 גרם,false,,19.90,0.1990,true,1,6416
7290016321661,false,מגבוני פרש וואנס רבי,,,מגבוני פרש וואנס רבי,יחידה,0.00,יחידה,false,,15.90,0.0000,true,1,2261
7290016321678,false,פרשוואנס רביעייה נטו,,,פרשוואנס רביעייה נטו,יחידה,0.00,יחידה,false,,15.90,0.0000,true,1,2262
7290016321777,false,רצועות שעווה לפנים מ,,,רצועות שעווה לפנים מ,יחידה,0.00,יחידה,false,,19.90,0.0000,true,1,2263
7290016321883,false,פרשוואנס נייר טואלט,,,פרשוואנס נייר טואלט,יחידה,0.00,יחידה,false,,12.90,0.0000,true,1,2264
7290016321890,false,פרשוואנס נייר טואלט,,,פרשוואנס נייר טואלט,יחידה,0.00,יחידה,false,,12.90,0.0000,true,1,2265
7290016334500,false,לבבות חסה זוגות בשקי,,,לבבות חסה זוגות בשקי,יח',1.00,יח',false,,9.90,9.9000,true,1,13134
7290016370300,false,זית קלמטה שלם בצנצנת,,,זית קלמטה שלם בצנצנת,גרמים,560.00,100 גרם,false,,13.90,0.0248,true,1,27338
7290016372335,false,עגבניות חתוכות לקובי,,,עגבניות חתוכות לקובי,גרמים,400.00,100 גרם,false,,7.00,0.0175,true,1,22365
7290016372342,false,עגבניות חתוכות לקובי,,,עגבניות חתוכות לקובי,גרמים,400.00,100 גרם,false,,14.90,0.0373,true,1,9517
7290016372373,false,רסק עגבניות איטליה ב,,,רסק עגבניות איטליה ב,גרמים,280.00,100 גרם,false,,6.90,0.0246,true,1,9519
7290016509809,false,פרסיל ג'ל 2.5 ליטר ק,,,פרסיל ג'ל 2.5 ליטר ק,ליטרים,2.50,ליטר,false,,34.90,13.9600,true,1,12825
7290016509816,false,פרסיל ג'ל 4 ליטר קול,,,פרסיל ג'ל 4 ליטר קול,ליטרים,4.00,ליטר,false,,44.90,11.2250,true,1,12826
7290016682038,false,"מיץ תפוזים 400 מ""ל פ",,,"מיץ תפוזים 400 מ""ל פ",מיליליטרים,400.00,"100 מ""ל",false,,8.40,0.0210,true,1,15944
7290016682243,false,פרי ניב מיץ אשכולית,,,פרי ניב מיץ אשכולית,ליטרים,2.00,ליטר,false,,14.90,7.4500,true,1,15949
7290016682250,false,מיץ תפוז וגזר סחוט 1,,,מיץ תפוז וגזר סחוט 1,ליטרים,1.00,ליטר,false,,16.90,16.9000,true,1,35117
7290016682342,false,פרי ניב מיץ 100% טבע,,,פרי ניב מיץ 100% טבע,ליטרים,2.00,ליטר,false,,26.90,13.4500,true,1,26272
7290016682441,false,פריניב מיץ תפוזים סח,,,פריניב מיץ תפוזים סח,ליטרים,1.00,ליטר,false,,12.90,12.9000,true,1,26276
7290016717976,false,יין באזז ספארקלינג א,,,יין באזז ספארקלינג א,מיליליטרים,750.00,"100 מ""ל",false,,27.90,0.0372,true,1,310
7290016865943,false,אטריות ביצים פטוצ'ינ,,,אטריות ביצים פטוצ'ינ,גרמים,400.00,100 גרם,false,,13.90,0.0348,true,1,1502
7290016866643,false,מש.שיניים פרש פרודונ,,,מש.שיניים פרש פרודונ,מיליליטרים,75.00,"100 מ""ל",false,,30.90,0.4120,true,1,1577
7290016866650,false,מש.שיניים אוריגינל פ,,,מש.שיניים אוריגינל פ,מיליליטרים,75.00,"100 מ""ל",false,,30.90,0.4120,true,1,1578
7290016967074,false,חיטה מלאה אנגל 750 ג,,,חיטה מלאה אנגל 750 ג,גרמים,750.00,100 גרם,false,,14.90,0.0199,true,1,13062
7290016998184,false,עלי חסה ערבית שטופה,,,עלי חסה ערבית שטופה,גרמים,250.00,100 גרם,false,,9.90,0.0396,true,1,26331
7290016998191,false,מיקס עלי ביבי 120 גר,,,מיקס עלי ביבי 120 גר,גרמים,120.00,100 גרם,false,,8.90,0.0742,true,1,26332
7290016998214,false,עלי תרד ביבי 200 גר,,,עלי תרד ביבי 200 גר,גרמים,200.00,100 גרם,false,,9.90,0.0495,true,1,26334
7290016998221,false,מיקס צבעי הטבע 350 ג,,,מיקס צבעי הטבע 350 ג,גרמים,350.00,100 גרם,false,,10.90,0.0311,true,1,26335
7290016998252,false,חסה אייסברג חתוכה 30,,,חסה אייסברג חתוכה 30,גרמים,300.00,100 גרם,false,,8.90,0.0297,true,1,26338
7290016998269,false,לקט קולסלאו 400 גר,,,לקט קולסלאו 400 גר,גרמים,400.00,100 גרם,false,,7.90,0.0198,true,1,26339
7290016998276,false,גזר חתוך דק 250 גר,,,גזר חתוך דק 250 גר,גרמים,250.00,100 גרם,false,,6.90,0.0276,true,1,26340
7290016998320,false,לבבות קיסר  מארז,,,לבבות קיסר  מארז,יח',1.00,יח',false,,9.90,9.9000,true,1,26345
7290016998337,false,עלי רוקט 150 גר,,,עלי רוקט 150 גר,גרמים,150.00,100 גרם,false,,8.90,0.0593,true,1,26346
7290017023212,false,רביעיית משקה שוופס ב,,,רביעיית משקה שוופס ב,ליטרים,1.32,ליטר,false,,11.90,9.0152,true,1,4335
7290017023229,false,רביעיית משקה שוופס ב,,,רביעיית משקה שוופס ב,ליטרים,1.32,ליטר,false,,11.90,9.0152,true,1,4336
7290017023236,false,רביעיית משקה שוופס ב,,,רביעיית משקה שוופס ב,ליטרים,1.32,ליטר,false,,11.90,9.0152,true,1,4337
7290017023816,false,ספרינג פירות טרופיים,,,ספרינג פירות טרופיים,ליטרים,1.00,ליטר,false,,11.20,11.2000,true,1,4343
7290017023960,false,ספרינג פירות  טרופיי,,,ספרינג פירות  טרופיי,מיליליטרים,250.00,"100 מ""ל",false,,3.80,0.0152,true,1,4346
7290017062662,false,מרכך כביסה מרוכז טאצ,,,מרכך כביסה מרוכז טאצ,ליטרים,1.00,ליטר,false,,12.90,12.9000,true,1,25189
7290017062723,false,מרכך כביסה מרוכז טאצ,,,מרכך כביסה מרוכז טאצ,ליטרים,1.00,ליטר,false,,12.90,12.9000,true,1,25192
7290017062747,false,נוזל כלים תפוח 36% 7,,,נוזל כלים תפוח 36% 7,מיליליטרים,750.00,"100 מ""ל",false,,8.90,0.0119,true,1,32830
7290017065007,false,מוצרלה פרוסה  חצי קש,,,מוצרלה פרוסה  חצי קש,גרמים,200.00,100 גרם,false,,16.90,0.0845,true,1,5281
7290017065526,false,גד קוואטרו פורמאג'י,,,גד קוואטרו פורמאג'י,גרמים,300.00,100 גרם,false,,27.90,0.0930,true,1,5290
7290017065663,false,גבינת פטה עיזים מעוד,,,גבינת פטה עיזים מעוד,גרמים,250.00,100 גרם,false,,29.90,0.1196,true,1,20664
7290017065731,false,גבינת שמנת ניו יורק,,,גבינת שמנת ניו יורק,גרמים,200.00,100 גרם,false,,12.90,0.0645,true,1,20669
7290017068985,false,שיבולת שועל מלאה עבה,,,שיבולת שועל מלאה עבה,קילוגרמים,1.00,"ק""ג",false,,8.90,8.9000,true,1,20697
7290017088112,false,ביייביסיטר נוחות מיד,,,ביייביסיטר נוחות מיד,יח',36.00,יח',false,,34.90,0.9694,true,1,10925
7290017088129,false,ביייביסיטר נוחות מיד,,,ביייביסיטר נוחות מיד,יח',40.00,יח',false,,34.90,0.8725,true,1,10926
7290017088143,false,ביייביסיטר נוחות מיד,,,ביייביסיטר נוחות מיד,יח',40.00,יח',false,,34.90,0.8725,true,1,10928
7290017088631,false,מגבון Tooly רביעייה,,,מגבון Tooly רביעייה,יחידה,0.00,יחידה,false,,9.90,0.0000,true,1,10933
7290017088914,false,מגבונים מבושם בייביס,,,מגבונים מבושם בייביס,יחידה,0.00,יחידה,false,,17.90,0.0000,true,1,10937
7290017088983,false,חיתולי בייביסיטר  NB,,,חיתולי בייביסיטר  NB,יחידה,0.00,יחידה,false,,25.90,0.0000,true,1,22936
7290017105062,false,חומוס 6OZ יכין 200 ג,,,חומוס 6OZ יכין 200 ג,גרמים,200.00,100 גרם,false,,3.90,0.0195,true,1,3170
7290017105116,false,תורמוס 6OZ יכין 200,,,תורמוס 6OZ יכין 200,גרמים,200.00,100 גרם,false,,3.90,0.0195,true,1,3173
7290017105468,false,אפונה יכין 3*120 גרם,,,אפונה יכין 3*120 גרם,גרמים,360.00,100 גרם,false,,14.90,0.0414,true,1,3176
7290017105550,false,מאגדת רסק עגבניות יכ,,,מאגדת רסק עגבניות יכ,גרמים,400.00,100 גרם,false,,11.90,0.0298,true,1,3177
7290017105895,false,גרגרי חומוס מסעדות י,,,גרגרי חומוס מסעדות י,גרמים,550.00,100 גרם,false,,8.90,0.0162,true,1,3181
7290017121086,false,אריסה מתוקה ביתית על,,,אריסה מתוקה ביתית על,גרמים,250.00,100 גרם,false,,12.90,0.0516,true,1,22114
7290017121093,false,ממרח אריסה חריפה עלל,,,ממרח אריסה חריפה עלל,גרמים,250.00,100 גרם,false,,12.90,0.0516,true,1,9088
7290017142128,false,שמן זית כתית מעולה ק,,,שמן זית כתית מעולה ק,מיליליטרים,750.00,"100 מ""ל",false,,30.90,0.0412,true,1,6201
7290017142159,false,נתחי טונה בהירה בשמן,,,נתחי טונה בהירה בשמן,גרמים,240.00,100 גרם,false,,21.90,0.0912,true,1,6202
7290017142203,false,פילה טונה פרוס עם בש,,,פילה טונה פרוס עם בש,גרמים,120.00,100 גרם,false,,14.90,0.1242,true,1,6205
7290017142289,false,תרסיס שמן חמניות עץ,,,תרסיס שמן חמניות עץ,מיליליטרים,200.00,"100 מ""ל",false,,15.50,0.0775,true,1,6209
7290017142340,false,שמן זרעי ענבים מזוכך,,,שמן זרעי ענבים מזוכך,ליטרים,1.00,ליטר,false,,29.90,29.9000,true,1,6210
7290017142364,false,שמן דלעת לא מזוכך עץ,,,שמן דלעת לא מזוכך עץ,מיליליטרים,250.00,"100 מ""ל",false,,39.90,0.1596,true,1,6211
7290017142388,false,שמן חמניות פלוס אומג,,,שמן חמניות פלוס אומג,ליטרים,1.00,ליטר,false,,15.90,15.9000,true,1,6213
7290017142395,false,פסטה עם טונה בשמן זי,,,פסטה עם טונה בשמן זי,גרמים,160.00,100 גרם,false,,13.90,0.0869,true,1,6214
7290017142500,false,תרסיס שמן זית כתית ב,,,תרסיס שמן זית כתית ב,מיליליטרים,150.00,"100 מ""ל",false,,17.90,0.1193,true,1,20882
7290017266909,false,ופלים מעולים במילוי,,,ופלים מעולים במילוי,גרמים,200.00,100 גרם,false,,4.90,0.0245,true,1,25360
7290017304885,false,לחם שיפון וחיטה מלאה,,,לחם שיפון וחיטה מלאה,גרמים,750.00,100 גרם,false,,14.90,0.0199,true,1,13068
7290017440965,false,אל סבון ניקיון ולחות,,,אל סבון ניקיון ולחות,ליטרים,1.00,ליטר,false,,12.90,12.9000,true,1,10876
7290017457611,false,ג'ל כביסה  ירוק סוד,,,ג'ל כביסה  ירוק סוד,ליטרים,2.50,ליטר,false,,24.90,9.9600,true,1,12838
7290017457727,false,מרכך כביסה מרוכז סוד,,,מרכך כביסה מרוכז סוד,מיליליטרים,900.00,"100 מ""ל",false,,9.90,0.0110,true,1,12843
7290017457871,false,ג'ל כביסה סוד ירוק 4,,,ג'ל כביסה סוד ירוק 4,ליטרים,4.00,ליטר,false,,34.90,8.7250,true,1,12849
7290017457888,false,ג'ל כביסה סוד כחול 4,,,ג'ל כביסה סוד כחול 4,ליטרים,4.00,ליטר,false,,34.90,8.7250,true,1,12850
7290017457932,false,מרכך כביסה מרוכז סוד,,,מרכך כביסה מרוכז סוד,מיליליטרים,900.00,"100 מ""ל",false,,9.90,0.0110,true,1,12855
7290017513850,false,תה ירוק נענע בתוספת,,,תה ירוק נענע בתוספת,גרמים,37.50,100 גרם,false,,22.90,0.6107,true,1,9538
7290017589565,false,"קלאסיק גוורץ 750 מ""ל",,,"קלאסיק גוורץ 750 מ""ל",מיליליטרים,750.00,"100 מ""ל",false,,32.90,0.0439,true,1,3513
7290017589633,false,יין רזרב קברנה גולד,,,יין רזרב קברנה גולד,מיליליטרים,750.00,"100 מ""ל",false,,48.90,0.0652,true,1,3514
7290017599267,false,סוכרזית סוכרלוז ממתי,,,סוכרזית סוכרלוז ממתי,גרמים,120.00,100 גרם,false,,24.90,0.2075,true,1,21882
7290017599274,false,סוכרזית סטיוויה  ממת,,,סוכרזית סטיוויה  ממת,גרמים,120.00,100 גרם,false,,24.90,0.2075,true,1,21883
7290017617046,false,טונה בשמן זית סטארקי,,,טונה בשמן זית סטארקי,גרמים,560.00,100 גרם,false,,24.90,0.0445,true,1,10353
7290017617084,false,סטארקיסט מיקס 185 גר,,,סטארקיסט מיקס 185 גר,גרמים,185.00,100 גרם,false,,10.90,0.0589,true,1,22698
7290017617107,false,סטארקיסט מיקס 185 גר,,,סטארקיסט מיקס 185 גר,גרמים,185.00,100 גרם,false,,10.90,0.0589,true,1,22700
7290017637563,false,שמפו CURLS לתלתלים מ,,,שמפו CURLS לתלתלים מ,מיליליטרים,500.00,"100 מ""ל",false,,23.90,0.0478,true,1,28900
7290017677804,false,קיקומן רוטב סויה ללא,,,קיקומן רוטב סויה ללא,מיליליטרים,444.00,"100 מ""ל",false,,19.90,0.0448,true,1,2040
7290017715506,false,חומץ תומר 1 ליטר,,,חומץ תומר 1 ליטר,ליטרים,1.00,ליטר,false,,5.90,5.9000,true,1,9668
7290017715735,false,זית סורי מבוקע תומר,,,זית סורי מבוקע תומר,גרמים,560.00,100 גרם,false,,9.90,0.0177,true,1,9677
7290017715834,false,זית נובו מבוקע ג.מאו,,,זית נובו מבוקע ג.מאו,גרמים,560.00,100 גרם,false,,10.90,0.0195,true,1,9680
7290017724003,false,עוגיות גרסיני אקלר 2,,,עוגיות גרסיני אקלר 2,גרמים,250.00,100 גרם,false,,19.90,0.0796,true,1,28826
7290017724058,false,עוגיות מעדן תמר אגוז,,,עוגיות מעדן תמר אגוז,גרמים,250.00,100 גרם,false,,19.90,0.0796,true,1,28830
7290017724065,false,"עוגיות מעדן תפו""ע וא",,,"עוגיות מעדן תפו""ע וא",גרמים,250.00,100 גרם,false,,19.90,0.0796,true,1,28831
7290017724102,false,עוגיות סיגרים תמרים/,,,עוגיות סיגרים תמרים/,גרמים,250.00,100 גרם,false,,19.90,0.0796,true,1,28835
7290017724119,false,עוגיות אוזניים אקלר,,,עוגיות אוזניים אקלר,גרמים,200.00,100 גרם,false,,19.90,0.0995,true,1,28836
7290017724140,false,עוגיות שושנים אקלר 2,,,עוגיות שושנים אקלר 2,גרמים,200.00,100 גרם,false,,19.90,0.0995,true,1,28838
7290017724171,false,עוגיות סנדוויץ ריבה,,,עוגיות סנדוויץ ריבה,גרמים,250.00,100 גרם,false,,22.90,0.0916,true,1,28841
7290017724201,false,"עוגיות ואן גוך לל""תס",,,"עוגיות ואן גוך לל""תס",גרמים,200.00,100 גרם,false,,22.90,0.1145,true,1,28843
7290017724225,false,עוגיות בויוס קשקבל א,,,עוגיות בויוס קשקבל א,גרמים,200.00,100 גרם,false,,19.90,0.0995,true,1,28845
7290017724232,false,עוגיות שומשומית אקלר,,,עוגיות שומשומית אקלר,גרמים,200.00,100 גרם,false,,19.90,0.0995,true,1,28846
7290017724287,false,עוגיות אצבעות פקאן ל,,,עוגיות אצבעות פקאן ל,גרמים,250.00,100 גרם,false,,22.90,0.0916,true,1,28851
7290017812380,false,תירוש מיץ ענבים אדום,,,תירוש מיץ ענבים אדום,מיליליטרים,750.00,"100 מ""ל",false,,12.90,0.0172,true,1,317
7290017812571,false,תירוש מיץ ענבים אדום,,,תירוש מיץ ענבים אדום,ליטרים,1.00,ליטר,false,,19.90,19.9000,true,1,318
7290017812588,false,תירוש מיץ ענבים לבן,,,תירוש מיץ ענבים לבן,ליטרים,1.00,ליטר,false,,19.90,19.9000,true,1,319
7290017812977,false,יין באזז אננס יקבי כ,,,יין באזז אננס יקבי כ,מיליליטרים,750.00,"100 מ""ל",false,,27.90,0.0372,true,1,18765
7290017871363,true,סבון ידיים מועשר בשמ,,,סבון ידיים מועשר בשמ,מיליליטרים,500.00,"100 מ""ל",false,,9.90,0.0198,true,1,2266
7290017871974,false,ג'ילי בטעם תות שדה 2,,,ג'ילי בטעם תות שדה 2,גרמים,25.00,100 גרם,false,,9.90,0.3960,true,1,2284
7290017871998,false,פודינג אינסטנט בטעם,,,פודינג אינסטנט בטעם,גרמים,30.00,100 גרם,false,,9.90,0.3300,true,1,2286
7290017872865,false,חטיפי דגנים אפויים ל,,,חטיפי דגנים אפויים ל,גרמים,40.00,100 גרם,false,,12.90,0.3225,true,1,19318
7290017873008,false,גלילונית שקיות רב שי,,,גלילונית שקיות רב שי,יחידה,0.00,יחידה,false,,11.90,0.0000,true,1,19324
7290017873039,false,גלילונית שקיות אוכל,,,גלילונית שקיות אוכל,יחידה,0.00,יחידה,false,,9.90,0.0000,true,1,19325
7290017888095,false,רביעיית מ.עדין שוופס,,,רביעיית מ.עדין שוופס,ליטרים,1.32,ליטר,false,,11.90,9.0152,true,1,4351
7290017888101,false,רביעיית מ.עדין שוופס,,,רביעיית מ.עדין שוופס,ליטרים,1.32,ליטר,false,,11.90,9.0152,true,1,4352
7290017888729,false,שוופס סודה 1 ליטר,,,שוופס סודה 1 ליטר,ליטרים,1.00,ליטר,false,,3.90,3.9000,true,1,4355
7290017888972,false,מי עדן פקק ספורט 1 ל,,,מי עדן פקק ספורט 1 ל,ליטרים,1.00,ליטר,false,,3.90,3.9000,true,1,4358
7290017894126,false,דגש פוזלי טריקולור ל,,,דגש פוזלי טריקולור ל,גרמים,400.00,100 גרם,false,,9.90,0.0248,true,1,18243
7290017928043,false,גריסיני קראנץ' מלח מ,,,גריסיני קראנץ' מלח מ,גרמים,175.00,100 גרם,false,,10.90,0.0623,true,1,2302
7290017928098,false,בייגלה שטוח מלח מאיר,,,בייגלה שטוח מלח מאיר,גרמים,330.00,100 גרם,false,,10.90,0.0330,true,1,19329
7290017928463,false,שברי בייגלה דבש חרדל,,,שברי בייגלה דבש חרדל,גרמים,300.00,100 גרם,false,,10.00,0.0333,true,1,19331
7290017928616,false,שטוחלה שומשום מאיר ב,,,שטוחלה שומשום מאיר ב,גרמים,300.00,100 גרם,false,,10.90,0.0363,true,1,2307
7290017928661,false,שברי בייגלה בטעם צ'ד,,,שברי בייגלה בטעם צ'ד,גרמים,300.00,100 גרם,false,,10.00,0.0333,true,1,19333
7290017928807,false,אצבעות שומשום מאיר ב,,,אצבעות שומשום מאיר ב,גרמים,300.00,100 גרם,false,,10.90,0.0363,true,1,2309
7290017941288,false,נר נשמה 24 שעות,,,נר נשמה 24 שעות,יחידה,0.00,יחידה,false,,1.90,0.0000,true,1,26765
7290017941356,false,נר שבת 72 יח',,,נר שבת 72 יח',יחידה,0.00,יחידה,false,,31.90,0.0000,true,1,26773
7290017941370,false,להבונים 50 יח' 3 שעו,,,להבונים 50 יח' 3 שעו,יחידה,0.00,יחידה,false,,9.90,0.0000,true,1,26775
7290017941462,false,כוסות שתיה חמה 8B  י,,,כוסות שתיה חמה 8B  י,יחידה,0.00,יחידה,false,,9.90,0.0000,true,1,26784
7290017941608,false,קערות אובליות לבן 50,,,קערות אובליות לבן 50,יחידה,0.00,יחידה,false,,10.90,0.0000,true,1,26798
7290017941615,false,רדיד אלומניום כוכבים,,,רדיד אלומניום כוכבים,מטרים,60.00,מטר,false,,24.90,0.4150,true,1,26799
7290017941660,false,מארז תבניות לחלה עבו,,,מארז תבניות לחלה עבו,יחידה,0.00,יחידה,false,,12.90,0.0000,true,1,26804
7290017941714,false,שקיות רב שימושיות זו,,,שקיות רב שימושיות זו,יחידה,0.00,יחידה,false,,8.90,0.0000,true,1,26809
7290017941790,false,ניילון נצמד 30*30 עם,,,ניילון נצמד 30*30 עם,מטרים,30.00,מטר,false,,8.90,0.2967,true,1,26817
7290017941813,false,קיסמי במבוק בעטיפה א,,,קיסמי במבוק בעטיפה א,יחידה,0.00,יחידה,false,,4.90,0.0000,true,1,26819
7290017941820,false,כוסות שתיה קרה  כחול,,,כוסות שתיה קרה  כחול,יחידה,0.00,יחידה,false,,13.90,0.0000,true,1,26820
7290017941912,false,שיפודי במבוק עובי 5,,,שיפודי במבוק עובי 5,יחידה,0.00,יחידה,false,,5.90,0.0000,true,1,26829
7290017946542,false,סוד מרכך כביסה  מרוכ,,,סוד מרכך כביסה  מרוכ,ליטרים,1.80,ליטר,false,,21.90,12.1667,true,1,12859
7290017946979,false,פרסיל ג'ל פרימיום 2.,,,פרסיל ג'ל פרימיום 2.,ליטרים,2.40,ליטר,false,,34.90,14.5417,true,1,24186
7290017947105,false,לחם בסגנון אמריקה אנ,,,לחם בסגנון אמריקה אנ,גרמים,500.00,100 גרם,false,,13.00,0.0260,true,1,13069
7290017947464,false,שמיניית פיתות כוסמין,,,שמיניית פיתות כוסמין,גרמים,400.00,100 גרם,false,,15.50,0.0388,true,1,13079
7290017947495,false,6 לחמניות כוסמין אנג,,,6 לחמניות כוסמין אנג,גרמים,450.00,100 גרם,false,,14.50,0.0322,true,1,24273
7290017947891,false,לחם כוסמין וחיטה מלא,,,לחם כוסמין וחיטה מלא,גרמים,750.00,100 גרם,false,,14.90,0.0199,true,1,13080
7290017947921,true,מארז לחמניות המבורגר,,,מארז לחמניות המבורגר,גרמים,450.00,100 גרם,false,,13.50,0.0300,true,1,13081
7290017947938,false,8 לחמניות המבורגר בס,,,8 לחמניות המבורגר בס,גרמים,4000.00,100 גרם,false,,13.50,0.0034,true,1,24275
7290018023495,false,טחינה גולמית סבא חבי,,,טחינה גולמית סבא חבי,גרמים,500.00,100 גרם,false,,14.90,0.0298,true,1,18890
7290018043196,false,חטיף חלבון בטעם שוקו,,,חטיף חלבון בטעם שוקו,גרמים,60.00,100 גרם,false,,13.90,0.2317,true,1,19283
7290018045893,false,דגנים במילוי קרם נוג,,,דגנים במילוי קרם נוג,גרמים,480.00,100 גרם,false,,15.90,0.0331,true,1,21515
7290018091029,false,מקלות פילו תפוח אדמה,,,מקלות פילו תפוח אדמה,גרמים,450.00,100 גרם,false,,17.90,0.0398,true,1,13178
7290018091074,false,בצק עוגיות שוקולד צ',,,בצק עוגיות שוקולד צ',גרמים,300.00,100 גרם,false,,16.90,0.0563,true,1,24305
7290018091616,false,מקלות פילו גבינה 450,,,מקלות פילו גבינה 450,גרמים,450.00,100 גרם,false,,17.90,0.0398,true,1,13182
7290018091838,false,חטיפי בורקס מבצק פיל,,,חטיפי בורקס מבצק פיל,גרמים,600.00,100 גרם,false,,19.90,0.0332,true,1,24317
7290018131756,false,נסטלה וניל מצופה תות,,,נסטלה וניל מצופה תות,גרמים,440.00,100 גרם,false,,27.90,0.0634,true,1,20738
7290018131954,false,לה פרוטה מאגדת בטעם,,,לה פרוטה מאגדת בטעם,גרמים,350.00,100 גרם,false,,27.90,0.0797,true,1,20747
7290018194065,false,אורז בסמטי 1 קילו PR,,,אורז בסמטי 1 קילו PR,קילוגרמים,1.00,"ק""ג",false,,9.90,9.9000,true,1,18891
7290018236086,false,ע.ט. נקניקיות עוף 12,,,ע.ט. נקניקיות עוף 12,קילוגרמים,1.00,"ק""ג",false,,27.90,27.9000,true,1,21257
7290018236635,false,צ'ונגו פופקורן מצופה,,,צ'ונגו פופקורן מצופה,גרמים,600.00,100 גרם,false,,32.90,0.0548,true,1,21260
7290018237489,false,עוף טוב דק דק פסטרמה,,,עוף טוב דק דק פסטרמה,גרמים,220.00,100 גרם,false,,22.90,0.1041,true,1,21271
7290018237502,false,עוף טוב דק דק כתף בק,,,עוף טוב דק דק כתף בק,גרמים,200.00,100 גרם,false,,19.90,0.0995,true,1,21273
7290018237885,false,נקניקיות XL ללחמנייה,,,נקניקיות XL ללחמנייה,קילוגרמים,370.00,"ק""ג",false,,14.90,0.0403,true,1,21274
7290018237922,false,שניצלונים ציפוי ציפס,,,שניצלונים ציפוי ציפס,גרמים,700.00,100 גרם,false,,12.90,0.0184,true,1,21276
7290018237939,false,שניצלונים ציפוי שומש,,,שניצלונים ציפוי שומש,גרמים,700.00,100 גרם,false,,12.90,0.0184,true,1,21277
7290018294192,false,יין בלנד היינן פרייב,,,יין בלנד היינן פרייב,מיליליטרים,750.00,"100 מ""ל",false,,39.90,0.0532,true,1,18767
7290018294208,false,יין אדום ישראלי סלקט,,,יין אדום ישראלי סלקט,מיליליטרים,750.00,"100 מ""ל",false,,29.90,0.0399,true,1,18768
7290018294901,false,יין מונלייט אדום יבש,,,יין מונלייט אדום יבש,מיליליטרים,750.00,"100 מ""ל",false,,29.90,0.0399,true,1,18773
7290018333631,false,גרנולפלקס קשיו ופירו,,,גרנולפלקס קשיו ופירו,גרמים,500.00,100 גרם,false,,22.90,0.0458,true,1,25241
7290018359495,false,תירס מהשדה בלי תוספת,,,תירס מהשדה בלי תוספת,גרמים,550.00,100 גרם,false,,9.90,0.0180,true,1,3189
7290018359686,false,חומוס ענק יכין 550 ג,,,חומוס ענק יכין 550 ג,גרמים,550.00,100 גרם,false,,8.90,0.0162,true,1,19774
7290018359716,false,רוטב פיצה טוסקנה יכי,,,רוטב פיצה טוסקנה יכי,גרמים,240.00,100 גרם,false,,5.50,0.0229,true,1,19775
7290018359853,false,עדשים שחורות יכין 40,,,עדשים שחורות יכין 40,גרמים,400.00,100 גרם,false,,7.90,0.0198,true,1,19776
7290018359877,false,רסק עגבניות טבעי יכי,,,רסק עגבניות טבעי יכי,גרמים,600.00,100 גרם,false,,10.90,0.0182,true,1,19778
7290018359884,false,פולפה ליקופן טבעית י,,,פולפה ליקופן טבעית י,גרמים,800.00,100 גרם,false,,11.90,0.0149,true,1,19779
7290018359969,false,רוטב עגבניות לפיצה י,,,רוטב עגבניות לפיצה י,גרמים,400.00,100 גרם,false,,9.90,0.0248,true,1,19783
7290018380871,false,פטיסון כבוש שלם תומר,,,פטיסון כבוש שלם תומר,גרמים,670.00,100 גרם,false,,14.90,0.0222,true,1,22444
7290018400036,false,ירקות מוקפאים מעורבי,,,ירקות מוקפאים מעורבי,גרמים,800.00,100 גרם,false,,22.90,0.0286,true,1,22462
7290018440223,false,חווית הצ'אי- מסאלה ע,,,חווית הצ'אי- מסאלה ע,גרמים,50.00,100 גרם,false,,19.90,0.3980,true,1,22370
7290018440247,false,חווית הצ'אי- שקדים 2,,,חווית הצ'אי- שקדים 2,גרמים,50.00,100 גרם,false,,19.90,0.3980,true,1,22372
7290018440513,false,סלט טונה עם ירקות בס,,,סלט טונה עם ירקות בס,גרמים,150.00,100 גרם,false,,14.90,0.0993,true,1,22384
7290018471029,false,שוופס סודה לימון שיש,,,שוופס סודה לימון שיש,ליטרים,3.00,ליטר,false,,13.90,4.6333,true,1,4359
7290018471036,false,שוופס סודה לימון 500,,,שוופס סודה לימון 500,מיליליטרים,500.00,"100 מ""ל",false,,3.50,0.0070,true,1,38040
7290018471210,false,קרטונית אגס תפוח וסב,,,קרטונית אגס תפוח וסב,ליטרים,1.00,ליטר,false,,6.70,6.7000,true,1,20191
7290018471401,false,פרוט ווג אננס בננה כ,,,פרוט ווג אננס בננה כ,ליטרים,1.00,ליטר,false,,12.50,12.5000,true,1,20193
7290018471456,false,ספרינג שייק אננס מנג,,,ספרינג שייק אננס מנג,ליטרים,1.00,ליטר,false,,11.90,11.9000,true,1,20195
7290018471470,false,נקטר תפוזינה ENJOY ב,,,נקטר תפוזינה ENJOY ב,ליטרים,1.00,ליטר,false,,6.80,6.8000,true,1,20197
7290018471692,false,ספרינג שייק בננה אננ,,,ספרינג שייק בננה אננ,ליטרים,1.00,ליטר,false,,11.90,11.9000,true,1,20207
7290018471906,false,שוופס מוגז לימונדה ו,,,שוופס מוגז לימונדה ו,ליטרים,1.50,ליטר,false,,8.80,5.8667,true,1,20212
7290018471913,false,שוופס פרוטס תפוחים 1,,,שוופס פרוטס תפוחים 1,ליטרים,1.50,ליטר,false,,8.80,5.8667,true,1,20213
7290018471920,false,שוופס ענבים מוגז 1.5,,,שוופס ענבים מוגז 1.5,ליטרים,1.50,ליטר,false,,8.80,5.8667,true,1,20214
7290018471937,false,שוופס מוגז פירות תות,,,שוופס מוגז פירות תות,ליטרים,1.50,ליטר,false,,8.80,5.8667,true,1,20215
7290018471944,false,שוופס מוגז למונייד 1,,,שוופס מוגז למונייד 1,ליטרים,1.50,ליטר,false,,8.80,5.8667,true,1,20216
7290018471951,false,שוופס פרוטס אשכולית,,,שוופס פרוטס אשכולית,ליטרים,1.50,ליטר,false,,8.80,5.8667,true,1,20217
7290018500361,false,לחם אחיד פרוס מאפיית,,,לחם אחיד פרוס מאפיית,גרמים,900.00,100 גרם,false,,8.30,0.0092,true,1,24277
7290018500385,true,חלה רגילה אנגל 650 ג,,,חלה רגילה אנגל 650 ג,גרמים,650.00,100 גרם,false,,6.50,0.0100,true,1,24278
7290018500392,true,חלה קלועה אנגל 650 ג,,,חלה קלועה אנגל 650 ג,גרמים,650.00,100 גרם,false,,6.50,0.0100,true,1,24279
7290018540329,false,פיתה פיתה אנגל 880 ג,,,פיתה פיתה אנגל 880 ג,יח',10.00,יח',false,,9.90,0.9900,true,1,24281
7290018540817,false,לחם ארטיזנל כוסמין א,,,לחם ארטיזנל כוסמין א,גרמים,500.00,100 גרם,false,,17.90,0.0358,true,1,24283
7290018540824,false,לחם מחמצת כפרי artis,,,לחם מחמצת כפרי artis,גרמים,500.00,100 גרם,false,,17.90,0.0358,true,1,24284
7290018540831,false,לחם מחמצת חיטה מלאה,,,לחם מחמצת חיטה מלאה,גרמים,500.00,100 גרם,false,,17.90,0.0358,true,1,24285
7290018564677,false,ממרח ארטישוק שף הטבע,,,ממרח ארטישוק שף הטבע,גרמים,200.00,100 גרם,false,,11.90,0.0595,true,1,21414
7290018564707,false,ממרח פלפל קלוי שף הט,,,ממרח פלפל קלוי שף הט,גרמים,200.00,100 גרם,false,,11.90,0.0595,true,1,21417
7290018564714,false,ממרח לימון כבוש שף ה,,,ממרח לימון כבוש שף ה,גרמים,200.00,100 גרם,false,,11.90,0.0595,true,1,21418
7290018571064,false,מקלוני טופי מיה 450,,,מקלוני טופי מיה 450,גרמים,450.00,100 גרם,false,,14.90,0.0331,true,1,20698
7290018571071,false,פספסים טופי מיה 450,,,פספסים טופי מיה 450,גרמים,450.00,100 גרם,false,,14.90,0.0331,true,1,20699
7290018571705,false,"אורז יסמין 1 ק""ג",,,"אורז יסמין 1 ק""ג",קילוגרמים,1.00,"ק""ג",false,,11.90,11.9000,true,1,20705
7290018626108,false,קערות אובליות שקוף 5,,,קערות אובליות שקוף 5,יחידה,0.00,יחידה,false,,10.90,0.0000,true,1,26858
7290018626528,false,ניילון נצמד 30*150 ע,,,ניילון נצמד 30*150 ע,מטרים,150.00,מטר,false,,18.90,0.1260,true,1,26895
7290018626580,false,צימרונים לאוזנים 100,,,צימרונים לאוזנים 100,יחידה,0.00,יחידה,false,,2.90,0.0000,true,1,26901
7290018626610,false,צימרונים לאוזנים מאר,,,צימרונים לאוזנים מאר,יחידה,0.00,יחידה,false,,9.90,0.0000,true,1,26904
7290018626641,false,מארז תבניות רוסטר גד,,,מארז תבניות רוסטר גד,יחידה,0.00,יחידה,false,,12.90,0.0000,true,1,26907
7290018626993,false,מפיות תלת שכבתיות 20,,,מפיות תלת שכבתיות 20,יחידה,0.00,יחידה,false,,4.90,0.0000,true,1,26940
7290018652671,false,גלידת שוקו וניל מופח,,,גלידת שוקו וניל מופח,גרמים,0.00,100 גרם,false,,17.90,0.0000,true,1,20754
7290018720219,false,פיצפוצי אורז ללא סוכ,,,פיצפוצי אורז ללא סוכ,גרמים,250.00,100 גרם,false,,12.90,0.0516,true,1,27342
7290018773316,false,בזיליקום 100 גרם,,,בזיליקום 100 גרם,גרמים,100.00,100 גרם,false,,9.90,0.0990,true,1,24296
7290018818275,false,פיצה קונו מרגריטה 26,,,פיצה קונו מרגריטה 26,גרמים,260.00,100 גרם,false,,14.90,0.0573,true,1,28269
7290018835029,false,מרק בטעם עוף פרווה ת,,,מרק בטעם עוף פרווה ת,גרמים,400.00,100 גרם,false,,15.90,0.0398,true,1,18738
7290018886175,false,כפיות עבות 50 יח'  ש,,,כפיות עבות 50 יח'  ש,יחידה,0.00,יחידה,false,,9.90,0.0000,true,1,26948
7290018886182,false,כפיות עבות 50 יח'  ק,,,כפיות עבות 50 יח'  ק,יחידה,0.00,יחידה,false,,9.90,0.0000,true,1,26949
7290018886205,false,סכינים עבות 50 יח',,,סכינים עבות 50 יח',יחידה,0.00,יחידה,false,,9.90,0.0000,true,1,26951
7290018886229,false,מזלגות עבות 50 יח',,,מזלגות עבות 50 יח',יחידה,0.00,יחידה,false,,9.90,0.0000,true,1,26953
7290018886236,false,כפות עבות 50 יח'  שק,,,כפות עבות 50 יח'  שק,יחידה,0.00,יחידה,false,,9.90,0.0000,true,1,26954
7290018886250,false,מגש איכותי מחולק ל 4,,,מגש איכותי מחולק ל 4,יחידה,0.00,יחידה,false,,8.90,0.0000,true,1,26956
7290018886311,false,פת דגנים סגנון שוודי,,,פת דגנים סגנון שוודי,גרמים,170.00,100 גרם,false,,7.90,0.0465,true,1,26962
7290018886991,false,שמן קנולה אלומות 1 ל,,,שמן קנולה אלומות 1 ל,ליטרים,1.00,ליטר,false,,8.90,8.9000,true,1,27030
7290018893036,false,ביסקוויטי סנדוויץ בט,,,ביסקוויטי סנדוויץ בט,גרמים,176.00,100 גרם,false,,6.90,0.0392,true,1,21669
7290018893142,false,צ'וקטה גריסיני שמן ז,,,צ'וקטה גריסיני שמן ז,גרמים,120.00,100 גרם,false,,8.90,0.0742,true,1,21676
7290018893494,false,עוגיות עלי וופל דקות,,,עוגיות עלי וופל דקות,גרמים,100.00,100 גרם,false,,9.90,0.0990,true,1,21686
7290018893500,false,צ'וקטה עוגיות סנדביץ,,,צ'וקטה עוגיות סנדביץ,גרמים,180.00,100 גרם,false,,4.90,0.0272,true,1,21687
7290018893517,false,בייגלה שטוח מצופה שו,,,בייגלה שטוח מצופה שו,גרמים,80.00,100 גרם,false,,6.90,0.0863,true,1,21688
7290018893647,false,עוגיות סנדויץ' מצופו,,,עוגיות סנדויץ' מצופו,גרמים,150.00,100 גרם,false,,9.90,0.0660,true,1,21692
7290018893715,false,בייגלה שטוח מצופה שו,,,בייגלה שטוח מצופה שו,גרמים,80.00,100 גרם,false,,6.90,0.0863,true,1,21696
7290018894002,false,בלקוני קוביות וופל ק,,,בלקוני קוביות וופל ק,גרמים,250.00,100 גרם,false,,9.90,0.0396,true,1,21702
7290018894019,false,עוגות אישיות מיקס מק,,,עוגות אישיות מיקס מק,גרמים,350.00,100 גרם,false,,13.90,0.0397,true,1,21703
7290018894200,false,בלקוני קוביות וופל ו,,,בלקוני קוביות וופל ו,גרמים,250.00,100 גרם,false,,9.90,0.0396,true,1,21704
7290018894408,false,בלקוני קוביות וופל א,,,בלקוני קוביות וופל א,גרמים,250.00,100 גרם,false,,9.90,0.0396,true,1,21706
7290018894804,false,וופל במילוי קרם אגוז,,,וופל במילוי קרם אגוז,גרמים,175.00,100 גרם,false,,7.90,0.0451,true,1,21709
7290018925065,false,פרימור מיץ תפוזים סח,,,פרימור מיץ תפוזים סח,ליטרים,2.00,ליטר,false,,26.90,13.4500,true,1,22118
7290018989005,false,פולפה טבעית יכין  3*,,,פולפה טבעית יכין  3*,קילוגרמים,1.20,"ק""ג",false,,16.90,14.0833,true,1,19784
7290018989135,false,סירופ בטעם פטל יכין,,,סירופ בטעם פטל יכין,יחידה,0.00,יחידה,false,,18.90,0.0000,true,1,19787
7290019031000,false,WIZ מארז חמישיית ניי,,,WIZ מארז חמישיית ניי,יחידה,0.00,יחידה,false,,10.90,0.0000,true,1,27032
7290019031062,false,תבנית R-2 מלבנית 7 י,,,תבנית R-2 מלבנית 7 י,יחידה,0.00,יחידה,false,,9.90,0.0000,true,1,27037
7290019031079,false,תבנית R-29 מרובעת קט,,,תבנית R-29 מרובעת קט,יחידה,0.00,יחידה,false,,9.90,0.0000,true,1,27038
7290019031086,false,תבנית R-31 גדולה 7 י,,,תבנית R-31 גדולה 7 י,יחידה,0.00,יחידה,false,,9.90,0.0000,true,1,27039
7290019031109,false,תבנית R-88 אינגליש 1,,,תבנית R-88 אינגליש 1,יחידה,0.00,יחידה,false,,9.90,0.0000,true,1,27041
7290019031116,false,תבנית R-99 ענקית 3 י,,,תבנית R-99 ענקית 3 י,יחידה,0.00,יחידה,false,,9.90,0.0000,true,1,27042
7290019031215,false,כוסות 10OZ לשתייה חמ,,,כוסות 10OZ לשתייה חמ,יחידה,0.00,יחידה,false,,9.90,0.0000,true,1,27051
7290019031222,false,כוסות 12OZ לשתייה חמ,,,כוסות 12OZ לשתייה חמ,יחידה,0.00,יחידה,false,,11.90,0.0000,true,1,27052
7290019031307,false,לפתניות לבנות 25 יח',,,לפתניות לבנות 25 יח',יחידה,0.00,יחידה,false,,5.90,0.0000,true,1,27060
7290019031338,false,"צלחות קטנות 7"" לבנות",,,"צלחות קטנות 7"" לבנות",יחידה,0.00,יחידה,false,,8.90,0.0000,true,1,27063
7290019031345,false,צלחות גדולות 9 לבן 2,,,צלחות גדולות 9 לבן 2,יחידה,0.00,יחידה,false,,12.90,0.0000,true,1,27064
7290019031383,false,סבון ידיים מאסק 1 לי,,,סבון ידיים מאסק 1 לי,ליטרים,1.00,100 ליטר,false,,9.90,9.9000,true,1,27068
7290019031413,false,נייר טואלט לח שלישיי,,,נייר טואלט לח שלישיי,יחידה,0.00,יחידה,false,,11.90,0.0000,true,1,27071
7290019031468,false,WIZ צלחות מתכלות ענק,,,WIZ צלחות מתכלות ענק,יחידה,0.00,יחידה,false,,13.90,0.0000,true,1,27076
7290019031543,false,שמן זית כתית מעולה א,,,שמן זית כתית מעולה א,מיליליטרים,750.00,"100 מ""ל",false,,29.90,0.0399,true,1,27083
7290019031598,false,מארז 5 מכלים + מכסים,,,מארז 5 מכלים + מכסים,ליטרים,0.50,ליטר,false,,9.90,19.8000,true,1,27087
7290019031659,false,WIZ צלחות גדולות  שק,,,WIZ צלחות גדולות  שק,יחידה,0.00,יחידה,false,,13.90,0.0000,true,1,27092
7290019031666,false,WIZ צלחות קטנות שקופ,,,WIZ צלחות קטנות שקופ,יחידה,0.00,יחידה,false,,9.90,0.0000,true,1,27093
7290019031673,false,"WIZ מרקיות שקופות 7""",,,"WIZ מרקיות שקופות 7""",יחידה,0.00,יחידה,false,,9.90,0.0000,true,1,27094
7290019031697,false,WIZ לפתניות שקופות 2,,,WIZ לפתניות שקופות 2,יחידה,0.00,יחידה,false,,5.90,0.0000,true,1,27096
7290019056027,false,שוופס מוגז פירות תפו,,,שוופס מוגז פירות תפו,ליטרים,1.50,ליטר,false,,7.90,5.2667,true,1,20218
7290019056034,false,שוופס מוגז פירות אננ,,,שוופס מוגז פירות אננ,ליטרים,1.50,ליטר,false,,7.90,5.2667,true,1,20219
7290019056041,false,שוופס מוגז פירות ללא,,,שוופס מוגז פירות ללא,ליטרים,1.50,ליטר,false,,7.90,5.2667,true,1,20220
7290019056058,false,שוופס מוגז עדין תפוח,,,שוופס מוגז עדין תפוח,ליטרים,1.50,ליטר,false,,8.30,5.5333,true,1,20221
7290019056065,false,שוופס מוגז עדין פירו,,,שוופס מוגז עדין פירו,ליטרים,1.50,ליטר,false,,8.30,5.5333,true,1,20222
7290019056072,false,שוופס מוגז עדין אננס,,,שוופס מוגז עדין אננס,ליטרים,1.50,ליטר,false,,8.30,5.5333,true,1,20223
7290019056089,false,שוופס מוגז עדין טעם,,,שוופס מוגז עדין טעם,ליטרים,1.50,ליטר,false,,8.30,5.5333,true,1,20224
7290019056096,false,שוופס מוגז עדין אפרס,,,שוופס מוגז עדין אפרס,ליטרים,1.50,ליטר,false,,8.30,5.5333,true,1,20225
7290019056119,false,שוופס סודה 1.5ליטר,,,שוופס סודה 1.5ליטר,ליטרים,1.50,ליטר,false,,3.20,2.1333,true,1,20226
7290019056157,false,שוופס סודה פירות יער,,,שוופס סודה פירות יער,ליטרים,1.50,ליטר,false,,3.20,2.1333,true,1,20230
7290019056164,false,שוופס סודה 4*1.5ליטר,,,שוופס סודה 4*1.5ליטר,ליטרים,6.00,ליטר,false,,11.50,1.9167,true,1,20231
7290019056171,false,שוופס סודה לימון 4*1,,,שוופס סודה לימון 4*1,ליטרים,6.00,ליטר,false,,11.50,1.9167,true,1,20232
7290019056188,false,שוופס סודה נענע ליים,,,שוופס סודה נענע ליים,ליטרים,6.00,ליטר,false,,11.50,1.9167,true,1,20233
7290019056201,false,שוופס פירות יער סודה,,,שוופס פירות יער סודה,ליטרים,6.00,ליטר,false,,11.50,1.9167,true,1,20235
7290019056232,false,שוופס ליים מוחיטו 1.,,,שוופס ליים מוחיטו 1.,ליטרים,1.50,ליטר,false,,8.50,5.6667,true,1,20236
7290019056249,false,שוופס וואטר ענבים 1.,,,שוופס וואטר ענבים 1.,ליטרים,1.50,ליטר,false,,7.90,5.2667,true,1,20237
7290019056256,false,שוופס וואטר בטעם תפו,,,שוופס וואטר בטעם תפו,ליטרים,1.50,ליטר,false,,7.90,5.2667,true,1,20238
7290019056263,false,שוופס וואטר אפרסק 1.,,,שוופס וואטר אפרסק 1.,ליטרים,1.50,ליטר,false,,7.90,5.2667,true,1,20239
7290019056270,false,שוופס וואטר פירות יע,,,שוופס וואטר פירות יע,ליטרים,1.50,ליטר,false,,7.90,5.2667,true,1,20240
7290019056300,false,שוופס ביטר לימון 1.5,,,שוופס ביטר לימון 1.5,ליטרים,1.50,ליטר,false,,12.00,8.0000,true,1,20242
7290019056324,false,שוופס מי טוניק 1.5 ל,,,שוופס מי טוניק 1.5 ל,ליטרים,1.50,ליטר,false,,12.00,8.0000,true,1,20244
7290019056331,false,שוופס טוניק ללא סוכר,,,שוופס טוניק ללא סוכר,ליטרים,1.50,ליטר,false,,11.50,7.6667,true,1,20245
7290019056362,false,תפוזינה ענבים 1.5 לי,,,תפוזינה ענבים 1.5 לי,ליטרים,1.50,ליטר,false,,8.30,5.5333,true,1,20247
7290019056379,false,תפוזינה תפוזים 1.5 ל,,,תפוזינה תפוזים 1.5 ל,ליטרים,1.50,ליטר,false,,8.30,5.5333,true,1,20248
7290019056386,false,תפוזינה אשכוליות 1.5,,,תפוזינה אשכוליות 1.5,ליטרים,1.50,ליטר,false,,8.30,5.5333,true,1,20249
7290019056393,false,תפוזינה תות בננה 1.5,,,תפוזינה תות בננה 1.5,ליטרים,1.50,ליטר,false,,8.30,5.5333,true,1,20250
7290019056409,false,תפוזינה מנגו עסיסי 1,,,תפוזינה מנגו עסיסי 1,ליטרים,1.50,ליטר,false,,8.30,5.5333,true,1,20251
7290019056423,false,תפוזינה תפוח רענן 1.,,,תפוזינה תפוח רענן 1.,ליטרים,1.50,ליטר,false,,8.30,5.5333,true,1,20253
7290019056515,false,פרוט ווטר אננס 1.5 ל,,,פרוט ווטר אננס 1.5 ל,ליטרים,1.50,ליטר,false,,8.30,5.5333,true,1,20259
7290019056539,false,פרוט ווטר אפרסק 1.5,,,פרוט ווטר אפרסק 1.5,ליטרים,1.50,ליטר,false,,8.30,5.5333,true,1,20261
7290019056553,false,עין גדי מים מינרלים,,,עין גדי מים מינרלים,ליטרים,12.00,ליטר,false,,12.70,1.0583,true,1,20263
7290019056577,false,ספרינג מנגו 1.5 ליטר,,,ספרינג מנגו 1.5 ליטר,ליטרים,1.50,ליטר,false,,8.30,5.5333,true,1,20265
7290019056591,false,ספרינג ענבים 1.5 ליט,,,ספרינג ענבים 1.5 ליט,ליטרים,1.50,ליטר,false,,8.30,5.5333,true,1,20267
7290019056614,false,ספרינג אפרסק 1.5 ליט,,,ספרינג אפרסק 1.5 ליט,ליטרים,1.50,ליטר,false,,8.30,5.5333,true,1,20269
7290019056621,false,ספרינג פירות טרופיים,,,ספרינג פירות טרופיים,ליטרים,1.50,ליטר,false,,8.30,5.5333,true,1,20270
7290019056638,false,ספרינג תות בננה 1.5,,,ספרינג תות בננה 1.5,ליטרים,1.50,ליטר,false,,8.30,5.5333,true,1,20271
7290019056645,false,ספרינג אגס סברס תפוח,,,ספרינג אגס סברס תפוח,ליטרים,1.50,ליטר,false,,8.30,5.5333,true,1,20272
7290019056669,false,ספרינג תפוחים דיאט 1,,,ספרינג תפוחים דיאט 1,ליטרים,1.50,ליטר,false,,7.80,5.2000,true,1,20274
7290019056720,false,קריסטל מיץ ענבים 2 ל,,,קריסטל מיץ ענבים 2 ל,ליטרים,2.00,ליטר,false,,6.90,3.4500,true,1,20276
7290019056737,false,קריסטל מיץ אשכוליות,,,קריסטל מיץ אשכוליות,ליטרים,2.00,ליטר,false,,6.90,3.4500,true,1,20277
7290019056744,false,קריסטל מיץ תפוזים 2,,,קריסטל מיץ תפוזים 2,ליטרים,2.00,ליטר,false,,6.90,3.4500,true,1,20278
7290019056751,false,קריסטל דיאט מיץ אשכו,,,קריסטל דיאט מיץ אשכו,ליטרים,2.00,ליטר,false,,6.90,3.4500,true,1,20279
7290019056782,false,קריסטל למון ליים 2 ל,,,קריסטל למון ליים 2 ל,ליטרים,2.00,ליטר,false,,6.90,3.4500,true,1,20282
7290019056836,false,תות קריסטל 2 ליטר,,,תות קריסטל 2 ליטר,ליטרים,2.00,ליטר,false,,6.90,3.4500,true,1,20287
7290019056973,false,מי עדן 6*1.5 ליטר,,,מי עדן 6*1.5 ליטר,ליטרים,9.00,ליטר,false,,12.70,1.4111,true,1,20290
7290019153252,false,שוופס סודה תפוח 4*1.,,,שוופס סודה תפוח 4*1.,ליטרים,6.00,ליטר,false,,11.50,1.9167,true,1,20295
7290019153269,false,שוופס סודה אננס 4*1.,,,שוופס סודה אננס 4*1.,ליטרים,6.00,ליטר,false,,11.50,1.9167,true,1,20296
7290019153375,false,תפוזינה מוחיטו 1.5 ל,,,תפוזינה מוחיטו 1.5 ל,ליטרים,1.50,ליטר,false,,8.30,5.5333,true,1,20300
7290019204008,false,פסטרמה ארבעה פלפלים,,,פסטרמה ארבעה פלפלים,גרמים,350.00,100 גרם,false,,24.90,0.0711,true,1,21280
7290019233008,false,רוטב עגבניות עם קובי,,,רוטב עגבניות עם קובי,גרמים,420.00,100 גרם,false,,13.90,0.0331,true,1,22391
7290019245001,false,שמן קנולה אלומות 1 ל,,,שמן קנולה אלומות 1 ל,ליטרים,1.00,ליטר,false,,8.90,8.9000,true,1,27098
7290019308027,false,שעועית ירוקה שלמה עד,,,שעועית ירוקה שלמה עד,גרמים,800.00,100 גרם,false,,7.20,0.0090,true,1,49582
7290019308058,false,שעועית ירוקה חתוכה 8,,,שעועית ירוקה חתוכה 8,גרמים,800.00,100 גרם,false,,6.90,0.0086,true,1,26671
7290019393061,false,קמח כוסמין מלא מנופה,,,קמח כוסמין מלא מנופה,קילוגרמים,1.00,"ק""ג",false,,16.90,16.9000,true,1,54184
7290022005562,false,פירורי לחם עם שום קר,,,פירורי לחם עם שום קר,גרמים,300.00,100 גרם,false,,7.80,0.0260,true,1,18739
7290100240137,false,בדין תרסיס למייבש כב,,,בדין תרסיס למייבש כב,מיליליטרים,500.00,"100 מ""ל",false,,14.90,0.0298,true,1,3845
7290100240144,false,בדין תרסיס למייבש כב,,,בדין תרסיס למייבש כב,מיליליטרים,500.00,"100 מ""ל",false,,14.90,0.0298,true,1,3846
7290100240632,false,פתית 6 דגנים תלמה 25,,,פתית 6 דגנים תלמה 25,גרמים,250.00,100 גרם,false,,14.90,0.0596,true,1,3847
7290100240656,false,פתית שיפון תלמה 300,,,פתית שיפון תלמה 300,גרמים,300.00,100 גרם,false,,14.90,0.0497,true,1,3848
7290100243671,false,בדין אקסטרא כחול-960,,,בדין אקסטרא כחול-960,מיליליטרים,960.00,"100 מ""ל",false,,15.90,0.0166,true,1,3850
7290100245231,false,נמס בכוס ועוד טעם עו,,,נמס בכוס ועוד טעם עו,גרמים,50.00,100 גרם,false,,6.50,0.1300,true,1,3854
7290100412343,false,מגבונים לניקוי וחיטו,,,מגבונים לניקוי וחיטו,יחידה,0.00,יחידה,false,,8.90,0.0000,true,1,10940
7290100412770,false,תחליב רחצה קלאסי מאס,,,תחליב רחצה קלאסי מאס,מיליליטרים,700.00,"100 מ""ל",false,,14.90,0.0213,true,1,10949
7290100570234,false,אביזרי מטבח,,,אביזרי מטבח,יחידה,0.00,יחידה,false,,13.00,0.0000,true,1,12606
7290100572368,false,אביזרי מטבח,,,אביזרי מטבח,יחידה,0.00,יחידה,false,,20.00,0.0000,true,1,12612
7290100572702,false,אביזרי מטבח ב-11.00,,,אביזרי מטבח ב-11.00,יחידה,0.00,יחידה,false,,11.00,0.0000,true,1,12614
7290100573402,false,אביזרי מטבח,,,אביזרי מטבח,יחידה,0.00,יחידה,false,,15.00,0.0000,true,1,12616
7290100575086,false,אביזרי מטבח ב-6.99,,,אביזרי מטבח ב-6.99,יחידה,0.00,יחידה,false,,7.00,0.0000,true,1,12618
7290100653586,false,דיאודורנט ליידי ספיד,,,דיאודורנט ליידי ספיד,גרמים,65.00,100 גרם,false,,16.90,0.2600,true,1,8118
7290100680711,false,אסם פירורית זהב 350,,,אסם פירורית זהב 350,גרמים,350.00,100 גרם,false,,7.90,0.0226,true,1,6858
7290100680728,false,פירורית רגילה שקית 3,,,פירורית רגילה שקית 3,גרמים,350.00,100 גרם,false,,6.90,0.0197,true,1,6859
7290100681138,false,אפרופו מאח 3*50 גר',,,אפרופו מאח 3*50 גר',גרמים,150.00,100 גרם,false,,12.90,0.0860,true,1,6863
7290100684139,false,מיני מקרוני אסם 500,,,מיני מקרוני אסם 500,גרמים,500.00,100 גרם,false,,5.40,0.0108,true,1,6870
7290100685341,false,מרק זך טעם עוף רכיבי,,,מרק זך טעם עוף רכיבי,גרמים,400.00,100 גרם,false,,14.90,0.0373,true,1,6878
7290100685600,false,פירורית זהב חיטה מלא,,,פירורית זהב חיטה מלא,גרמים,200.00,100 גרם,false,,6.90,0.0345,true,1,6880
7290100687109,false,במבה במילוי קרם נוגט,,,במבה במילוי קרם נוגט,גרמים,60.00,100 גרם,false,,4.30,0.0717,true,1,6885
7290100689301,false,מרק בטעם עוף זך אסם,,,מרק בטעם עוף זך אסם,גרמים,400.00,100 גרם,false,,13.90,0.0348,true,1,6886
7290100700006,false,"סוגת חיטה 1 ק""ג",,,"סוגת חיטה 1 ק""ג",קילוגרמים,1.00,"ק""ג",false,,8.80,8.8000,true,1,6217
7290100700020,false,סוגת גריסי פנינה 500,,,סוגת גריסי פנינה 500,גרמים,500.00,100 גרם,false,,4.90,0.0098,true,1,6218
7290100700310,false,כוסמת 1 ק'ג,,,כוסמת 1 ק'ג,קילוגרמים,1.00,"ק""ג",false,,13.90,13.9000,true,1,6223
7290100700334,false,סוגת קינואה 1קג,,,סוגת קינואה 1קג,קילוגרמים,1.00,"ק""ג",false,,19.90,19.9000,true,1,6224
7290100700396,false,סוגת אורז יסמין קלאס,,,סוגת אורז יסמין קלאס,קילוגרמים,1.00,"ק""ג",false,,11.90,11.9000,true,1,6227
7290100700563,false,אורז מיקס קלאסי 1 ק',,,אורז מיקס קלאסי 1 ק',קילוגרמים,1.00,"ק""ג",false,,9.90,9.9000,true,1,6231
7290100700587,false,סוגת בורגול 500 גר,,,סוגת בורגול 500 גר,גרמים,500.00,100 גרם,false,,4.90,0.0098,true,1,6232
7290100701157,false,אורז סושי 1 קג,,,אורז סושי 1 קג,קילוגרמים,1.00,"ק""ג",false,,11.50,11.5000,true,1,6233
7290100701300,false,סוגת קינואה אדומה 50,,,סוגת קינואה אדומה 50,גרמים,500.00,100 גרם,false,,13.90,0.0278,true,1,20885
7290100701331,false,קמח רב תכליתי סוגת,,,קמח רב תכליתי סוגת,קילוגרמים,1.00,"ק""ג",false,,6.90,6.9000,true,1,6234
7290100701454,false,גרישה 500 גרם,,,גרישה 500 גרם,גרמים,500.00,100 גרם,false,,4.90,0.0098,true,1,6238
7290100701577,false,קמח לחם מועשר בויטמי,,,קמח לחם מועשר בויטמי,קילוגרמים,1.00,"ק""ג",false,,6.90,6.9000,true,1,6239
7290100701874,false,"קמח כוסמין סוגת 1 ק""",,,"קמח כוסמין סוגת 1 ק""",קילוגרמים,1.00,"ק""ג",false,,15.90,15.9000,true,1,6240
7290100702277,false,קוסקוס עבה סוגת 350,,,קוסקוס עבה סוגת 350,גרמים,350.00,100 גרם,false,,4.90,0.0140,true,1,6243
7290100702383,false,"קמח תופח סוגת 1 ק""ג",,,"קמח תופח סוגת 1 ק""ג",קילוגרמים,1.00,"ק""ג",false,,6.90,6.9000,true,1,6245
7290100702611,false,פתיתים אפויים אורז ס,,,פתיתים אפויים אורז ס,גרמים,500.00,100 גרם,false,,4.90,0.0098,true,1,6247
7290100702628,false,פתיתים אפויים קוסקוס,,,פתיתים אפויים קוסקוס,גרמים,500.00,100 גרם,false,,4.90,0.0098,true,1,6248
7290100702635,false,פתיתים אפויים כוכבים,,,פתיתים אפויים כוכבים,גרמים,500.00,100 גרם,false,,4.90,0.0098,true,1,6249
7290100702741,false,סוכר חום בהיר בצנצנת,,,סוכר חום בהיר בצנצנת,קילוגרמים,1.00,"ק""ג",false,,12.90,12.9000,true,1,6253
7290100702994,false,סוכר דמררה בשקית סוג,,,סוכר דמררה בשקית סוג,גרמים,500.00,100 גרם,false,,6.90,0.0138,true,1,6258
7290100703007,false,סוגת עדשים שחורות בל,,,סוגת עדשים שחורות בל,גרמים,500.00,100 גרם,false,,7.90,0.0158,true,1,6259
7290100703533,false,קמח קסם רב תכליתי סו,,,קמח קסם רב תכליתי סו,קילוגרמים,1.00,"ק""ג",false,,7.90,7.9000,true,1,6260
7290100703564,false,שיבולת שועל עבה סוגת,,,שיבולת שועל עבה סוגת,גרמים,500.00,100 גרם,false,,5.90,0.0118,true,1,6261
7290100703649,false,קמח מלא חיטה 80% ללא,,,קמח מלא חיטה 80% ללא,קילוגרמים,1.00,"ק""ג",false,,7.90,7.9000,true,1,6264
7290100703861,false,קמח תערובת קסם לחלה,,,קמח תערובת קסם לחלה,קילוגרמים,1.00,"ק""ג",false,,7.90,7.9000,true,1,6268
7290100703915,false,מארז פופקורן למיקרוג,,,מארז פופקורן למיקרוג,גרמים,540.00,100 גרם,false,,9.90,0.0183,true,1,6269
7290100703922,false,מארז פופקורן למיקרוג,,,מארז פופקורן למיקרוג,גרמים,540.00,100 גרם,false,,9.90,0.0183,true,1,6270
7290100704493,false,קמח שמרים פיצה סוגת,,,קמח שמרים פיצה סוגת,קילוגרמים,1.00,"ק""ג",false,,7.90,7.9000,true,1,20886
7290100704615,false,סוכר לבן דק דק בצנצנ,,,סוכר לבן דק דק בצנצנ,גרמים,500.00,100 גרם,false,,7.90,0.0158,true,1,20890
7290100704622,false,סוכר דמררה דק דק בצנ,,,סוכר דמררה דק דק בצנ,גרמים,500.00,100 גרם,false,,7.90,0.0158,true,1,20891
7290100850909,false,דוריטוס נאצו מקסיקני,,,דוריטוס נאצו מקסיקני,גרמים,70.00,100 גרם,false,,3.20,0.0457,true,1,9309
7290100850916,false,דוריטוס חמוץ חריף 70,,,דוריטוס חמוץ חריף 70,גרמים,70.00,100 גרם,false,,3.20,0.0457,true,1,9310
7290100850923,false,דוריטוס גריל 70 גרם,,,דוריטוס גריל 70 גרם,גרמים,70.00,100 גרם,false,,3.20,0.0457,true,1,9311
7290100850930,false,דוריטוס טבעי 70 גרם,,,דוריטוס טבעי 70 גרם,גרמים,70.00,100 גרם,false,,3.20,0.0457,true,1,9312
7290100858592,false,עלית קקאו 150ג,,,עלית קקאו 150ג,גרמים,150.00,100 גרם,false,,9.90,0.0660,true,1,8591
7290100922651,false,סבון מוצק מי קוקוס ה,,,סבון מוצק מי קוקוס ה,גרמים,400.00,100 גרם,false,,11.90,0.0298,true,1,3019
7290100924204,false,פרסיל אבקת כביסה 8 ק,,,פרסיל אבקת כביסה 8 ק,קילוגרמים,8.00,"ק""ג",false,,49.90,6.2375,true,1,12865
7290100924457,false,סוד סבון 4 כדוריות ל,,,סוד סבון 4 כדוריות ל,גרמים,150.00,100 גרם,false,,16.90,0.1127,true,1,12866
7290100926147,false,אבקת כביסה פרסיל קול,,,אבקת כביסה פרסיל קול,קילוגרמים,2.50,"ק""ג",false,,25.90,10.3600,true,1,12873
7290101110811,false,גלידל מאגדת בטעם פסי,,,גלידל מאגדת בטעם פסי,גרמים,600.00,100 גרם,false,,29.90,0.0498,true,1,13234
7290101113676,false,קרחון בטעמי פירות מא,,,קרחון בטעמי פירות מא,גרמים,480.00,100 גרם,false,,11.90,0.0248,true,1,24351
7290101113768,false,מאגדת רביעייה שלגון,,,מאגדת רביעייה שלגון,גרמים,200.00,100 גרם,false,,18.90,0.0945,true,1,24354
7290101459880,false,נרות אותיות- יום הול,,,נרות אותיות- יום הול,יחידה,0.00,יחידה,false,,9.90,0.0000,true,1,40382
7290101488286,false,דאו' ספריי ורוד לייד,,,דאו' ספריי ורוד לייד,מיליליטרים,150.00,"100 מ""ל",false,,15.90,0.1060,true,1,8125
7290101551027,false,קפסולות אספרסו 14 למ,,,קפסולות אספרסו 14 למ,גרמים,50.00,100 גרם,false,,15.90,0.3180,true,1,8595
7290101551300,false,סילאן טבעי לחיץ יד מ,,,סילאן טבעי לחיץ יד מ,גרמים,380.00,100 גרם,false,,13.90,0.0366,true,1,8597
7290101551539,false,דנונה פרו 20 אפרסק 2,,,דנונה פרו 20 אפרסק 2,גרמים,200.00,100 גרם,false,,5.90,0.0295,true,1,9092
7290101551584,false,מארז תפוצ'יפס קידס 1,,,מארז תפוצ'יפס קידס 1,גרמים,200.00,100 גרם,false,,12.90,0.0645,true,1,9314
7290101551638,false,מארז צ'יטוס כאפה 10*,,,מארז צ'יטוס כאפה 10*,גרמים,200.00,100 גרם,false,,12.90,0.0645,true,1,9318
7290101866633,false,וניש קליה ג'ל 3 ליטר,,,וניש קליה ג'ל 3 ליטר,ליטרים,3.00,ליטר,false,,29.90,9.9667,true,1,7797
7290101868460,false,אבקת כביסה קולון 101,,,אבקת כביסה קולון 101,קילוגרמים,8.00,"ק""ג",false,,54.90,6.8625,true,1,7799
7290101869702,false,פיניש ג'ל 600 מלAIO,,,פיניש ג'ל 600 מלAIO,מיליליטרים,600.00,"100 מ""ל",false,,31.90,0.0532,true,1,7801
7290101869801,false,איירוויק מבשם אויר ח,,,איירוויק מבשם אויר ח,יחידה,0.00,יחידה,false,,26.90,0.0000,true,1,7810
7290101869832,false,איירוויק מילוי מבשם,,,איירוויק מילוי מבשם,יחידה,0.00,יחידה,false,,19.90,0.0000,true,1,7813
7290101869917,false,איירוויק מילוי מבשם,,,איירוויק מילוי מבשם,מיליליטרים,250.00,"100 מ""ל",false,,14.90,0.0596,true,1,7815
7290101982470,false,ממתק רולר 30 גרם,,,ממתק רולר 30 גרם,גרמים,30.00,100 גרם,false,,5.90,0.1967,true,1,12205
7290101985365,false,בקבוק אלומיניום גדול,,,בקבוק אלומיניום גדול,יחידה,0.00,יחידה,false,,22.50,0.0000,true,1,12214
7290101999720,false,נרות מטה לבבות פו,,,נרות מטה לבבות פו,יחידה,0.00,יחידה,false,,7.50,0.0000,true,1,12230
7290102030330,false,תפוצ'יפס קראנץ מקסיק,,,תפוצ'יפס קראנץ מקסיק,גרמים,200.00,100 גרם,false,,9.90,0.0495,true,1,9321
7290102060979,false,משחת שיניים משפחתי א,,,משחת שיניים משפחתי א,מיליליטרים,100.00,"100 מ""ל",false,,18.90,0.1890,true,1,8129
7290102062195,false,אלמקס משחת שיניים אל,,,אלמקס משחת שיניים אל,מיליליטרים,75.00,"100 מ""ל",false,,15.90,0.2120,true,1,8130
7290102300860,false,שביק גבינת צדר אנגלי,,,שביק גבינת צדר אנגלי,גרמים,200.00,100 גרם,false,,23.90,0.1195,true,1,16291
7290102303878,false,חמאת נורמנדי 200 גרם,,,חמאת נורמנדי 200 גרם,גרמים,200.00,100 גרם,false,,18.90,0.0945,true,1,26407
7290102303977,false,טונה בשמן זית רוברט,,,טונה בשמן זית רוברט,גרמים,120.00,100 גרם,false,,12.90,0.1075,true,1,26408
7290102390427,false,מולר פרופ תות 3% 150,,,מולר פרופ תות 3% 150,גרמים,150.00,100 גרם,false,,4.80,0.0320,true,1,2461
7290102390465,false,מולר פרופ אפרסק פסיפ,,,מולר פרופ אפרסק פסיפ,גרמים,150.00,100 גרם,false,,4.80,0.0320,true,1,2462
7290102390489,false,מולר פרופ לימון 3% 1,,,מולר פרופ לימון 3% 1,גרמים,150.00,100 גרם,false,,4.80,0.0320,true,1,2463
7290102392049,false,צוריאל תבור 5% 500ג,,,צוריאל תבור 5% 500ג,גרמים,500.00,100 גרם,false,,22.90,0.0458,true,1,2465
7290102392094,false,צוריאל חלב עיזים 1ל,,,צוריאל חלב עיזים 1ל,ליטרים,1.00,ליטר,false,,14.90,14.9000,true,1,2466
7290102392254,false,טרה חלב 1% 2ל,,,טרה חלב 1% 2ל,ליטרים,2.00,ליטר,false,,11.72,5.8600,true,1,2467
7290102393039,false,מולר מיקס בתוספת פצפ,,,מולר מיקס בתוספת פצפ,מיליליטרים,170.00,"100 מ""ל",false,,5.50,0.0324,true,1,2471
7290102393176,false,מולר סימפלי פרוט אפר,,,מולר סימפלי פרוט אפר,גרמים,150.00,100 גרם,false,,4.80,0.0320,true,1,2474
7290102393268,false,טרה גבינה לבנה אריזת,,,טרה גבינה לבנה אריזת,גרמים,750.00,100 גרם,false,,10.90,0.0145,true,1,2476
7290102393718,false,צוריאל חלומי חלב בקר,,,צוריאל חלומי חלב בקר,גרמים,200.00,100 גרם,false,,18.90,0.0945,true,1,2478
7290102393848,false,צוריאל יוגורט עיזים,,,צוריאל יוגורט עיזים,מיליליטרים,150.00,"100 מ""ל",false,,5.80,0.0387,true,1,19483
7290102393855,false,צוריאל יוגורט עיזים,,,צוריאל יוגורט עיזים,מיליליטרים,150.00,"100 מ""ל",false,,5.80,0.0387,true,1,19484
7290102393947,false,מולר סימפלי פרוט קיו,,,מולר סימפלי פרוט קיו,מיליליטרים,150.00,"100 מ""ל",false,,4.80,0.0320,true,1,2479
7290102394463,false,נעם גבינה צהובה וואק,,,נעם גבינה צהובה וואק,גרמים,500.00,100 גרם,false,,23.90,0.0478,true,1,2482
7290102394821,false,נעם גבינה צהובה דק ד,,,נעם גבינה צהובה דק ד,גרמים,200.00,100 גרם,false,,15.20,0.0760,true,1,2484
7290102395217,false,מולר ביאנקו במתיקות,,,מולר ביאנקו במתיקות,קילוגרמים,1.20,"ק""ג",false,,18.20,15.1667,true,1,2487
7290102395224,false,מולר נטורל 1.7% 8*15,,,מולר נטורל 1.7% 8*15,קילוגרמים,1.20,"ק""ג",false,,16.50,13.7500,true,1,2488
7290102395231,false,מולר נטורל 2.8% 8*15,,,מולר נטורל 2.8% 8*15,קילוגרמים,1.20,"ק""ג",false,,16.50,13.7500,true,1,2489
7290102395378,false,נעם גבינה צהובה ואקו,,,נעם גבינה צהובה ואקו,גרמים,360.00,100 גרם,false,,19.90,0.0553,true,1,2492
7290102395439,false,מולר סימפלי פירות יע,,,מולר סימפלי פירות יע,קילוגרמים,1.20,"ק""ג",false,,29.90,24.9167,true,1,2493
7290102395446,false,מוו וניל קצפת 123מל,,,מוו וניל קצפת 123מל,מיליליטרים,123.00,"100 מ""ל",false,,2.90,0.0236,true,1,2494
7290102395477,false,מוו שוקולד קצפת 123מ,,,מוו שוקולד קצפת 123מ,מיליליטרים,123.00,"100 מ""ל",false,,2.90,0.0236,true,1,2495
7290102396436,false,מוו מעדן שוקולד 1.5%,,,מוו מעדן שוקולד 1.5%,גרמים,125.00,100 גרם,false,,2.70,0.0216,true,1,2501
7290102396443,false,מוו מעדן וניל 1.5% 1,,,מוו מעדן וניל 1.5% 1,גרמים,125.00,100 גרם,false,,2.70,0.0216,true,1,2502
7290102396665,false,גבנ`צ דקדק פתח סגור,,,גבנ`צ דקדק פתח סגור,גרמים,200.00,100 גרם,false,,15.20,0.0760,true,1,2506
7290102396672,false,נעם צהובה דק דק 9% 3,,,נעם צהובה דק דק 9% 3,גרמים,360.00,100 גרם,false,,25.90,0.0719,true,1,2507
7290102396740,false,מולר סימפלי פרוט 0%,,,מולר סימפלי פרוט 0%,קילוגרמים,1.20,"ק""ג",false,,29.90,24.9167,true,1,2511
7290102397204,false,נעם צהובה דק דק 22%,,,נעם צהובה דק דק 22%,גרמים,200.00,100 גרם,false,,15.20,0.0760,true,1,2515
7290102397464,false,מולר יוגורט נטורל +,,,מולר יוגורט נטורל +,גרמים,150.00,100 גרם,false,,5.50,0.0367,true,1,2521
7290102397747,false,מוצרלה נעם  רכיבים ט,,,מוצרלה נעם  רכיבים ט,גרמים,200.00,100 גרם,false,,17.90,0.0895,true,1,2527
7290102397891,false,רביעייה גבינה מותכת,,,רביעייה גבינה מותכת,גרמים,100.00,100 גרם,false,,6.90,0.0690,true,1,2528
7290102398065,false,טרה חלב קרטון 3% מהד,,,טרה חלב קרטון 3% מהד,יחידה,0.00,יחידה,false,,12.40,0.0000,true,1,2532
7290102398072,false,טרה חלב בקרטון 3% 1ל,,,טרה חלב בקרטון 3% 1ל,ליטרים,1.00,ליטר,false,,6.20,6.2000,true,1,2533
7290102398478,false,לאבנה 9% טרה 500 גרם,,,לאבנה 9% טרה 500 גרם,גרמים,500.00,100 גרם,false,,19.90,0.0398,true,1,2540
7290102398560,false,שוקו טרה מועשר בבקבו,,,שוקו טרה מועשר בבקבו,ליטרים,1.00,ליטר,false,,11.00,11.0000,true,1,2543
7290102398577,false,שוקו טרה מועשר בבקבו,,,שוקו טרה מועשר בבקבו,מיליליטרים,250.00,"100 מ""ל",false,,5.30,0.0212,true,1,2544
7290102398638,false,משקה חלב בטעם מוקה 1,,,משקה חלב בטעם מוקה 1,ליטרים,1.00,ליטר,false,,11.00,11.0000,true,1,2546
7290102398669,false,אייס קפוצ'ינו מווו ט,,,אייס קפוצ'ינו מווו ט,ליטרים,1.00,ליטר,false,,11.00,11.0000,true,1,2548
7290102398782,false,משקה סויה קלאסי משק,,,משקה סויה קלאסי משק,ליטרים,1.00,ליטר,false,,10.90,10.9000,true,1,2549
7290102398836,false,משקה שקדים קלאסי משק,,,משקה שקדים קלאסי משק,ליטרים,1.00,ליטר,false,,12.90,12.9000,true,1,2553
7290102399048,false,קשקבל נעם פתיחה חוזר,,,קשקבל נעם פתיחה חוזר,גרמים,200.00,100 גרם,false,,22.90,0.1145,true,1,2554
7290102399772,false,מולר ממרח חמאה במליח,,,מולר ממרח חמאה במליח,גרמים,250.00,100 גרם,false,,16.90,0.0676,true,1,2561
7290102399802,false,יוגורט חלבון תות 20,,,יוגורט חלבון תות 20,גרמים,200.00,100 גרם,false,,5.90,0.0295,true,1,2564
7290102399819,false,יוגורט חלבון פ.יער 2,,,יוגורט חלבון פ.יער 2,גרמים,200.00,100 גרם,false,,5.90,0.0295,true,1,2565
7290102399857,false,יוגורט מולר אקטיב לי,,,יוגורט מולר אקטיב לי,גרמים,150.00,100 גרם,false,,5.90,0.0393,true,1,2566
7290103129392,false,דאו' פרח הפרזיה לייד,,,דאו' פרח הפרזיה לייד,גרמים,65.00,100 גרם,false,,19.90,0.3062,true,1,8137
7290103129408,false,דאו' פריחת הפרדס ליי,,,דאו' פריחת הפרדס ליי,גרמים,65.00,100 גרם,false,,19.90,0.3062,true,1,8138
7290103400255,false,סלט קולסלאו 400 ג בד,,,סלט קולסלאו 400 ג בד,גרמים,400.00,100 גרם,false,,8.90,0.0223,true,1,9097
7290103404758,false,אחלה כרוב אדום 120ג,,,אחלה כרוב אדום 120ג,גרמים,120.00,100 גרם,false,,4.70,0.0392,true,1,9098
7290103408206,false,עלי חסה ערבית שטופים,,,עלי חסה ערבית שטופים,גרמים,250.00,100 גרם,false,,9.90,0.0396,true,1,9099
7290103700195,false,טאצ רדיד אלומיניום ק,,,טאצ רדיד אלומיניום ק,מטרים,15.00,מטר,false,,11.90,0.7933,true,1,9374
7290103700225,false,טאצ רדיד אלומיניום ר,,,טאצ רדיד אלומיניום ר,יחידה,0.00,יחידה,false,,16.90,0.0000,true,1,38833
7290103700386,false,טאצ' כריות יפניות 6י,,,טאצ' כריות יפניות 6י,יחידה,0.00,יחידה,false,,9.90,0.0000,true,1,32762
7290103700997,false,לאבלי נייר טואלט 40,,,לאבלי נייר טואלט 40,מטרים,716.00,מטר,false,,38.90,0.0543,true,1,9378
7290103701017,false,טאצ' נייר אפייה נשלף,,,טאצ' נייר אפייה נשלף,יחידה,0.00,יחידה,false,,9.90,0.0000,true,1,32763
7290103701147,false,טאצ רדידי אלומיניום,,,טאצ רדידי אלומיניום,מטרים,60.90,מטר,false,,35.90,0.5895,true,1,9380
7290103701178,false,טאצ ספוג הפלא בלוק,,,טאצ ספוג הפלא בלוק,יחידה,0.00,יחידה,false,,7.90,0.0000,true,1,9381
7290103702236,false,טאצ מפות עבות במיוחד,,,טאצ מפות עבות במיוחד,יחידה,0.00,יחידה,false,,8.90,0.0000,true,1,9384
7290103702298,false,טאצ אשפתון בגליל 50,,,טאצ אשפתון בגליל 50,יחידה,0.00,יחידה,false,,15.90,0.0000,true,1,9385
7290103702304,false,טאצ אשפתון בגליל 35,,,טאצ אשפתון בגליל 35,יחידה,0.00,יחידה,false,,15.90,0.0000,true,1,38837
7290103702328,false,טאצ אשפתון בגליל 25,,,טאצ אשפתון בגליל 25,יחידה,0.00,יחידה,false,,15.90,0.0000,true,1,9387
7290103702540,false,נייר טואלט  30 יח' מ,,,נייר טואלט  30 יח' מ,יחידה,0.00,יחידה,false,,23.90,0.0000,true,1,9389
7290103703219,false,טאצ' מטליות לחות לני,,,טאצ' מטליות לחות לני,יחידה,0.00,יחידה,false,,20.90,0.0000,true,1,13567
7290103703233,false,טאצ' מטליות לחות לני,,,טאצ' מטליות לחות לני,יחידה,0.00,יחידה,false,,20.90,0.0000,true,1,13568
7290103703394,false,טאצ' ניילון נצמד זוג,,,טאצ' ניילון נצמד זוג,יחידה,0.00,יחידה,false,,9.90,0.0000,true,1,9395
7290103703738,false,טאצ' מפות עבות במיוח,,,טאצ' מפות עבות במיוח,מטרים,45.00,מטר,false,,30.90,0.6867,true,1,9399
7290103704162,false,נייר טואלט טאצ' 32 ג,,,נייר טואלט טאצ' 32 ג,יח',0.00,יח',false,,31.90,0.0000,true,1,22338
7290103704179,false,מגבות נייר 8 גלילים,,,מגבות נייר 8 גלילים,מטרים,83.00,מטר,false,,13.90,0.1675,true,1,22339
7290103704186,false,מגבות טאצ' גליל כפול,,,מגבות טאצ' גליל כפול,יחידה,0.00,יחידה,false,,19.90,0.0000,true,1,22340
7290103704193,false,מגבות טאצ' גליל כפול,,,מגבות טאצ' גליל כפול,יחידה,0.00,יחידה,false,,24.90,0.0000,true,1,22341
7290103704575,false,נייר טואלט טאצ' 48 י,,,נייר טואלט טאצ' 48 י,יחידה,0.00,יחידה,false,,38.90,0.0000,true,1,22343
7290103704698,false,שקיות קוקי 5 יח' טאצ,,,שקיות קוקי 5 יח' טאצ,יחידה,0.00,יחידה,false,,4.90,0.0000,true,1,22345
7290103704766,false,נייר טואלט  24 גליל,,,נייר טואלט  24 גליל,יחידה,0.00,יחידה,false,,42.90,0.0000,true,1,22346
7290103746001,false,ממחטות טאצ' חמישייה,,,ממחטות טאצ' חמישייה,יחידה,0.00,יחידה,false,,11.90,0.0000,true,1,9405
7290104061417,false,אחלה חומוס טחינה 400,,,אחלה חומוס טחינה 400,גרמים,400.00,100 גרם,false,,10.90,0.0273,true,1,9100
7290104061424,false,אחלה חומוס זעתר 400,,,אחלה חומוס זעתר 400,גרמים,400.00,100 גרם,false,,10.90,0.0273,true,1,9101
7290104061431,false,אחלה חומוס צנובר 400,,,אחלה חומוס צנובר 400,גרמים,400.00,100 גרם,false,,10.90,0.0273,true,1,9102
7290104061448,false,אחלה חומוס חריף 400ג,,,אחלה חומוס חריף 400ג,גרמים,400.00,100 גרם,false,,10.90,0.0273,true,1,9103
7290104062599,false,גמדים תות בננה 8*100,,,גמדים תות בננה 8*100,מיליליטרים,800.00,"100 מ""ל",false,,17.90,0.0224,true,1,9104
7290104065187,false,קפה נמס עלית בטעם מו,,,קפה נמס עלית בטעם מו,גרמים,200.00,100 גרם,false,,19.90,0.0995,true,1,8615
7290104065934,false,שטראוס עלי רוקט 150ג,,,שטראוס עלי רוקט 150ג,גרמים,150.00,100 גרם,false,,9.90,0.0660,true,1,9105
7290104066566,false,אחלה טחינה 500ג,,,אחלה טחינה 500ג,גרמים,500.00,100 גרם,false,,13.90,0.0278,true,1,9107
7290104500572,false,אפרופו איטלקי 36*50ג,,,אפרופו איטלקי 36*50ג,גרמים,50.00,100 גרם,false,,3.90,0.0780,true,1,6887
7290104501661,false,אסם פודינג בטעם וניל,,,אסם פודינג בטעם וניל,גרמים,80.00,100 גרם,false,,4.90,0.0613,true,1,6888
7290104504228,false,דובונים קדמ.מארז אחי,,,דובונים קדמ.מארז אחי,גרמים,100.00,100 גרם,false,,12.90,0.1290,true,1,6891
7290104508943,false,במבה קלאסי 18*200 גר,,,במבה קלאסי 18*200 גר,גרמים,200.00,100 גרם,false,,8.90,0.0445,true,1,6896
7290104570131,false,"תמר מג'הול 1 ק""ג",,,"תמר מג'הול 1 ק""ג",קילוגרמים,1.00,"ק""ג",false,,18.90,18.9000,true,1,14470
7290104570162,false,תמר כבוש 500 גרם,,,תמר כבוש 500 גרם,גרמים,500.00,100 גרם,false,,12.90,0.0258,true,1,14471
7290104720499,false,מארז דני וניל  8*125,,,מארז דני וניל  8*125,מיליליטרים,125.00,"100 מ""ל",false,,15.90,0.1272,true,1,9109
7290104721762,false,טורקי עלית 3*85 גר'.,,,טורקי עלית 3*85 גר'.,גרמים,255.00,100 גרם,false,,18.90,0.0741,true,1,8622
7290104721953,false,לקט מסולסלים ירקות 3,,,לקט מסולסלים ירקות 3,גרמים,350.00,100 גרם,false,,12.90,0.0369,true,1,9111
7290104722530,false,תפוציפס שמנת בצל 200,,,תפוציפס שמנת בצל 200,גרמים,200.00,100 גרם,false,,9.90,0.0495,true,1,9323
7290104726262,false,דני שוקולד לשתייה מא,,,דני שוקולד לשתייה מא,מיליליטרים,500.00,"100 מ""ל",false,,10.90,0.0218,true,1,9112
7290104726712,false,מילקי שמינייה מארז 8,,,מילקי שמינייה מארז 8,קילוגרמים,1.06,"ק""ג",false,,19.90,18.7736,true,1,9113
7290104960970,false,דאו' ספריי מטאל טיטנ,,,דאו' ספריי מטאל טיטנ,מיליליטרים,180.00,"100 מ""ל",false,,14.90,0.0828,true,1,11402
7290104961878,false,קרטין אינטנס שמפו נט,,,קרטין אינטנס שמפו נט,מיליליטרים,400.00,"100 מ""ל",false,,29.90,0.0747,true,1,11411
7290104961885,false,מרכך קרטין אינטנס נט,,,מרכך קרטין אינטנס נט,מיליליטרים,400.00,"100 מ""ל",false,,29.90,0.0747,true,1,11412
7290104963223,false,סופטקר אלסבון קלאסי,,,סופטקר אלסבון קלאסי,יחידה,0.00,יחידה,false,,15.90,0.0000,true,1,11434
7290104963650,false,סופטקר שמפו אלדמע 1,,,סופטקר שמפו אלדמע 1,ליטרים,1.00,ליטר,false,,15.90,15.9000,true,1,11435
7290104963711,false,סופטקר שמפו אל דמע 7,,,סופטקר שמפו אל דמע 7,מיליליטרים,770.00,"100 מ""ל",false,,18.90,0.0245,true,1,11438
7290104964350,false,סבון נוזלי פרחי מים,,,סבון נוזלי פרחי מים,ליטרים,1.50,ליטר,false,,19.90,13.2667,true,1,11448
7290105360250,false,עלית קפסולות מקיאטו,,,עלית קפסולות מקיאטו,גרמים,50.00,100 גרם,false,,15.90,0.3180,true,1,8631
7290105360328,false,עלית קפסולות אספרסו,,,עלית קפסולות אספרסו,גרמים,50.00,100 גרם,false,,15.90,0.3180,true,1,8632
7290105360755,false,שמן זית 3 חזק כתית י,,,שמן זית 3 חזק כתית י,מיליליטרים,750.00,"100 מ""ל",false,,32.90,0.0439,true,1,8634
7290105360762,false,שמן זית 1 עדין כתית,,,שמן זית 1 עדין כתית,מיליליטרים,750.00,"100 מ""ל",false,,32.90,0.0439,true,1,8635
7290105362339,false,יטבתה שמנת לבישול 15,,,יטבתה שמנת לבישול 15,מיליליטרים,250.00,"100 מ""ל",false,,7.90,0.0316,true,1,9116
7290105363602,false,כיף כף מקלות קלאסי 4,,,כיף כף מקלות קלאסי 4,גרמים,40.00,100 גרם,false,,4.70,0.1175,true,1,8638
7290105364289,false,כיף כף מקלות פצפוצים,,,כיף כף מקלות פצפוצים,גרמים,40.00,100 גרם,false,,4.70,0.1175,true,1,8639
7290105364302,false,כיף כף מקלות אגוזים,,,כיף כף מקלות אגוזים,גרמים,42.00,100 גרם,false,,4.70,0.1119,true,1,8640
7290105366023,false,אחלה חציל בטעם כבד 4,,,אחלה חציל בטעם כבד 4,גרמים,400.00,100 גרם,false,,14.90,0.0373,true,1,9117
7290105366047,false,אחלה טחינה לבנה 400ג,,,אחלה טחינה לבנה 400ג,גרמים,400.00,100 גרם,false,,14.90,0.0373,true,1,9118
7290105366993,false,סימפוניה פלפל שיפקה,,,סימפוניה פלפל שיפקה,גרמים,200.00,100 גרם,false,,10.90,0.0545,true,1,9120
7290105368904,false,יטבתה שמנת עמידה לקצ,,,יטבתה שמנת עמידה לקצ,מיליליטרים,250.00,"100 מ""ל",false,,7.30,0.0292,true,1,9125
7290105368928,false,יטבתה שמנת 9% 200מל,,,יטבתה שמנת 9% 200מל,מיליליטרים,200.00,"100 מ""ל",false,,2.90,0.0145,true,1,9126
7290105430458,false,תחליב רחצה שקדים משא,,,תחליב רחצה שקדים משא,מיליליטרים,750.00,"100 מ""ל",false,,19.90,0.0265,true,1,8140
7290105431516,false,פרי חטיפי תמרים ובוט,,,פרי חטיפי תמרים ובוט,גרמים,125.00,100 גרם,false,,16.90,0.1352,true,1,8142
7290105431868,false,פלמוליב סבון נוזלי ס,,,פלמוליב סבון נוזלי ס,מיליליטרים,500.00,"100 מ""ל",false,,15.90,0.0318,true,1,8143
7290105436382,false,פרי חטיפי בריאות תמר,,,פרי חטיפי בריאות תמר,גרמים,100.00,100 גרם,false,,16.90,0.1690,true,1,8149
7290105439499,false,מיונז הולנדי מאסטר ש,,,מיונז הולנדי מאסטר ש,גרמים,480.00,100 גרם,false,,11.90,0.0248,true,1,8151
7290105439505,false,מאסטר שף  קרם בטעם מ,,,מאסטר שף  קרם בטעם מ,גרמים,479.00,100 גרם,false,,11.90,0.0248,true,1,8152
7290105439581,false,מאסטר שף מאסטר שף חר,,,מאסטר שף מאסטר שף חר,מיליליטרים,370.00,"100 מ""ל",false,,9.90,0.0268,true,1,8153
7290105691224,false,חטיפי פריכונים טורטי,,,חטיפי פריכונים טורטי,גרמים,60.00,100 גרם,false,,6.90,0.1150,true,1,6899
7290105691248,false,חטיפי פריכונים טורטי,,,חטיפי פריכונים טורטי,גרמים,60.00,100 גרם,false,,6.90,0.1150,true,1,6900
7290105691934,false,"קמח שמרים אסם 1 ק""ג",,,"קמח שמרים אסם 1 ק""ג",קילוגרמים,1.00,"ק""ג",false,,8.90,8.9000,true,1,6905
7290105693341,false,במבה מאח.15 10*25גרם,,,במבה מאח.15 10*25גרם,גרמים,250.00,100 גרם,false,,13.90,0.0556,true,1,6911
7290105693457,false,עוגת הבית דמקה שוקו,,,עוגת הבית דמקה שוקו,גרמים,320.00,100 גרם,false,,10.90,0.0341,true,1,6912
7290105695024,false,פתיתים אפויים אורז ע,,,פתיתים אפויים אורז ע,גרמים,500.00,100 גרם,false,,6.90,0.0138,true,1,6916
7290105695321,false,הבית עוגות בראוניס פ,,,הבית עוגות בראוניס פ,גרמים,380.00,100 גרם,false,,14.90,0.0392,true,1,6917
7290105695895,false,עוגת הבית דמקה דבש 3,,,עוגת הבית דמקה דבש 3,גרמים,320.00,100 גרם,false,,11.90,0.0372,true,1,6918
7290105962331,false,סחוג חריף מאוד זהבי,,,סחוג חריף מאוד זהבי,גרמים,220.00,100 גרם,false,,10.90,0.0495,true,1,9130
7290105964564,false,אחלה חומוס אחלה 400ג,,,אחלה חומוס אחלה 400ג,גרמים,400.00,100 גרם,false,,8.50,0.0213,true,1,9133
7290105965738,false,דנונה משקה תות בננה,,,דנונה משקה תות בננה,גרמים,267.00,100 גרם,false,,4.80,0.0180,true,1,9134
7290105966469,false,חומץ בלסמי יד מרדכי,,,חומץ בלסמי יד מרדכי,גרמים,250.00,100 גרם,false,,13.90,0.0556,true,1,8649
7290105968098,false,אחלה קולסלאו 500ג,,,אחלה קולסלאו 500ג,גרמים,500.00,100 גרם,false,,14.90,0.0298,true,1,9135
7290105968654,false,שטראוס רביולי בטטה 4,,,שטראוס רביולי בטטה 4,גרמים,400.00,100 גרם,false,,19.90,0.0497,true,1,9136
7290105968777,false,פריכיות תחתית שוקלד,,,פריכיות תחתית שוקלד,גרמים,70.00,100 גרם,false,,7.90,0.1129,true,1,8650
7290106520066,false,רבע לשבע 160 גרם,,,רבע לשבע 160 גרם,גרמים,160.00,100 גרם,false,,10.90,0.0681,true,1,8651
7290106520288,false,דנונה פרו תות 150 גר,,,דנונה פרו תות 150 גר,גרמים,150.00,100 גרם,false,,4.60,0.0307,true,1,9137
7290106520912,false,יטבתה שמנת לבישול 9%,,,יטבתה שמנת לבישול 9%,מיליליטרים,250.00,"100 מ""ל",false,,7.90,0.0316,true,1,9139
7290106521049,false,אחלה קוביות סלק 400,,,אחלה קוביות סלק 400,גרמים,400.00,100 גרם,false,,14.90,0.0373,true,1,9140
7290106521926,false,קפה טורקי עלית 150 ג,,,קפה טורקי עלית 150 ג,גרמים,150.00,100 גרם,false,,12.60,0.0840,true,1,8655
7290106524439,false,תפוציפס פופס 60 גרם,,,תפוציפס פופס 60 גרם,גרמים,60.00,100 גרם,false,,3.50,0.0583,true,1,9327
7290106525368,false,רבע לשבע אין סייד או,,,רבע לשבע אין סייד או,גרמים,125.00,100 גרם,false,,10.90,0.0872,true,1,8658
7290106525405,false,עלית קפסולות נטול למ,,,עלית קפסולות נטול למ,גרמים,50.00,100 גרם,false,,15.90,0.3180,true,1,8660
7290106528567,false,דוריטוס גריל 185 גר`,,,דוריטוס גריל 185 גר`,גרמים,185.00,100 גרם,false,,6.90,0.0373,true,1,9328
7290106528628,false,דוריטוס טבעי 185 גר`,,,דוריטוס טבעי 185 גר`,גרמים,185.00,100 גרם,false,,6.90,0.0373,true,1,9329
7290106528949,false,לקט ערוגות,,,לקט ערוגות,גרמים,450.00,100 גרם,false,,10.90,0.0242,true,1,9141
7290106571921,false,פיטנס עוגיות חמוציות,,,פיטנס עוגיות חמוציות,גרמים,180.00,100 גרם,false,,10.90,0.0606,true,1,6927
7290106572027,false,לחמית חמישה דגנים אס,,,לחמית חמישה דגנים אס,גרמים,190.00,100 גרם,false,,7.90,0.0416,true,1,6929
7290106572065,false,טורטיה בטעם תירס חמו,,,טורטיה בטעם תירס חמו,גרמים,60.00,100 גרם,false,,6.90,0.1150,true,1,6930
7290106574793,false,עוגת הבית שוקו שוקוצ,,,עוגת הבית שוקו שוקוצ,גרמים,350.00,100 גרם,false,,10.90,0.0311,true,1,6940
7290106574953,false,אסם בייגלה שטוחים שו,,,אסם בייגלה שטוחים שו,גרמים,300.00,100 גרם,false,,10.90,0.0363,true,1,6941
7290106575257,false,עוגת הבית סופלה בטעם,,,עוגת הבית סופלה בטעם,גרמים,340.00,100 גרם,false,,10.90,0.0321,true,1,6944
7290106575431,false,עוגת הבית סופלה בטעם,,,עוגת הבית סופלה בטעם,גרמים,340.00,100 גרם,false,,10.90,0.0321,true,1,6945
7290106576810,false,לה קרמריה ריבת חלב 1,,,לה קרמריה ריבת חלב 1,ליטרים,1.40,ליטר,false,,17.90,12.7857,true,1,5799
7290106576858,false,גלידה קרמריה תותים ב,,,גלידה קרמריה תותים ב,ליטרים,1.40,ליטר,false,,17.90,12.7857,true,1,5801
7290106576971,false,לה קרמריה שוקולד בלג,,,לה קרמריה שוקולד בלג,ליטרים,1.40,ליטר,false,,17.90,12.7857,true,1,5804
7290106577480,false,צבר מרובע חציל על הא,,,צבר מרובע חציל על הא,גרמים,400.00,100 גרם,false,,11.90,0.0298,true,1,7413
7290106577503,false,צבר מרובע חציל במיונ,,,צבר מרובע חציל במיונ,גרמים,400.00,100 גרם,false,,11.90,0.0298,true,1,7414
7290106577541,false,צבר מרובע כרוב אדום,,,צבר מרובע כרוב אדום,גרמים,400.00,100 גרם,false,,11.90,0.0298,true,1,7416
7290106577572,false,צבר מרובע מטבוחה  40,,,צבר מרובע מטבוחה  40,גרמים,400.00,100 גרם,false,,11.90,0.0298,true,1,7417
7290106578241,false,דובונים 16*100גרם,,,דובונים 16*100גרם,גרמים,100.00,100 גרם,false,,8.90,0.0890,true,1,6950
7290106578692,false,במבה ביסלי מיקס 36*8,,,במבה ביסלי מיקס 36*8,גרמים,80.00,100 גרם,false,,4.30,0.0537,true,1,6951
7290106653689,false,לקט לסלט אסייתי שטרא,,,לקט לסלט אסייתי שטרא,גרמים,350.00,100 גרם,false,,10.90,0.0311,true,1,9142
7290106654099,false,עוגות אישיות מילקי ק,,,עוגות אישיות מילקי ק,גרמים,272.00,100 גרם,false,,19.90,0.0732,true,1,9143
7290106662025,false,תפוציפס טבעי מלח פלפ,,,תפוציפס טבעי מלח פלפ,גרמים,50.00,100 גרם,false,,3.50,0.0700,true,1,9334
7290106663091,false,שטראוס לאבנה 9% 500,,,שטראוס לאבנה 9% 500,גרמים,500.00,100 גרם,false,,17.90,0.0358,true,1,9145
7290106663121,false,מילקי קייק עוגה בודד,,,מילקי קייק עוגה בודד,גרמים,34.00,100 גרם,false,,2.90,0.0853,true,1,9146
7290106663558,false,יד מרדכי רוטב טריאקי,,,יד מרדכי רוטב טריאקי,מיליליטרים,280.00,"100 מ""ל",false,,12.90,0.0461,true,1,8684
7290106664067,false,שטראוס לאבנה שמן זית,,,שטראוס לאבנה שמן זית,גרמים,400.00,100 גרם,false,,14.90,0.0373,true,1,9147
7290106664555,false,יטבתה רוטב שמנת עם ע,,,יטבתה רוטב שמנת עם ע,מיליליטרים,250.00,"100 מ""ל",false,,10.90,0.0436,true,1,9148
7290106664562,false,יטבתה רוטב שמנת עם פ,,,יטבתה רוטב שמנת עם פ,גרמים,250.00,100 גרם,false,,10.90,0.0436,true,1,9149
7290106667266,false,דוריטוס חמוץ חריף 18,,,דוריטוס חמוץ חריף 18,גרמים,185.00,100 גרם,false,,6.90,0.0373,true,1,9336
7290106668577,false,מיץ לימון טבעי יד מר,,,מיץ לימון טבעי יד מר,מיליליטרים,250.00,"100 מ""ל",false,,7.80,0.0312,true,1,8689
7290106668713,false,דנונה פירות יער3% 15,,,דנונה פירות יער3% 15,מיליליטרים,150.00,"100 מ""ל",false,,3.50,0.0233,true,1,9150
7290106669857,false,עלית קפסולות בטעם ונ,,,עלית קפסולות בטעם ונ,גרמים,50.00,100 גרם,false,,15.90,0.3180,true,1,8692
7290106720626,false,ציטוס  גבינה 80 גרם,,,ציטוס  גבינה 80 גרם,גרמים,80.00,100 גרם,false,,4.50,0.0563,true,1,9337
7290106723689,false,שטראוס תרד בייבי 200,,,שטראוס תרד בייבי 200,גרמים,200.00,100 גרם,false,,9.90,0.0495,true,1,9151
7290106726178,false,דנונה פרו בטעם פירות,,,דנונה פרו בטעם פירות,גרמים,150.00,100 גרם,false,,4.60,0.0307,true,1,9153
7290106727984,false,כיף כף פצפצים 135 גר,,,כיף כף פצפצים 135 גר,גרמים,135.00,100 גרם,false,,9.90,0.0733,true,1,8705
7290106729650,false,דנונה יוגורט תות 8יח,,,דנונה יוגורט תות 8יח,קילוגרמים,1.20,"ק""ג",false,,23.90,19.9167,true,1,9155
7290107280341,false,ריצפז מטליות לחות לנ,,,ריצפז מטליות לחות לנ,יחידה,0.00,יחידה,false,,10.90,0.0000,true,1,11468
7290107280389,false,סנו ג'ט מתז לאמבט 75,,,סנו ג'ט מתז לאמבט 75,מיליליטרים,750.00,"100 מ""ל",false,,10.90,0.0145,true,1,11469
7290107280563,false,סנו ג'ל אוקסיג'ן ביי,,,סנו ג'ל אוקסיג'ן ביי,ליטרים,3.00,ליטר,false,,28.90,9.6333,true,1,11478
7290107280709,false,סנו ספארק נוזל הברקה,,,סנו ספארק נוזל הברקה,מיליליטרים,700.00,"100 מ""ל",false,,12.90,0.0184,true,1,11485
7290107645584,false,מרק עוף אמיתי רכיבים,,,מרק עוף אמיתי רכיבים,גרמים,400.00,100 גרם,false,,21.90,0.0547,true,1,3874
7290107645591,false,מרק טעם עוף רכיבים ט,,,מרק טעם עוף רכיבים ט,גרמים,400.00,100 גרם,false,,16.90,0.0422,true,1,3875
7290107646062,false,מרק בצל רכיבים טבעיי,,,מרק בצל רכיבים טבעיי,גרמים,400.00,100 גרם,false,,21.90,0.0547,true,1,3876
7290107646147,false,חטיף שוגי קורנפלקס ת,,,חטיף שוגי קורנפלקס ת,גרמים,156.00,100 גרם,false,,12.90,0.0827,true,1,3877
7290107646154,false,חטיף קוקומן פצפוצים,,,חטיף קוקומן פצפוצים,גרמים,126.00,100 גרם,false,,12.90,0.1024,true,1,3878
7290107646826,false,חטיף שוגי שוקו שוקו,,,חטיף שוגי שוקו שוקו,גרמים,156.00,100 גרם,false,,12.90,0.0827,true,1,3881
7290107646918,false,קנור רוטב שקשוקה עגב,,,קנור רוטב שקשוקה עגב,מיליליטרים,415.00,"100 מ""ל",false,,9.90,0.0239,true,1,3883
7290107647656,false,מאגדת מיני סולרו קוק,,,מאגדת מיני סולרו קוק,גרמים,245.00,100 גרם,false,,22.90,0.0935,true,1,1770
7290107647731,false,קוקומן חום לבן 20% ת,,,קוקומן חום לבן 20% ת,גרמים,375.00,100 גרם,false,,19.90,0.0531,true,1,3891
7290107647816,false,ברנפלקס ללא סוכר בד',,,ברנפלקס ללא סוכר בד',גרמים,500.00,100 גרם,false,,19.90,0.0398,true,1,3896
7290107647854,false,שוגי 20% סוכר תלמה ב,,,שוגי 20% סוכר תלמה ב,גרמים,500.00,100 גרם,false,,19.90,0.0398,true,1,3898
7290107649605,false,טבלה קליק קורנפלקס ח,,,טבלה קליק קורנפלקס ח,גרמים,85.00,100 גרם,false,,4.90,0.0576,true,1,3908
7290107871990,false,פסטה צינורות אסם 500,,,פסטה צינורות אסם 500,גרמים,500.00,100 גרם,false,,5.40,0.0108,true,1,6958
7290107874502,false,ביסלי גריל 4*55 גרם,,,ביסלי גריל 4*55 גרם,גרמים,220.00,100 גרם,false,,11.90,0.0541,true,1,6967
7290107875004,false,פופקו חמאה ודבש מארז,,,פופקו חמאה ודבש מארז,גרמים,240.00,100 גרם,false,,18.90,0.0787,true,1,6969
7290107875271,false,ביסלי ברבקיו מארז 4*,,,ביסלי ברבקיו מארז 4*,גרמים,220.00,100 גרם,false,,11.90,0.0541,true,1,6971
7290107875820,false,קרוטונים אפויים בתיב,,,קרוטונים אפויים בתיב,גרמים,180.00,100 גרם,false,,10.90,0.0606,true,1,6972
7290107877619,false,במבה במילוי קרם נוגט,,,במבה במילוי קרם נוגט,גרמים,150.00,100 גרם,false,,12.90,0.0860,true,1,6978
7290107879569,false,לה פרוטה מנגו 5 יח,,,לה פרוטה מנגו 5 יח,גרמים,350.00,100 גרם,false,,23.90,0.0683,true,1,5810
7290107931397,false,כיף כף פצפצים 40גר`,,,כיף כף פצפצים 40גר`,גרמים,40.00,100 גרם,false,,4.70,0.1175,true,1,8710
7290107932080,false,יטבתה חלב בבקבוק 3%,,,יטבתה חלב בבקבוק 3%,ליטרים,1.00,ליטר,false,,7.30,7.3000,true,1,9156
7290107932134,false,יטבתה חלב בבקבוק 1%,,,יטבתה חלב בבקבוק 1%,ליטרים,1.00,ליטר,false,,7.30,7.3000,true,1,9157
7290107933155,false,לקט סלנובה 200 גרם,,,לקט סלנובה 200 גרם,גרמים,200.00,100 גרם,false,,12.90,0.0645,true,1,9158
7290107934473,false,אקטיביה מארז מיוחד 1,,,אקטיביה מארז מיוחד 1,קילוגרמים,1.20,"ק""ג",false,,19.90,16.5833,true,1,9163
7290107936965,false,עד חצות עיגולים 225,,,עד חצות עיגולים 225,גרמים,125.00,100 גרם,false,,12.90,0.1032,true,1,8718
7290107937856,false,עלית קפסולות בטעם נס,,,עלית קפסולות בטעם נס,גרמים,50.00,100 גרם,false,,15.90,0.3180,true,1,8724
7290107939027,false,גזרדק דק 250 גרם בד`,,,גזרדק דק 250 גרם בד`,גרמים,250.00,100 גרם,false,,6.50,0.0260,true,1,9169
7290107940030,false,חומוס אחלה 650 גר,,,חומוס אחלה 650 גר,גרמים,650.00,100 גרם,false,,8.90,0.0137,true,1,9170
7290107940467,false,דנונה אקטיביה יוגורט,,,דנונה אקטיביה יוגורט,גרמים,200.00,100 גרם,false,,3.90,0.0195,true,1,9172
7290107942355,false,תפוציפס מקלות בטעם ט,,,תפוציפס מקלות בטעם ט,יח',60.00,יח',false,,3.50,0.0583,true,1,9340
7290107943192,false,יטבתה שמנת 27%  200מ,,,יטבתה שמנת 27%  200מ,מיליליטרים,200.00,"100 מ""ל",false,,3.90,0.0195,true,1,9177
7290107943369,false,שיבולת שועל ללא גלוט,,,שיבולת שועל ללא גלוט,גרמים,511.00,100 גרם,false,,17.90,0.0350,true,1,9343
7290107944472,false,סימפוניה 5% שום שמיר,,,סימפוניה 5% שום שמיר,גרמים,200.00,100 גרם,false,,10.90,0.0545,true,1,9178
7290107945165,false,יד מרדכי קונפיטורת מ,,,יד מרדכי קונפיטורת מ,גרמים,340.00,100 גרם,false,,11.90,0.0350,true,1,8736
7290107950190,false,מעדן דיאט שוקולד מרי,,,מעדן דיאט שוקולד מרי,גרמים,130.00,100 גרם,false,,3.20,0.0246,true,1,9183
7290107950206,false,מעדן דיאט שוקולד % 0,,,מעדן דיאט שוקולד % 0,גרמים,130.00,100 גרם,false,,3.20,0.0246,true,1,9184
7290107951104,false,בפלות 200 גרם שוקולד,,,בפלות 200 גרם שוקולד,גרמים,200.00,100 גרם,false,,3.90,0.0195,true,1,8749
7290107951111,false,בפלות בטעם לימון עלי,,,בפלות בטעם לימון עלי,גרמים,200.00,100 גרם,false,,3.90,0.0195,true,1,8750
7290107953559,false,קפה טורקי לדרך 168 ג,,,קפה טורקי לדרך 168 ג,גרמים,168.00,100 גרם,false,,18.90,0.1125,true,1,8759
7290107954709,false,יד מרדכי קונפיטורת פ,,,יד מרדכי קונפיטורת פ,גרמים,340.00,100 גרם,false,,11.90,0.0350,true,1,8761
7290107954976,false,משקה פרו בטעם קפה יט,,,משקה פרו בטעם קפה יט,מיליליטרים,350.00,"100 מ""ל",false,,6.50,0.0186,true,1,9187
7290107956901,false,עלית קפסולות אספרסו,,,עלית קפסולות אספרסו,גרמים,150.00,100 גרם,false,,15.90,0.1060,true,1,8772
7290107956925,false,עלית קפסולות אוגנדה,,,עלית קפסולות אוגנדה,גרמים,50.00,100 גרם,false,,15.90,0.3180,true,1,8773
7290107956932,false,עלית קפסולות אידונזי,,,עלית קפסולות אידונזי,גרמים,50.00,100 גרם,false,,15.90,0.3180,true,1,8774
7290107957991,false,"מילקי מייניס 9*16 מ""",,,"מילקי מייניס 9*16 מ""",גרמים,144.00,100 גרם,false,,13.90,0.0965,true,1,9190
7290107958035,false,8 דנונה מתיקות מעודנ,,,8 דנונה מתיקות מעודנ,קילוגרמים,1.20,"ק""ג",false,,17.90,14.9167,true,1,9191
7290107973861,false,עגבניות קצוצות דק מא,,,עגבניות קצוצות דק מא,קילוגרמים,1.20,"ק""ג",false,,15.90,13.2500,true,1,8169
7290107974066,false,עלי טורטיה קמח מלא מ,,,עלי טורטיה קמח מלא מ,גרמים,320.00,100 גרם,false,,9.90,0.0309,true,1,8171
7290107974073,false,עלי טורטיה קמח לבן מ,,,עלי טורטיה קמח לבן מ,גרמים,320.00,100 גרם,false,,9.90,0.0309,true,1,8172
7290107974080,false,עלי טורטיה קמח לבן מ,,,עלי טורטיה קמח לבן מ,גרמים,820.00,100 גרם,false,,15.90,0.0194,true,1,8173
7290107974301,false,דיאודורנט ג'ל אלוורה,,,דיאודורנט ג'ל אלוורה,גרמים,65.00,100 גרם,false,,16.90,0.2600,true,1,8174
7290107974820,false,מאסטר שף ממרח מתובל,,,מאסטר שף ממרח מתובל,גרמים,252.00,100 גרם,false,,7.90,0.0313,true,1,8179
7290107975346,false,דאו' ג'ל כח הטבע אול,,,דאו' ג'ל כח הטבע אול,גרמים,65.00,100 גרם,false,,19.90,0.3062,true,1,8182
7290107978347,false,איטריות בינוניות מאס,,,איטריות בינוניות מאס,גרמים,400.00,100 גרם,false,,3.90,0.0097,true,1,8197
7290107978453,false,קראנצו'ס גריל 55 גרם,,,קראנצו'ס גריל 55 גרם,גרמים,55.00,100 גרם,false,,2.00,0.0364,true,1,8199
7290107978637,false,משחת שיניים מרידול 7,,,משחת שיניים מרידול 7,מיליליטרים,75.00,"100 מ""ל",false,,19.90,0.2653,true,1,8201
7290108070316,false,שקית 50 פסטל,,,שקית 50 פסטל,יחידה,0.00,יחידה,false,,11.90,0.0000,true,1,32797
7290108074659,false,סוכריה טבעת הלו קיטי,,,סוכריה טבעת הלו קיטי,יחידה,0.00,יחידה,false,,5.50,0.0000,true,1,12277
7290108350128,false,סנו סושי שקיות חזקות,,,סנו סושי שקיות חזקות,יחידה,0.00,יחידה,false,,22.90,0.0000,true,1,11496
7290108350142,false,סנו סושי שקיות רב שי,,,סנו סושי שקיות רב שי,יחידה,0.00,יחידה,false,,14.90,0.0000,true,1,11497
7290108350180,false,סנו סושי מפיות מודפס,,,סנו סושי מפיות מודפס,יחידה,0.00,יחידה,false,,7.90,0.0000,true,1,11498
7290108350203,false,כריות קרצוף עם ספוג,,,כריות קרצוף עם ספוג,יחידה,0.00,יחידה,false,,9.50,0.0000,true,1,11499
7290108350531,false,סנו ספארק משאבה בניח,,,סנו ספארק משאבה בניח,ליטרים,1.00,ליטר,false,,10.90,10.9000,true,1,11504
7290108350586,false,ספארק נוזל כלים בניח,,,ספארק נוזל כלים בניח,ליטרים,1.50,ליטר,false,,13.90,9.2667,true,1,11507
7290108350616,false,מרכך כביסה מקסימה סו,,,מרכך כביסה מקסימה סו,יחידה,0.00,יחידה,false,,16.90,0.0000,true,1,11508
7290108350623,false,מרכך כביסה מקסימה סו,,,מרכך כביסה מקסימה סו,יחידה,0.00,יחידה,false,,16.90,0.0000,true,1,11509
7290108351156,false,סנו ג`ט פלוס לניקוי,,,סנו ג`ט פלוס לניקוי,יחידה,0.00,יחידה,false,,10.90,0.0000,true,1,11526
7290108351613,false,ריצפז פרש הום מלון ח,,,ריצפז פרש הום מלון ח,ליטרים,2.00,ליטר,false,,19.90,9.9500,true,1,11538
7290108351699,false,מגבונים ג'ט+חומץ מאר,,,מגבונים ג'ט+חומץ מאר,יחידה,0.00,יחידה,false,,17.90,0.0000,true,1,11545
7290108351781,false,סנו ג'ט+לניקוי אסלות,,,סנו ג'ט+לניקוי אסלות,מיליליטרים,750.00,"100 מ""ל",false,,9.90,0.0132,true,1,11554
7290108351804,false,סנו מקסימה מרכך כביס,,,סנו מקסימה מרכך כביס,יחידה,0.00,יחידה,false,,16.90,0.0000,true,1,11555
7290108351811,false,סנו מקסימה מרכך כביס,,,סנו מקסימה מרכך כביס,יחידה,0.00,יחידה,false,,16.90,0.0000,true,1,11556
7290108352092,false,אורביטול משחת שיניים,,,אורביטול משחת שיניים,גרמים,145.00,100 גרם,false,,17.90,0.1234,true,1,11576
7290108352344,false,סנו פרש הום אוטומטיק,,,סנו פרש הום אוטומטיק,גרמים,250.00,100 גרם,false,,13.90,0.0556,true,1,11593
7290108352528,false,מתז לחיטוי וניקוי חד,,,מתז לחיטוי וניקוי חד,מיליליטרים,750.00,"100 מ""ל",false,,10.90,0.0145,true,1,23023
7290108352672,false,סנו סושי זוג מטלית ה,,,סנו סושי זוג מטלית ה,יחידה,0.00,יחידה,false,,19.90,0.0000,true,1,11608
7290108352825,false,סנו סושי-ספוג הפלא נ,,,סנו סושי-ספוג הפלא נ,יח',3.00,יח',false,,9.90,3.3000,true,1,11616
7290108352900,false,סנו סושי מגבות נייר,,,סנו סושי מגבות נייר,יחידה,0.00,יחידה,false,,19.90,0.0000,true,1,11623
7290108353068,false,סנו סושי-כרית קרצוף,,,סנו סושי-כרית קרצוף,יח',3.00,יח',false,,9.90,3.3000,true,1,11639
7290108353440,false,צמד מברשות  שיניים 1,,,צמד מברשות  שיניים 1,יחידה,0.00,יחידה,false,,29.90,0.0000,true,1,23029
7290108353501,false,שקיות אשפה עם ידיות,,,שקיות אשפה עם ידיות,יחידה,0.00,יחידה,false,,19.90,0.0000,true,1,11653
7290108353549,false,נייר אפיה סנו סושי 1,,,נייר אפיה סנו סושי 1,יחידה,0.00,יחידה,false,,19.90,0.0000,true,1,11657
7290108353648,false,סנו סושי 70 שקיות או,,,סנו סושי 70 שקיות או,יחידה,0.00,יחידה,false,,10.90,0.0000,true,1,11663
7290108353686,false,סנו סושי מטלית לריצפ,,,סנו סושי מטלית לריצפ,יחידה,0.00,יחידה,false,,10.90,0.0000,true,1,11666
7290108353716,false,תחליב רחצה חימר פיטא,,,תחליב רחצה חימר פיטא,מיליליטרים,500.00,"100 מ""ל",false,,9.90,0.0198,true,1,23032
7290108353969,false,דאודורנט ספריי ReFre,,,דאודורנט ספריי ReFre,מיליליטרים,150.00,"100 מ""ל",false,,12.90,0.0860,true,1,23040
7290108354263,false,משחת שיניים אורביטול,,,משחת שיניים אורביטול,גרמים,70.00,100 גרם,false,,7.90,0.1129,true,1,23043
7290108354270,false,מרכך בבישום עוצמתי מ,,,מרכך בבישום עוצמתי מ,ליטרים,1.00,ליטר,false,,16.90,16.9000,true,1,23044
7290108354430,false,שמפו כיף לשיקום והזנ,,,שמפו כיף לשיקום והזנ,מיליליטרים,700.00,"100 מ""ל",false,,11.90,0.0170,true,1,23047
7290108354447,false,מרכך כיף לשיקום והזנ,,,מרכך כיף לשיקום והזנ,מיליליטרים,700.00,"100 מ""ל",false,,11.90,0.0170,true,1,23048
7290108354591,false,תחליב רחצה ביו  נקה,,,תחליב רחצה ביו  נקה,מיליליטרים,750.00,"100 מ""ל",false,,9.90,0.0132,true,1,23052
7290108354607,false,שמפו ביו נקה 7 750 מ,,,שמפו ביו נקה 7 750 מ,מיליליטרים,750.00,"100 מ""ל",false,,10.90,0.0145,true,1,23053
7290108354614,false,מרכך לשיער ביו נקה 7,,,מרכך לשיער ביו נקה 7,מיליליטרים,750.00,"100 מ""ל",false,,10.90,0.0145,true,1,23054
7290108354706,false,תחליב רחצה מאסק קרמה,,,תחליב רחצה מאסק קרמה,מיליליטרים,500.00,"100 מ""ל",false,,9.90,0.0198,true,1,23056
7290108354713,false,תחליב רחצה קלאסי קרמ,,,תחליב רחצה קלאסי קרמ,מיליליטרים,500.00,"100 מ""ל",false,,9.90,0.0198,true,1,23057
7290108354751,false,מתז JET+בתוספת סודה,,,מתז JET+בתוספת סודה,מיליליטרים,750.00,"100 מ""ל",false,,10.90,0.0145,true,1,11683
7290108354911,false,שמפו  ג'ל רחצה וגילו,,,שמפו  ג'ל רחצה וגילו,מיליליטרים,700.00,"100 מ""ל",false,,15.00,0.0214,true,1,11691
7290108355048,false,מגבונים רכים להסרת א,,,מגבונים רכים להסרת א,100 יח',75.00,100 יח',false,,24.90,0.3320,true,1,23061
7290108355154,false,שמפו שמני הזנה נקה 7,,,שמפו שמני הזנה נקה 7,מיליליטרים,750.00,"100 מ""ל",false,,10.90,0.0145,true,1,11706
7290108355161,false,מרכך שמני הזנה נקה 7,,,מרכך שמני הזנה נקה 7,מיליליטרים,750.00,"100 מ""ל",false,,10.90,0.0145,true,1,11707
7290108355802,false,קרמה תחליב רחצה ורד,,,קרמה תחליב רחצה ורד,מיליליטרים,700.00,"100 מ""ל",false,,15.90,0.0227,true,1,11742
7290108356229,false,גל גילוח קרמה מן קרב,,,גל גילוח קרמה מן קרב,מיליליטרים,200.00,"100 מ""ל",false,,13.90,0.0695,true,1,11762
7290108356298,false,מוס רחצה בניחוח קרם,,,מוס רחצה בניחוח קרם,מיליליטרים,200.00,"100 מ""ל",false,,9.90,0.0495,true,1,23068
7290108356489,false,תחליב רחצה אפרסק וחמ,,,תחליב רחצה אפרסק וחמ,מיליליטרים,700.00,"100 מ""ל",false,,10.90,0.0156,true,1,23073
7290108356519,false,שמפו לשיער בתוספת שמ,,,שמפו לשיער בתוספת שמ,מיליליטרים,700.00,"100 מ""ל",false,,12.90,0.0184,true,1,23074
7290108356526,false,שמפו לשיער יבש קרליי,,,שמפו לשיער יבש קרליי,מיליליטרים,700.00,"100 מ""ל",false,,12.90,0.0184,true,1,23075
7290108356564,false,מרכך לשיער רגיל קרלי,,,מרכך לשיער רגיל קרלי,מיליליטרים,700.00,"100 מ""ל",false,,12.90,0.0184,true,1,23079
7290108356588,false,מרכך לשיער מתולתל קר,,,מרכך לשיער מתולתל קר,מיליליטרים,700.00,"100 מ""ל",false,,12.90,0.0184,true,1,23081
7290108357004,false,כיף שמפו לשיער ורד ו,,,כיף שמפו לשיער ורד ו,מיליליטרים,700.00,"100 מ""ל",false,,11.90,0.0170,true,1,11768
7290108357226,false,אוקסיג'ן אבקה  להסרת,,,אוקסיג'ן אבקה  להסרת,קילוגרמים,1.40,"ק""ג",false,,29.90,21.3571,true,1,23095
7290108357301,false,סנו קיי-301 צהוב 300,,,סנו קיי-301 צהוב 300,מיליליטרים,300.00,"100 מ""ל",false,,11.90,0.0397,true,1,23103
7290108357394,false,קרמה תחליב רחצה חלב,,,קרמה תחליב רחצה חלב,מיליליטרים,700.00,"100 מ""ל",false,,15.90,0.0227,true,1,23104
7290108357400,false,קרמה תחליב רחצה לבנד,,,קרמה תחליב רחצה לבנד,מיליליטרים,700.00,"100 מ""ל",false,,15.90,0.0227,true,1,11771
7290108357417,false,קרם גוף קרמה ורד וונ,,,קרם גוף קרמה ורד וונ,מיליליטרים,500.00,"100 מ""ל",false,,21.90,0.0438,true,1,11772
7290108357493,false,קרמה תחליב רחצה וניל,,,קרמה תחליב רחצה וניל,מיליליטרים,700.00,"100 מ""ל",false,,15.90,0.0227,true,1,23105
7290108357769,false,מרכך לשיער רגיל תפוח,,,מרכך לשיער רגיל תפוח,מיליליטרים,700.00,"100 מ""ל",false,,11.90,0.0170,true,1,11780
7290108357844,false,אל סבון כיף שקית מיל,,,אל סבון כיף שקית מיל,ליטרים,1.00,ליטר,false,,7.90,7.9000,true,1,23110
7290108357882,false,מרכך לחות מוגברת אפר,,,מרכך לחות מוגברת אפר,מיליליטרים,700.00,"100 מ""ל",false,,11.90,0.0170,true,1,23114
7290108358070,false,קרמה תחליב רחצה קלאס,,,קרמה תחליב רחצה קלאס,מיליליטרים,700.00,"100 מ""ל",false,,15.90,0.0227,true,1,11783
7290108358087,false,קרמה תחליב רחצה מאסק,,,קרמה תחליב רחצה מאסק,מיליליטרים,700.00,"100 מ""ל",false,,15.90,0.0227,true,1,11784
7290108358117,false,מקלות ריחניים לבית ב,,,מקלות ריחניים לבית ב,מיליליטרים,100.00,"100 מ""ל",false,,19.90,0.1990,true,1,23117
7290108359008,false,שקיות זיפר עם סליידר,,,שקיות זיפר עם סליידר,יחידה,0.00,יחידה,false,,13.90,0.0000,true,1,23118
7290108359060,false,כריות ניקוי לשבת 4 י,,,כריות ניקוי לשבת 4 י,יחידה,0.00,יחידה,false,,9.90,0.0000,true,1,23122
7290108359077,false,ממחטות אף בקופסא 3 ש,,,ממחטות אף בקופסא 3 ש,יחידה,0.00,יחידה,false,,12.90,0.0000,true,1,23123
7290108359091,false,סנו סושי כיסוי ניילו,,,סנו סושי כיסוי ניילו,יחידה,0.00,יחידה,false,,11.90,0.0000,true,1,50608
7290108359183,false,שקיות אשפה L  עם ידי,,,שקיות אשפה L  עם ידי,יחידה,0.00,יחידה,false,,20.90,0.0000,true,1,47040
7290108359831,false,שמן גוף בייבי כיף 50,,,שמן גוף בייבי כיף 50,מיליליטרים,500.00,"100 מ""ל",false,,19.90,0.0398,true,1,11786
7290108359886,false,תחליב רחצה HYDROMOIS,,,תחליב רחצה HYDROMOIS,ליטרים,1.00,ליטר,false,,18.90,18.9000,true,1,11791
7290108359893,false,תחליב רחצה HYDROMOIS,,,תחליב רחצה HYDROMOIS,מיליליטרים,750.00,"100 מ""ל",false,,14.90,0.0199,true,1,11792
7290108359961,false,משחת שיניים פרוטקט &,,,משחת שיניים פרוטקט &,גרמים,435.00,100 גרם,false,,26.90,0.0618,true,1,11793
7290108359985,false,אקונומיקה מרסס עם ממ,,,אקונומיקה מרסס עם ממ,ליטרים,1.00,ליטר,false,,17.90,17.9000,true,1,23127
7290108500677,false,כבד דג שיבוט בשמן וי,,,כבד דג שיבוט בשמן וי,גרמים,115.00,100 גרם,false,,8.90,0.0774,true,1,1319
7290108501360,false,גבינת צ'דר בשלה 200,,,גבינת צ'דר בשלה 200,גרמים,200.00,100 גרם,false,,17.90,0.0895,true,1,1322
7290108501490,false,גבינה מוצרלה פרוסות,,,גבינה מוצרלה פרוסות,גרמים,150.00,100 גרם,false,,12.90,0.0860,true,1,1324
7290108502305,false,גבינת גרנה פדנו משול,,,גבינת גרנה פדנו משול,גרמים,150.00,100 גרם,false,,16.90,0.1127,true,1,1339
7290108502381,false,תחתיות לפיצה קוטר 26,,,תחתיות לפיצה קוטר 26,יחידה,0.00,יחידה,false,,8.90,0.0000,true,1,1341
7290108503043,false,מארז רביעייה תפוחוני,,,מארז רביעייה תפוחוני,גרמים,88.00,100 גרם,false,,14.90,0.1693,true,1,1359
7290108503159,false,וילי פוד גבינה כחולה,,,וילי פוד גבינה כחולה,גרמים,100.00,100 גרם,false,,9.90,0.0990,true,1,1363
7290108505153,false,יוגורט יווני בטעם טב,,,יוגורט יווני בטעם טב,גרמים,150.00,100 גרם,false,,5.20,0.0347,true,1,1400
7290108505184,false,יוגורט יווני עם קוקו,,,יוגורט יווני עם קוקו,גרמים,150.00,100 גרם,false,,5.20,0.0347,true,1,1403
7290108505191,false,י.יווני עם פצפוצי שו,,,י.יווני עם פצפוצי שו,גרמים,150.00,100 גרם,false,,5.20,0.0347,true,1,1404
7290108505207,false,יוגורט יווני עם אוכמ,,,יוגורט יווני עם אוכמ,גרמים,150.00,100 גרם,false,,5.20,0.0347,true,1,1405
7290108505719,false,גבינת מוצרלה מגורדת,,,גבינת מוצרלה מגורדת,גרמים,200.00,100 גרם,false,,14.90,0.0745,true,1,1408
7290108505733,false,צמות גבינה חצי קשה 2,,,צמות גבינה חצי קשה 2,גרמים,200.00,100 גרם,false,,14.90,0.0745,true,1,1410
7290108506426,false,סימיט בייגלה קפוא 40,,,סימיט בייגלה קפוא 40,גרמים,400.00,100 גרם,false,,19.90,0.0497,true,1,1418
7290108506495,false,כנאפה קפוא 192.5 גרם,,,כנאפה קפוא 192.5 גרם,גרמים,192.50,100 גרם,false,,12.90,0.0670,true,1,1420
7290108506501,false,אצבעות בצק פילו ממול,,,אצבעות בצק פילו ממול,גרמים,500.00,100 גרם,false,,15.90,0.0318,true,1,18966
7290108507010,false,מ.בורקס מים תורכי תר,,,מ.בורקס מים תורכי תר,גרמים,300.00,100 גרם,false,,14.90,0.0497,true,1,1431
7290108508499,false,משקה יוגורט בסגנון ט,,,משקה יוגורט בסגנון ט,גרמים,293.00,100 גרם,false,,5.20,0.0177,true,1,18996
7290108509106,false,גבינה בולגרית מעודנת,,,גבינה בולגרית מעודנת,גרמים,200.00,100 גרם,false,,11.90,0.0595,true,1,19018
7290108509113,false,גבינה בולגרית מעודנת,,,גבינה בולגרית מעודנת,גרמים,250.00,100 גרם,false,,11.90,0.0476,true,1,19019
7290108509205,false,חטיף אורז אפוי לתינו,,,חטיף אורז אפוי לתינו,גרמים,50.00,100 גרם,false,,11.90,0.2380,true,1,19024
7290108509229,false,חטיף אורז אפוי לתינו,,,חטיף אורז אפוי לתינו,גרמים,50.00,100 גרם,false,,11.90,0.2380,true,1,19026
7290108509250,false,אנטיפסטי ארטישוק  עג,,,אנטיפסטי ארטישוק  עג,גרמים,580.00,100 גרם,false,,24.90,0.0429,true,1,19027
7290108509618,false,זיתים ירוקים על הגרי,,,זיתים ירוקים על הגרי,גרמים,730.00,100 גרם,false,,19.90,0.0273,true,1,19031
7290108509625,false,זיתים ירוקים  ופלפל,,,זיתים ירוקים  ופלפל,גרמים,730.00,100 גרם,false,,19.90,0.0273,true,1,19032
7290108509656,false,מיקס זיתים פרוסים במ,,,מיקס זיתים פרוסים במ,גרמים,800.00,100 גרם,false,,9.90,0.0124,true,1,19035
7290109351025,false,מלך החומוס חומוס טחי,,,מלך החומוס חומוס טחי,גרמים,400.00,100 גרם,false,,13.90,0.0348,true,1,7423
7290109351971,false,בר פריכיות שוקולד חל,,,בר פריכיות שוקולד חל,גרמים,84.00,100 גרם,false,,11.90,0.1417,true,1,7425
7290109352916,false,בר פריכיות שוקולד לב,,,בר פריכיות שוקולד לב,גרמים,84.00,100 גרם,false,,11.90,0.1417,true,1,7426
7290109358284,false,טבעול שניצל  תירס  ע,,,טבעול שניצל  תירס  ע,גרמים,664.00,100 גרם,false,,29.90,0.0450,true,1,7431
7290109358765,false,דגני קראנץ' רולס נוג,,,דגני קראנץ' רולס נוג,גרמים,450.00,100 גרם,false,,19.90,0.0442,true,1,7006
7290109580043,false,זוגלובק שניצל תירס 1,,,זוגלובק שניצל תירס 1,קילוגרמים,1.75,"ק""ג",false,,49.90,28.5143,true,1,13844
7290109580098,false,קבנוס בטעם סרירצ'ה ז,,,קבנוס בטעם סרירצ'ה ז,גרמים,135.00,100 גרם,false,,9.90,0.0733,true,1,25283
7290109580104,false,רוסטביף זוגלובק פרמי,,,רוסטביף זוגלובק פרמי,גרמים,150.00,100 גרם,false,,19.90,0.1327,true,1,25284
7290109580135,false,קורנדביף זוגלובק פרמ,,,קורנדביף זוגלובק פרמ,גרמים,180.00,100 גרם,false,,19.90,0.1106,true,1,25287
7290109580241,false,נאגטס מן הצומח זוגלו,,,נאגטס מן הצומח זוגלו,גרמים,500.00,100 גרם,false,,19.90,0.0398,true,1,25297
7290109923048,false,אסטוניש פרימיום ארומ,,,אסטוניש פרימיום ארומ,מיליליטרים,750.00,"100 מ""ל",false,,12.90,0.0172,true,1,20180
7290110058814,false,שלישיית ביצי שוקולד,,,שלישיית ביצי שוקולד,גרמים,60.00,100 גרם,false,,12.90,0.2150,true,1,12290
7290110110369,false,שישיית בירה קרלסברג,,,שישיית בירה קרלסברג,ליטרים,1.98,ליטר,false,,34.90,17.6263,true,1,2698
7290110110703,false,שישיית ספרייט פחיות,,,שישיית ספרייט פחיות,ליטרים,1.98,ליטר,false,,22.00,11.1111,true,1,2706
7290110111809,false,פאנטה אורנג' שישייה,,,פאנטה אורנג' שישייה,ליטרים,1.98,ליטר,false,,22.00,11.1111,true,1,2710
7290110113476,false,קרלסברג 0.0 בקבוק 6*,,,קרלסברג 0.0 בקבוק 6*,ליטרים,1.98,ליטר,false,,26.90,13.5859,true,1,2715
7290110114787,false,נביעות + תפוח 1.5 לי,,,נביעות + תפוח 1.5 לי,ליטרים,1.50,ליטר,false,,8.00,5.3333,true,1,19586
7290110114794,false,נביעות + אפרסק 1.5 ל,,,נביעות + אפרסק 1.5 ל,ליטרים,1.50,ליטר,false,,8.00,5.3333,true,1,19587
7290110114800,false,נביעות + ענבים 1.5 ל,,,נביעות + ענבים 1.5 ל,ליטרים,1.50,ליטר,false,,8.00,5.3333,true,1,19588
7290110114855,false,מי נביעות שישייה 1.5,,,מי נביעות שישייה 1.5,ליטרים,9.00,ליטר,false,,12.70,1.4111,true,1,19591
7290110114886,false,פריגת משקה קלמנטינה,,,פריגת משקה קלמנטינה,ליטרים,2.00,ליטר,false,,28.30,14.1500,true,1,19491
7290110114893,false,פריגת סחוט תפוזים 2,,,פריגת סחוט תפוזים 2,ליטרים,2.00,ליטר,false,,28.30,14.1500,true,1,19492
7290110114954,false,מיץ תפוזים מתקתק 100,,,מיץ תפוזים מתקתק 100,ליטרים,2.00,ליטר,false,,21.90,10.9500,true,1,19494
7290110114961,false,פריגת תפוזים 1.5 ליט,,,פריגת תפוזים 1.5 ליט,ליטרים,1.50,ליטר,false,,8.80,5.8667,true,1,19592
7290110114985,false,פריגת אשכולית 1.5 לי,,,פריגת אשכולית 1.5 לי,ליטרים,1.50,ליטר,false,,8.80,5.8667,true,1,19594
7290110114992,false,פריגת דיאט אשכולית 1,,,פריגת דיאט אשכולית 1,ליטרים,1.50,ליטר,false,,8.30,5.5333,true,1,19595
7290110115005,false,פריגת ענבים 1.5 ליטר,,,פריגת ענבים 1.5 ליטר,ליטרים,1.50,ליטר,false,,8.80,5.8667,true,1,19596
7290110115036,false,פריגת מנגו 1.5 ליטר,,,פריגת מנגו 1.5 ליטר,ליטרים,1.50,ליטר,false,,8.80,5.8667,true,1,19599
7290110115043,false,פריגת לימונענע 1.5 ל,,,פריגת לימונענע 1.5 ל,ליטרים,1.50,ליטר,false,,8.80,5.8667,true,1,19600
7290110115050,false,פריגת מיקס תות בננה,,,פריגת מיקס תות בננה,ליטרים,1.50,ליטר,false,,8.80,5.8667,true,1,19601
7290110115104,false,פריגת צלול אפרסק 1.5,,,פריגת צלול אפרסק 1.5,ליטרים,1.50,ליטר,false,,8.30,5.5333,true,1,19606
7290110115111,false,פריגת צלול אננס 1.5,,,פריגת צלול אננס 1.5,ליטרים,1.50,ליטר,false,,8.30,5.5333,true,1,19607
7290110115128,false,פריגת צלול בטעם לימו,,,פריגת צלול בטעם לימו,ליטרים,1.50,ליטר,false,,8.30,5.5333,true,1,19608
7290110115203,false,קוקה קולה 1.5 ליטר,,,קוקה קולה 1.5 ליטר,ליטרים,1.50,ליטר,false,,8.60,5.7333,true,1,19611
7290110115210,false,דיאט קוקה קולה 1.5 ל,,,דיאט קוקה קולה 1.5 ל,ליטרים,1.50,ליטר,false,,8.10,5.4000,true,1,19612
7290110115234,false,קולה ZERO נטול 1.5 ל,,,קולה ZERO נטול 1.5 ל,ליטרים,1.50,ליטר,false,,8.30,5.5333,true,1,19614
7290110115241,false,קולה ZERO לימון 1.5,,,קולה ZERO לימון 1.5,ליטרים,1.50,ליטר,false,,8.30,5.5333,true,1,19615
7290110115258,false,קוקה קולה זירו מנגו,,,קוקה קולה זירו מנגו,ליטרים,1.50,ליטר,false,,8.30,5.5333,true,1,19616
7290110115265,false,ספרייט 1.5 ליטר LIME,,,ספרייט 1.5 ליטר LIME,ליטרים,1.50,ליטר,false,,8.80,5.8667,true,1,19617
7290110115272,false,ספרייט זירו 1.5 ליטר,,,ספרייט זירו 1.5 ליטר,ליטרים,1.50,ליטר,false,,8.30,5.5333,true,1,19618
7290110115289,false,ספרייט 19 קלוריות לי,,,ספרייט 19 קלוריות לי,ליטרים,1.50,ליטר,false,,8.30,5.5333,true,1,19619
7290110115296,false,פאנטה אורנג' 1.5 ליט,,,פאנטה אורנג' 1.5 ליט,ליטרים,1.50,ליטר,false,,8.80,5.8667,true,1,19620
7290110115302,false,פאנטה זירו בטעם אורנ,,,פאנטה זירו בטעם אורנ,ליטרים,1.50,ליטר,false,,8.30,5.5333,true,1,19621
7290110115319,false,פאנטה אקזוטיק 1.5 לי,,,פאנטה אקזוטיק 1.5 לי,ליטרים,1.50,ליטר,false,,8.80,5.8667,true,1,19622
7290110115333,false,פאנטה תות 1.5 ליטר,,,פאנטה תות 1.5 ליטר,ליטרים,1.50,ליטר,false,,8.80,5.8667,true,1,19624
7290110115340,false,פאנטה ענבים 1.5 ליטר,,,פאנטה ענבים 1.5 ליטר,ליטרים,1.50,ליטר,false,,8.80,5.8667,true,1,19625
7290110115357,false,קינלי סודה 1.5 ליטר,,,קינלי סודה 1.5 ליטר,ליטרים,1.50,ליטר,false,,3.30,2.2000,true,1,19626
7290110115364,false,קוקה קולה 6*1.5 ליטר,,,קוקה קולה 6*1.5 ליטר,ליטרים,9.00,ליטר,false,,49.30,5.4778,true,1,19627
7290110115371,false,קוקה קולה דיאט  6*1.,,,קוקה קולה דיאט  6*1.,ליטרים,9.00,ליטר,false,,46.10,5.1222,true,1,19628
7290110115395,false,ספרייט זירו 6* 1.5 ל,,,ספרייט זירו 6* 1.5 ל,ליטרים,9.00,ליטר,false,,42.90,4.7667,true,1,19630
7290110115418,false,קוקה קולה זירו שישיי,,,קוקה קולה זירו שישיי,ליטרים,9.00,ליטר,false,,46.10,5.1222,true,1,19632
7290110115425,false,פיוז טי לימון נענע 1,,,פיוז טי לימון נענע 1,ליטרים,1.50,ליטר,false,,8.50,5.6667,true,1,19633
7290110115449,false,פיוז טי מנגו אננס 1.,,,פיוז טי מנגו אננס 1.,ליטרים,1.50,ליטר,false,,9.00,6.0000,true,1,19634
7290110115456,false,פיוז טי אפרסק  19 קל,,,פיוז טי אפרסק  19 קל,ליטרים,1.50,ליטר,false,,8.50,5.6667,true,1,19635
7290110115463,false,פיוז טי אפרסק 1.5 לי,,,פיוז טי אפרסק 1.5 לי,ליטרים,1.50,ליטר,false,,9.00,6.0000,true,1,19636
7290110115494,false,פיוז טי ענבים 1.5 לי,,,פיוז טי ענבים 1.5 לי,ליטרים,1.50,ליטר,false,,9.00,6.0000,true,1,19638
7290110115586,false,משקה קל בטעם תפוזים,,,משקה קל בטעם תפוזים,ליטרים,1.50,ליטר,false,,8.30,5.5333,true,1,19640
7290110115616,false,פיוז טי ZERO גרין אנ,,,פיוז טי ZERO גרין אנ,ליטרים,1.50,ליטר,false,,8.50,5.6667,true,1,19643
7290110115623,false,פיוז טי ZERO בטעם אפ,,,פיוז טי ZERO בטעם אפ,ליטרים,1.50,ליטר,false,,8.50,5.6667,true,1,19644
7290110115869,false,קוקה קולה זירו בקבוק,,,קוקה קולה זירו בקבוק,ליטרים,1.50,ליטר,false,,8.30,5.5333,true,1,53282
7290110116125,false,סירופ פריגת טעם פטל,,,סירופ פריגת טעם פטל,מיליליטרים,750.00,"100 מ""ל",false,,18.90,0.0252,true,1,19652
7290110116132,false,סירופ פריגת טעם לימו,,,סירופ פריגת טעם לימו,מיליליטרים,750.00,"100 מ""ל",false,,18.90,0.0252,true,1,19653
7290110116194,false,נביעות+ לימון ליים 0,,,נביעות+ לימון ליים 0,ליטרים,1.50,ליטר,false,,9.90,6.6000,true,1,19659
7290110116217,false,נביעות+ אשכולית 0 קל,,,נביעות+ אשכולית 0 קל,ליטרים,1.50,ליטר,false,,8.60,5.7333,true,1,19661
7290110116224,false,נביעות+ אשכולית 0 קל,,,נביעות+ אשכולית 0 קל,מיליליטרים,500.00,"100 מ""ל",false,,6.20,0.0124,true,1,19662
7290110116385,false,סליק זירו  מרשמלו 33,,,סליק זירו  מרשמלו 33,מיליליטרים,330.00,"100 מ""ל",false,,5.00,0.0152,true,1,19663
7290110320591,false,בולגרית 16% במרקם מע,,,בולגרית 16% במרקם מע,גרמים,250.00,100 גרם,false,,20.90,0.0836,true,1,10173
7290110320850,false,עמק פתיתים  200 גרם,,,עמק פתיתים  200 גרם,גרמים,200.00,100 גרם,false,,14.90,0.0745,true,1,10177
7290110320867,false,עמק פתיתים למאפים 28,,,עמק פתיתים למאפים 28,גרמים,500.00,100 גרם,false,,28.90,0.0578,true,1,10178
7290110320935,false,פרוסות מוצרלה 150 גר,,,פרוסות מוצרלה 150 גר,גרמים,150.00,100 גרם,false,,15.90,0.1060,true,1,10179
7290110321277,false,קוטג' תנובה בקטנה  5,,,קוטג' תנובה בקטנה  5,גרמים,100.00,100 גרם,false,,2.50,0.0250,true,1,10189
7290110321680,false,יופלה גו בטעם תות 20,,,יופלה גו בטעם תות 20,גרמים,200.00,100 גרם,false,,5.90,0.0295,true,1,10196
7290110321697,false,יופלה גו בטעם  אפרסק,,,יופלה גו בטעם  אפרסק,מיליליטרים,200.00,"100 מ""ל",false,,5.90,0.0295,true,1,10197
7290110322014,false,טופו טבעי 300 גרם,,,טופו טבעי 300 גרם,גרמים,300.00,100 גרם,false,,11.90,0.0397,true,1,10205
7290110322946,false,יופלה טיוב יוגורט במ,,,יופלה טיוב יוגורט במ,מיליליטרים,348.00,"100 מ""ל",false,,10.90,0.0313,true,1,10210
7290110323301,false,גבינת עמק טל 32% שומ,,,גבינת עמק טל 32% שומ,גרמים,200.00,100 גרם,false,,17.90,0.0895,true,1,10221
7290110323585,false,יופלה GO לייט עם דוב,,,יופלה GO לייט עם דוב,גרמים,200.00,100 גרם,false,,5.90,0.0295,true,1,10223
7290110323592,false,יופלה GO לייט עם אפר,,,יופלה GO לייט עם אפר,גרמים,200.00,100 גרם,false,,5.90,0.0295,true,1,10224
7290110323714,false,תנובה משקה קוקוס שקד,,,תנובה משקה קוקוס שקד,יחידה,0.00,יחידה,false,,11.90,0.0000,true,1,10226
7290110324728,false,ממרח סויה 9% עם שום,,,ממרח סויה 9% עם שום,גרמים,250.00,100 גרם,false,,8.90,0.0356,true,1,10243
7290110324841,false,מעדן שקדים עם שוקולד,,,מעדן שקדים עם שוקולד,גרמים,125.00,100 גרם,false,,3.90,0.0312,true,1,10246
7290110324858,false,מעדן שקדים בטעם אגוז,,,מעדן שקדים בטעם אגוז,גרמים,125.00,100 גרם,false,,3.90,0.0312,true,1,10247
7290110324872,false,גלבוע גבינה פרוסה 5%,,,גלבוע גבינה פרוסה 5%,גרמים,200.00,100 גרם,false,,17.90,0.0895,true,1,10248
7290110324926,false,משקה סויה ללא תוספת,,,משקה סויה ללא תוספת,יחידה,0.00,יחידה,false,,9.90,0.0000,true,1,10249
7290110325084,false,מאגדת שמינייה מיני ק,,,מאגדת שמינייה מיני ק,מיליליטרים,800.00,"100 מ""ל",false,,13.90,0.0174,true,1,10250
7290110325114,false,יופלה משקה יוגורט גו,,,יופלה משקה יוגורט גו,מיליליטרים,250.00,"100 מ""ל",false,,5.90,0.0236,true,1,10253
7290110325305,false,יופלה סויה גו 20 גרם,,,יופלה סויה גו 20 גרם,גרמים,200.00,100 גרם,false,,5.90,0.0295,true,1,10257
7290110325312,false,יופלה סויה גו 20 גרם,,,יופלה סויה גו 20 גרם,גרמים,200.00,100 גרם,false,,5.90,0.0295,true,1,10258
7290110325619,false,תנובה משקה שיבולת שו,,,תנובה משקה שיבולת שו,יחידה,0.00,יחידה,false,,11.90,0.0000,true,1,10261
7290110325893,false,משקה תנובה GO אייס ק,,,משקה תנובה GO אייס ק,גרמים,340.00,100 גרם,false,,7.50,0.0221,true,1,10267
7290110326210,false,יופלה און טופ פצפוצי,,,יופלה און טופ פצפוצי,גרמים,157.00,100 גרם,false,,4.90,0.0312,true,1,10270
7290110326227,false,יופלה און טופ קורנפל,,,יופלה און טופ קורנפל,גרמים,157.00,100 גרם,false,,4.90,0.0312,true,1,10271
7290110326234,false,יופלה און טופ כוכבים,,,יופלה און טופ כוכבים,גרמים,157.00,100 גרם,false,,4.90,0.0312,true,1,10272
7290110326241,false,יופלה און טופ גרנולה,,,יופלה און טופ גרנולה,יחידה,157.00,יחידה,false,,4.90,0.0312,true,1,10273
7290110326333,false,פרוסות גבינה סקנדינב,,,פרוסות גבינה סקנדינב,גרמים,170.00,100 גרם,false,,17.90,0.1053,true,1,22525
7290110327033,false,משקה סויה תנובה GO מ,,,משקה סויה תנובה GO מ,יחידה,0.00,יחידה,false,,11.90,0.0000,true,1,22533
7290110327064,false,אייס קפה שיבולת שועל,,,אייס קפה שיבולת שועל,ליטרים,1.00,100 ליטר,false,,12.90,12.9000,true,1,10283
7290110327514,false,משקה שיבולת שועל בטע,,,משקה שיבולת שועל בטע,יחידה,0.00,יחידה,false,,11.90,0.0000,true,1,22544
7290110327804,false,GO חטיף חלבון בטעם ב,,,GO חטיף חלבון בטעם ב,גרמים,60.00,100 גרם,false,,11.90,0.1983,true,1,22939
7290110327828,false,GO חטיף חלבון עם חמא,,,GO חטיף חלבון עם חמא,גרמים,60.00,100 גרם,false,,11.90,0.1983,true,1,22941
7290110328474,false,פלח פרמג'יאנו רג'יאנ,,,פלח פרמג'יאנו רג'יאנ,גרמים,150.00,100 גרם,false,,26.90,0.1793,true,1,22576
7290110328481,false,פתיתי פרמג'יאנו רג'י,,,פתיתי פרמג'יאנו רג'י,גרמים,100.00,100 גרם,false,,14.90,0.1490,true,1,22577
7290110328627,false,יוגורט גו סמיך 0% בנ,,,יוגורט גו סמיך 0% בנ,גרמים,200.00,100 גרם,false,,5.90,0.0295,true,1,22585
7290110328764,false,יוגורט גו סמיך 0% תו,,,יוגורט גו סמיך 0% תו,גרמים,200.00,100 גרם,false,,5.90,0.0295,true,1,22591
7290110328788,false,יוגורט גו סמיך 0% אפ,,,יוגורט גו סמיך 0% אפ,גרמים,200.00,100 גרם,false,,5.90,0.0295,true,1,22593
7290110329136,false,מעדן חלב גו בטעם שוק,,,מעדן חלב גו בטעם שוק,גרמים,120.00,100 גרם,false,,4.50,0.0375,true,1,22605
7290110329143,false,מעדן חלב גו בטעם וני,,,מעדן חלב גו בטעם וני,גרמים,120.00,100 גרם,false,,4.50,0.0375,true,1,22606
7290110329266,false,יוגורט מחלב עיזים מל,,,יוגורט מחלב עיזים מל,גרמים,140.00,100 גרם,false,,5.50,0.0393,true,1,22615
7290110329273,false,יוגורט מחלב עיזים מל,,,יוגורט מחלב עיזים מל,גרמים,750.00,100 גרם,false,,19.90,0.0265,true,1,22616
7290110329303,false,פרוסות צהובה קלאסית,,,פרוסות צהובה קלאסית,גרמים,200.00,100 גרם,false,,21.90,0.1095,true,1,22617
7290110329716,false,קפה קר בטעם קפוצ'ינו,,,קפה קר בטעם קפוצ'ינו,מיליליטרים,230.00,"100 מ""ל",false,,6.90,0.0300,true,1,22633
7290110329723,false,קפה קר בטעם לאטה תנו,,,קפה קר בטעם לאטה תנו,מיליליטרים,230.00,"100 מ""ל",false,,6.90,0.0300,true,1,22634
7290110329792,false,סויה BIO אפרסק גביע,,,סויה BIO אפרסק גביע,גרמים,150.00,100 גרם,false,,4.20,0.0280,true,1,22636
7290110329815,false,סויה BIO מתיקות מעוד,,,סויה BIO מתיקות מעוד,גרמים,150.00,100 גרם,false,,4.20,0.0280,true,1,22638
7290110329822,false,סויה BIO פירות יער ג,,,סויה BIO פירות יער ג,גרמים,150.00,100 גרם,false,,4.20,0.0280,true,1,22639
7290110329846,false,סויה BIO טבעי גביע 1,,,סויה BIO טבעי גביע 1,גרמים,150.00,100 גרם,false,,4.20,0.0280,true,1,22641
7290110550363,false,משולש קינואה ומלח ים,,,משולש קינואה ומלח ים,גרמים,65.00,100 גרם,false,,9.90,0.1523,true,1,21897
7290110550370,false,אנרגי פריכיות משולשו,,,אנרגי פריכיות משולשו,גרמים,65.00,100 גרם,false,,9.90,0.1523,true,1,51771
7290110552121,false,היוגורט הראשון שלי 5,,,היוגורט הראשון שלי 5,גרמים,100.00,100 גרם,false,,2.30,0.0230,true,1,22132
7290110552220,false,דנונה PRO 20 גרם חלב,,,דנונה PRO 20 גרם חלב,גרמים,200.00,100 גרם,false,,5.90,0.0295,true,1,22133
7290110552237,false,דנונה PRO 20 גרם חלב,,,דנונה PRO 20 גרם חלב,גרמים,200.00,100 גרם,false,,5.90,0.0295,true,1,22134
7290110553029,false,פריכיות חלבון קייל ח,,,פריכיות חלבון קייל ח,גרמים,60.00,100 גרם,false,,9.90,0.1650,true,1,21916
7290110553036,false,פרכית חלבון בטטה סגו,,,פרכית חלבון בטטה סגו,גרמים,60.00,100 גרם,false,,9.90,0.1650,true,1,21917
7290110553180,false,פריכיות עם תפוח וקינ,,,פריכיות עם תפוח וקינ,גרמים,40.00,100 גרם,false,,6.90,0.1725,true,1,51903
7290110553425,false,קפה נמס עלית פחית מו,,,קפה נמס עלית פחית מו,גרמים,240.00,100 גרם,false,,19.90,0.0829,true,1,21923
7290110554101,false,סירופ מייפל טבעי 125,,,סירופ מייפל טבעי 125,מיליליטרים,125.00,"100 מ""ל",false,,19.90,0.1592,true,1,45888
7290110554583,false,מארז צ'יטוס PUFFS בט,,,מארז צ'יטוס PUFFS בט,גרמים,200.00,100 גרם,false,,12.90,0.0645,true,1,22310
7290110554729,false,עלית קפסולות אספרסו,,,עלית קפסולות אספרסו,גרמים,50.00,100 גרם,false,,15.90,0.3180,true,1,21932
7290110555306,false,רבע לשבע טבעוני סינמ,,,רבע לשבע טבעוני סינמ,גרמים,120.00,100 גרם,false,,10.90,0.0908,true,1,21935
7290110557027,false,חומוס הסדרה עשיר ב50,,,חומוס הסדרה עשיר ב50,גרמים,400.00,100 גרם,false,,12.90,0.0323,true,1,22147
7290110557102,false,מעדן פרו חלב עם שוקו,,,מעדן פרו חלב עם שוקו,גרמים,150.00,100 גרם,false,,5.00,0.0333,true,1,22148
7290110557133,false,מעדן הגולן מעדן חלב,,,מעדן הגולן מעדן חלב,גרמים,125.00,100 גרם,false,,2.90,0.0232,true,1,22151
7290110557317,false,היוגורט הראשון שלי ש,,,היוגורט הראשון שלי ש,גרמים,100.00,100 גרם,false,,2.30,0.0230,true,1,22152
7290110557478,false,חומוס גלילי אחלה  60,,,חומוס גלילי אחלה  60,גרמים,600.00,100 גרם,false,,12.90,0.0215,true,1,22157
7290110558154,false,דנונה לייט אנד פרי ת,,,דנונה לייט אנד פרי ת,גרמים,150.00,100 גרם,false,,4.50,0.0300,true,1,22166
7290110558222,false,WOW יוגורט בטעם בנופ,,,WOW יוגורט בטעם בנופ,גרמים,150.00,100 גרם,false,,4.60,0.0307,true,1,22169
7290110558253,false,יוגורט עם אננס בננה,,,יוגורט עם אננס בננה,גרמים,250.00,100 גרם,false,,5.50,0.0220,true,1,22171
7290110558284,false,דנונה מולטי 3% שומן,,,דנונה מולטי 3% שומן,מיליליטרים,200.00,"100 מ""ל",false,,4.20,0.0210,true,1,22172
7290110558314,false,דנונה פרו ללא סוכר 2,,,דנונה פרו ללא סוכר 2,גרמים,200.00,100 גרם,false,,5.90,0.0295,true,1,22175
7290110558338,false,דנונה פרו 25 גרם חלב,,,דנונה פרו 25 גרם חלב,מיליליטרים,200.00,"100 מ""ל",false,,5.90,0.0295,true,1,22176
7290110558918,false,עלי חסה קראנצ שטופים,,,עלי חסה קראנצ שטופים,גרמים,150.00,100 גרם,false,,10.90,0.0727,true,1,35701
7290110559755,false,מאגדת חטיף Real  אנר,,,מאגדת חטיף Real  אנר,גרמים,105.00,100 גרם,false,,14.90,0.1419,true,1,21941
7290110560317,false,פריכיות משולשות מלח,,,פריכיות משולשות מלח,גרמים,30.00,100 גרם,false,,4.90,0.1633,true,1,8790
7290110560324,false,פריכיות משולשות אפונ,,,פריכיות משולשות אפונ,גרמים,30.00,100 גרם,false,,4.90,0.1633,true,1,8791
7290110561352,false,דנונה ביו דל לקטוז ב,,,דנונה ביו דל לקטוז ב,גרמים,200.00,100 גרם,false,,3.50,0.0175,true,1,9199
7290110561604,false,שמיניית גמדים תות בנ,,,שמיניית גמדים תות בנ,גרמים,800.00,100 גרם,false,,17.90,0.0224,true,1,9200
7290110563431,false,יטבתה משקה קפה קר בס,,,יטבתה משקה קפה קר בס,מיליליטרים,230.00,"100 מ""ל",false,,7.90,0.0343,true,1,9201
7290110563448,false,יטבתה משקה קפה קר בס,,,יטבתה משקה קפה קר בס,מיליליטרים,230.00,"100 מ""ל",false,,7.90,0.0343,true,1,9202
7290110563462,false,יטבתה חלב בבקבוק נטו,,,יטבתה חלב בבקבוק נטו,ליטרים,1.00,ליטר,false,,8.20,8.2000,true,1,9203
7290110564339,false,חומוס הסדרה המובחרת,,,חומוס הסדרה המובחרת,גרמים,400.00,100 גרם,false,,12.90,0.0323,true,1,9205
7290110564360,false,חומוס אחלה עשיר ב 40,,,חומוס אחלה עשיר ב 40,גרמים,400.00,100 גרם,false,,12.90,0.0323,true,1,9206
7290110564414,false,חומוס הסדרה המובחרת,,,חומוס הסדרה המובחרת,גרמים,600.00,100 גרם,false,,14.90,0.0248,true,1,9208
7290110564742,false,יטבתה משקה קפה קר בס,,,יטבתה משקה קפה קר בס,מיליליטרים,230.00,"100 מ""ל",false,,7.90,0.0343,true,1,9209
7290110565435,false,לימבו בטעם פטל 0% שו,,,לימבו בטעם פטל 0% שו,גרמים,125.00,100 גרם,false,,2.00,0.0160,true,1,9211
7290110565527,false,דנונה PRO 20 גרם חלב,,,דנונה PRO 20 גרם חלב,גרמים,200.00,100 גרם,false,,5.90,0.0295,true,1,9212
7290110566623,false,עלית קפסולות קולומבי,,,עלית קפסולות קולומבי,גרמים,50.00,100 גרם,false,,15.90,0.3180,true,1,8809
7290110568238,false,קצפת צימחית 21% במתי,,,קצפת צימחית 21% במתי,מיליליטרים,250.00,"100 מ""ל",false,,7.90,0.0316,true,1,9215
7290110568276,false,משקה פרו  וניל יטבתה,,,משקה פרו  וניל יטבתה,מיליליטרים,350.00,"100 מ""ל",false,,6.50,0.0186,true,1,9216
7290110568559,false,מארז דוריטוס חמוץ חר,,,מארז דוריטוס חמוץ חר,גרמים,250.00,100 גרם,false,,10.90,0.0436,true,1,9347
7290110570224,false,משקה קפה קר בטעם עוג,,,משקה קפה קר בטעם עוג,מיליליטרים,230.00,"100 מ""ל",false,,7.90,0.0343,true,1,22184
7290110571382,false,מעדן חלב מועשר בחלבו,,,מעדן חלב מועשר בחלבו,גרמים,150.00,100 גרם,false,,5.00,0.0333,true,1,22189
7290110572969,false,כיף כף פצפצים קרם לב,,,כיף כף פצפצים קרם לב,גרמים,40.00,100 גרם,false,,4.70,0.1175,true,1,21957
7290110572976,false,כיף כף פצפצים קרם לב,,,כיף כף פצפצים קרם לב,גרמים,135.00,100 גרם,false,,9.90,0.0733,true,1,21958
7290110576318,false,מארז שלישיית אגוז  ל,,,מארז שלישיית אגוז  ל,גרמים,300.00,100 גרם,false,,25.90,0.0863,true,1,36803
7290110576370,false,מארז שלישיית אגוז  מ,,,מארז שלישיית אגוז  מ,גרמים,300.00,100 גרם,false,,25.90,0.0863,true,1,36804
7290110576387,false,מארז שלישיית אגוז  ח,,,מארז שלישיית אגוז  ח,גרמים,300.00,100 גרם,false,,25.90,0.0863,true,1,36805
7290111092985,false,מגבוני בייבי פרפורמנ,,,מגבוני בייבי פרפורמנ,יחידה,0.00,יחידה,false,,14.90,0.0000,true,1,22944
7290111094248,false,שקיות אשפה XL עם שרו,,,שקיות אשפה XL עם שרו,יחידה,0.00,יחידה,false,,19.90,0.0000,true,1,10958
7290111096921,false,מטליות לחות לניקוי ב,,,מטליות לחות לניקוי ב,יחידה,0.00,יחידה,false,,8.90,0.0000,true,1,22950
7290111097041,false,בייביסיטר מגבונים לח,,,בייביסיטר מגבונים לח,יחידה,0.00,יחידה,false,,19.90,0.0000,true,1,22951
7290111342042,false,כריות יפניות אנטיבקט,,,כריות יפניות אנטיבקט,יחידה,0.00,יחידה,false,,9.90,0.0000,true,1,3340
7290111342523,false,מפיות צבעוני ניקול 1,,,מפיות צבעוני ניקול 1,יחידה,0.00,יחידה,false,,6.90,0.0000,true,1,3344
7290111343117,false,טישו לושן סופט קליני,,,טישו לושן סופט קליני,יחידה,0.00,יחידה,false,,13.90,0.0000,true,1,3346
7290111344206,false,מגבוני האגיס נטורל ק,,,מגבוני האגיס נטורל ק,יחידה,0.00,יחידה,false,,18.90,0.0000,true,1,19806
7290111344503,false,האגיס אקסטרה קר מידה,,,האגיס אקסטרה קר מידה,יחידה,0.00,יחידה,false,,46.90,0.0000,true,1,19808
7290111344527,false,שקיות אשפה ניקול XXL,,,שקיות אשפה ניקול XXL,יחידה,0.00,יחידה,false,,22.90,0.0000,true,1,19809
7290111344732,false,קלינקס אלרג'י קומפור,,,קלינקס אלרג'י קומפור,יחידה,0.00,יחידה,false,,13.90,0.0000,true,1,19812
7290111344824,false,מגיני תחתון אנטיבקטר,,,מגיני תחתון אנטיבקטר,יחידה,0.00,יחידה,false,,15.90,0.0000,true,1,19814
7290111344855,false,מגיני תחתון סופר פרו,,,מגיני תחתון סופר פרו,יחידה,0.00,יחידה,false,,15.90,0.0000,true,1,19816
7290111344930,false,מטליות לחות לניקוי ר,,,מטליות לחות לניקוי ר,יח',10.00,יח',false,,9.90,0.9900,true,1,19817
7290111353055,false,יוגטה סוכריות גומי ד,,,יוגטה סוכריות גומי ד,גרמים,200.00,100 גרם,false,,7.90,0.0395,true,1,4653
7290111353239,false,יוגטה סוכריות גומי י,,,יוגטה סוכריות גומי י,גרמים,200.00,100 גרם,false,,7.90,0.0395,true,1,4656
7290111353444,false,הוטפופ ווגי' צ'יפס ח,,,הוטפופ ווגי' צ'יפס ח,גרמים,120.00,100 גרם,false,,13.90,0.1158,true,1,20390
7290111353550,false,חמאת בוטנים טבעית קל,,,חמאת בוטנים טבעית קל,גרמים,300.00,100 גרם,false,,14.90,0.0497,true,1,20392
7290111563492,false,צבר מרובע  מטבוחה חר,,,צבר מרובע  מטבוחה חר,גרמים,400.00,100 גרם,false,,11.90,0.0298,true,1,7438
7290111564277,false,פריכיות 3 דגנים דקות,,,פריכיות 3 דגנים דקות,גרמים,120.00,100 גרם,false,,9.90,0.0825,true,1,7017
7290111564666,false,כדורי בשר 500 גרם,,,כדורי בשר 500 גרם,גרמים,630.00,100 גרם,false,,29.90,0.0475,true,1,7440
7290111565038,false,לה קרמריה  בטעם וניל,,,לה קרמריה  בטעם וניל,ליטרים,1.40,ליטר,false,,17.90,12.7857,true,1,5819
7290111566103,false,פלאפל מרכיבים ביתיים,,,פלאפל מרכיבים ביתיים,גרמים,590.00,100 גרם,false,,31.90,0.0541,true,1,21284
7290111566240,false,שניצל דק צמחוני  בטע,,,שניצל דק צמחוני  בטע,גרמים,564.00,100 גרם,false,,29.90,0.0530,true,1,7443
7290111566271,false,חטיפי תירס טבעול  65,,,חטיפי תירס טבעול  65,גרמים,657.00,100 גרם,false,,29.90,0.0455,true,1,7444
7290111566318,false,שניצל דק צמחוני   בט,,,שניצל דק צמחוני   בט,גרמים,564.00,100 גרם,false,,29.90,0.0530,true,1,7445
7290111566547,false,חזה  בגריל  מו הצומח,,,חזה  בגריל  מו הצומח,גרמים,560.00,100 גרם,false,,29.90,0.0534,true,1,7448
7290111566561,false,טבעול שניצל ברוקולי,,,טבעול שניצל ברוקולי,גרמים,630.00,100 גרם,false,,29.90,0.0475,true,1,7449
7290111566585,false,שניצל מן הצומח  מופח,,,שניצל מן הצומח  מופח,גרמים,650.00,100 גרם,false,,29.90,0.0460,true,1,7450
7290111566714,false,המבורגר  מן הצומח  6,,,המבורגר  מן הצומח  6,גרמים,600.00,100 גרם,false,,29.90,0.0498,true,1,7453
7290111566752,false,שניצל תירס לייט טבעו,,,שניצל תירס לייט טבעו,גרמים,693.00,100 גרם,false,,29.90,0.0431,true,1,7454
7290111566776,false,נקנקיות  קוקטייל  מן,,,נקנקיות  קוקטייל  מן,גרמים,680.00,100 גרם,false,,29.90,0.0440,true,1,7455
7290111568206,false,ביסלי פארטי מיקס ברב,,,ביסלי פארטי מיקס ברב,גרמים,150.00,100 גרם,false,,6.90,0.0460,true,1,7034
7290111930805,false,קראנצו'ס ברביקיו 55,,,קראנצו'ס ברביקיו 55,גרמים,55.00,100 גרם,false,,2.00,0.0364,true,1,8215
7290111930911,false,פוף לבבות קלאסי 40 ג,,,פוף לבבות קלאסי 40 ג,גרמים,40.00,100 גרם,false,,3.90,0.0975,true,1,8219
7290111930928,false,"פוף לבבות גריל 40 ג""",,,"פוף לבבות גריל 40 ג""",גרמים,40.00,100 גרם,false,,3.90,0.0975,true,1,8220
7290111932380,false,מרידול משחות שיניים,,,מרידול משחות שיניים,גרמים,150.00,100 גרם,false,,29.90,0.1993,true,1,8225
7290111935961,false,מחית עגבניות מאסטר ש,,,מחית עגבניות מאסטר ש,גרמים,690.00,100 גרם,false,,9.90,0.0143,true,1,8238
7290111936647,false,קולגייט מקס זוג 2*12,,,קולגייט מקס זוג 2*12,מיליליטרים,250.00,"100 מ""ל",false,,29.90,0.1196,true,1,8248
7290111938481,false,רוטב סויה בהירה מ.שף,,,רוטב סויה בהירה מ.שף,מיליליטרים,300.00,"100 מ""ל",false,,8.90,0.0297,true,1,8263
7290112000385,false,תרסיס ניקוי וחיטוי ל,,,תרסיס ניקוי וחיטוי ל,מיליליטרים,750.00,"100 מ""ל",false,,11.90,0.0159,true,1,7845
7290112000392,false,תרסיס ניקוי וחיטוי ל,,,תרסיס ניקוי וחיטוי ל,מיליליטרים,750.00,"100 מ""ל",false,,11.90,0.0159,true,1,7846
7290112000408,false,תרסיס ניקוי וחיטוי ר,,,תרסיס ניקוי וחיטוי ר,מיליליטרים,750.00,"100 מ""ל",false,,11.90,0.0159,true,1,7847
7290112000736,false,פיניש הכל ב-1 80 טבל,,,פיניש הכל ב-1 80 טבל,יחידה,0.00,יחידה,false,,59.90,0.0000,true,1,7850
7290112002099,false,קולון ג'ל 2.5 ליטר ב,,,קולון ג'ל 2.5 ליטר ב,ליטרים,2.50,ליטר,false,,24.90,9.9600,true,1,7875
7290112002105,false,קולון ג'ל 2.5 ליטר כ,,,קולון ג'ל 2.5 ליטר כ,ליטרים,2.50,ליטר,false,,24.90,9.9600,true,1,7876
7290112002129,false,קולון ג'ל 2.5 ליטר ב,,,קולון ג'ל 2.5 ליטר ב,ליטרים,2.50,ליטר,false,,24.90,9.9600,true,1,7878
7290112002136,false,קולון ג'ל 4 ליטר רגי,,,קולון ג'ל 4 ליטר רגי,ליטרים,4.00,ליטר,false,,34.90,8.7250,true,1,7879
7290112002143,false,קולון ג'ל 4 ליטר ליל,,,קולון ג'ל 4 ליטר ליל,ליטרים,4.00,ליטר,false,,34.90,8.7250,true,1,7880
7290112002150,false,קולון ג'ל 4 ליטר בני,,,קולון ג'ל 4 ליטר בני,ליטרים,4.00,ליטר,false,,34.90,8.7250,true,1,7881
7290112002167,false,קולון ג'ל 4 ליטר בני,,,קולון ג'ל 4 ליטר בני,ליטרים,4.00,ליטר,false,,34.90,8.7250,true,1,7882
7290112002990,false,סיליט אבקת סודה להסר,,,סיליט אבקת סודה להסר,מיליליטרים,750.00,"100 מ""ל",false,,17.90,0.0239,true,1,7892
7290112003140,false,איירוויק פרשמטיק מיל,,,איירוויק פרשמטיק מיל,מיליליטרים,250.00,"100 מ""ל",false,,14.90,0.0596,true,1,7894
7290112003232,false,אבקת כביסה קולון לבנ,,,אבקת כביסה קולון לבנ,קילוגרמים,5.00,"ק""ג",false,,39.90,7.9800,true,1,7896
7290112004208,false,טבליות למדיח כלים פי,,,טבליות למדיח כלים פי,גרמים,800.00,100 גרם,false,,39.90,0.0499,true,1,21599
7290112004413,false,מסיר כתמים ספריי כבי,,,מסיר כתמים ספריי כבי,מיליליטרים,750.00,"100 מ""ל",false,,16.90,0.0225,true,1,21602
7290112004772,false,מילוי למבשם אוויר אי,,,מילוי למבשם אוויר אי,מיליליטרים,19.00,"100 מ""ל",false,,19.90,1.0474,true,1,21607
7290112005052,false,וניש אבקה לכביסה לבנ,,,וניש אבקה לכביסה לבנ,ליטרים,1500.00,100 ליטר,false,,34.90,0.0233,true,1,21613
7290112005076,false,וניש אבקה לכביסה צבע,,,וניש אבקה לכביסה צבע,גרמים,480.00,100 גרם,false,,16.90,0.0352,true,1,21614
7290112005083,false,וניש אבקה לכביסה צבע,,,וניש אבקה לכביסה צבע,ליטרים,1.50,100 ליטר,false,,34.90,23.2667,true,1,21615
7290112195227,false,אטריות ביצים דקיקות,,,אטריות ביצים דקיקות,גרמים,500.00,100 גרם,false,,13.90,0.0278,true,1,19177
7290112330352,false,דנונה פרו 20 גר וניל,,,דנונה פרו 20 גר וניל,גרמים,200.00,100 גרם,false,,5.90,0.0295,true,1,9217
7290112330390,false,דנונה פרו 20 גר פירו,,,דנונה פרו 20 גר פירו,גרמים,200.00,100 גרם,false,,5.90,0.0295,true,1,9218
7290112332585,false,"פריכיות הטעימות תפו""",,,"פריכיות הטעימות תפו""",גרמים,30.00,100 גרם,false,,4.90,0.1633,true,1,8825
7290112332691,false,פינוקיות עוגיית קרם,,,פינוקיות עוגיית קרם,גרמים,200.00,100 גרם,false,,9.90,0.0495,true,1,8827
7290112335487,false,פריכיות הטעימות קצח,,,פריכיות הטעימות קצח,גרמים,135.00,100 גרם,false,,10.90,0.0807,true,1,8835
7290112335494,false,פריכיות הטעימות פוטט,,,פריכיות הטעימות פוטט,גרמים,135.00,100 גרם,false,,10.90,0.0807,true,1,8836
7290112335500,false,פריכיות הטעימות עשיר,,,פריכיות הטעימות עשיר,גרמים,135.00,100 גרם,false,,10.90,0.0807,true,1,8837
7290112336613,false,עד חצות סנדוויץ' 135,,,עד חצות סנדוויץ' 135,גרמים,135.00,100 גרם,false,,9.90,0.0733,true,1,8846
7290112336637,false,"סוכריות מאסט לל""ס יו",,,"סוכריות מאסט לל""ס יו",גרמים,80.00,100 גרם,false,,6.90,0.0863,true,1,8848
7290112336651,false,סוכריות מאסט ללא סוכ,,,סוכריות מאסט ללא סוכ,גרמים,80.00,100 גרם,false,,6.90,0.0863,true,1,8850
7290112336712,false,דנונה פרו 21 0% שומן,,,דנונה פרו 21 0% שומן,גרמים,200.00,100 גרם,false,,5.90,0.0295,true,1,9229
7290112337474,false,"סוכריות מאסט לל""ס פט",,,"סוכריות מאסט לל""ס פט",גרמים,80.00,100 גרם,false,,6.90,0.0863,true,1,8851
7290112337481,false,"סוכריות מאסט לל""ס קפ",,,"סוכריות מאסט לל""ס קפ",גרמים,80.00,100 גרם,false,,6.90,0.0863,true,1,8852
7290112339362,false,דנונה לייט אנד פריי,,,דנונה לייט אנד פריי,גרמים,150.00,100 גרם,false,,4.50,0.0300,true,1,9236
7290112339867,false,גמדים סקוויז בודד תו,,,גמדים סקוויז בודד תו,גרמים,100.00,100 גרם,false,,5.90,0.0590,true,1,9237
7290112339874,false,גמדים סקוויז בודד תו,,,גמדים סקוויז בודד תו,גרמים,100.00,100 גרם,false,,5.90,0.0590,true,1,9238
7290112340122,false,פריכיות הטעימות 3 דג,,,פריכיות הטעימות 3 דג,גרמים,135.00,100 גרם,false,,10.90,0.0807,true,1,8857
7290112341556,false,אקטיביה עם צ'יה ותות,,,אקטיביה עם צ'יה ותות,גרמים,150.00,100 גרם,false,,4.60,0.0307,true,1,9242
7290112341679,false,דנונה אקטיביה 3% 200,,,דנונה אקטיביה 3% 200,גרמים,200.00,100 גרם,false,,3.90,0.0195,true,1,9243
7290112341686,false,אקטיביה מארז 3% 8*15,,,אקטיביה מארז 3% 8*15,קילוגרמים,1.20,"ק""ג",false,,19.90,16.5833,true,1,9244
7290112342102,false,סימפוניה 5% בצל מקור,,,סימפוניה 5% בצל מקור,גרמים,200.00,100 גרם,false,,10.90,0.0545,true,1,9248
7290112342195,false,תפוצ'יפס מקלות בטעם,,,תפוצ'יפס מקלות בטעם,גרמים,200.00,100 גרם,false,,9.90,0.0495,true,1,9354
7290112342508,false,דוריטוס קול ראנץ' 70,,,דוריטוס קול ראנץ' 70,גרמים,70.00,100 גרם,false,,3.20,0.0457,true,1,9355
7290112343260,false,יטבתה רוטב שמנת קלאס,,,יטבתה רוטב שמנת קלאס,גרמים,260.00,100 גרם,false,,10.90,0.0419,true,1,9251
7290112343420,false,משקה יטבתה פרו 20 אר,,,משקה יטבתה פרו 20 אר,מיליליטרים,350.00,"100 מ""ל",false,,7.50,0.0214,true,1,9252
7290112343499,false,ציטוס Puffs בטעם גבי,,,ציטוס Puffs בטעם גבי,גרמים,55.00,100 גרם,false,,3.10,0.0564,true,1,22314
7290112344724,false,מילקי בטעם שוקולד בל,,,מילקי בטעם שוקולד בל,מיליליטרים,170.00,"100 מ""ל",false,,3.50,0.0206,true,1,9254
7290112344755,false,מילקי עם 26% פחות סו,,,מילקי עם 26% פחות סו,מיליליטרים,135.00,"100 מ""ל",false,,2.80,0.0207,true,1,22199
7290112344786,false,פלטינום קלאסיק עלית,,,פלטינום קלאסיק עלית,גרמים,200.00,100 גרם,false,,24.90,0.1245,true,1,8886
7290112346360,false,בפלות אחת אחת בציפוי,,,בפלות אחת אחת בציפוי,גרמים,180.00,100 גרם,false,,12.90,0.0717,true,1,8896
7290112346773,false,דנונה לייט אנד פריי,,,דנונה לייט אנד פריי,מיליליטרים,150.00,"100 מ""ל",false,,4.50,0.0300,true,1,22207
7290112347473,false,דנונה לייט אנד פריי,,,דנונה לייט אנד פריי,קילוגרמים,1.20,"ק""ג",false,,26.90,22.4167,true,1,9264
7290112348999,false,פריכיות טעימות תירס,,,פריכיות טעימות תירס,גרמים,135.00,100 גרם,false,,10.90,0.0807,true,1,21963
7290112349606,false,דניאלה תות בננה 150,,,דניאלה תות בננה 150,מיליליטרים,150.00,"100 מ""ל",false,,3.90,0.0260,true,1,22215
7290112349705,false,רוטב עגבניות פומודרו,,,רוטב עגבניות פומודרו,גרמים,350.00,100 גרם,false,,10.90,0.0311,true,1,8921
7290112349736,false,רוטב עגבניות בזיליקו,,,רוטב עגבניות בזיליקו,גרמים,350.00,100 גרם,false,,10.90,0.0311,true,1,8922
7290112349750,false,רוטב עגבניות לפיצה 3,,,רוטב עגבניות לפיצה 3,גרמים,350.00,100 גרם,false,,10.90,0.0311,true,1,8924
7290112350312,false,עלית קפסולות  15 למכ,,,עלית קפסולות  15 למכ,גרמים,50.00,100 גרם,false,,15.90,0.3180,true,1,8930
7290112351258,false,פינוקיות עוגיית שחור,,,פינוקיות עוגיית שחור,גרמים,200.00,100 גרם,false,,9.90,0.0495,true,1,8937
7290112351524,false,עלי  סלנובה טעם הטבע,,,עלי  סלנובה טעם הטבע,גרמים,200.00,100 גרם,false,,11.90,0.0595,true,1,9277
7290112353887,false,קפה קר יטבתה בטעם אג,,,קפה קר יטבתה בטעם אג,מיליליטרים,230.00,"100 מ""ל",false,,7.90,0.0343,true,1,9281
7290112354211,false,פיצה מרגריטה שטראוס,,,פיצה מרגריטה שטראוס,גרמים,400.00,100 גרם,false,,25.90,0.0647,true,1,21431
7290112354228,false,פיצה מרגריטה זיתים ש,,,פיצה מרגריטה זיתים ש,גרמים,400.00,100 גרם,false,,25.90,0.0647,true,1,21432
7290112355027,false,דנונה פרו 20 גר' בטע,,,דנונה פרו 20 גר' בטע,גרמים,200.00,100 גרם,false,,5.90,0.0295,true,1,22223
7290112355775,false,סימפוניה עירית 200 ג,,,סימפוניה עירית 200 ג,גרמים,200.00,100 גרם,false,,10.90,0.0545,true,1,22239
7290112356536,false,עלית קקאו 150 גרם +,,,עלית קקאו 150 גרם +,גרמים,150.00,100 גרם,false,,9.90,0.0660,true,1,8949
7290112357045,false,עגבניות איטלקיות מרו,,,עגבניות איטלקיות מרו,גרמים,390.00,100 גרם,false,,6.50,0.0167,true,1,8950
7290112358219,false,יד מורדכי רוטב צ'ילי,,,יד מורדכי רוטב צ'ילי,מיליליטרים,300.00,"100 מ""ל",false,,12.90,0.0430,true,1,8958
7290112358233,false,יד מורדכי רוטב צ'ילי,,,יד מורדכי רוטב צ'ילי,מיליליטרים,300.00,"100 מ""ל",false,,12.90,0.0430,true,1,21993
7290112490032,false,נמס בכוס תירס קנור 2,,,נמס בכוס תירס קנור 2,גרמים,45.00,100 גרם,false,,6.50,0.1444,true,1,3909
7290112490209,false,נמס בכוס מרק עגבניות,,,נמס בכוס מרק עגבניות,גרמים,56.00,100 גרם,false,,6.50,0.1161,true,1,3911
7290112490216,false,נמס בכוס בטעם עוף קר,,,נמס בכוס בטעם עוף קר,יחידה,48.00,יחידה,false,,6.50,0.1354,true,1,3912
7290112490230,false,נמס בכוס אפונה רכיבי,,,נמס בכוס אפונה רכיבי,גרמים,50.00,100 גרם,false,,6.50,0.1300,true,1,3913
7290112490650,false,קונפיטורה 778 תות שד,,,קונפיטורה 778 תות שד,גרמים,340.00,100 גרם,false,,11.90,0.0350,true,1,3914
7290112490674,false,קונפיטורה 778 דובדבן,,,קונפיטורה 778 דובדבן,גרמים,340.00,100 גרם,false,,11.90,0.0350,true,1,3915
7290112491701,false,ברנפלקס אקסטרה פרוטא,,,ברנפלקס אקסטרה פרוטא,גרמים,400.00,100 גרם,false,,19.90,0.0497,true,1,3929
7290112492449,false,פינוק שמפו לשיער רגי,,,פינוק שמפו לשיער רגי,מיליליטרים,700.00,"100 מ""ל",false,,11.90,0.0170,true,1,3936
7290112492456,false,פינוק שמפו שיער יבש,,,פינוק שמפו שיער יבש,מיליליטרים,700.00,"100 מ""ל",false,,11.90,0.0170,true,1,3937
7290112492463,false,פינוק 2ב1 לשיער רגיל,,,פינוק 2ב1 לשיער רגיל,מיליליטרים,700.00,"100 מ""ל",false,,11.90,0.0170,true,1,3938
7290112492500,false,פינוק שמפו שמן קוקוס,,,פינוק שמפו שמן קוקוס,מיליליטרים,700.00,"100 מ""ל",false,,11.90,0.0170,true,1,3940
7290112492531,false,פינוק מרכך לשיער רגי,,,פינוק מרכך לשיער רגי,מיליליטרים,700.00,"100 מ""ל",false,,11.90,0.0170,true,1,3941
7290112492593,false,פינוק תחליב רחצה קלא,,,פינוק תחליב רחצה קלא,מיליליטרים,700.00,"100 מ""ל",false,,9.90,0.0141,true,1,3944
7290112492609,false,פינוק תחליב רחצה לבנ,,,פינוק תחליב רחצה לבנ,מיליליטרים,700.00,"100 מ""ל",false,,9.90,0.0141,true,1,3945
7290112492722,false,פינוק 2 ב 1 ילדים 70,,,פינוק 2 ב 1 ילדים 70,מיליליטרים,700.00,"100 מ""ל",false,,11.90,0.0170,true,1,20010
7290112492982,false,מרק פטריות 100% רכיב,,,מרק פטריות 100% רכיב,יח',400.00,יח',false,,21.90,0.0547,true,1,3956
7290112493927,false,קרמיסימו ריבת חלב 1.,,,קרמיסימו ריבת חלב 1.,ליטרים,1.33,ליטר,false,,17.90,13.4586,true,1,1783
7290112493934,false,קרמיסימו וניל 1.33 ל,,,קרמיסימו וניל 1.33 ל,ליטרים,1.33,ליטר,false,,17.90,13.4586,true,1,1784
7290112494313,false,קליק קורנפלקס 65 גרם,,,קליק קורנפלקס 65 גרם,גרמים,65.00,100 גרם,false,,4.90,0.0754,true,1,3973
7290112494344,false,קורנפלקס של אלופים ת,,,קורנפלקס של אלופים ת,גרמים,850.00,100 גרם,false,,16.90,0.0199,true,1,3974
7290112494351,false,קורנפלקס של אלופים ת,,,קורנפלקס של אלופים ת,גרמים,850.00,100 גרם,false,,16.90,0.0199,true,1,3975
7290112494801,false,ג'ל לכביסה לבנה וצבע,,,ג'ל לכביסה לבנה וצבע,ליטרים,2.50,ליטר,false,,27.90,11.1600,true,1,3985
7290112494993,false,"כריות וניל תלמה בד""ץ",,,"כריות וניל תלמה בד""ץ",גרמים,686.00,100 גרם,false,,23.90,0.0348,true,1,3987
7290112495020,false,כריות צוקולדה תלמה ב,,,כריות צוקולדה תלמה ב,גרמים,686.00,100 גרם,false,,23.90,0.0348,true,1,3990
7290112495037,false,קוקומן כדורים תלמה ב,,,קוקומן כדורים תלמה ב,גרמים,375.00,100 גרם,false,,19.90,0.0531,true,1,3991
7290112495044,false,קוקומן פצפוצים תלמה,,,קוקומן פצפוצים תלמה,גרמים,375.00,100 גרם,false,,19.90,0.0531,true,1,3992
7290112495105,false,נשנושים שמנת בצל 260,,,נשנושים שמנת בצל 260,גרמים,260.00,100 גרם,false,,11.90,0.0458,true,1,3993
7290112495112,false,נשנושים זעתר 260 גרם,,,נשנושים זעתר 260 גרם,גרמים,260.00,100 גרם,false,,11.90,0.0458,true,1,3994
7290112495143,false,נשנושים קוקטייל מלוח,,,נשנושים קוקטייל מלוח,גרמים,300.00,100 גרם,false,,11.90,0.0397,true,1,3995
7290112495150,false,נשנושים עגול מלוח 30,,,נשנושים עגול מלוח 30,גרמים,300.00,100 גרם,false,,11.90,0.0397,true,1,3996
7290112495167,false,נשנושים משולש שומשום,,,נשנושים משולש שומשום,גרמים,300.00,100 גרם,false,,11.90,0.0397,true,1,3997
7290112495174,false,נשנושים קוקטייל שומש,,,נשנושים קוקטייל שומש,גרמים,300.00,100 גרם,false,,11.90,0.0397,true,1,3998
7290112495228,false,קורנפלקס דבש תלמה תל,,,קורנפלקס דבש תלמה תל,גרמים,448.00,100 גרם,false,,17.90,0.0400,true,1,3999
7290112495280,false,ריבועי ברנפלקס קינמו,,,ריבועי ברנפלקס קינמו,גרמים,400.00,100 גרם,false,,19.90,0.0497,true,1,4002
7290112495433,false,"דליפקאן תלמה בד""ץ 40",,,"דליפקאן תלמה בד""ץ 40",גרמים,400.00,100 גרם,false,,20.90,0.0522,true,1,4003
7290112495754,false,רוטב אלף האיים הלמנס,,,רוטב אלף האיים הלמנס,גרמים,305.00,100 גרם,false,,9.90,0.0325,true,1,4009
7290112495785,false,רוטב שום הלמנס 300 ג,,,רוטב שום הלמנס 300 ג,גרמים,300.00,100 גרם,false,,9.90,0.0330,true,1,4011
7290112495822,false,"כריות בלאק תלמה בד""ץ",,,"כריות בלאק תלמה בד""ץ",גרמים,686.00,100 גרם,false,,23.90,0.0348,true,1,4014
7290112497000,false,סיף פנטסטיק ניקוי כל,,,סיף פנטסטיק ניקוי כל,יחידה,0.00,יחידה,false,,12.90,0.0000,true,1,4022
7290112498007,false,גרנולה PROTEIN בתוספ,,,גרנולה PROTEIN בתוספ,גרמים,300.00,100 גרם,false,,15.90,0.0530,true,1,20028
7290112498267,false,אל סבון לידיים בניחו,,,אל סבון לידיים בניחו,מיליליטרים,950.00,"100 מ""ל",false,,11.90,0.0125,true,1,20035
7290112498274,false,אל סבון לידיים בניחו,,,אל סבון לידיים בניחו,מיליליטרים,950.00,"100 מ""ל",false,,11.90,0.0125,true,1,20036
7290112498441,false,טעמים מהמזרח רוטב רו,,,טעמים מהמזרח רוטב רו,גרמים,370.00,100 גרם,false,,9.90,0.0268,true,1,48978
7290112498922,false,מאגדת מיני מגנום לבן,,,מאגדת מיני מגנום לבן,גרמים,310.00,100 גרם,false,,24.90,0.0803,true,1,19229
7290112499196,false,קרמיסימו בטעם החלב ש,,,קרמיסימו בטעם החלב ש,ליטרים,1.33,ליטר,false,,17.90,13.4586,true,1,19241
7290112499219,false,מאגדת גלידה בטעמי פי,,,מאגדת גלידה בטעמי פי,100 יח',5.00,100 יח',false,,22.90,4.5800,true,1,19242
7290112499462,false,תחליב רחצה בתוספת שמ,,,תחליב רחצה בתוספת שמ,מיליליטרים,700.00,"100 מ""ל",false,,9.90,0.0141,true,1,20046
7290112499844,false,מגנום מיני דואט מאגד,,,מגנום מיני דואט מאגד,גרמים,310.00,100 גרם,false,,24.90,0.0803,true,1,1801
7290112499943,false,מגנום מאגדת מיני שוק,,,מגנום מאגדת מיני שוק,גרמים,250.00,100 גרם,false,,24.90,0.0996,true,1,1807
7290112961440,false,פיטנס בר פריכיות שוק,,,פיטנס בר פריכיות שוק,גרמים,84.00,100 גרם,false,,11.90,0.1417,true,1,21286
7290112961464,false,חטיפי פריכיות דקות מ,,,חטיפי פריכיות דקות מ,גרמים,60.00,100 גרם,false,,8.90,0.1483,true,1,7058
7290112963918,false,פיטנס חטיפי קרקר דק,,,פיטנס חטיפי קרקר דק,גרמים,140.00,100 גרם,false,,11.90,0.0850,true,1,7069
7290112964410,false,אסם רוטב אלף האיים ל,,,אסם רוטב אלף האיים ל,מיליליטרים,290.00,"100 מ""ל",false,,8.90,0.0307,true,1,7080
7290112964472,false,אסם רוטב שום לסלט 29,,,אסם רוטב שום לסלט 29,מיליליטרים,295.00,"100 מ""ל",false,,8.90,0.0302,true,1,7083
7290112964564,false,אסם רוטב אלף האיים ל,,,אסם רוטב אלף האיים ל,מיליליטרים,295.00,"100 מ""ל",false,,8.90,0.0302,true,1,7086
7290112964724,false,טבעול המבורגר טבעוני,,,טבעול המבורגר טבעוני,גרמים,580.00,100 גרם,false,,31.90,0.0550,true,1,7467
7290112965660,false,פיטנס חטיף מולטיגריי,,,פיטנס חטיף מולטיגריי,גרמים,25.00,100 גרם,false,,4.90,0.1960,true,1,21055
7290112965783,false,ביסלי פריסטייל על הא,,,ביסלי פריסטייל על הא,גרמים,60.00,100 גרם,false,,4.20,0.0700,true,1,21059
7290112965905,false,אסם בייגלה שמיניות ב,,,אסם בייגלה שמיניות ב,גרמים,400.00,100 גרם,false,,9.90,0.0248,true,1,7109
7290112966094,false,עוגת הבית תפוז מופחת,,,עוגת הבית תפוז מופחת,גרמים,400.00,100 גרם,false,,10.90,0.0273,true,1,7112
7290112967138,false,אסם בייגלה שמיניות ל,,,אסם בייגלה שמיניות ל,גרמים,250.00,100 גרם,false,,9.90,0.0396,true,1,7125
7290112967220,false,ביסלי ברביקיו מארז 1,,,ביסלי ברביקיו מארז 1,גרמים,200.00,100 גרם,false,,13.90,0.0695,true,1,7127
7290112967244,false,ביסלי גריל מארז 10*,,,ביסלי גריל מארז 10*,גרמים,200.00,100 גרם,false,,13.90,0.0695,true,1,7128
7290112968340,false,חומוס גרוס גס גס צבר,,,חומוס גרוס גס גס צבר,גרמים,400.00,100 גרם,false,,13.90,0.0348,true,1,7476
7290112968401,false,חומוס רך ועדין צבר 4,,,חומוס רך ועדין צבר 4,גרמים,400.00,100 גרם,false,,13.90,0.0348,true,1,7478
7290112968708,false,שניצל  תירס עדה חרדי,,,שניצל  תירס עדה חרדי,קילוגרמים,1.30,"ק""ג",false,,40.90,31.4615,true,1,7483
7290112968807,false,פיטנס קרקר דק סלק 14,,,פיטנס קרקר דק סלק 14,גרמים,140.00,100 גרם,false,,11.90,0.0850,true,1,21067
7290112968821,false,פיטנס קרקר דק בטטה 1,,,פיטנס קרקר דק בטטה 1,גרמים,140.00,100 גרם,false,,11.90,0.0850,true,1,21068
7290112969248,false,אוסם בישולים רוטב סי,,,אוסם בישולים רוטב סי,גרמים,335.00,100 גרם,false,,15.90,0.0475,true,1,21071
7290113190771,false,חלבה מסולסלת בטעם שו,,,חלבה מסולסלת בטעם שו,גרמים,300.00,100 גרם,false,,13.90,0.0463,true,1,18541
7290113192201,false,תערובת להכנת סחלב 50,,,תערובת להכנת סחלב 50,גרמים,500.00,100 גרם,false,,14.90,0.0298,true,1,28605
7290113192300,false,זיתים חרוזית מושחר ב,,,זיתים חרוזית מושחר ב,גרמים,275.00,100 גרם,false,,9.90,0.0360,true,1,7153
7290113192324,false,זית ירוק בית השיטה 3,,,זית ירוק בית השיטה 3,גרמים,340.00,100 גרם,false,,10.90,0.0321,true,1,7155
7290113192331,false,זיתים ירוק גדול בית,,,זיתים ירוק גדול בית,גרמים,340.00,100 גרם,false,,9.70,0.0285,true,1,7156
7290113192348,false,זית ירוק שום 17-19בי,,,זית ירוק שום 17-19בי,גרמים,560.00,100 גרם,false,,9.70,0.0173,true,1,7157
7290113192355,false,זיתים חרוזית ירוק בי,,,זיתים חרוזית ירוק בי,גרמים,275.00,100 גרם,false,,9.90,0.0360,true,1,7158
7290113192362,false,טבעות זיתים ירוקים ב,,,טבעות זיתים ירוקים ב,גרמים,280.00,100 גרם,false,,10.90,0.0389,true,1,7159
7290113192379,false,זיתים ירוקים מבוקעים,,,זיתים ירוקים מבוקעים,גרמים,340.00,100 גרם,false,,10.90,0.0321,true,1,7160
7290113192386,false,זית סורי מבוקע בית ה,,,זית סורי מבוקע בית ה,גרמים,340.00,100 גרם,false,,9.90,0.0291,true,1,7161
7290113192393,false,קוקטייל זיתים בית הש,,,קוקטייל זיתים בית הש,גרמים,336.00,100 גרם,false,,10.90,0.0324,true,1,7162
7290113192478,false,מלפפון במלח 10-12 בי,,,מלפפון במלח 10-12 בי,גרמים,320.00,100 גרם,false,,7.50,0.0234,true,1,7167
7290113192508,false,מלפפון במלח 13-17 בי,,,מלפפון במלח 13-17 בי,גרמים,320.00,100 גרם,false,,10.90,0.0341,true,1,7170
7290113192522,false,מלפפון בחומץ 18-25 ב,,,מלפפון בחומץ 18-25 ב,גרמים,290.00,100 גרם,false,,11.90,0.0410,true,1,7172
7290113192539,false,מלפפון במלח 7-9 בית,,,מלפפון במלח 7-9 בית,גרמים,560.00,100 גרם,false,,6.50,0.0116,true,1,7173
7290113192553,false,מלפפון במלח בלדי 13-,,,מלפפון במלח בלדי 13-,גרמים,320.00,100 גרם,false,,10.90,0.0341,true,1,7175
7290113192560,false,פלפל שיפקה בית השיטה,,,פלפל שיפקה בית השיטה,גרמים,230.00,100 גרם,false,,7.50,0.0326,true,1,7176
7290113192577,false,כרוב כבוש בית השיטה,,,כרוב כבוש בית השיטה,יחידה,430.00,יחידה,false,,7.50,0.0174,true,1,7177
7290113193000,false,פלפל שיפקונית בית הש,,,פלפל שיפקונית בית הש,גרמים,230.00,100 גרם,false,,10.90,0.0474,true,1,7179
7290113193017,false,בית השיטה קוקטייל זי,,,בית השיטה קוקטייל זי,גרמים,275.00,100 גרם,false,,11.90,0.0433,true,1,7180
7290113193031,false,חרוזית קלמטה בית השי,,,חרוזית קלמטה בית השי,גרמים,275.00,100 גרם,false,,11.90,0.0433,true,1,7181
7290113193406,false,טבעות קוקטיל זיתים ב,,,טבעות קוקטיל זיתים ב,גרמים,560.00,100 גרם,false,,10.90,0.0195,true,1,7182
7290113196414,false,אורז בסמטי שקדיה 1 ק,,,אורז בסמטי שקדיה 1 ק,קילוגרמים,1.00,"ק""ג",false,,9.80,9.8000,true,1,28622
7290113199934,false,סוכריות חמצוצים בטעם,,,סוכריות חמצוצים בטעם,גרמים,180.00,100 גרם,false,,9.90,0.0550,true,1,28655
7290113289192,false,צלחות מתכלות יהלום ק,,,צלחות מתכלות יהלום ק,יחידה,0.00,יחידה,false,,9.90,0.0000,true,1,27146
7290113289215,false,צלחות מתכלות יהלום ע,,,צלחות מתכלות יהלום ע,יחידה,0.00,יחידה,false,,19.90,0.0000,true,1,27148
7290113289239,false,קערות אובליות מתכלות,,,קערות אובליות מתכלות,יחידה,0.00,יחידה,false,,9.90,0.0000,true,1,27150
7290113289338,false,צלחות דקל מרובעות ענ,,,צלחות דקל מרובעות ענ,יחידה,0.00,יחידה,false,,17.90,0.0000,true,1,27152
7290113289505,false,רדיד אלומיניום כוכבי,,,רדיד אלומיניום כוכבי,יחידה,0.00,יחידה,false,,32.90,0.0000,true,1,27158
7290113289543,false,כוסות שקופות 150 יחי,,,כוסות שקופות 150 יחי,יחידה,0.00,יחידה,false,,14.90,0.0000,true,1,27160
7290113469952,false,גבינה צהובה גאודה 28,,,גבינה צהובה גאודה 28,גרמים,300.00,100 גרם,false,,14.90,0.0497,true,1,26365
7290114310215,false,שמנת מתוקה 38% בקבוק,,,שמנת מתוקה 38% בקבוק,מיליליטרים,250.00,"100 מ""ל",false,,6.40,0.0256,true,1,19495
7290114310239,false,חלב נטול לקטוז  1.5,,,חלב נטול לקטוז  1.5,ליטרים,1.50,ליטר,false,,11.50,7.6667,true,1,2584
7290114310536,false,מולר אקטיב לייט יוגו,,,מולר אקטיב לייט יוגו,גרמים,25.00,100 גרם,false,,5.90,0.2360,true,1,19508
7290114310550,false,פטה עיזים מעודנת 5%,,,פטה עיזים מעודנת 5%,גרמים,200.00,100 גרם,false,,23.90,0.1195,true,1,19510
7290114310567,false,לאבנה עיזים 5% משק צ,,,לאבנה עיזים 5% משק צ,גרמים,200.00,100 גרם,false,,14.90,0.0745,true,1,19511
7290114310574,false,גבינת קרם שמנת עיזים,,,גבינת קרם שמנת עיזים,גרמים,200.00,100 גרם,false,,13.90,0.0695,true,1,19512
7290114310628,false,משקה חלב וניל עוגיות,,,משקה חלב וניל עוגיות,ליטרים,1.00,ליטר,false,,11.00,11.0000,true,1,19517
7290114310901,false,גבינה לבנה טרה 5% וו,,,גבינה לבנה טרה 5% וו,גרמים,250.00,100 גרם,false,,4.95,0.0198,true,1,19531
7290114310963,false,יוגורט עיזים בדלי 3.,,,יוגורט עיזים בדלי 3.,גרמים,500.00,100 גרם,false,,14.90,0.0298,true,1,19537
7290114311014,false,משקה חלב אייס קפוצ'י,,,משקה חלב אייס קפוצ'י,מיליליטרים,250.00,"100 מ""ל",false,,5.30,0.0212,true,1,19541
7290114311021,false,משקה חלב וניל עוגיות,,,משקה חלב וניל עוגיות,מיליליטרים,250.00,"100 מ""ל",false,,5.30,0.0212,true,1,19542
7290114311038,false,שמנת מתוקה 32% בקבוק,,,שמנת מתוקה 32% בקבוק,מיליליטרים,250.00,"100 מ""ל",false,,6.90,0.0276,true,1,19543
7290114311069,false,יוגורט בטעם טבעי 25,,,יוגורט בטעם טבעי 25,גרמים,200.00,100 גרם,false,,5.50,0.0275,true,1,19546
7290114311298,false,מולר פרופ תות בננה מ,,,מולר פרופ תות בננה מ,גרמים,150.00,100 גרם,false,,4.80,0.0320,true,1,19564
7290114311304,false,מולר פרופ מנגו פסיפל,,,מולר פרופ מנגו פסיפל,גרמים,150.00,100 גרם,false,,4.80,0.0320,true,1,19565
7290114311328,false,חלב נטול לקטוז טרה 1,,,חלב נטול לקטוז טרה 1,ליטרים,1.00,ליטר,false,,7.10,7.1000,true,1,19566
7290114311359,false,מולר פרופ מנגו 3% 15,,,מולר פרופ מנגו 3% 15,גרמים,150.00,100 גרם,false,,4.80,0.0320,true,1,19567
7290114311458,false,קרטון חלב מועשר ויטמ,,,קרטון חלב מועשר ויטמ,ליטרים,1.00,ליטר,false,,9.90,9.9000,true,1,45995
7290114600927,false,עלי טורטיה חיטה מלאה,,,עלי טורטיה חיטה מלאה,גרמים,320.00,100 גרם,false,,9.90,0.0309,true,1,21729
7290114600941,false,מאסטר שף מאסטר שף  מ,,,מאסטר שף מאסטר שף  מ,גרמים,435.00,100 גרם,false,,12.90,0.0297,true,1,8281
7290114600996,false,מאסטר שף רוטב שום 25,,,מאסטר שף רוטב שום 25,מיליליטרים,250.00,"100 מ""ל",false,,9.90,0.0396,true,1,8283
7290114603591,false,פוף PLAY בטעם קטשופ,,,פוף PLAY בטעם קטשופ,גרמים,40.00,100 גרם,false,,3.90,0.0975,true,1,8289
7290114604901,false,מאסטר שף ממרח שום לח,,,מאסטר שף ממרח שום לח,גרמים,242.00,100 גרם,false,,12.90,0.0533,true,1,21752
7290114604932,false,מאסטר שף רוטב ברביקי,,,מאסטר שף רוטב ברביקי,מיליליטרים,520.00,"100 מ""ל",false,,12.90,0.0248,true,1,21753
7290114606547,false,מאסטר שף מיונז עם כמ,,,מאסטר שף מיונז עם כמ,גרמים,242.00,100 גרם,false,,12.90,0.0533,true,1,21760
7290115190014,false,סיגריות מרלבורו  חפי,,,סיגריות מרלבורו  חפי,יחידה,0.00,יחידה,false,,35.00,0.0000,false,1,10753
7290115190090,false,סיגריות מרלבורו  חפי,,,סיגריות מרלבורו  חפי,יחידה,0.00,יחידה,false,,35.00,0.0000,false,1,10759
7290115190113,false,סיגריות מרלבורו  חפי,,,סיגריות מרלבורו  חפי,יחידה,0.00,יחידה,false,,32.50,0.0000,false,1,10761
7290115190151,false,מרלבורו גולד טאצ בוד,,,מרלבורו גולד טאצ בוד,יחידה,0.00,יחידה,false,,31.00,0.0000,false,1,10765
7290115190199,false,סיגריות פרלמנט (חפיס,,,סיגריות פרלמנט (חפיס,יחידה,0.00,יחידה,false,,40.00,0.0000,false,1,22782
7290115190212,false,סיגריות פרלמנט (חפיס,,,סיגריות פרלמנט (חפיס,יחידה,0.00,יחידה,false,,40.00,0.0000,false,1,10769
7290115190250,false,סיגריות פרלמנט (חפיס,,,סיגריות פרלמנט (חפיס,יחידה,0.00,יחידה,false,,40.00,0.0000,false,1,10773
7290115190359,false,אל אם בלו לייבל קצר,,,אל אם בלו לייבל קצר,יחידה,0.00,יחידה,false,,31.00,0.0000,false,1,10777
7290115190458,false,נקסט אדג` בודד,,,נקסט אדג` בודד,יחידה,0.00,יחידה,false,,26.00,0.0000,false,1,22786
7290115190533,false,סיגריות נקסט (בודד),,,סיגריות נקסט (בודד),יחידה,0.00,יחידה,false,,28.00,0.0000,false,1,22792
7290115190557,false,סיגריות נקסט(בודד) ר,,,סיגריות נקסט(בודד) ר,יחידה,0.00,יחידה,false,,28.00,0.0000,false,1,10789
7290115200003,false,פתי בר פינוקי וניל 2,,,פתי בר פינוקי וניל 2,גרמים,220.00,100 גרם,false,,9.90,0.0450,true,1,21296
7290115200027,false,פתי בר פינוקי שוקו 2,,,פתי בר פינוקי שוקו 2,גרמים,220.00,100 גרם,false,,9.90,0.0450,true,1,21297
7290115200713,false,מארז במבה קלאסי אסם,,,מארז במבה קלאסי אסם,גרמים,250.00,100 גרם,false,,11.90,0.0476,true,1,21088
7290115201475,false,טבעול גורמה לביבות כ,,,טבעול גורמה לביבות כ,גרמים,434.00,100 גרם,false,,34.90,0.0804,true,1,21305
7290115201680,false,ביסלי ברביקיו 70 גרם,,,ביסלי ברביקיו 70 גרם,גרמים,70.00,100 גרם,false,,3.90,0.0557,true,1,21098
7290115201741,false,ביסלי בצל  70 גרם,,,ביסלי בצל  70 גרם,גרמים,70.00,100 גרם,false,,3.90,0.0557,true,1,21099
7290115202816,false,מנה חמה פאוצ' נדלסאט,,,מנה חמה פאוצ' נדלסאט,גרמים,70.00,100 גרם,false,,3.90,0.0557,true,1,21111
7290115202847,false,מנה חמה פאוצ' נדלסאט,,,מנה חמה פאוצ' נדלסאט,גרמים,70.00,100 גרם,false,,3.90,0.0557,true,1,21112
7290115203134,false,פופקו פופקורן במבה 4,,,פופקו פופקורן במבה 4,גרמים,80.00,100 גרם,false,,4.50,0.0563,true,1,21117
7290115204056,false,אסם קטשופ מופחת סוכר,,,אסם קטשופ מופחת סוכר,גרמים,690.00,100 גרם,false,,9.90,0.0143,true,1,21131
7290115205176,false,פיטנס קרקר THIN כפרי,,,פיטנס קרקר THIN כפרי,גרמים,140.00,100 גרם,false,,11.90,0.0850,true,1,21141
7290115205312,false,פיטנס קרקר Thin Deli,,,פיטנס קרקר Thin Deli,גרמים,140.00,100 גרם,false,,11.90,0.0850,true,1,21142
7290115205695,false,בצק מצונן לפיצה בונז,,,בצק מצונן לפיצה בונז,גרמים,460.00,100 גרם,false,,17.90,0.0389,true,1,21325
7290115205978,false,פתי בר אצבעות שוקולד,,,פתי בר אצבעות שוקולד,גרמים,180.00,100 גרם,false,,9.90,0.0550,true,1,21327
7290115206173,false,פתי בר קרמל אסם 500,,,פתי בר קרמל אסם 500,גרמים,500.00,100 גרם,false,,9.90,0.0198,true,1,21150
7290115207484,false,חציל על האש היתר צבר,,,חציל על האש היתר צבר,גרמים,400.00,100 גרם,false,,14.90,0.0373,true,1,21330
7290115207507,false,צבר סלט טורקי 360 גר,,,צבר סלט טורקי 360 גר,גרמים,360.00,100 גרם,false,,14.90,0.0414,true,1,21331
7290115207620,false,אסם רוטב בסגנון סויה,,,אסם רוטב בסגנון סויה,מיליליטרים,320.00,"100 מ""ל",false,,12.90,0.0403,true,1,21166
7290115207682,false,אסם רוטב בסגנון סויה,,,אסם רוטב בסגנון סויה,מיליליטרים,330.00,"100 מ""ל",false,,8.90,0.0270,true,1,21168
7290115207965,false,ויטמינצ'יק מנגו 1 לי,,,ויטמינצ'יק מנגו 1 לי,ליטרים,1.00,ליטר,false,,21.90,21.9000,true,1,21171
7290115208009,false,ויטמינצ'יק ענבים 1 ל,,,ויטמינצ'יק ענבים 1 ל,ליטרים,1.00,ליטר,false,,21.90,21.9000,true,1,21173
7290115208047,false,ויטמינצ'יק פטל 1 ליט,,,ויטמינצ'יק פטל 1 ליט,ליטרים,1.00,ליטר,false,,21.90,21.9000,true,1,21174
7290115208061,false,ויטמינצ'יק תפוח 1 לי,,,ויטמינצ'יק תפוח 1 לי,ליטרים,1.00,ליטר,false,,21.90,21.9000,true,1,21175
7290115208344,false,אסם בייגלה כפיות שמנ,,,אסם בייגלה כפיות שמנ,גרמים,300.00,100 גרם,false,,10.90,0.0363,true,1,21176
7290115208801,false,לחמית דבש ואגוזים 19,,,לחמית דבש ואגוזים 19,גרמים,190.00,100 גרם,false,,9.90,0.0521,true,1,21177
7290115209136,false,חטיפים צמחוניים בטעם,,,חטיפים צמחוניים בטעם,קילוגרמים,1.20,"100 ק""ג",false,,39.90,33.2500,true,1,21334
7290115209174,false,במבה אורירית 60 גרם,,,במבה אורירית 60 גרם,גרמים,80.00,100 גרם,false,,3.90,0.0487,true,1,21178
7290115209198,false,במבה אורירית 80 גרם,,,במבה אורירית 80 גרם,גרמים,80.00,100 גרם,false,,3.90,0.0487,true,1,21179
7290115400274,false,מיני דובשניות בתוספת,,,מיני דובשניות בתוספת,גרמים,400.00,100 גרם,false,,9.90,0.0248,true,1,7586
7290115403282,false,עוגיות פיצפוצי שוקו,,,עוגיות פיצפוצי שוקו,גרמים,500.00,100 גרם,false,,15.90,0.0318,true,1,21363
7290115403299,false,עוגיות פרפריות אדל 4,,,עוגיות פרפריות אדל 4,גרמים,450.00,100 גרם,false,,15.90,0.0353,true,1,21364
7290115403312,false,עוגיות מלוחות קריספי,,,עוגיות מלוחות קריספי,גרמים,450.00,100 גרם,false,,15.90,0.0353,true,1,21366
7290115403343,false,עוגיות פסים עלים מסו,,,עוגיות פסים עלים מסו,גרמים,450.00,100 גרם,false,,15.90,0.0353,true,1,21368
7290115403350,false,עוגיות רשת שוקו מסוכ,,,עוגיות רשת שוקו מסוכ,גרמים,450.00,100 גרם,false,,15.90,0.0353,true,1,21369
7290115403411,false,עוגיות עינוגים בטעם,,,עוגיות עינוגים בטעם,גרמים,500.00,100 גרם,false,,15.90,0.0318,true,1,21375
7290115403435,false,עוגיות מעמול תמר אדל,,,עוגיות מעמול תמר אדל,גרמים,500.00,100 גרם,false,,15.90,0.0318,true,1,21377
7290115403442,false,עוגיות ממולאות בטעם,,,עוגיות ממולאות בטעם,גרמים,500.00,100 גרם,false,,15.90,0.0318,true,1,21378
7290115403459,false,עוגיות נסיכה בטעם תו,,,עוגיות נסיכה בטעם תו,גרמים,500.00,100 גרם,false,,15.90,0.0318,true,1,21379
7290115403503,false,עוגיות פרסה תמרים אד,,,עוגיות פרסה תמרים אד,גרמים,500.00,100 גרם,false,,15.90,0.0318,true,1,21384
7290115403510,false,עוגיות מגולגלות תמרי,,,עוגיות מגולגלות תמרי,גרמים,500.00,100 גרם,false,,15.90,0.0318,true,1,21385
7290115403527,false,עוגיות עינוגי תמרים,,,עוגיות עינוגי תמרים,גרמים,500.00,100 גרם,false,,15.90,0.0318,true,1,21386
7290115403565,false,עוגיות קיפל וניל אדל,,,עוגיות קיפל וניל אדל,גרמים,500.00,100 גרם,false,,15.90,0.0318,true,1,21390
7290115410075,false,טחינה 400 גרם סלטי ה,,,טחינה 400 גרם סלטי ה,גרמים,400.00,100 גרם,false,,10.90,0.0273,true,1,28469
7290115410082,false,טורקי 400 גרם סלטי ה,,,טורקי 400 גרם סלטי ה,גרמים,400.00,100 גרם,false,,10.90,0.0273,true,1,28470
7290115410099,false,מטבוחה 400 גרם סלטי,,,מטבוחה 400 גרם סלטי,גרמים,400.00,100 גרם,false,,10.90,0.0273,true,1,28471
7290115410549,false,חומוס מסעדות המעדניה,,,חומוס מסעדות המעדניה,גרמים,250.00,100 גרם,false,,10.90,0.0436,true,1,28474
7290115410563,false,חומוס מסבחה חריף 250,,,חומוס מסבחה חריף 250,גרמים,250.00,100 גרם,false,,10.90,0.0436,true,1,28476
7290115410587,false,טחינה לבנה 250 גרם -,,,טחינה לבנה 250 גרם -,גרמים,250.00,100 גרם,false,,10.90,0.0436,true,1,28478
7290115410600,false,חציל במיונז 250 גרם-,,,חציל במיונז 250 גרם-,גרמים,250.00,100 גרם,false,,10.90,0.0436,true,1,28480
7290115410655,false,מטבוחה 250 גרם המעדנ,,,מטבוחה 250 גרם המעדנ,גרמים,250.00,100 גרם,false,,10.90,0.0436,true,1,28485
7290115411928,false,"תפו""א 400 גרם סלטי ה",,,"תפו""א 400 גרם סלטי ה",גרמים,400.00,100 גרם,false,,10.90,0.0273,true,1,28486
7290115670677,false,אנרג'י גרנולה שיבולת,,,אנרג'י גרנולה שיבולת,גרמים,400.00,100 גרם,false,,13.90,0.0348,true,1,22016
7290115670707,false,אנרג'י גרנולה שיבולת,,,אנרג'י גרנולה שיבולת,גרמים,400.00,100 גרם,false,,13.90,0.0348,true,1,22019
7290115671223,false,מסטיק קוביות ללא סוכ,,,מסטיק קוביות ללא סוכ,גרמים,58.00,100 גרם,false,,9.90,0.1707,true,1,22034
7290115671346,false,מיני פינוקיות במילוי,,,מיני פינוקיות במילוי,גרמים,180.00,100 גרם,false,,9.90,0.0550,true,1,22038
7290115671353,false,מיני פינוקיות שחור ל,,,מיני פינוקיות שחור ל,גרמים,180.00,100 גרם,false,,9.90,0.0550,true,1,22039
7290115675559,false,מארז קפה טורקי לדרך,,,מארז קפה טורקי לדרך,גרמים,70.00,100 גרם,false,,7.90,0.1129,true,1,22062
7290115675702,false,דגני בוקר קוואקר שיב,,,דגני בוקר קוואקר שיב,גרמים,375.00,100 גרם,false,,19.90,0.0531,true,1,22326
7290115675986,false,דנונה קראנצ' אגוזים,,,דנונה קראנצ' אגוזים,גרמים,173.00,100 גרם,false,,4.30,0.0249,true,1,22258
7290115676037,false,דנונה ריפרש יוגורט ע,,,דנונה ריפרש יוגורט ע,גרמים,250.00,100 גרם,false,,5.50,0.0220,true,1,22261
7290115676051,false,משקה אקטיביה עם שיבו,,,משקה אקטיביה עם שיבו,גרמים,265.00,100 גרם,false,,4.90,0.0185,true,1,22263
7290115676082,false,משקה יוגורט עם חלבון,,,משקה יוגורט עם חלבון,גרמים,255.00,100 גרם,false,,6.90,0.0271,true,1,22264
7290115676099,false,משקה יוגורט עם חלבון,,,משקה יוגורט עם חלבון,גרמים,265.00,100 גרם,false,,6.90,0.0260,true,1,22265
7290115677423,false,אורז קארי ירוק חריף,,,אורז קארי ירוק חריף,גרמים,350.00,100 גרם,false,,21.90,0.0626,true,1,21441
7290115677959,false,גוואקמולי אחלה 220 ג,,,גוואקמולי אחלה 220 ג,גרמים,220.00,100 גרם,false,,15.90,0.0723,true,1,22277
7290115677966,false,ממרח אבוקדו אחלה 200,,,ממרח אבוקדו אחלה 200,גרמים,200.00,100 גרם,false,,14.90,0.0745,true,1,22278
7290115678222,false,מארז שמינייה יוגורט,,,מארז שמינייה יוגורט,גרמים,130.00,100 גרם,false,,24.90,0.1915,true,1,22288
7290115678376,false,מעדן הגולן מעדן חלב,,,מעדן הגולן מעדן חלב,גרמים,125.00,100 גרם,false,,2.90,0.0232,true,1,22294
7290115678383,false,מעדן הגולן מעדן חלב,,,מעדן הגולן מעדן חלב,גרמים,125.00,100 גרם,false,,2.90,0.0232,true,1,22295
7290115678598,false,חסה אייסברג חיתוך גס,,,חסה אייסברג חיתוך גס,גרמים,300.00,100 גרם,false,,9.90,0.0330,true,1,22301
7290116243986,false,אצבעות שוקולד ממולא,,,אצבעות שוקולד ממולא,גרמים,50.00,100 גרם,false,,2.90,0.0580,true,1,23506
7290116244037,false,אצבעות שוקולד חלב חד,,,אצבעות שוקולד חלב חד,גרמים,84.00,100 גרם,false,,7.90,0.0940,true,1,23510
7290116270715,false,פילה ברבוניה ארוז בו,,,פילה ברבוניה ארוז בו,יחידה,0.00,יחידה,false,,24.90,0.0000,true,1,26672
7290116530482,false,מארז קורנפלקס של אלו,,,מארז קורנפלקס של אלו,גרמים,150.00,100 גרם,false,,12.90,0.0860,true,1,20058
7290116530871,false,חטיף נשנושים מיקס+בי,,,חטיף נשנושים מיקס+בי,גרמים,240.00,100 גרם,false,,11.90,0.0496,true,1,20059
7290116531083,false,דגני בוקר ברנפלקס לל,,,דגני בוקר ברנפלקס לל,גרמים,500.00,100 גרם,false,,19.90,0.0398,true,1,20067
7290116532479,false,קליק גלידת שמנת בטעם,,,קליק גלידת שמנת בטעם,מיליליטרים,520.00,"100 מ""ל",false,,19.90,0.0383,true,1,19246
7290116532769,false,גרנולה פרוטאין בתוספ,,,גרנולה פרוטאין בתוספ,גרמים,300.00,100 גרם,false,,15.90,0.0530,true,1,20111
7290116930015,false,חטיף חלבון בטעם קרמל,,,חטיף חלבון בטעם קרמל,גרמים,60.00,100 גרם,false,,11.90,0.1983,true,1,22957
7290116930282,false,לאבנה 9% שומן עם קרק,,,לאבנה 9% שומן עם קרק,גרמים,150.00,100 גרם,false,,7.90,0.0527,true,1,22650
7290116930480,false,יופלה SHAKE בננה  קי,,,יופלה SHAKE בננה  קי,מיליליטרים,230.00,"100 מ""ל",false,,7.90,0.0343,true,1,22658
7290116930565,false,תה קר עם חלב בטעם צ',,,תה קר עם חלב בטעם צ',מיליליטרים,230.00,"100 מ""ל",false,,6.90,0.0300,true,1,22665
7290116930626,false,ציזיקי עם קרקרים תנו,,,ציזיקי עם קרקרים תנו,גרמים,150.00,100 גרם,false,,7.90,0.0527,true,1,22669
7290116930718,false,מעדן  דיאט בטעם שוקו,,,מעדן  דיאט בטעם שוקו,גרמים,150.00,100 גרם,false,,3.80,0.0253,true,1,22671
7290116931074,false,גבינת טל העמק 32% שו,,,גבינת טל העמק 32% שו,גרמים,300.00,100 גרם,false,,26.90,0.0897,true,1,22679
7290117260227,false,קפה טורקי אמיתי מטור,,,קפה טורקי אמיתי מטור,גרמים,100.00,100 גרם,false,,5.90,0.0590,true,1,19050
7290117260449,false,גבינה בולגרית מעודנת,,,גבינה בולגרית מעודנת,גרמים,200.00,100 גרם,false,,9.90,0.0495,true,1,19054
7290117260456,false,גבינה בולגרית מעודנת,,,גבינה בולגרית מעודנת,גרמים,200.00,100 גרם,false,,9.90,0.0495,true,1,19055
7290117260579,false,חטיף קראנצ'י על בסיס,,,חטיף קראנצ'י על בסיס,גרמים,80.00,100 גרם,false,,7.90,0.0988,true,1,47665
7290117260586,false,חטיף קראנצ'י על בסיס,,,חטיף קראנצ'י על בסיס,גרמים,80.00,100 גרם,false,,7.90,0.0988,true,1,47666
7290117260593,false,חטיף קראנצ'י על בסיס,,,חטיף קראנצ'י על בסיס,גרמים,80.00,100 גרם,false,,7.90,0.0988,true,1,47667
7290117261088,false,בוראטה גבינת מוצרלה,,,בוראטה גבינת מוצרלה,גרמים,125.00,100 גרם,false,,19.90,0.1592,true,1,50917
7290117261354,false,גבינת ריקוטה  5% שומ,,,גבינת ריקוטה  5% שומ,גרמים,200.00,100 גרם,false,,9.90,0.0495,true,1,19089
7290117261545,false,סלמון אטלנטי ברוטב ט,,,סלמון אטלנטי ברוטב ט,גרמים,120.00,100 גרם,false,,12.90,0.1075,true,1,45925
7290117261552,false,סלמון אטלנטי ברוטב ע,,,סלמון אטלנטי ברוטב ע,גרמים,120.00,100 גרם,false,,12.90,0.1075,true,1,45926
7290117261569,false,סלמון אטלנטי מעושן ב,,,סלמון אטלנטי מעושן ב,גרמים,120.00,100 גרם,false,,12.90,0.1075,true,1,45927
7290117262238,false,משקה יוגורט עם תות ש,,,משקה יוגורט עם תות ש,מיליליטרים,200.00,"100 מ""ל",false,,4.90,0.0245,true,1,19097
7290117262245,false,משקה יוגורט עם אפרסק,,,משקה יוגורט עם אפרסק,מיליליטרים,200.00,"100 מ""ל",false,,4.90,0.0245,true,1,19098
7290117380154,false,רוטב אסיאתי עם סויה,,,רוטב אסיאתי עם סויה,מיליליטרים,264.00,"100 מ""ל",false,,9.90,0.0375,true,1,21782
7290117383742,false,פלמוליב גבר מרענן 75,,,פלמוליב גבר מרענן 75,ליטרים,1500.00,100 ליטר,false,,30.00,0.0200,true,1,55387
7290117383780,false,פלמוליב ארומה מסאג',,,פלמוליב ארומה מסאג',ליטרים,1500.00,100 ליטר,false,,30.00,0.0200,true,1,55388
7290117761052,false,מנקה חלונות 1 ליטר ז,,,מנקה חלונות 1 ליטר ז,ליטרים,1.00,ליטר,false,,14.90,14.9000,true,1,27167
7290117901267,false,ממרח חצילים קלויים ו,,,ממרח חצילים קלויים ו,גרמים,290.00,100 גרם,false,,14.90,0.0514,true,1,60489
7290900010367,false,טורטייה אבאל 360 גרם,,,טורטייה אבאל 360 גרם,גרמים,360.00,100 גרם,false,,8.90,0.0247,true,1,15871
7291008084915,false,תמר מג'הול  500גר,,,תמר מג'הול  500גר,גרמים,500.00,100 גרם,false,,10.00,0.0200,true,1,27468
7296021040580,false,קערה 26 ס'מ נירוסטה,,,קערה 26 ס'מ נירוסטה,יחידה,0.00,יחידה,false,,26.90,0.0000,true,1,25688
7296021103889,false,קערה 30 ס'מ נירוסטה,,,קערה 30 ס'מ נירוסטה,יחידה,0.00,יחידה,false,,39.90,0.0000,true,1,25691
7296021131394,false,סכין  מולטי משוננת מ,,,סכין  מולטי משוננת מ,יחידה,0.00,יחידה,false,,19.90,0.0000,true,1,25694
7296021133558,false,כף מסננת ידית שחורה,,,כף מסננת ידית שחורה,יחידה,0.00,יחידה,false,,18.90,0.0000,true,1,14814
7296021133596,false,כף בישול ידית שחורה,,,כף בישול ידית שחורה,יחידה,0.00,יחידה,false,,15.90,0.0000,true,1,14818
7296021133671,false,סכין למריחה ידית שחו,,,סכין למריחה ידית שחו,יחידה,0.00,יחידה,false,,9.90,0.0000,true,1,14825
7296021133732,false,כף עוגה ידית שחורה נ,,,כף עוגה ידית שחורה נ,יחידה,0.00,יחידה,false,,9.90,0.0000,true,1,14828
7296021171031,false,סט 3 קולפנים,,,סט 3 קולפנים,יחידה,0.00,יחידה,false,,16.90,0.0000,true,1,25753
7296021226885,false,מפה עם גומי לשולחן פ,,,מפה עם גומי לשולחן פ,יחידה,0.00,יחידה,false,,39.90,0.0000,true,1,25775
7296021254802,false,מארז 2 תבניות פאי זכ,,,מארז 2 תבניות פאי זכ,יחידה,0.00,יחידה,false,,119.90,0.0000,true,1,25799
7296021282621,false,"מסננת נירוסטה 24 ס""מ",,,"מסננת נירוסטה 24 ס""מ",יחידה,0.00,יחידה,false,,24.90,0.0000,true,1,14901
7297373004404,false,רב מגבת לבן 800 גרם,,,רב מגבת לבן 800 גרם,יחידה,0.00,יחידה,false,,18.90,0.0000,true,1,28977
7297488098305,false,דגש קמח שקדים 250 גר,,,דגש קמח שקדים 250 גר,גרמים,250.00,100 גרם,false,,25.90,0.1036,true,1,18257
7312040017683,false,אבסולוט וודקה 700 מל,,,אבסולוט וודקה 700 מל,מיליליטרים,700.00,"100 מ""ל",false,,59.90,0.0856,true,1,12364
7394376616778,false,משקה שיבולת שועל להק,,,משקה שיבולת שועל להק,ליטרים,1.00,ליטר,false,,15.90,15.9000,true,1,8295
7501013138184,false,יוניקו פרסקו משקה חמ,,,יוניקו פרסקו משקה חמ,ליטרים,1.00,ליטר,false,,11.50,11.5000,true,1,13888
7501049936945,false,מארז שישייה בירה סול,,,מארז שישייה בירה סול,ליטרים,1.98,ליטר,false,,34.90,17.6263,true,1,3517
7501064191398,false,קורונה מארז שישיה 6*,,,קורונה מארז שישיה 6*,ליטרים,2.13,ליטר,false,,34.90,16.3850,true,1,10964
7509546061160,false,משחת שיניים קולגייט,,,משחת שיניים קולגייט,מיליליטרים,75.00,"100 מ""ל",false,,15.90,0.2120,true,1,21795
7509546061665,false,דאודורנט ספיד סטיק א,,,דאודורנט ספיד סטיק א,מיליליטרים,85.00,"100 מ""ל",false,,16.90,0.1988,true,1,46838
7509546678702,false,משחת שיניים קולגייט,,,משחת שיניים קולגייט,מיליליטרים,100.00,"100 מ""ל",false,,16.90,0.1690,true,1,21799
7610008059073,false,טבלת רגוסה קלאסי חדש,,,טבלת רגוסה קלאסי חדש,גרמים,100.00,100 גרם,false,,15.90,0.1590,true,1,28935
7610008059080,false,טבלת רגוסה מריר חדש,,,טבלת רגוסה מריר חדש,גרמים,100.00,100 גרם,false,,15.90,0.1590,true,1,28936
7610008059097,false,טבלת רגוסה בלונד חדש,,,טבלת רגוסה בלונד חדש,גרמים,100.00,100 גרם,false,,15.90,0.1590,true,1,28937
7610400014649,false,לינדט לינדור שוק.חלב,,,לינדט לינדור שוק.חלב,גרמים,100.00,100 גרם,false,,14.90,0.1490,true,1,5131
7610400068505,false,לינדור בונבוניירה חל,,,לינדור בונבוניירה חל,גרמים,200.00,100 גרם,false,,22.90,0.1145,true,1,5134
7610400074155,false,לינדט לינדור 60% 100,,,לינדט לינדור 60% 100,גרמים,100.00,100 גרם,false,,14.90,0.1490,true,1,5136
7610400075787,false,לינדט לה גרנד חלב עם,,,לינדט לה גרנד חלב עם,גרמים,150.00,100 גרם,false,,23.90,0.1593,true,1,5138
7613032045753,false,דגני פיטנס שוקולד נס,,,דגני פיטנס שוקולד נס,גרמים,375.00,100 גרם,false,,19.90,0.0531,true,1,7186
7613033548192,false,דגני בוקר פיטנס שוקו,,,דגני בוקר פיטנס שוקו,גרמים,375.00,100 גרם,false,,19.90,0.0531,true,1,7195
7613035635845,false,פיטנס גרנולה שוקולד,,,פיטנס גרנולה שוקולד,גרמים,300.00,100 גרם,false,,14.90,0.0497,true,1,7211
7613036105606,false,דוגלי בוגר בקר 4*3קג,,,דוגלי בוגר בקר 4*3קג,קילוגרמים,3.00,"ק""ג",false,,46.90,15.6333,true,1,7220
7613036314114,false,נסקפה גולד 200 גרם,,,נסקפה גולד 200 גרם,גרמים,200.00,100 גרם,false,,45.90,0.2295,true,1,7231
7613036520492,false,פרפקטו רוטב עגבניות,,,פרפקטו רוטב עגבניות,גרמים,400.00,100 גרם,false,,8.90,0.0223,true,1,7233
7613037204889,false,סטארבקס פולי קפה אספ,,,סטארבקס פולי קפה אספ,גרמים,450.00,100 גרם,false,,50.00,0.1111,true,1,21191
7613037686906,false,פיטנס שקדים ודבש נסט,,,פיטנס שקדים ודבש נסט,גרמים,355.00,100 גרם,false,,19.90,0.0561,true,1,7264
7613037811629,false,קורנפלקס גו פרי 500,,,קורנפלקס גו פרי 500,גרמים,500.00,100 גרם,false,,9.90,0.0198,true,1,7266
7613039770450,false,בורגר צמחוני טבעוני,,,בורגר צמחוני טבעוני,גרמים,226.00,100 גרם,false,,24.90,0.1102,true,1,7485
7613287008497,false,סטארבקס פולי קפה פיי,,,סטארבקס פולי קפה פיי,גרמים,450.00,100 גרם,false,,50.00,0.1111,true,1,21197
7613287325808,false,רוטב איולי שום לחיץ,,,רוטב איולי שום לחיץ,גרמים,295.00,100 גרם,false,,12.90,0.0437,true,1,21209
7613287325822,false,רוטב מיקס לחיץ אסם 2,,,רוטב מיקס לחיץ אסם 2,גרמים,295.00,100 גרם,false,,12.90,0.0437,true,1,21210
7613287325853,false,רוטב ספייסי איולי לח,,,רוטב ספייסי איולי לח,גרמים,295.00,100 גרם,false,,12.90,0.0437,true,1,21211
7613287325952,false,רוטב ברביקיו לחיץ אס,,,רוטב ברביקיו לחיץ אס,גרמים,345.00,100 גרם,false,,12.90,0.0374,true,1,21212
7613287525789,false,"פרייה מים 500 מ""ל שי",,,"פרייה מים 500 מ""ל שי",ליטרים,3.00,ליטר,false,,25.90,8.6333,true,1,19920
7622010001858,false,עוגיות אוראו  סנדביץ,,,עוגיות אוראו  סנדביץ,גרמים,176.00,100 גרם,false,,8.90,0.0506,true,1,1934
7622201139278,false,פילדלפיה גבינת שמנת,,,פילדלפיה גבינת שמנת,גרמים,150.00,100 גרם,false,,11.90,0.0793,true,1,6089
7622201798154,false,פילדלפיה גבינת שמנת,,,פילדלפיה גבינת שמנת,גרמים,150.00,100 גרם,false,,11.90,0.0793,true,1,20871
7622300503079,false,מילקה מוו - ביסקוויט,,,מילקה מוו - ביסקוויט,גרמים,200.00,100 גרם,false,,9.90,0.0495,true,1,1962
7630477891691,false,סטארבקס קפסולות קולו,,,סטארבקס קפסולות קולו,גרמים,57.00,100 גרם,false,,21.90,0.3842,true,1,7280
7630477891714,false,קפסולות אספרסו סטארב,,,קפסולות אספרסו סטארב,גרמים,57.00,100 גרם,false,,21.90,0.3842,true,1,21222
7702018321582,false,דאודורנט סטיק מתקדם,,,דאודורנט סטיק מתקדם,מיליליטרים,50.00,"100 מ""ל",false,,21.90,0.4380,true,1,10445
7702024074625,false,פיטנס חטיפי קרקר חיט,,,פיטנס חטיפי קרקר חיט,גרמים,234.00,100 גרם,false,,11.90,0.0509,true,1,7283
7790040420076,false,אלפחורס עוגיות סנדבי,,,אלפחורס עוגיות סנדבי,גרמים,117.00,100 גרם,false,,8.90,0.0761,true,1,38165
7792860006218,false,בייבי דול לקקן 20גר,,,בייבי דול לקקן 20גר,גרמים,24.00,100 גרם,false,,2.20,0.0917,true,1,5142
7891024124826,false,מש.שיניים אופטיק ווי,,,מש.שיניים אופטיק ווי,מיליליטרים,75.00,"100 מ""ל",false,,19.90,0.2653,true,1,8298
7891024179482,false,קולגייט מי פה אופטיק,,,קולגייט מי פה אופטיק,מיליליטרים,500.00,"100 מ""ל",false,,29.90,0.0598,true,1,8300
8000215202406,false,מעדן אורז אורגני  שו,,,מעדן אורז אורגני  שו,גרמים,400.00,100 גרם,false,,15.90,0.0398,true,1,18266
8000215202413,false,מעדן אורז אורגני וני,,,מעדן אורז אורגני וני,גרמים,400.00,100 גרם,false,,15.90,0.0398,true,1,18267
8000215204240,false,משקה שקדים ואורז אור,,,משקה שקדים ואורז אור,ליטרים,1.00,ליטר,false,,12.90,12.9000,true,1,18269
8000215204554,false,משקה אורז קוקוס אורג,,,משקה אורז קוקוס אורג,ליטרים,1.00,ליטר,false,,12.90,12.9000,true,1,18272
8000215204561,false,משקה שקדים 1 ליטר,,,משקה שקדים 1 ליטר,ליטרים,1.00,ליטר,false,,14.90,14.9000,true,1,18273
8000215204677,false,משקה שיבולת שועל אור,,,משקה שיבולת שועל אור,ליטרים,1.00,ליטר,false,,12.90,12.9000,true,1,27477
8000380003723,false,גרנד פטיסרי ופל אגוז,,,גרנד פטיסרי ופל אגוז,גרמים,100.00,100 גרם,false,,11.90,0.1190,true,1,4666
8000380003761,false,גרנד פטיסרי ופל קוקו,,,גרנד פטיסרי ופל קוקו,גרמים,100.00,100 גרם,false,,11.90,0.1190,true,1,4667
8000380004669,false,לואקר וופל סנדוויץ',,,לואקר וופל סנדוויץ',גרמים,200.00,100 גרם,false,,11.90,0.0595,true,1,4668
8000380004676,false,לואקר וופל קרם וניל,,,לואקר וופל קרם וניל,גרמים,200.00,100 גרם,false,,11.90,0.0595,true,1,4669
8000380004911,false,וופל קואדרטיני אגוז,,,וופל קואדרטיני אגוז,גרמים,250.00,100 גרם,false,,13.90,0.0556,true,1,4670
8000380004966,false,וופל קואדרטיני קקאו,,,וופל קואדרטיני קקאו,גרמים,250.00,100 גרם,false,,13.90,0.0556,true,1,4671
8000380007219,false,וופל לואקר אגוז 175,,,וופל לואקר אגוז 175,גרמים,175.00,100 גרם,false,,10.90,0.0623,true,1,4675
8000380007257,false,.וופל מצופה שוקולד ג,,,.וופל מצופה שוקולד ג,גרמים,200.00,100 גרם,false,,13.90,0.0695,true,1,4676
8000380144044,false,וופל גרדנה שוקולד 20,,,וופל גרדנה שוקולד 20,גרמים,200.00,100 גרם,false,,13.90,0.0695,true,1,4681
8000380192243,false,וופל לואקר מקסי אגוז,,,וופל לואקר מקסי אגוז,גרמים,200.00,100 גרם,false,,12.90,0.0645,true,1,4692
8000380206896,false,לואקר גרדנה חמאת בוט,,,לואקר גרדנה חמאת בוט,גרמים,200.00,100 גרם,false,,13.90,0.0695,true,1,20418
8000500026731,false,קינדר ביצי שוקולד 3*,,,קינדר ביצי שוקולד 3*,גרמים,60.00,100 גרם,false,,13.90,0.2317,true,1,14087
8000500029350,false,קינדר בואנו 3*43 גרם,,,קינדר בואנו 3*43 גרם,גרמים,129.00,100 גרם,false,,9.90,0.0767,true,1,14088
8000500037874,false,בונבוניירת רושר 200ג,,,בונבוניירת רושר 200ג,גרמים,200.00,100 גרם,false,,22.90,0.1145,true,1,14091
8000500075708,false,קינדר גוי 1/3 כחול 3,,,קינדר גוי 1/3 כחול 3,גרמים,60.00,100 גרם,false,,13.90,0.2317,true,1,14094
8000500127728,false,קינדר מילק סלייס עוג,,,קינדר מילק סלייס עוג,גרמים,30.00,100 גרם,false,,11.90,0.3967,true,1,22682
8000500172810,false,טיק טק תות שדה 4*16ג,,,טיק טק תות שדה 4*16ג,גרמים,64.00,100 גרם,false,,9.90,0.1547,true,1,14101
8000500249352,false,קינדר בואנו מיני מיק,,,קינדר בואנו מיני מיק,יחידה,0.00,יחידה,false,,18.90,0.0000,true,1,14108
8000500267103,false,פררו-קינדר דליס עשיר,,,פררו-קינדר דליס עשיר,יחידה,0.00,יחידה,false,,19.90,0.0000,true,1,14110
8001003100164,false,יוגטה סוכריות ג'לי פ,,,יוגטה סוכריות ג'לי פ,גרמים,450.00,100 גרם,false,,11.90,0.0264,true,1,4694
8001090375230,false,פנטן מרכך מרוכז 200,,,פנטן מרכך מרוכז 200,מיליליטרים,200.00,"100 מ""ל",false,,13.90,0.0695,true,1,10477
8001090379399,false,חיתולי פמפרס פרימיום,,,חיתולי פמפרס פרימיום,יחידה,0.00,יחידה,false,,29.90,0.0000,true,1,10481
8001090493637,false,שמפו אולטרא טוטאל קר,,,שמפו אולטרא טוטאל קר,מיליליטרים,450.00,"100 מ""ל",false,,18.90,0.0420,true,1,10484
8001090721099,false,אריאל פודס קפסולות 2,,,אריאל פודס קפסולות 2,יח',27.00,יח',false,,30.90,1.1444,true,1,10491
8001090802385,false,טייד קפסולות ג'ל בני,,,טייד קפסולות ג'ל בני,יחידה,0.00,יחידה,false,,29.90,0.0000,true,1,10501
8001090832450,false,שמפו הנוסחה הקלאסית,,,שמפו הנוסחה הקלאסית,מיליליטרים,660.00,"100 מ""ל",false,,19.90,0.0302,true,1,10509
8001090832535,false,שמפו שמן מרוקאי משקם,,,שמפו שמן מרוקאי משקם,מיליליטרים,660.00,"100 מ""ל",false,,19.90,0.0302,true,1,10510
8001090832573,false,שמפו לחות מוגברת פנט,,,שמפו לחות מוגברת פנט,מיליליטרים,660.00,"100 מ""ל",false,,19.90,0.0302,true,1,10511
8001090832818,false,מרכך נוסחה קלאסית פנ,,,מרכך נוסחה קלאסית פנ,מיליליטרים,660.00,"100 מ""ל",false,,19.90,0.0302,true,1,10512
8001090832856,false,מרכך שמן מרוקאי משקם,,,מרכך שמן מרוקאי משקם,מיליליטרים,660.00,"100 מ""ל",false,,19.90,0.0302,true,1,10513
8001090832894,false,מרכך לחות מוגברת פנט,,,מרכך לחות מוגברת פנט,מיליליטרים,660.00,"100 מ""ל",false,,19.90,0.0302,true,1,10514
8001090833198,false,אריאל ג'ל כביסה ניחו,,,אריאל ג'ל כביסה ניחו,ליטרים,2.37,ליטר,false,,27.90,11.7722,true,1,10517
8001090833228,false,אריאל ג'ל כביסה ניחו,,,אריאל ג'ל כביסה ניחו,ליטרים,2.37,ליטר,false,,27.90,11.7722,true,1,10518
8001090891273,false,לנור כדוריות הבושם ב,,,לנור כדוריות הבושם ב,גרמים,210.00,100 גרם,false,,24.90,0.1186,true,1,10526
8001090899194,false,תחבושות פלטינום נורמ,,,תחבושות פלטינום נורמ,יחידה,0.00,יחידה,false,,17.90,0.0000,true,1,10527
8001090899224,false,תחבושות פלטינום לונג,,,תחבושות פלטינום לונג,יחידה,0.00,יחידה,false,,17.90,0.0000,true,1,10528
8001100011776,false,וואפל שכבות BALOCCO,,,וואפל שכבות BALOCCO,גרמים,175.00,100 גרם,false,,9.90,0.0566,true,1,26224
8001100059242,false,וואפל קוביות BALOCCO,,,וואפל קוביות BALOCCO,גרמים,250.00,100 גרם,false,,12.90,0.0516,true,1,26225
8001100059259,false,וואפל קוביות BALOCCO,,,וואפל קוביות BALOCCO,גרמים,250.00,100 גרם,false,,12.90,0.0516,true,1,26226
8001100059266,false,וואפל קוביות BALOCCO,,,וואפל קוביות BALOCCO,גרמים,250.00,100 גרם,false,,12.90,0.0516,true,1,26227
8001505001785,false,ממרח אגוזי לוז  ביאנ,,,ממרח אגוזי לוז  ביאנ,גרמים,270.00,100 גרם,false,,19.90,0.0737,true,1,18282
8001620015612,false,סן בנדטו בטעם גזר תפ,,,סן בנדטו בטעם גזר תפ,מיליליטרים,400.00,"100 מ""ל",false,,6.50,0.0163,true,1,19921
8001620015629,false,משקה פירות פרוטה בטע,,,משקה פירות פרוטה בטע,מיליליטרים,400.00,"100 מ""ל",false,,6.50,0.0163,true,1,19922
8001620015636,false,סן בנדטו בטעם מיקס פ,,,סן בנדטו בטעם מיקס פ,מיליליטרים,400.00,"100 מ""ל",false,,6.50,0.0163,true,1,19923
8001620017449,false,סאן בנדטו פקק ספורט,,,סאן בנדטו פקק ספורט,מיליליטרים,500.00,"100 מ""ל",false,,2.50,0.0050,true,1,3520
8001620017456,false,סאן בנדטו פקק ספורט,,,סאן בנדטו פקק ספורט,ליטרים,3.00,ליטר,false,,13.90,4.6333,true,1,3521
8001620018408,false,סן בנדטו מנגו תפוח פ,,,סן בנדטו מנגו תפוח פ,מיליליטרים,400.00,"100 מ""ל",false,,6.50,0.0163,true,1,19924
8001841006710,false,לנור כדוריות הבושם ב,,,לנור כדוריות הבושם ב,גרמים,210.00,100 גרם,false,,24.90,0.1186,true,1,10537
8001841137216,false,מרכך למגע רך כמשי הד,,,מרכך למגע רך כמשי הד,מיליליטרים,275.00,"100 מ""ל",false,,9.90,0.0360,true,1,10547
8001841400662,false,טייד אבקת כביסה קולו,,,טייד אבקת כביסה קולו,קילוגרמים,10.00,"ק""ג",false,,60.90,6.0900,true,1,10552
8001841625188,false,פיירי נוזל כלים פלטי,,,פיירי נוזל כלים פלטי,מיליליטרים,515.00,"100 מ""ל",false,,8.90,0.0173,true,1,10555
8001841625362,false,פיירי נוזל כלים פלטי,,,פיירי נוזל כלים פלטי,מיליליטרים,780.00,"100 מ""ל",false,,11.90,0.0153,true,1,22736
8001841663692,false,פיירי נוזל כלים  לימ,,,פיירי נוזל כלים  לימ,מיליליטרים,900.00,"100 מ""ל",false,,11.90,0.0132,true,1,28979
8001841664026,false,פיירי נוזל כלים  פיר,,,פיירי נוזל כלים  פיר,מיליליטרים,900.00,"100 מ""ל",false,,11.90,0.0132,true,1,28981
8001841669465,false,אריאל קפסולות 24 יחי,,,אריאל קפסולות 24 יחי,גרמים,646.00,100 גרם,false,,30.90,0.0478,true,1,22737
8001841941929,false,אולוויז וליו פק לילה,,,אולוויז וליו פק לילה,יחידה,0.00,יחידה,false,,17.90,0.0000,true,1,22742
8001841943961,false,לנור כדוריות הבושם ב,,,לנור כדוריות הבושם ב,גרמים,210.00,100 גרם,false,,24.90,0.1186,true,1,10560
8001841960258,false,פיירי טבליות למדיח 6,,,פיירי טבליות למדיח 6,יחידה,0.00,יחידה,false,,49.90,0.0000,true,1,27183
8003477500365,false,פרימלוצ'י קונקילייה,,,פרימלוצ'י קונקילייה,גרמים,500.00,100 גרם,false,,6.90,0.0138,true,1,36765
8004030044005,false,נתחי טונה בשמן זית ר,,,נתחי טונה בשמן זית ר,גרמים,160.00,100 גרם,false,,18.90,0.1181,true,1,8311
8004030081024,false,נתחי טונה שמן זית שו,,,נתחי טונה שמן זית שו,גרמים,160.00,100 גרם,false,,18.90,0.1181,true,1,8312
8004030344938,false,טונה בשמן זית ריו מר,,,טונה בשמן זית ריו מר,גרמים,240.00,100 גרם,false,,27.90,0.1162,true,1,8315
8004030381681,false,טונה בשמן זית ריו מר,,,טונה בשמן זית ריו מר,גרמים,320.00,100 גרם,false,,32.90,0.1028,true,1,8316
8004030845046,false,אינסלטיסימי אורז עם,,,אינסלטיסימי אורז עם,גרמים,160.00,100 גרם,false,,16.90,0.1056,true,1,8317
8004030860001,false,קוסקוס וטונה ריו מרה,,,קוסקוס וטונה ריו מרה,גרמים,160.00,100 גרם,false,,16.90,0.1056,true,1,8318
8004123004893,false,שמן מתובל בטעם פטריו,,,שמן מתובל בטעם פטריו,מיליליטרים,250.00,"100 מ""ל",false,,27.90,0.1116,true,1,26162
8004800005502,false,לאגו מיני רול- גלילי,,,לאגו מיני רול- גלילי,גרמים,125.00,100 גרם,false,,9.90,0.0792,true,1,47802
8004800005519,false,לאגו מיני רול- גלילי,,,לאגו מיני רול- גלילי,גרמים,125.00,100 גרם,false,,9.90,0.0792,true,1,47803
8005110001406,false,רסק עגבניות 140 גרם,,,רסק עגבניות 140 גרם,גרמים,140.00,100 גרם,false,,5.00,0.0357,true,1,27217
8005110001413,false,מארז זוג רסק עגבניות,,,מארז זוג רסק עגבניות,גרמים,280.00,100 גרם,false,,7.90,0.0282,true,1,17383
8005110002243,false,תרכיז MUTTI עגבניות,,,תרכיז MUTTI עגבניות,גרמים,185.00,100 גרם,false,,7.50,0.0405,true,1,17384
8005110170300,false,עגבניות MUTTI מרוסקו,,,עגבניות MUTTI מרוסקו,קילוגרמים,1.20,"ק""ג",false,,15.90,13.2500,true,1,17386
8005200256587,false,נסטי אפרסק 1.5 ליטר,,,נסטי אפרסק 1.5 ליטר,ליטרים,1.50,ליטר,false,,8.30,5.5333,true,1,19931
8005200286584,false,נסטי מנגו אננס 1.5 ל,,,נסטי מנגו אננס 1.5 ל,ליטרים,1.50,ליטר,false,,8.30,5.5333,true,1,19932
8005200316588,false,נסטי דיאט אפרסק 1.5,,,נסטי דיאט אפרסק 1.5,ליטרים,1.50,ליטר,false,,7.80,5.2000,true,1,19933
8005803010661,false,גריסיני עם שומשום 12,,,גריסיני עם שומשום 12,גרמים,125.00,100 גרם,false,,5.90,0.0472,true,1,20427
8006540112854,false,לנור מרכך מרוכז בניח,,,לנור מרכך מרוכז בניח,מיליליטרים,900.00,"100 מ""ל",false,,14.90,0.0166,true,1,22749
8006540404898,false,תחבושות אולוויז דיסק,,,תחבושות אולוויז דיסק,יח',8.00,יח',false,,14.90,1.8625,true,1,22752
8006540425930,false,אריאל קפסולות 24 יחי,,,אריאל קפסולות 24 יחי,גרמים,646.00,100 גרם,false,,30.90,0.0478,true,1,22755
8006540491539,false,פיירי נוזל כלים פלטי,,,פיירי נוזל כלים פלטי,מיליליטרים,780.00,"100 מ""ל",false,,11.90,0.0153,true,1,22759
8006540495186,false,לנור מרכך כביסה בייב,,,לנור מרכך כביסה בייב,מיליליטרים,900.00,"100 מ""ל",false,,14.90,0.0166,true,1,22760
8006540495216,false,לנור מרכך מרוכז בניח,,,לנור מרכך מרוכז בניח,מיליליטרים,900.00,"100 מ""ל",false,,14.90,0.0166,true,1,22761
8006540592434,false,תחבושות אולוויז ירוק,,,תחבושות אולוויז ירוק,100 יח',16.00,100 יח',false,,18.90,1.1812,true,1,28982
8006540592465,false,תחבושות אולוויז סגול,,,תחבושות אולוויז סגול,100 יח',16.00,100 יח',false,,18.90,1.1812,true,1,28983
8006540592496,false,תחבושות אולוויז כחול,,,תחבושות אולוויז כחול,100 יח',16.00,100 יח',false,,18.90,1.1812,true,1,28984
8006540628737,false,שמפו הד שולדרס קלאסי,,,שמפו הד שולדרס קלאסי,מיליליטרים,350.00,"100 מ""ל",false,,16.90,0.0483,true,1,27185
8008912010034,false,פסטה ספגטי מספר 3 -,,,פסטה ספגטי מספר 3 -,גרמים,500.00,100 גרם,false,,7.90,0.0158,true,1,22396
8008912010072,false,פסטה לינגוויני מספר,,,פסטה לינגוויני מספר,גרמים,500.00,100 גרם,false,,7.90,0.0158,true,1,22397
8008912010300,false,פסטה פרפלה מספר 30 -,,,פסטה פרפלה מספר 30 -,גרמים,500.00,100 גרם,false,,7.90,0.0158,true,1,22399
8008912010317,false,פסטה פוזלי מספר 31 -,,,פסטה פוזלי מספר 31 -,גרמים,500.00,100 גרם,false,,7.90,0.0158,true,1,22400
8010024006003,false,השקד - 100% חמאת שקד,,,השקד - 100% חמאת שקד,גרמים,250.00,100 גרם,false,,32.90,0.1316,true,1,18289
8023788030610,false,שוקולד חלב  300 גרם,,,שוקולד חלב  300 גרם,גרמים,300.00,100 גרם,false,,17.90,0.0597,true,1,28991
8023788030627,false,שוקולד מריר מעולה  3,,,שוקולד מריר מעולה  3,גרמים,300.00,100 גרם,false,,17.90,0.0597,true,1,28992
8023788030634,false,שוקולד חלב עם שברי א,,,שוקולד חלב עם שברי א,גרמים,300.00,100 גרם,false,,18.90,0.0630,true,1,28993
8023788030658,false,עוגיות מלוחות בטעם ט,,,עוגיות מלוחות בטעם ט,גרמים,400.00,100 גרם,false,,12.90,0.0323,true,1,53257
8023788030672,false,עוגיות מלוחות בתוספת,,,עוגיות מלוחות בתוספת,גרמים,400.00,100 גרם,false,,12.90,0.0323,true,1,53259
8023788030689,false,עוגיות מלוחות בטעם ע,,,עוגיות מלוחות בטעם ע,גרמים,400.00,100 גרם,false,,12.90,0.0323,true,1,53464
8024985002783,false,נטורה נובה - סמוזי ג,,,נטורה נובה - סמוזי ג,גרמים,100.00,100 גרם,false,,4.90,0.0490,true,1,18294
8024985003988,false,נטורה נובה - סמוזי ת,,,נטורה נובה - סמוזי ת,גרמים,100.00,100 גרם,false,,4.90,0.0490,true,1,18296
8024985005234,false,נטורה נובה - סמוזי ת,,,נטורה נובה - סמוזי ת,גרמים,100.00,100 גרם,false,,4.90,0.0490,true,1,18297
8032573170035,false,יין מוסקטו טרה סינה,,,יין מוסקטו טרה סינה,מיליליטרים,750.00,"100 מ""ל",false,,35.90,0.0479,true,1,4398
8032804430471,false,פליסיה - סדניני עדשי,,,פליסיה - סדניני עדשי,גרמים,250.00,100 גרם,false,,12.90,0.0516,true,1,18301
8032804435643,false,פליסיה קופסא - פוזיל,,,פליסיה קופסא - פוזיל,גרמים,340.00,100 גרם,false,,11.90,0.0350,true,1,18305
8076800105056,false,פסטה ספגטי בקופסה בר,,,פסטה ספגטי בקופסה בר,קילוגרמים,1.00,"ק""ג",false,,10.90,10.9000,true,1,21804
8076800105735,false,פנה ריגטה בקופסה ברי,,,פנה ריגטה בקופסה ברי,קילוגרמים,1.00,"ק""ג",false,,10.90,10.9000,true,1,21805
8076800195019,false,ספגטי קפליני מס' 1 ב,,,ספגטי קפליני מס' 1 ב,גרמים,500.00,100 גרם,false,,6.90,0.0138,true,1,8319
8076800195033,false,ספגטי מס' 3 ברילה 50,,,ספגטי מס' 3 ברילה 50,גרמים,500.00,100 גרם,false,,6.90,0.0138,true,1,8320
8076800315097,false,ספגטי בוקטיני מס' 9,,,ספגטי בוקטיני מס' 9,גרמים,500.00,100 גרם,false,,6.90,0.0138,true,1,8323
8076802085738,false,פנה רגטה מס' 73 בריל,,,פנה רגטה מס' 73 בריל,גרמים,500.00,100 גרם,false,,6.90,0.0138,true,1,8324
8076802085981,false,פסטה פוזילי 98 ברילה,,,פסטה פוזילי 98 ברילה,גרמים,500.00,100 גרם,false,,6.90,0.0138,true,1,8325
8076808050440,false,פסטה מקרוני מס' 44 ב,,,פסטה מקרוני מס' 44 ב,גרמים,500.00,100 גרם,false,,6.90,0.0138,true,1,8326
8076808150072,false,ספגטי מס' 7 ברילה 50,,,ספגטי מס' 7 ברילה 50,גרמים,500.00,100 גרם,false,,6.90,0.0138,true,1,8329
8076809501415,false,ברילה פסטה פנה טריקו,,,ברילה פסטה פנה טריקו,גרמים,500.00,100 גרם,false,,12.90,0.0258,true,1,21807
8076809513388,false,ברילה רוטב ארביאטה 4,,,ברילה רוטב ארביאטה 4,גרמים,400.00,100 גרם,false,,14.90,0.0373,true,1,8331
8076809513395,false,ברילה רוטב פורמודרו,,,ברילה רוטב פורמודרו,גרמים,400.00,100 גרם,false,,14.90,0.0373,true,1,8332
8076809513654,false,ברילה רוטב עגבניות ל,,,ברילה רוטב עגבניות ל,גרמים,400.00,100 גרם,false,,14.90,0.0373,true,1,8333
8076809514774,false,ברילה פפרדלה ביצים 2,,,ברילה פפרדלה ביצים 2,גרמים,250.00,100 גרם,false,,17.90,0.0716,true,1,21808
8076809523561,false,ברילה רוטב פסטה טוסק,,,ברילה רוטב פסטה טוסק,גרמים,400.00,100 גרם,false,,14.90,0.0373,true,1,8337
8076809523738,false,לזניה ברילה 500 גרם,,,לזניה ברילה 500 גרם,גרמים,500.00,100 גרם,false,,19.90,0.0398,true,1,8338
8076809545464,false,ברילה ספירלי עב קמח,,,ברילה ספירלי עב קמח,גרמים,400.00,100 גרם,false,,14.90,0.0373,true,1,8344
8410076610379,false,פרוטאין בוטנים ושבבי,,,פרוטאין בוטנים ושבבי,גרמים,160.00,100 גרם,false,,23.90,0.1494,true,1,4699
8410076610386,false,נייטשר ואלי פרוטאין,,,נייטשר ואלי פרוטאין,גרמים,160.00,100 גרם,false,,23.90,0.1494,true,1,32206
8410104045111,false,"פיניש מלח למדיח 2 ק""",,,"פיניש מלח למדיח 2 ק""",קילוגרמים,2.00,"ק""ג",false,,14.90,7.4500,true,1,7904
8410376011203,false,עוגיות מיני רולינו ג,,,עוגיות מיני רולינו ג,גרמים,100.00,100 גרם,false,,5.90,0.0590,true,1,28947
8410376017342,false,עוגיות עם שבבי שוקול,,,עוגיות עם שבבי שוקול,גרמים,200.00,100 גרם,false,,16.90,0.0845,true,1,28949
8410376033267,false,ביסקוויט דגנים ללא ת,,,ביסקוויט דגנים ללא ת,גרמים,410.00,100 גרם,false,,16.90,0.0412,true,1,28952
8410376037784,false,עוגיות סנדוויץ' במיל,,,עוגיות סנדוויץ' במיל,גרמים,250.00,100 גרם,false,,12.90,0.0516,true,1,28953
8410376037883,false,עוגיות עם שבבי שוקול,,,עוגיות עם שבבי שוקול,גרמים,130.00,100 גרם,false,,11.90,0.0915,true,1,28954
8410376044959,false,דיבוס עוגיות ביסקווי,,,דיבוס עוגיות ביסקווי,גרמים,250.00,100 גרם,false,,16.90,0.0676,true,1,28957
8410376047509,false,טוסטדה ללא תוספת סוכ,,,טוסטדה ללא תוספת סוכ,גרמים,400.00,100 גרם,false,,14.90,0.0373,true,1,28958
8410376064438,false,ביסקוויט ללא תוספות,,,ביסקוויט ללא תוספות,גרמים,150.00,100 גרם,false,,16.90,0.1127,true,1,28962
8424842050016,false,חטיף צ'יפס בטעם כמהי,,,חטיף צ'יפס בטעם כמהי,גרמים,130.00,100 גרם,false,,9.90,0.0762,true,1,26419
8424842050030,false,חטיף צ'יפס עם שמן זי,,,חטיף צ'יפס עם שמן זי,גרמים,125.00,100 גרם,false,,9.90,0.0792,true,1,26420
8424842201340,false,חטיף צ'יפס רביו 130,,,חטיף צ'יפס רביו 130,גרמים,130.00,100 גרם,false,,9.90,0.0762,true,1,26422
8435495805168,false,אבקת כביסה תינוקלין,,,אבקת כביסה תינוקלין,קילוגרמים,1.25,"ק""ג",false,,21.90,17.5200,true,1,4708
8435495819363,false,תינוקלין מרכך כביסה,,,תינוקלין מרכך כביסה,ליטרים,1.00,ליטר,false,,14.90,14.9000,true,1,20433
8683130008355,false,מיונז עם שום הלמנס 4,,,מיונז עם שום הלמנס 4,גרמים,400.00,100 גרם,false,,13.90,0.0348,true,1,49169
8683130008935,false,ממרח קטשיונז הלמנס 4,,,ממרח קטשיונז הלמנס 4,גרמים,425.00,100 גרם,false,,13.90,0.0327,true,1,49170
8683323063024,false,יוגטה חיספוסים שטיחי,,,יוגטה חיספוסים שטיחי,גרמים,220.00,100 גרם,false,,5.90,0.0268,true,1,4714
8690504081913,false,טינס מצופה שוקולד חל,,,טינס מצופה שוקולד חל,גרמים,150.00,100 גרם,false,,9.90,0.0660,true,1,22402
8690504081920,false,טינס מצופה שוקולד מר,,,טינס מצופה שוקולד מר,גרמים,150.00,100 גרם,false,,9.90,0.0660,true,1,22403
8690504081937,false,טינס מצופה שוקולד חל,,,טינס מצופה שוקולד חל,גרמים,150.00,100 גרם,false,,9.90,0.0660,true,1,22404
8690504153740,false,טבלת שוקולד מריר עם,,,טבלת שוקולד מריר עם,גרמים,86.00,100 גרם,false,,13.90,0.1616,true,1,9545
8690637503856,false,ממרח הלמנ'ס בקבוק לח,,,ממרח הלמנ'ס בקבוק לח,גרמים,355.00,100 גרם,false,,13.90,0.0392,true,1,49171
8690637704376,false,שמפו יום יומי דאב 60,,,שמפו יום יומי דאב 60,מיליליטרים,600.00,"100 מ""ל",false,,15.90,0.0265,true,1,4040
8690637704390,false,מרכך יום יומי דאב 60,,,מרכך יום יומי דאב 60,מיליליטרים,600.00,"100 מ""ל",false,,15.90,0.0265,true,1,4041
8690637871245,false,מיונז אמיתי הלמנס 39,,,מיונז אמיתי הלמנס 39,גרמים,395.00,100 גרם,false,,13.90,0.0352,true,1,49051
8690637890666,false,מיני מגנום דאבל פיסט,,,מיני מגנום דאבל פיסט,גרמים,282.00,100 גרם,false,,24.90,0.0883,true,1,1814
8690637994029,false,בדין אקסטרא מכך כביס,,,בדין אקסטרא מכך כביס,ליטרים,1.44,ליטר,false,,19.90,13.8194,true,1,20133
8690637994036,false,בדין אקסטרא מרכך כבי,,,בדין אקסטרא מרכך כבי,ליטרים,1.44,ליטר,false,,19.90,13.8194,true,1,20134
8690766156367,false,גודייבה שוקולד חלב מ,,,גודייבה שוקולד חלב מ,גרמים,90.00,100 גרם,false,,14.90,0.1656,true,1,9548
8690766156374,false,גודייבה שוקולד מריר,,,גודייבה שוקולד מריר,גרמים,90.00,100 גרם,false,,14.90,0.1656,true,1,9549
8690766156404,false,גודייבה שוקולד מריר,,,גודייבה שוקולד מריר,גרמים,90.00,100 גרם,false,,14.90,0.1656,true,1,9552
8690777203012,false,פלפל ירוק כבוש סרה 6,,,פלפל ירוק כבוש סרה 6,גרמים,600.00,100 גרם,false,,10.90,0.0182,true,1,1446
8690777206051,false,חציל קלוי על האש סרה,,,חציל קלוי על האש סרה,גרמים,650.00,100 גרם,false,,10.90,0.0168,true,1,1448
8690777221405,false,פלפל אדום קלוי על הא,,,פלפל אדום קלוי על הא,גרמים,650.00,100 גרם,false,,10.90,0.0168,true,1,1449
8690946270074,false,פסטה ספגטי 500 גרם B,,,פסטה ספגטי 500 גרם B,גרמים,500.00,100 גרם,false,,3.90,0.0078,true,1,53475
8690946270111,false,פסטה פוזלי 500 גרם B,,,פסטה פוזלי 500 גרם B,גרמים,500.00,100 גרם,false,,3.90,0.0078,true,1,53476
8690946270241,false,פסטה קונכיות גדולות,,,פסטה קונכיות גדולות,גרמים,500.00,100 גרם,false,,3.90,0.0078,true,1,53477
8690946272207,false,פסטה פנה 500 גרם BAH,,,פסטה פנה 500 גרם BAH,גרמים,500.00,100 גרם,false,,3.90,0.0078,true,1,53478
8690946272320,false,פסטה מקרוני 500 גרם,,,פסטה מקרוני 500 גרם,גרמים,500.00,100 גרם,false,,3.90,0.0078,true,1,53479
8691058141238,false,AVEL ערמונים שלמים ק,,,AVEL ערמונים שלמים ק,גרמים,100.00,100 גרם,false,,4.90,0.0490,true,1,15874
8693323099107,false,יוגטה מרשמלו לבבות 1,,,יוגטה מרשמלו לבבות 1,גרמים,150.00,100 גרם,false,,6.90,0.0460,true,1,4715
8694732005116,false,סבון אסלה כחול שלישי,,,סבון אסלה כחול שלישי,יחידה,0.00,יחידה,false,,10.90,0.0000,true,1,48334
8697530910743,false,פאל מאל בלו,,,פאל מאל בלו,יחידה,0.00,יחידה,false,,29.00,0.0000,false,1,1706
8697530910750,false,פאל מאל בלו ארוך,,,פאל מאל בלו ארוך,יחידה,0.00,יחידה,false,,29.00,0.0000,false,1,1707
8697530911276,false,קנט קצר קופסא בודדת,,,קנט קצר קופסא בודדת,יחידה,0.00,יחידה,false,,36.00,0.0000,false,1,1718
8697826469092,false,טורטיה  540 גרם tort,,,טורטיה  540 גרם tort,גרמים,540.00,100 גרם,false,,9.90,0.0183,true,1,18545
8698996000207,false,מגבות נייר 1/6,,,מגבות נייר 1/6,מטרים,0.00,מטר,false,,10.90,0.0000,true,1,55742
8710428017000,false,משקה להשלמה תזונתית,,,משקה להשלמה תזונתית,גרמים,850.00,100 גרם,false,,79.90,0.0940,true,1,28860
8710502100864,false,מרבה פטיסרי דאבל שוק,,,מרבה פטיסרי דאבל שוק,גרמים,200.00,100 גרם,false,,10.90,0.0545,true,1,21819
8710502260032,false,מרבה עוגיות שוקולד צ,,,מרבה עוגיות שוקולד צ,גרמים,150.00,100 גרם,false,,4.90,0.0327,true,1,21821
8710800027573,false,מיני מנטוס שקית,,,מיני מנטוס שקית,גרמים,178.00,100 גרם,false,,12.90,0.0725,true,1,4716
8711000371183,false,ג'ייקובס קפסולות קפה,,,ג'ייקובס קפסולות קפה,גרמים,52.00,100 גרם,false,,14.90,0.2865,true,1,1973
8711000371206,false,ג'ייקובס קפסולות קפה,,,ג'ייקובס קפסולות קפה,גרמים,52.00,100 גרם,false,,14.90,0.2865,true,1,1974
8712000051099,false,הייניקן בירה 0% בק',,,הייניקן בירה 0% בק',ליטרים,1.98,ליטר,false,,30.90,15.6061,true,1,3528
8712400802499,false,נוטרילון שלב 1- 800,,,נוטרילון שלב 1- 800,גרמים,800.00,100 גרם,false,,59.90,0.0749,true,1,1985
8712400802536,false,נוטרילון שלב 3- 800,,,נוטרילון שלב 3- 800,גרמים,800.00,100 גרם,false,,59.90,0.0749,true,1,1987
8712561626286,false,תחליב רחצה זוהר כמשי,,,תחליב רחצה זוהר כמשי,מיליליטרים,750.00,"100 מ""ל",false,,19.90,0.0265,true,1,4097
8714599412336,false,ג'ייקובס בריסטה אמרי,,,ג'ייקובס בריסטה אמרי,גרמים,160.00,100 גרם,false,,24.90,0.1556,true,1,19281
8714599513781,false,קפה ג'יקובס גולד 200,,,קפה ג'יקובס גולד 200,גרמים,200.00,100 גרם,false,,24.90,0.1245,true,1,1980
8714599513866,false,קפה ג'יקובס קרונונג,,,קפה ג'יקובס קרונונג,גרמים,200.00,100 גרם,false,,24.90,0.1245,true,1,1982
8714789177229,false,מב.שיניים אקסטרא קלי,,,מב.שיניים אקסטרא קלי,יחידה,0.00,יחידה,false,,9.90,0.0000,true,1,8374
8714789303925,false,זוג מברשת שיניים 360,,,זוג מברשת שיניים 360,יחידה,0.00,יחידה,false,,24.90,0.0000,true,1,8378
8714789582764,false,אגקס חלונות 750מל,,,אגקס חלונות 750מל,מיליליטרים,750.00,"100 מ""ל",false,,14.90,0.0199,true,1,8384
8715700110141,false,מיונז היינץ אמיתי צנ,,,מיונז היינץ אמיתי צנ,גרמים,460.00,100 גרם,false,,9.90,0.0215,true,1,2057
8715700110158,false,מיונז היינץ לייט צנצ,,,מיונז היינץ לייט צנצ,גרמים,490.00,100 גרם,false,,9.90,0.0202,true,1,2058
8717163647226,false,ספריי גוף בלאק אקס 1,,,ספריי גוף בלאק אקס 1,מיליליטרים,150.00,"100 מ""ל",false,,11.90,0.0793,true,1,4111
8717163663493,false,רקסונה ספריי אקטיב ל,,,רקסונה ספריי אקטיב ל,מיליליטרים,150.00,"100 מ""ל",false,,12.90,0.0860,true,1,4124
8717163714850,false,דאו' ספריי אוריגינל,,,דאו' ספריי אוריגינל,מיליליטרים,150.00,"100 מ""ל",false,,14.90,0.0993,true,1,20139
8718114734484,false,מיונז מיילי 320 גרם,,,מיונז מיילי 320 גרם,גרמים,320.00,100 גרם,false,,9.90,0.0309,true,1,16299
8718951030206,false,משחת קולגייט סנסטיב,,,משחת קולגייט סנסטיב,מיליליטרים,75.00,"100 מ""ל",false,,17.90,0.2387,true,1,8395
8718951159808,false,מארז שלישייה מברשת 3,,,מארז שלישייה מברשת 3,יחידה,0.00,יחידה,false,,29.90,0.0000,true,1,8405
8718951166288,false,קולגייט משחת שיניים,,,קולגייט משחת שיניים,מיליליטרים,125.00,"100 מ""ל",false,,17.90,0.1432,true,1,8408
8718951236790,false,משחת שיניים קלין מינ,,,משחת שיניים קלין מינ,מיליליטרים,100.00,"100 מ""ל",false,,16.90,0.1690,true,1,8422
8718951236806,false,מש.שיניים להלבנה קול,,,מש.שיניים להלבנה קול,מיליליטרים,100.00,"100 מ""ל",false,,16.90,0.1690,true,1,8423
8718951240742,false,מש.שיניים פסים מרעננ,,,מש.שיניים פסים מרעננ,גרמים,128.00,100 גרם,false,,16.90,0.1320,true,1,8424
8718951315303,false,משחת שיניים קולגייט,,,משחת שיניים קולגייט,מיליליטרים,200.00,"100 מ""ל",false,,19.90,0.0995,true,1,8433
8718951370135,false,פלמוליב ג'ל רחצה ארו,,,פלמוליב ג'ל רחצה ארו,מיליליטרים,750.00,"100 מ""ל",false,,19.90,0.0265,true,1,21844
8718951382664,false,ג'ל רחצה חימר טונוס,,,ג'ל רחצה חימר טונוס,מיליליטרים,750.00,"100 מ""ל",false,,19.90,0.0265,true,1,8443
8718951382718,false,ג'ל רחצה חימר התחדשו,,,ג'ל רחצה חימר התחדשו,מיליליטרים,750.00,"100 מ""ל",false,,19.90,0.0265,true,1,8444
8718951409798,false,קולגייט מברשת שיניים,,,קולגייט מברשת שיניים,יחידה,0.00,יחידה,false,,24.90,0.0000,true,1,21850
8718951431614,false,ג'ל רחצה פלמוליב So,,,ג'ל רחצה פלמוליב So,מיליליטרים,750.00,"100 מ""ל",false,,19.90,0.0265,true,1,21855
8718951433120,false,משחת שיניים קולגייט,,,משחת שיניים קולגייט,מיליליטרים,50.00,"100 מ""ל",false,,17.90,0.3580,true,1,21856
8718951477384,false,משחת שיניים טוטל Pur,,,משחת שיניים טוטל Pur,מיליליטרים,75.00,"100 מ""ל",false,,19.90,0.2653,true,1,21866
8718951498754,false,מברשת שיניים פלקסי פ,,,מברשת שיניים פלקסי פ,יחידה,0.00,יחידה,false,,14.90,0.0000,true,1,21867
8718951509627,false,קולגייט וואייט להסרת,,,קולגייט וואייט להסרת,יחידה,0.00,יחידה,false,,29.90,0.0000,true,1,21868
8719200997998,false,בלו בנד לבישול וטיגו,,,בלו בנד לבישול וטיגו,גרמים,200.00,100 גרם,false,,4.50,0.0225,true,1,2066
8719200998001,false,בלו בנד ללא מלח 200,,,בלו בנד ללא מלח 200,גרמים,200.00,100 גרם,false,,4.50,0.0225,true,1,2067
8719200998018,false,מחמאה מרגרינה בטעם ח,,,מחמאה מרגרינה בטעם ח,גרמים,200.00,100 גרם,false,,4.60,0.0230,true,1,2068
8719200998032,false,מזולה בטעם חמאה 250,,,מזולה בטעם חמאה 250,גרמים,250.00,100 גרם,false,,9.90,0.0396,true,1,2070
8719200998049,false,מזולה בטעם טבעי 250,,,מזולה בטעם טבעי 250,גרמים,250.00,100 גרם,false,,9.90,0.0396,true,1,2071
8719200998094,false,מזולה מרגרינה לאפייה,,,מזולה מרגרינה לאפייה,גרמים,200.00,100 גרם,false,,6.50,0.0325,true,1,2075
8719200998100,false,מזולה מרגרינה לאפייה,,,מזולה מרגרינה לאפייה,גרמים,200.00,100 גרם,false,,6.50,0.0325,true,1,2076
8720181046605,false,דאו' ספריי אוריגינל,,,דאו' ספריי אוריגינל,מיליליטרים,150.00,"100 מ""ל",false,,14.90,0.0993,true,1,20140
8720181201332,false,סבון מוצק גרגירים דא,,,סבון מוצק גרגירים דא,גרמים,400.00,100 גרם,false,,9.90,0.0248,true,1,20143
8720182253156,false,סבון מוצק  מלפפון ות,,,סבון מוצק  מלפפון ות,גרמים,400.00,100 גרם,false,,9.90,0.0248,true,1,20145
8720182256362,false,סבון מוצק קלאסי דאב,,,סבון מוצק קלאסי דאב,גרמים,540.00,100 גרם,false,,19.90,0.0369,true,1,20147
8720182256850,false,סבון מוצק לבן דאב 4*,,,סבון מוצק לבן דאב 4*,גרמים,400.00,100 גרם,false,,9.90,0.0248,true,1,20148
8722700197508,false,גלייז חומץ בלסמי 250,,,גלייז חומץ בלסמי 250,מיליליטרים,250.00,"100 מ""ל",false,,43.90,0.1756,true,1,26424
8801055707966,false,נס קפה טייסטרס צ'ויס,,,נס קפה טייסטרס צ'ויס,גרמים,180.00,100 גרם,false,,29.90,0.1661,true,1,7291
8801055709458,false,נסקפה קפוצ'ינו קרמל,,,נסקפה קפוצ'ינו קרמל,גרמים,170.00,100 גרם,false,,18.90,0.1112,true,1,21227
8801055709472,false,נסקפה קפוצ'ינו קלאסי,,,נסקפה קפוצ'ינו קלאסי,גרמים,185.00,100 גרם,false,,18.90,0.1022,true,1,21229
8803733182577,false,קופסא 2.3 ליטר 825 L,,,קופסא 2.3 ליטר 825 L,יחידה,0.00,יחידה,false,,61.90,0.0000,true,1,42943
8850389103111,false,סאפה משקה אלוורה ענב,,,סאפה משקה אלוורה ענב,מיליליטרים,300.00,"100 מ""ל",false,,6.40,0.0213,true,1,13897
8850389103128,false,סאפה משקה אלוורה תפו,,,סאפה משקה אלוורה תפו,מיליליטרים,300.00,"100 מ""ל",false,,6.40,0.0213,true,1,13898
8850389103159,false,ליצי' משקה עם חתיכות,,,ליצי' משקה עם חתיכות,מיליליטרים,320.00,"100 מ""ל",false,,6.90,0.0216,true,1,25313
8850389104637,false,סאפה משקה אלוורה אפר,,,סאפה משקה אלוורה אפר,מיליליטרים,300.00,"100 מ""ל",false,,6.40,0.0213,true,1,13899
8850389105832,false,סאפה משקה אלוורה תפו,,,סאפה משקה אלוורה תפו,ליטרים,1.00,ליטר,false,,12.70,12.7000,true,1,13901
8850389111352,false,מלון משקה עם חתיכות,,,מלון משקה עם חתיכות,מיליליטרים,320.00,"100 מ""ל",false,,6.90,0.0216,true,1,25314
8851613101378,false,משקה קוקוס ארוי-די,,,משקה קוקוס ארוי-די,מיליליטרים,250.00,"100 מ""ל",false,,9.90,0.0396,true,1,17691
8888021200256,false,AAאנרג'ייזר סוללות מ,,,AAאנרג'ייזר סוללות מ,יחידה,0.00,יחידה,false,,21.90,0.0000,true,1,2350
8901537024014,false,וילי פוד אורז בסמטי,,,וילי פוד אורז בסמטי,גרמים,1000.00,100 גרם,false,,11.90,0.0119,true,1,1453
8934868127130,false,נוזל כלים סאן בניחוח,,,נוזל כלים סאן בניחוח,מיליליטרים,750.00,"100 מ""ל",false,,9.90,0.0132,true,1,27209
9008700128575,false,נקטר פסיפלורה 1 ליטר,,,נקטר פסיפלורה 1 ליטר,ליטרים,1.00,ליטר,false,,9.90,9.9000,true,1,9695
9310072028750,false,טים טם קרם דאבל 200,,,טים טם קרם דאבל 200,גרמים,200.00,100 גרם,false,,19.90,0.0995,true,1,5147
9322969000022,false,פריכיות תירס עם סויה,,,פריכיות תירס עם סויה,גרמים,150.00,100 גרם,false,,12.90,0.0860,true,1,2355
9322969000046,false,פריכיות תירס אורגניו,,,פריכיות תירס אורגניו,גרמים,150.00,100 גרם,false,,12.90,0.0860,true,1,2356
