code,internal_code,name,manufacturer_name,manufacture_country,manufacturer_item_description,unit_qty,quantity,unit_of_measure,weighted,qty_in_package,price,unit_of_measure_price,allow_discount,status,item_id
1,true,אבוקדו,ביכורי השדה הצפון בעמ` 1964,,,"ק""ג",1,,true,1,14.90,14.90,false,1,
2,true,לוף,ביכורי השדה הצפון בעמ` 1964,,,"ק""ג",1,,true,1,14.90,14.90,false,1,
3,true,קישוא זוקיני,ביכורי השדה הצפון בעמ` 1964,,,"ק""ג",1,,true,1,9.90,9.90,false,1,
5,true,אבטיח,ביכורי השדה הצפון בעמ` 1964,,,"ק""ג",0,"ל-100 מ""ל",true,1,7.90,7.90,false,1,
6,true,קישואים,ביכורי השדה הצפון בעמ` 1964,,,"ק""ג",1,,true,1,7.90,7.90,false,1,
7,true,תירס ארוז,ביכורי השדה הצפון בעמ` 1964,,,"ק""ג",3.50,ל-100 גרם,true,1,9.90,2.83,false,1,
8,true,שעועית ירוקה,ביכורי השדה הצפון בעמ` 1964,,,"ק""ג",0,"ק""ג",true,1,19.90,19.90,false,1,
9,true,אשכולית אדומה,ביכורי השדה הצפון בעמ` 1964,,,"ק""ג",1,,true,1,7.90,7.90,false,1,
10,true,אגס,ביכורי השדה הצפון בעמ` 1964,,,"ק""ג",7.50,ל-100 גרם,true,1,12.90,1.72,false,1,
11,true,מנגו,ביכורי השדה הצפון בעמ` 1964,,,"ק""ג",1,,true,1,12.90,12.90,false,1,
12,true,פגויה,ביכורי השדה הצפון בעמ` 1964,,,'יח,1,,true,1,19.90,19.90,false,1,
13,true,"קסביה\תפו""א ירושלמי",ביכורי השדה הצפון בעמ` 1964,,,'יח,1,,true,1,14.90,14.90,false,1,
14,true,אנונה,ביכורי השדה הצפון בעמ` 1964,,,"ק""ג",1,,true,1,29.90,29.90,false,1,
15,true,אבטיח אישי,ביכורי השדה הצפון בעמ` 1964,,,"ק""ג",1,,true,1,6.90,6.90,false,1,
17,true,תו זיכוי,,,,'יח,1,,false,1,4.90,4.90,false,1,
20,true,אננס,ביכורי השדה הצפון בעמ` 1964,,,'יח,1,,false,1,34.90,34.90,false,1,
21,true,פיטיה,ביכורי השדה הצפון בעמ` 1964,,,'יח,1,,false,1,29.90,29.90,false,1,
22,true,גינגר,ביכורי השדה הצפון בעמ` 1964,,,'יח,1,,true,1,29.90,29.90,false,1,
30,true,אפרסמון,ביכורי השדה הצפון בעמ` 1964,,,"ק""ג",1,,true,1,14.90,14.90,false,1,
33,true,שקית,רזפול בע`מ,,,'יח,1,,false,1,0.10,0.10,false,1,
35,true,ארטישוק,ביכורי השדה הצפון בעמ` 1964,,,"ק""ג",1,,true,1,19.90,19.90,false,1,
40,true,אשכולית צהובה,ביכורי השדה הצפון בעמ` 1964,,,"ק""ג",1,,true,1,6.90,6.90,false,1,
45,true,אפרסק,ביכורי השדה הצפון בעמ` 1964,,,"ק""ג",1,,true,1,12.90,12.90,false,1,
55,true,בננה,ביכורי השדה הצפון בעמ` 1964,,,"ק""ג",1,,true,1,9.90,9.90,false,1,
60,true,בצל יבש,ביכורי השדה הצפון בעמ` 1964,,,"ק""ג",1,,true,1,4.90,4.90,false,1,
61,true,בצל יבש סגול,ביכורי השדה הצפון בעמ` 1964,,,"ק""ג",1,,true,1,6.90,6.90,false,1,
62,true,ערמונים,ביכורי השדה הצפון בעמ` 1964,,,'יח,1,,true,1,17.90,17.90,false,1,
75,true,בטטה,ביכורי השדה הצפון בעמ` 1964,,,"ק""ג",1,,true,1,9.90,9.90,false,1,
80,true,גואיבה,ביכורי השדה הצפון בעמ` 1964,,,"ק""ג",1,,true,1,15.90,15.90,false,1,
85,true,גזר ארוז,ביכורי השדה הצפון בעמ` 1964,,,"ק""ג",1,,true,1,4.90,4.90,false,1,
95,true,דלעת,ביכורי השדה הצפון בעמ` 1964,,,"ק""ג",1,,true,1,10.90,10.90,false,1,
100,true,דלורית,ביכורי השדה הצפון בעמ` 1964,,,"ק""ג",1,,true,1,5.90,5.90,false,1,
111,true,פקדון בקבוק חוזר,טמפו משקאות בע`מ,,,'יח,1,,false,1,1.20,1.20,false,1,
112,true,חצילים,ביכורי השדה הצפון בעמ` 1964,,,"ק""ג",1,,true,1,7.90,7.90,false,1,
115,true,חסה ערבית,ביכורי השדה הצפון בעמ` 1964,,,'יח,1,,false,1,5.90,5.90,false,1,
117,true,חסה עגולה,ביכורי השדה הצפון בעמ` 1964,,,'יח,1,,false,1,6.90,6.90,false,1,
120,true,כרוב אדום,ביכורי השדה הצפון בעמ` 1964,,,"ק""ג",1,,true,1,5.90,5.90,false,1,
121,true,כרוב לבן,ביכורי השדה הצפון בעמ` 1964,,,"ק""ג",1,,true,1,4.90,4.90,false,1,
130,true,כרובית,ביכורי השדה הצפון בעמ` 1964,,,"ק""ג",1,,true,1,9.90,9.90,false,1,
135,true,לימון,ביכורי השדה הצפון בעמ` 1964,,,"ק""ג",1,,true,1,7.90,7.90,false,1,
138,true,ברוקולי ארוז,ביכורי השדה הצפון בעמ` 1964,,,'יח,1,,false,1,9.90,9.90,false,1,
150,true,מלון,ביכורי השדה הצפון בעמ` 1964,,,"ק""ג",1,,true,1,7.90,7.90,false,1,
155,true,מלפפון,ביכורי השדה הצפון בעמ` 1964,,,"ק""ג",1,,true,1,5.90,5.90,false,1,
185,true,נקטרינה,ביכורי השדה הצפון בעמ` 1964,,,"ק""ג",1,,true,1,12.90,12.90,false,1,
205,true,סלק אדום,ביכורי השדה הצפון בעמ` 1964,,,"ק""ג",1,,true,1,5.90,5.90,false,1,
215,true,עגבניות,ביכורי השדה הצפון בעמ` 1964,,,"ק""ג",1,"ק""ג",true,1,5.90,5.90,false,1,
217,true,שום טרי ירוק,ביכורי השדה הצפון בעמ` 1964,,,"ק""ג",1,,true,1,19.90,19.90,false,1,
222,true,פקדון בקבוק,החברה המרכזית להפצת משקאות בע`,,,'יח,1,,false,1,0.30,0.30,false,1,
231,true,ענב שחור,ביכורי השדה הצפון בעמ` 1964,,,"ק""ג",10,ל-100 גרם,true,1,24.90,2.49,false,1,
234,true,סל רב פעמי סופר ברקת,סימה,,,'יח,10,ל-100 גרם,false,1,3.90,0.39,true,1,
245,true,פומלית,ביכורי השדה הצפון בעמ` 1964,,,"ק""ג",10,ל-100 גרם,true,1,7.90,0.79,false,1,
250,true,פומלה,ביכורי השדה הצפון בעמ` 1964,,,"ק""ג",1,,true,1,7.90,7.90,false,1,
260,true,לימון ברשת,ביכורי השדה הצפון בעמ` 1964,,,"ק""ג",1,"ק""ג",true,1,5.90,5.90,false,1,
269,true,עגבניה מגי,ביכורי השדה הצפון בעמ` 1964,,,'יח,1,,false,1,16.90,16.90,false,1,
285,true,פלפל אדום,ביכורי השדה הצפון בעמ` 1964,,,"ק""ג",1,,true,1,9.90,9.90,false,1,
290,true,פלפל ירוק כהה,ביכורי השדה הצפון בעמ` 1964,,,"ק""ג",1,,true,1,7.90,7.90,false,1,
295,true,פלפל צהוב,ביכורי השדה הצפון בעמ` 1964,,,"ק""ג",1,,true,1,9.90,9.90,false,1,
300,true,פלפל כתום,ביכורי השדה הצפון בעמ` 1964,,,"ק""ג",1,,true,1,9.90,9.90,false,1,
301,true,חבושים,ביכורי השדה הצפון בעמ` 1964,,,"ק""ג",1,,true,1,15.90,15.90,false,1,
305,true,פלפל בהיר,ביכורי השדה הצפון בעמ` 1964,,,"ק""ג",1,,true,1,8.90,8.90,false,1,
310,true,פלפל חריף ירוק,ביכורי השדה הצפון בעמ` 1964,,,"ק""ג",1,,true,1,9.90,9.90,false,1,
333,true,פיקדון שישייה,יפאורה - שותפות מוגבלת לשיווק,,,'יח,0,'יח,false,1,1.80,1.80,false,1,
335,true,קולורבי,ביכורי השדה הצפון בעמ` 1964,,,"ק""ג",1,,true,1,6.90,6.90,false,1,
344,true,גזר בתפזורת,ביכורי השדה הצפון בעמ` 1964,,,"ק""ג",1,,true,1,5.90,5.90,false,1,
345,true,קיווי,ביכורי השדה הצפון בעמ` 1964,,,"ק""ג",1,,true,1,15.90,15.90,false,1,
350,true,סלק עלים,ביכורי השדה הצפון בעמ` 1964,,,'יח,1,,false,1,6.90,6.90,false,1,
360,true,קלמנטינה,ביכורי השדה הצפון בעמ` 1964,,,"ק""ג",1,,true,1,7.90,7.90,false,1,
365,true,רימון,ביכורי השדה הצפון בעמ` 1964,,,"ק""ג",1,,true,1,8.90,8.90,false,1,
374,true,פטריות שמפניון,ביכורי השדה הצפון בעמ` 1964,,,'יח,1,,false,1,9.90,9.90,false,1,
375,true,שום יבש,ביכורי השדה הצפון בעמ` 1964,,,'יח,1,,false,1,5.90,5.90,false,1,
380,true,שומר,ביכורי השדה הצפון בעמ` 1964,,,"ק""ג",1,,true,1,9.90,9.90,false,1,
396,true,אוכמניות,ביכורי השדה הצפון בעמ` 1964,,,"ק""ג",1,,false,1,13.90,13.90,true,1,
415,true,שזיף אדום,ביכורי השדה הצפון בעמ` 1964,,,"ק""ג",1,,true,1,19.90,19.90,false,1,
416,true,ארגז,החברה המרכזית להפצת משקאות בע`,,,'יח,1,,false,1,19.90,19.90,false,1,
430,true,עגבניה שרי תפזורת מנומר,ביכורי השדה הצפון בעמ` 1964,,,"ק""ג",1,,true,1,19.90,19.90,false,1,
431,true,עגבניות שרי תמר תפזורת,ביכורי השדה הצפון בעמ` 1964,,,"ק""ג",1,,true,1,19.90,19.90,false,1,
435,true,סלרי עלים,ביכורי השדה הצפון בעמ` 1964,,,'יח,1,,false,1,4.90,4.90,false,1,
443,true,תפוח עץ גלה,ביכורי השדה הצפון בעמ` 1964,,,"ק""ג",1,,true,1,10.90,10.90,false,1,
450,true,תפוזים,ביכורי השדה הצפון בעמ` 1964,,,"ק""ג",1,,true,1,6.90,6.90,false,1,
451,true,ת. עץ פינק קריספי,ביכורי השדה הצפון בעמ` 1964,,,"ק""ג",1,,true,1,16.90,16.90,false,1,
466,true,בצל ירוק,ביכורי השדה הצפון בעמ` 1964,,,'יח,1,,false,1,5.90,5.90,false,1,
471,true,תפוח אדמה אדום ארוז,ביכורי השדה הצפון בעמ` 1964,,,"ק""ג",1,,true,1,5.90,5.90,false,1,
472,true,תפוח אדמה לבן,ביכורי השדה הצפון בעמ` 1964,,,"ק""ג",1,,true,1,3.90,3.90,false,1,
490,true,ת.עץ סמיט,ביכורי השדה הצפון בעמ` 1964,,,"ק""ג",1,,true,1,10.90,10.90,false,1,
491,true,ת.עץ זהוב,ביכורי השדה הצפון בעמ` 1964,,,"ק""ג",1,,true,1,9.90,9.90,false,1,
492,true,ת.עץ חרמון,ביכורי השדה הצפון בעמ` 1964,,,"ק""ג",1,,true,1,10.90,10.90,false,1,
555,true,פיקדון רביעייה,ברקת,,,'יח,1,,false,1,1.20,1.20,false,1,
580,true,חלה רגילה,מאפיית י.את א. ברמן בעמ,,,'יח,5,ל-100 גרם,false,1,4.90,0.98,false,1,
588,true,חלה מתוקה,אסול אוכל איכותי בעמ,,,'יח,5,ל-100 גרם,false,1,14.40,2.88,false,1,
666,true,פקדון 12 יח`,ארגמן מיחזור בקבוקים בעמ`,,,'יח,1,,false,1,3.60,3.60,false,1,
777,true,זיכוי אריזה,ברקת,,,'יח,1,,true,1,0.01,0.01,false,1,
888,true,פיקדון 30  אג` 12 יח`,ברקת,,,'יח,1,,false,1,3.60,3.60,false,1,
1010,true,פיקדון 30  אג`זיכוי לקוח,ברקת,,,'יח,1,,false,1,0.30,0.30,false,1,
1020,true,פיקדון 1.2 זיכוי לקוח,ברקת,,,'יח,1,,false,1,1.20,1.20,false,1,
1104,true,פטריות חורש,ביכורי השדה הצפון בעמ` 1964,,,'יח,1,,false,1,8.90,8.90,false,1,
3343,true,משלוח,ברקת,,,'יח,1,,false,1,30,30,true,1,
4545,true,מגבת גוף,הום פרפקט ק.ד.מ בעמ,,,'יח,1,,false,1,29,29,true,1,
6767,true,חלות מאפית ברקת,אסול אוכל איכותי בעמ,,,'יח,1,,false,1,11.10,11.10,true,1,
7958,true,בולגרית%5 מעודנת,החברה המרכזית להפצה,,,"ק""ג",1,,true,1,59.90,59.90,false,1,
7993,true,מארז 5 לחמניות,אסול אוכל איכותי בעמ,,,'יח,1,,false,1,14.40,14.40,false,1,
8888,true,זיכוי אריזה דגים,ב.ס דוקטור דג בעמ,,,'יח,1,,true,1,0.01,0.01,false,1,
10013,true,בגט לבן ארוך,אסול אוכל איכותי בעמ,,,'יח,1,,false,1,6.20,6.20,true,1,
11229,true,בולגרית מעודנת 5% ו %16המושבה,מחלבת המושבה בעמ`,,,"ק""ג",10,ל-100 גרם,true,1,50,5,false,1,
11281,true,גבינה ברינזה צאן המושבה,מחלבת המושבה בעמ`,,,"ק""ג",1,,true,1,85,85,false,1,
11311,true,גבינה פיקרנו כבשים המושבה,מחלבת המושבה בעמ`,,,"ק""ג",1,,true,1,150,150,false,1,
11335,true,גבינה תום כבשים המושבה,מחלבת המושבה בעמ`,,,"ק""ג",2,ל-100 גרם,true,1,150,75,false,1,
11359,true,גאודה עיזים המושבה,מחלבת המושבה בעמ`,,,"ק""ג",1,,true,1,160,160,false,1,
11427,true,אצבעות שוקולד בטעמים המושבה,מחלבת המושבה בעמ`,,,"ק""ג",10,ל-100 גרם,true,1,65,6.50,false,1,
11496,true,גבינה בולגרית קוביות 5% המושבה,מחלבת המושבה בעמ`,,,"ק""ג",10,ל-100 גרם,true,1,50,5,false,1,
11663,true,גבינה צ`דר שכבות צאן המושבה,מחלבת המושבה בעמ`,,,"ק""ג",1,,true,1,150,150,false,1,
23809,true,יין קלאסיק קברנה סובניון,טמפו משקאות בע`מ,,,'יח,7.50,"ל-100 מ""ל",false,1,31.90,4.21,true,1,
24523,true,מיץ ענבים תירוש של סגל 1 ליטר,טמפו משקאות בע`מ,,,'יח,10,"ל-100 מ""ל",false,1,14.90,1.46,false,1,
24530,true,יין אדום מתוק לקידוש[סגל],טמפו משקאות בע`מ,,,'יח,7.50,"ל-100 מ""ל",false,1,15.90,2.08,false,1,
35485,true,רבע כבש טרי,באסם דבאח בעמ,,,"ק""ג",1,,true,1,99.90,99.90,false,1,
40974,true,חלב מפוסטר דל לקטוז 2%,תנובה חלב,,,'יח,10,"ל-100 מ""ל",false,1,6.90,0.69,false,1,
42015,true,חלב 3% שקית מהדרין,תנובה חלב,,,'יח,10,"ל-100 מ""ל",false,1,5.43,0.54,false,1,
43111,true,חמאה מפוסטרת 200 גרם,תנובה חלב,,,'יח,2,ל-100 גרם,false,1,7.90,3.95,false,1,
46327,true,גבינה צהובה גלבוע פרוס 200 גר`,תנובה חלב,,,'יח,2,ל-100 גרם,false,1,12.90,6.45,false,1,
50447,true,יופלה תות 3%,תנובה חלב,,,'יח,5,"ל-100 מ""ל",false,1,13.70,2.74,false,1,
56883,true,יופלה דיאט מארז 6+2,תנובה חלב,,,'יח,8,"ל-100 מ""ל",false,1,31,3.88,false,1,
60781,true,פסטה מסולסלים 500 גרם,קבוצת אסם סחר,,,'יח,5,ל-100 גרם,false,1,5.90,1.18,true,1,
60880,true,פסטה ספגטי 8 500 גרם,קבוצת אסם סחר,,,'יח,5,ל-100 גרם,false,1,5.90,1.18,true,1,
60958,true,איטריות בינוניות 400 גר`,קבוצת אסם סחר,,,'יח,4,ל-100 גרם,false,1,6.90,1.73,true,1,
61025,true,גבינה בולגרית 5% המושבה,מחלבת המושבה בעמ`,,,"ק""ג",10,ל-100 גרם,true,1,50,5,false,1,
61056,true,צפתית פרח 5%,מחלבת המושבה בעמ`,,,"ק""ג",10,ל-100 גרם,true,1,45,4.50,false,1,
61278,true,גבינת שמנת 30% המושבה,מחלבת המושבה בעמ`,,,"ק""ג",10,ל-100 גרם,true,1,45,4.50,false,1,
61360,true,צפתית שום שמיר-קצח,מחלבת המושבה בעמ`,,,"ק""ג",10,ל-100 גרם,true,1,45,4.50,false,1,
61445,true,כדורי לבנה בשמן זית 9% המושבה,מחלבת המושבה בעמ`,,,"ק""ג",10,ל-100 גרם,true,1,140,14,false,1,
61764,true,נסקפה רד מאג 200 גרם,קבוצת אסם סחר,,,'יח,2,ל-100 גרם,false,1,19.90,9.95,true,1,
64496,true,פילה קדמי חווה,תדמיר עד הבית בעמ,,,"ק""ג",0,"ק""ג",true,1,220,220,false,1,
65557,true,מנה חמה קוסקוס 84 גרם,קבוצת אסם סחר,,,'יח,8.40,ל-100 גרם,false,1,6.90,0.82,true,1,
66431,true,פופקו חטיף תירס 80 גרם,קבוצת אסם סחר,,,'יח,0.80,ל-100 גרם,false,1,3.90,4.88,true,1,
68343,true,פרכיות אורז,קבוצת אסם סחר,,,'יח,1.40,ל-100 גרם,false,1,7.90,5.64,false,1,
69364,true,פירכונים אורז,קבוצת אסם סחר,,,'יח,1.40,ל-100 גרם,false,1,7.90,5.64,false,1,
69715,true,חטיפי קרקר מלוח,קבוצת אסם סחר,,,'יח,3,ל-100 גרם,false,1,11.90,3.97,true,1,
72623,true,"קטשופ אסם 750 מ""ל",קבוצת אסם סחר,,,'יח,7.50,ל-100 גרם,false,1,11.90,1.59,true,1,
72753,true,טסטר ציויס 200 גרם,קבוצת אסם סחר,,,'יח,2,ל-100 גרם,false,1,29.90,14.95,false,1,
72968,true,סיני מיניס מפלצות 500 גר`,קבוצת אסם סחר,,,'יח,5,ל-100 גרם,false,1,19.90,3.98,true,1,
78762,true,חטיפי פרכונים מאורז מלא דבש,קבוצת אסם סחר,,,'יח,1,ל-100 גרם,false,1,6.90,6.90,false,1,
85166,true,גטניו פתי בר וניל 400 גר`,מ.ד אטיאס סוכנויות מזון בע`מ,,,'יח,4,ל-100 גרם,false,1,7.90,1.98,false,1,
85173,true,גטניו בר שוקו 400 גר`,מ.ד אטיאס סוכנויות מזון בע`מ,,,'יח,4,ל-100 גרם,false,1,7.90,1.98,false,1,
100128,true,מיקס פירות קפואים,תנובה מרכז שיתופי לשיווק תוצרת,,,'יח,3,ל-100 גרם,false,1,16.90,5.63,true,1,
101927,true,אוכמניות כחולות מוקפא,תנובה מרכז שיתופי לשיווק תוצרת,,,'יח,3,ל-100 גרם,false,1,16.90,5.63,true,1,
104201,true,אפונה עדינה קפואה 600 גרם,תנובה מרכז שיתופי לשיווק תוצרת,,,'יח,6,ל-100 גרם,false,1,17.90,2.98,true,1,
106526,true,לקט לחגיגה ירוקה להקפצה 800 גר`,תנובה מרכז שיתופי לשיווק תוצרת,,,'יח,8,ל-100 גרם,false,1,24.50,3.06,true,1,
111186,true,מיונז אמיתי תלמה 500 גרם,יוניליוור ישראל שיווק בע`מ,,,'יח,5,ל-100 גרם,false,1,9.90,1.98,false,1,
111353,true,מיונז צנצנת 1 קג`,יוניליוור ישראל שיווק בע`מ,,,'יח,10,ל-100 גרם,false,1,16.90,1.69,false,1,
112220,true,בארכה טחינה שומשום טהור 100% 500 גרם,קבוצת אסם סחר,,,'יח,5,ל-100 גרם,false,1,14.90,2.98,false,1,
116204,true,קנור מרק דגש זך בשקית 1 קג,יוניליוור ישראל שיווק בע`מ,,,'יח,10,ל-100 גרם,false,1,19.90,1.99,true,1,
118277,true,קניידל אבקה להכנת כופתאות מצה 130גר כש,יוניליוור ישראל שיווק בע`מ,,,'יח,1.30,ל-100 גרם,false,1,11.90,9.15,false,1,
120836,true,מיונז הלמנס אמיתי צנצנת 394 גרם,יוניליוור ישראל שיווק בע`מ,,,'יח,3.94,ל-100 גרם,false,1,11.90,3.02,true,1,
120874,true,מיונז הלמנס מופחת קלוריות 424 גרם,יוניליוור ישראל שיווק בע`מ,,,'יח,4.24,ל-100 גרם,false,1,11.90,2.81,true,1,
134147,true,מוסקט טחון,תבליני טעם וריח,,,'יח,1,,false,1,13.90,13.90,false,1,
134352,true,קינמון טחון,תבליני טעם וריח,,,'יח,1,,false,1,9.90,9.90,true,1,
134376,true,פפריקה בשמן,תבליני טעם וריח,,,'יח,1,,false,1,9.90,9.90,true,1,
134680,true,קימל שלם,תבליני טעם וריח,,,'יח,1,,false,1,6.90,6.90,false,1,
134758,true,תיבול לתפו`א,תבליני טעם וריח,,,'יח,1,,false,1,9.90,9.90,true,1,
134826,true,זעתר מעורב,תבליני טעם וריח,,,'יח,1,,false,1,9.90,9.90,true,1,
134833,true,כמון טחון,תבליני טעם וריח,,,'יח,1,,false,1,9.90,9.90,true,1,
134840,true,כורכום טחון,תבליני טעם וריח,,,'יח,1,,false,1,9.90,9.90,true,1,
134871,true,פלפל שחור טחון,תבליני טעם וריח,,,'יח,1,,false,1,12.90,12.90,true,1,
134970,true,חוואי`ג במיכל 100 גרם,תבליני טעם וריח,,,'יח,1,,false,1,9.90,9.90,true,1,
134987,true,פלפל שחור גרוס,תבליני טעם וריח,,,'יח,1,,false,1,12.90,12.90,true,1,
135052,true,משקה אנרגיה XL מנגו מוגז פחית 250 מל,טמפו משקאות בע`מ,,,'יח,2.50,"ל-100 מ""ל",false,24,4.90,1.84,true,1,
135113,true,משקה אנרגיה XL מוגז פחית 250 מל נענע ל,טמפו משקאות בע`מ,,,'יח,2.50,"ל-100 מ""ל",false,24,4.90,1.84,true,1,
135465,true,"מי סודה 500 מ""ל טמפו 12 יח`",טמפו משקאות בע`מ,,,'יח,52,"ל-100 מ""ל",false,1,33.20,0.57,true,1,
143187,true,הוואי שמפו+מרכך לגבר 700 מ`ל,הנקל סוד בע`מ,,,'יח,7,"ל-100 מ""ל",false,12,9.90,1.41,true,1,
143194,true,הוואי שמפו+מרכך לשיער רגיל 700מ`ל,הנקל סוד בע`מ,,,'יח,7,"ל-100 מ""ל",false,12,9.90,1.41,true,1,
143200,true,הוואי מרכך לשיער יבש ומסולסל 700מ`ל,הנקל סוד בע`מ,,,'יח,7,"ל-100 מ""ל",false,12,9.90,1.41,true,1,
143217,true,הוואי שמפו לשיער יבש ומסולסל 700 מ`ל,הנקל סוד בע`מ,,,'יח,7,"ל-100 מ""ל",false,12,9.90,1.41,true,1,
143255,true,הוואי שמפו לשיער רגיל 700 מ`ל,הנקל סוד בע`מ,,,'יח,7,"ל-100 מ""ל",false,12,9.90,1.41,true,1,
143262,true,הוואי שמפו לילדים 700 מ`ל,הנקל סוד בע`מ,,,'יח,7,"ל-100 מ""ל",false,12,9.90,1.41,true,1,
143279,true,הוואי שמפו נגד קשקשים 700 מ`ל,הנקל סוד בע`מ,,,'יח,7,"ל-100 מ""ל",false,12,9.90,1.41,true,1,
143286,true,הוואי מרכך לשיער רגיל 700 מ`ל,הנקל סוד בע`מ,,,'יח,7,"ל-100 מ""ל",false,12,9.90,1.41,true,1,
143293,true,הוואי מרכך שיער לילדים 700 מ`ל,הנקל סוד בע`מ,,,'יח,7,"ל-100 מ""ל",false,12,9.90,1.41,true,1,
144474,true,שמן קנולה בריאות 1 ליטר,סוגת,,,'יח,10,"ל-100 מ""ל",false,1,16.90,1.69,true,1,
161358,true,מיונז אמיתי משמן קנולה 500 גרם,יוניליוור ישראל שיווק בע`מ,,,'יח,5,ל-100 גרם,false,1,12.90,2.58,true,1,
168173,true,ברנפלקס 375 גרם,יוניליוור ישראל שיווק בע`מ,,,'יח,3.75,ל-100 גרם,false,1,22.90,6.11,true,1,
185224,true,סילאן לחיץ 650 גר`,תה ויסוצקי בע`מ,,,'יח,6.50,ל-100 גרם,false,1,15.90,2.45,true,1,
187921,true,לילי נייר טואלט לבן קלאסי 32 גלילים,חוגלה קימברלי שיווק בע`מ,,,'יח,19.69,ל-100 גרם,false,1,39.90,2.03,false,1,
187938,true,לילי נייר טואלט פסטל 32 גלילים,חוגלה קימברלי שיווק בע`מ,,,'יח,19.69,ל-100 גרם,false,1,39.90,2.03,false,1,
187952,true,לילי נייר טואלט טריו 32 גלילים,חוגלה קימברלי שיווק בע`מ,,,'יח,17.88,ל-100 גרם,false,1,39.90,2.23,false,1,
189598,true,ניקול מטליות רב שימושיות 50 יח`,חוגלה קימברלי שיווק בע`מ,,,'יח,1,,false,12,10.90,10.90,true,1,
189659,true,ניקול מטליות לחות לרצפה,חוגלה קימברלי שיווק בע`מ,,,'יח,1,,false,12,10.90,10.90,true,1,
191546,true,מגבונים צבעוני לילי שלישיות,חוגלה קימברלי שיווק בע`מ,,,'יח,4.20,ל-100 גרם,false,24,10.90,2.60,false,1,
195216,true,נייר אפייה בשקית 50 יח`,חוגלה קימברלי שיווק בע`מ,,,'יח,1,,false,24,9.90,9.90,false,1,
197326,true,רדיד אלומיניום 30 סמ*7.5מ*2,חוגלה קימברלי שיווק בע`מ,,,'יח,1,,false,12,10.90,10.90,false,1,
197456,true,פרידום דריי שלב 4 44 יח`,חוגלה קימברלי שיווק בע`מ,,,'יח,1,'יח,false,4,43.90,43.90,false,1,
197753,true,ניקול ניילון נצמד אנטיבקט.30מ זוג,חוגלה קימברלי שיווק בע`מ,,,'יח,1,,false,12,10.90,10.90,false,1,
204086,true,כריות קירצוף ארוך 3 יח,חוגלה קימברלי שיווק בע`מ,,,'יח,1,,false,24,10.90,10.90,true,1,
204215,true,ניקול כרית יפנית אריזת 6יח,חוגלה קימברלי שיווק בע`מ,,,'יח,1,,false,24,10.90,10.90,true,1,
204253,true,מטליות ניקול יבש 9 יח`,חוגלה קימברלי שיווק בע`מ,,,'יח,1,,false,24,10.90,10.90,true,1,
204512,true,ניקול מטליות לחות לרצפה ריח לימון,חוגלה קימברלי שיווק בע`מ,,,'יח,1,,false,12,10.90,10.90,true,1,
204611,true,ניקול ספוגית הקסם 6 יח`,חוגלה קימברלי שיווק בע`מ,,,'יח,1,,false,24,11.90,11.90,true,1,
208312,true,גרעיני תירס מתוק בואקום 325 גרם,זנלכול יכין,,,'יח,3.25,ל-100 גרם,false,1,6.50,2,true,1,
208336,true,רסק עגבניות טרי 240 גרם,זנלכול יכין,,,'יח,2.60,ל-100 גרם,false,1,4.90,1.88,true,1,
209012,true,חומץ טבעי 1 ליטר,זנלכול יכין,,,'יח,10,"ל-100 מ""ל",false,1,6.90,0.69,true,1,
209043,true,מיץ לימון משומר 1 ליטר,זנלכול יכין,,,'יח,10,"ל-100 מ""ל",false,1,6.90,0.69,true,1,
209579,true,סירופ דיאט אננס 1 ליטר,זנלכול יכין,,,'יח,1,,false,1,18.90,18.90,false,1,
209722,true,רסק עגבניות פריכוז 580 גרם,זנלכול יכין,,,'יח,5.80,ל-100 גרם,false,1,10.90,1.88,false,1,
209913,true,קוביות עגבניות 260 גרם,זנלכול יכין,,,'יח,2.60,ל-100 גרם,false,1,5.90,2.27,false,1,
209944,true,רוטב עגבניות לשקשוקה 240 גרם,זנלכול יכין,,,'יח,2.60,ל-100 גרם,false,1,5.90,2.27,true,1,
209951,true,רוטב עגבניות לפיצה 240 גרם,זנלכול יכין,,,'יח,2.60,ל-100 גרם,false,1,5.90,2.27,true,1,
211169,true,אורז תאילנדי אחד אחד 1 קג,סוגת,,,'יח,10,ל-100 גרם,false,1,6.90,0.69,true,1,
238173,true,בורקס גבינה 800 גרם קפוא,תנובה מרכז שיתופי לשיווק תוצרת,,,'יח,8,ל-100 גרם,false,14,19.90,2.49,true,1,
238180,true,בורקס תפו`א 800 גרם קפוא,תנובה מרכז שיתופי לשיווק תוצרת,,,'יח,8,ל-100 גרם,false,12,19.90,2.49,true,1,
244082,true,הוואי אל סבון נוזלי כחול *3,הנקל סוד בע`מ,,,'יח,1.50,לליטר,false,8,18.90,12.60,true,1,
245089,true,מרכך כביסה סוד סגול 4 ליטר,גורי שיווק,,,'יח,40,"ל-100 מ""ל",false,6,17.90,0.45,false,1,
245157,true,מרכך כביסה סוד סנסיישין 4 ליטר,גורי שיווק,,,'יח,40,"ל-100 מ""ל",false,1,17.90,0.45,false,1,
245782,true,מרכך כביסה סוד ורוד 4 ליטר,גורי שיווק,,,'יח,40,"ל-100 מ""ל",false,6,17.90,0.45,false,1,
245799,true,מרכך כביסה סוד תכלת 4 ליטר,גורי שיווק,,,'יח,40,"ל-100 מ""ל",false,6,17.90,0.45,false,1,
253374,true,מיני נטיפי שוקולד צ`יפס 66% 250 גר`,תה ויסוצקי בע`מ,,,'יח,2.50,ל-100 גרם,false,1,14.90,5.96,false,1,
272726,true,חומץ טבעי 1 ליטר עסיס 5% כל`פ,קבוצת אסם סחר,,,'יח,10,"ל-100 מ""ל",false,1,6.90,0.69,false,1,
283802,true,חזה עגל עם עצם טרי,עוף ירושלים מהדרין בע`מ,,,"ק""ג",1,,true,1,49.90,49.90,true,1,
283854,true,פילה מדומה טרי,בלדי בע`מ,,,"ק""ג",1,,true,1,59.90,59.90,true,1,
286549,true,מטלית לכל 9 יח רב שימושית,החב. הדרומית לשיווק,,,'יח,1,,false,24,10.90,10.90,false,1,
287409,true,סבון אסלה סנובון תות 3*55 גרם,החב. הדרומית לשיווק,,,'יח,1.65,ל-100 גרם,false,12,11.90,7.21,true,1,
288017,true,סנו JAVEL אקונומיקה בריח לימון 1 ליט,החב. הדרומית לשיווק,,,'יח,10,"ל-100 מ""ל",false,12,8.90,0.89,false,1,
288048,true,סנו Javel קצף ניקוי מונטבלאן 1 ליטר,החב. הדרומית לשיווק,,,'יח,10,"ל-100 מ""ל",false,12,18.90,1.89,true,1,
288352,true,קוטל חרקים K300 סנו מיכל 630 סמ`ק,החב. הדרומית לשיווק,,,'יח,6.30,"ל-100 מ""ל",false,12,21.90,3.48,false,1,
288642,true,מרכך כביסה סנו מקסימה סנסיטיב ורוד 4 ל,החב. הדרומית לשיווק,,,'יח,40,"ל-100 מ""ל",false,6,21.90,0.55,false,1,
289069,true,סנו Javel קצף ניקוי לימון 1 ליטר,החב. הדרומית לשיווק,,,'יח,10,"ל-100 מ""ל",false,12,18.90,1.89,true,1,
289748,true,סנו פורטה פלוס לתנורים 750 מ``ל,החב. הדרומית לשיווק,,,'יח,7.50,"ל-100 מ""ל",false,12,14.90,1.99,false,1,
289885,true,מטהר אויר סנופרש יבש אושן בריז 375 מ,החב. הדרומית לשיווק,,,'יח,3.75,"ל-100 מ""ל",false,12,10.90,2.91,false,1,
293073,true,מרכך כביסה סנו מקסימה ביו לבן 4 ליטר,החב. הדרומית לשיווק,,,'יח,40,"ל-100 מ""ל",false,6,21.90,0.55,false,1,
295367,true,סנו מקסימה אפקט 2.5,החב. הדרומית לשיווק,,,'יח,25,ל-100 גרם,false,6,24.90,1,false,1,
295404,true,רב שקית סושי אשפה בנילון 60 יח 50*70,החב. הדרומית לשיווק,,,'יח,1,,false,12,24.90,24.90,false,1,
295503,true,סנו סושי צמד שקיות אוכל קרטון2*150,החב. הדרומית לשיווק,,,'יח,1,,false,15,14.90,14.90,false,1,
295541,true,סנו רב מגבת ג`מבו 75 דפים,החב. הדרומית לשיווק,,,'יח,3.90,ל-100 גרם,false,1,20.90,5.36,false,1,
295558,true,סנו סושי רדיד אלומיניום צמד 0.30*7.5,החב. הדרומית לשיווק,,,'יח,1,,false,12,11.90,11.90,true,1,
295565,true,סנו רדידי אלומיניום צמד 0.45*7.5,החב. הדרומית לשיווק,,,'יח,1,,false,12,16.90,16.90,false,1,
307220,true,גרעיני תירס מתוק גלילי 340 גרם בדץ,ויטה פרי גליל (החדשה) בע`מ,,,'יח,3.40,ל-100 גרם,false,1,5.90,1.74,true,1,
313290,true,נודלס אטריות מסולסלות להקפצה 200 גרם,קבוצת אסם סחר,,,'יח,2,ל-100 גרם,false,1,9.90,4.95,true,1,
318011,true,נקניקיות ענקניקיה 1קג`,מעדני יחיעם ( 1993 ) בע`מ,,,'יח,10,ל-100 גרם,false,10,19.90,1.99,false,1,
318127,true,נקניקיות ביס 380 גרם שקית,מעדני יחיעם ( 1993 ) בע`מ,,,'יח,3.80,ל-100 גרם,false,1,11.70,3.08,false,1,
318677,true,סלמי סרוולט 150 גרם,מעדני יחיעם ( 1993 ) בע`מ,,,'יח,1.50,ל-100 גרם,false,1,24.90,16.60,true,1,
319063,true,כתף בקר מפולפל 150 גרם,מעדני יחיעם ( 1993 ) בע`מ,,,'יח,1.50,ל-100 גרם,false,1,24.90,16.60,true,1,
319131,true,נקניקיות עוף 400 גרם,מעדני יחיעם ( 1993 ) בע`מ,,,'יח,4,ל-100 גרם,false,1,11.70,2.93,true,1,
319520,true,סלמי צרפתי 100 גרם,מעדני יחיעם ( 1993 ) בע`מ,,,'יח,1,ל-100 גרם,false,1,21.90,21.90,false,1,
341071,true,מרכך כביסה בייבי בדין 2 ליטר,יוניליוור ישראל שיווק בע`מ,,,'יח,20,"ל-100 מ""ל",false,1,18.90,0.95,false,1,
355481,true,רסק עגבניות 570 גרם,ויטה פרי גליל (החדשה) בע`מ,,,'יח,5.70,ל-100 גרם,false,1,5.90,1.04,false,1,
355498,true,רכז עגבניות %28 TOMATO פחית 580 גרם,ויטה פרי גליל (החדשה) בע`מ,,,'יח,5.80,ל-100 גרם,false,1,6.90,1.19,false,1,
364858,true,נקניקיות עוף 1קג`,תנובה מרכז שיתופי לשיווק תוצרת,,,'יח,10,ל-100 גרם,false,1,29.90,2.99,true,1,
364872,true,נקניקיות עוף 400 גרם,תנובה מרכז שיתופי לשיווק תוצרת,,,'יח,4,ל-100 גרם,false,1,12.90,3.23,false,1,
408316,true,דנונה טבעי 3%,שטראוס גרופ בע`מ,,,'יח,2,"ל-100 מ""ל",false,24,3.70,1.85,false,1,
416021,true,ממרח שוקולד השחר  500 גרם,השחר העולה בעמ,,,'יח,5,ל-100 גרם,false,1,13.90,2.78,false,1,
416045,true,"ממרח שוקולד השחר דלי 1 ק""ג",השחר העולה בעמ,,,'יח,1,,false,1,24.90,24.90,false,1,
416618,true,ממרח שוקולד 400 גרם פרווה השחר,השחר העולה בעמ,,,'יח,4,ל-100 גרם,false,1,11.90,2.98,false,1,
416632,true,ממרח שוקולד 1 קג פרווה השחר,השחר העולה בעמ,,,'יח,1,,false,1,24.90,24.90,false,1,
419220,true,קפה לנדוור טורקי 3*100 גרם,ש. שסטוביץ בע`מ,,,'יח,3,ל-100 גרם,false,1,19.90,6.63,false,1,
419374,true,קפה לנדוור טורקי 3*100 גרם בד`צ,ש. שסטוביץ בע`מ,,,'יח,3,למארז,false,1,19.90,6.63,false,1,
436616,true,דובשניות ברמן 180 גר`,ח.כהן סוכנות מזון ומשקאות,,,'יח,4,ל-100 גרם,false,1,6.90,1.73,true,1,
446547,true,חמאת בוטנים טבעית 350 גרם,מ.ד אטיאס סוכנויות מזון בע`מ,,,'יח,3.50,ל-100 גרם,false,1,12.90,3.69,false,1,
450742,true,חזה עגל טרי,באסם דבאח בעמ,,,"ק""ג",1,,true,1,49.90,49.90,false,1,
450759,true,גולש עגל טרי,באסם דבאח בעמ,,,"ק""ג",1,,true,1,59.90,59.90,false,1,
453408,true,בצק פיצה דק ומצונן מוכן לאפייה שמרית,שטראוס גרופ בע`מ,,,'יח,3,ל-100 גרם,false,1,15.90,5.30,true,1,
453415,true,בצק עלים מצונן ומוכן לאפייה שמרית300ג,שטראוס גרופ בע`מ,,,'יח,3,ל-100 גרם,false,1,14.90,4.97,true,1,
453422,true,בצק פילו מוכן לאפייה שמרית 300 גרם,שטראוס גרופ בע`מ,,,'יח,3,ל-100 גרם,false,1,14.90,4.97,true,1,
453781,true,שמרים יבשים 125 גרם שמרית,שטראוס גרופ בע`מ,,,'יח,1.25,ל-100 גרם,false,12,5.90,4.72,false,1,
453866,true,נטורינה קוקוס 200 לאפייה ובישול גר`,שטראוס גרופ בע`מ,,,'יח,2,ל-100 גרם,false,40,7.90,3.95,false,1,
462981,true,זחוק חריף אש  150 גרם,שטראוס גרופ בע`מ,,,'יח,1.50,ל-100 גרם,false,1,8.90,5.93,false,1,
467320,true,חומוס אבו מרוואן צבר 400 גרם,קבוצת אסם סחר,,,'יח,4,ל-100 גרם,false,1,14.90,3.73,false,1,
467511,true,"ביסלי ברביקיו 55 גרם כשל""פ",קבוצת אסם סחר,,,'יח,0.55,ל-100 גרם,false,1,3.90,7.09,true,1,
467887,true,"ביסלי פיצה 55 גרם כשל""פ",קבוצת אסם סחר,,,'יח,0.55,ל-100 גרם,false,1,3.90,7.09,true,1,
468747,true,ביסלי גריל 55 גר`,קבוצת אסם סחר,,,'יח,0.55,ל-100 גרם,false,1,3.90,7.09,true,1,
468877,true,ביסלי בצל 55 גר`,קבוצת אסם סחר,,,'יח,0.55,ל-100 גרם,false,1,3.90,7.09,true,1,
480107,true,קוואקר ש.שועל פחית 500 גרם,שטראוס פריטו ליי בע`מ,,,'יח,5,ל-100 גרם,false,1,13.90,2.78,true,1,
484747,true,ארק עלית 40% 700 מ`ל עם פקק ייחודי,מ.ד אטיאס סוכנויות מזון בע`מ,,,'יח,7,"ל-100 מ""ל",false,1,59.90,8.51,false,1,
493183,true,רוטב פטריות שקית 30 גרם כשלפ,קבוצת אסם סחר,,,'יח,0.30,ל-100 גרם,false,1,4.20,14,false,1,
497044,true,לחם ברמן אקטיב 750 גר`,מאפיית י.את א. ברמן בעמ,,,'יח,7.50,ל-100 גרם,false,1,16.90,2.25,true,1,
497112,true,לחם אחיד פרוס  ברמן 750 גר`,מאפיית י.את א. ברמן בעמ,,,'יח,7.50,ל-100 גרם,false,1,7.11,0.95,false,1,
497198,true,ברמן פיתות אסלי 10יח`,מאפיית י.את א. ברמן בעמ,,,'יח,1,ל-100 גרם,false,1,11.90,11.90,false,1,
497204,true,ברמן פיתות אסלי 5יח`,מאפיית י.את א. ברמן בעמ,,,'יח,1,ל-100 גרם,false,1,6.90,6.90,false,1,
497228,true,לחמניות 6 בשקית,מאפיית י.את א. ברמן בעמ,,,'יח,1,ל-100 גרם,false,1,10.90,10.90,false,1,
497303,true,לחמניות מקמח מלא 6 בשקית,מאפיית י.את א. ברמן בעמ,,,'יח,1,ל-100 גרם,false,1,12.90,12.90,false,1,
497426,true,ברמן לענין פלוס 500 גר`,מאפיית י.את א. ברמן בעמ,,,'יח,5,ל-100 גרם,false,1,15.90,3.18,false,1,
497532,true,ברמן לעניין 750 גר`,מאפיית י.את א. ברמן בעמ,,,'יח,7.50,ל-100 גרם,false,1,15.90,2.12,false,1,
497570,true,לחם דגנים פלוס ברמן 500 גר`,מאפיית י.את א. ברמן בעמ,,,'יח,5,ל-100 גרם,false,1,15.90,3.18,false,1,
498003,true,לחם מקמח מלא E-FREE,מאפיית י.את א. ברמן בעמ,,,'יח,1,ל-100 גרם,false,1,16.90,16.90,false,1,
498034,true,לחם מקמח כוסמין E-FREE,מאפיית י.את א. ברמן בעמ,,,'יח,1,ל-100 גרם,false,1,16.90,16.90,false,1,
498256,true,לחמניות מדברות  10 בשקית,מאפיית י.את א. ברמן בעמ,,,'יח,1,ל-100 גרם,false,1,12.90,12.90,false,1,
518190,true,מתוק וקל סטיביה 100 שקיות,מתוק וקל בע`מ,,,'יח,10,ל-100 גרם,false,1,26.90,2.69,false,1,
518220,true,סוכרה דיאט 100 שקיות 80 גרם,מתוק וקל בע`מ,,,'יח,1,,false,1,26.90,26.90,false,1,
518336,true,MOOOSH צמר גפן מתוק מסיבים תזונתיים 10,מתוק וקל בע`מ,,,'יח,0,ל-100 גרם,false,1,4.90,4.90,false,1,
518879,true,סוכרה דיאט 250 שק`,מתוק וקל בע`מ,,,'יח,1,,false,1,59.90,59.90,false,1,
523125,true,מלח הארץ יבש 250 גרם,סוגת,,,'יח,2.50,ל-100 גרם,false,1,5.50,2.20,false,1,
523224,true,מלח הארץ שולחן מעולה 500 גרם,סוגת,,,'יח,5,ל-100 גרם,false,1,7.90,1.58,false,1,
530598,true,נקניקיות עוף ויינר טרי 500 גרם,נקניק זוגלובק נהריה,,,'יח,5,ל-100 גרם,false,1,14.90,2.98,true,1,
537566,true,נקניקיות עוף טרי 400 גר`,נקניק זוגלובק נהריה,,,'יח,4,ל-100 גרם,false,1,13.90,3.48,true,1,
554402,true,מעדן מלבי חלבי 160 גרם,מחלבות גד בעמ`,,,'יח,1.60,"ל-100 מ""ל",false,1,5.90,3.69,true,1,
554532,true,גבינה צפתית מעודנת 5% 200 גרם,מחלבות גד בעמ`,,,'יח,2,ל-100 גרם,false,1,14.90,7.45,false,1,
554600,true,גבינת מוצרלה מגורדת 22% 300 גרם,מחלבות גד בעמ`,,,'יח,3,ל-100 גרם,false,1,24.90,8.30,false,1,
554624,true,מעדן ירח מתוק %3 150 מל,מחלבות גד בעמ`,,,'יח,1.50,"ל-100 מ""ל",false,1,5.90,3.93,true,1,
554686,true,גבינה לאבנה עם זעתר ושמן זית 250 גרם,מחלבות גד בעמ`,,,'יח,2.50,ל-100 גרם,false,1,13.90,5.56,false,1,
554822,true,גבינת ריקוטה 5% 250 גרם,מחלבות גד בעמ`,,,'יח,2.50,ל-100 גרם,false,1,13.90,5.56,true,1,
554839,true,גבינה מוקצפת מסקרפונה %38 250 גרם,מחלבות גד בעמ`,,,'יח,2.50,ל-100 גרם,false,1,19.90,7.96,false,1,
561141,true,מיקס אגוזים טבעי,בוטנת בעמ חברה לקלייה ואריזת פ,,,'יח,1.50,ל-100 גרם,false,1,19.90,13.27,false,1,
561158,true,תערובת אגוזים וחמוציות 150 גרם,בוטנת בעמ חברה לקלייה ואריזת פ,,,'יח,1.50,ל-100 גרם,false,1,11.90,7.93,true,1,
561332,true,אגוזי מלך קלופים 150 גר`,בוטנת בעמ חברה לקלייה ואריזת פ,,,'יח,1.50,ל-100 גרם,false,1,11.90,7.93,true,1,
561905,true,חמוציות 200 גר`,בוטנת בעמ חברה לקלייה ואריזת פ,,,'יח,2.50,ל-100 גרם,false,1,11.70,4.68,false,1,
572055,true,חלווה ללא תוספת סוכר עם סיבים ואגוזים,אחדות ביתחרושת לטחינה חלבה,,,'יח,4,ל-100 גרם,false,1,14.90,3.73,false,1,
572086,true,טחינה אורגנית 500 גר`,אחדות ביתחרושת לטחינה חלבה,,,'יח,5,ל-100 גרם,false,1,11.90,2.38,false,1,
572208,true,חלבה וניל 100 גרם בד``צ,אחדות ביתחרושת לטחינה חלבה,,,'יח,1,ל-100 גרם,false,1,2.90,2.90,false,1,
572222,true,חלבה בלוק וניל 500 גרם בד``צ,אחדות ביתחרושת לטחינה חלבה,,,'יח,5,ל-100 גרם,false,1,10.90,2.18,false,1,
572628,true,חלבה שומשום לייט 11*25 גרם בד`,אחדות ביתחרושת לטחינה חלבה,,,'יח,2.75,ל-100 גרם,false,1,11.90,4.33,true,1,
572673,true,חלבה וניל קקאו ואגוזים 12*25  ג`בד``,אחדות ביתחרושת לטחינה חלבה,,,'יח,3,ל-100 גרם,false,1,11.90,3.97,true,1,
599977,true,9 כריות יפניות שייני,מ.א. יצור ויבוא מטליות בעמ`,,,'יח,1,,false,1,9.90,9.90,false,1,
644783,true,סלמון מנות קפוא,תנובה מרכז שיתופי לשיווק תוצרת,,,"ק""ג",1,ל-100 גרם,true,1,84.90,84.90,false,1,
658926,true,פילה מרלוזה קפוא,תנובה מרכז שיתופי לשיווק תוצרת,,,"ק""ג",1,"ק""ג",true,1,32.90,32.90,false,1,
659312,true,פילה סלמון קפוא,תנובה מרכז שיתופי לשיווק תוצרת,,,"ק""ג",1,ל-100 גרם,true,1,74.90,74.90,false,1,
662817,true,סלמון מעושן 100 גרם,תנובה מרכז שיתופי לשיווק תוצרת,,,'יח,1,ל-100 גרם,false,1,23.90,23.90,false,1,
663166,true,פילה בקלה דרום אפריקאית קפוא,תנובה מרכז שיתופי לשיווק תוצרת,,,"ק""ג",1,ל-100 גרם,true,1,44.90,44.90,false,1,
688381,true,מי עדן שקט 0.5 ליטר*6 יח` להחזרה,יפאורה - שותפות מוגבלת לשיווק,,,'יח,30,"ל-100 מ""ל",false,1,12.90,0.37,true,1,
688466,true,מי עדן GYM בקבוק 750 מ``ל,יפאורה - שותפות מוגבלת לשיווק,,,'יח,7.50,"ל-100 מ""ל",false,1,6.90,0.88,false,1,
688503,true,מי עדן GYM בקבוק 6*750 מל פיקדון,יפאורה - שותפות מוגבלת לשיווק,,,'יח,45,"ל-100 מ""ל",false,1,16.70,0.33,false,1,
692203,true,אגקס נוזל לניקוי כללי לימון 2 ליטר,ש. שסטוביץ בע`מ,,,'יח,2,לליטר,false,1,23.90,11.95,false,1,
692210,true,אג`קס נוזל לניקוי כללי לבנדר 2 ליטר,ש. שסטוביץ בע`מ,,,'יח,20,"ל-100 מ""ל",false,1,23.90,1.20,false,1,
805597,true,בונזו סניור 7+ 3 קג,שחורי אריה ואנסטסיה,,,'יח,30,ל-100 גרם,false,1,49.90,1.66,false,1,
805870,true,לה קט דגים 1.5 קג,שחורי אריה ואנסטסיה,,,'יח,15,ל-100 גרם,false,1,29.90,1.99,false,1,
805894,true,לה קט עוף 1.5 קג,שחורי אריה ואנסטסיה,,,'יח,15,ל-100 גרם,false,1,29.90,1.99,false,1,
805924,true,מזון חתולים לה קט דגים 2.85 קג,שחורי אריה ואנסטסיה,,,'יח,28.50,ל-100 גרם,false,1,59.90,2.10,false,1,
805931,true,לה קט לח 400 גר ברווז,שחורי אריה ואנסטסיה,,,'יח,4,ל-100 גרם,false,1,6.90,1.73,false,1,
805955,true,לה קט לח 400 גר עוף,שחורי אריה ואנסטסיה,,,'יח,4,ל-100 גרם,false,1,7.90,1.98,false,1,
820026,true,כתף כבש טרי,באסם דבאח בעמ,,,"ק""ג",1,,true,1,89.90,89.90,false,1,
830049,true,צלעות עגל עם עצם טרי,עוף ירושלים מהדרין בע`מ,,,"ק""ג",1,,true,1,49.90,49.90,true,1,
830050,true,צלעות עגל טרי בלי עצם,עוף ירושלים מהדרין בע`מ,,,"ק""ג",1,,true,1,59.90,59.90,true,1,
830063,true,אסאדו עגל טרי,עוף ירושלים מהדרין בע`מ,,,"ק""ג",1,,true,1,59.90,59.90,true,1,
830064,true,כתף עגל טרי,באסם דבאח בעמ,,,"ק""ג",1,,true,1,59.90,59.90,true,1,
830065,true,צלי כתף טרי,עוף ירושלים מהדרין בע`מ,,,"ק""ג",1,,true,1,89.90,89.90,false,1,
830087,true,אוסובוקו טרי,באסם דבאח בעמ,,,"ק""ג",1,,true,1,54.90,54.90,true,1,
830094,true,סטייק אנגוס טרי,באסם דבאח בעמ,,,"ק""ג",1,,true,1,139.90,139.90,false,1,
830100,true,סטייק אנטריקוט עם עצם טרי,באסם דבאח בעמ,,,"ק""ג",1,,true,1,99.90,99.90,false,1,
830124,true,עצם ברך טרי,באסם דבאח בעמ,,,"ק""ג",1,,true,1,24.90,24.90,false,1,
830148,true,סינטה בקר טרי,עוף ירושלים מהדרין בע`מ,,,"ק""ג",1,,true,1,119.90,119.90,true,1,
830150,true,שייטל טרי,באסם דבאח בעמ,,,"ק""ג",10,ל-100 גרם,true,1,89.90,8.99,true,1,
830155,true,כבד עגל טרי לצלייה בלבד,באסם דבאח בעמ,,,"ק""ג",1,,true,1,29.90,29.90,true,1,
830261,true,בשר טחון פרמיום טרי,באסם דבאח בעמ,,,"ק""ג",1,,true,1,45.90,45.90,true,1,
860015,true,עוף מוכשר שלם,קורניש חן (1987) בעמ,,,"ק""ג",1,,true,1,19.90,19.90,false,1,
860016,true,פילה עוף מוכשר,עוף טוב ( שאן) בעמ,,,"ק""ג",1,,true,1,39.90,39.90,false,1,
860022,true,עוף מוכשר מפורק,טל הל יסכה בעמ,,,"ק""ג",1,,true,1,25.90,25.90,false,1,
860039,true,כרעיים עוף מוכשר,קורניש חן (1987) בעמ,,,"ק""ג",1,,true,1,26.90,26.90,true,1,
860046,true,ירכיים עוף מוכשר,טל הל יסכה בעמ,,,"ק""ג",1,,true,1,27.90,27.90,false,1,
860053,true,שוקיים עוף מוכשר,קורניש חן (1987) בעמ,,,"ק""ג",1,,true,1,29.90,29.90,true,1,
860060,true,כנף עוף מוכשר,קורניש חן (1987) בעמ,,,"ק""ג",1,"ק""ג",true,1,9.90,9.90,false,1,
860084,true,סטייק פרגית מוכשר,קורניש חן (1987) בעמ,,,"ק""ג",7.50,ל-100 גרם,true,1,59.90,7.99,false,1,
860107,true,חזה עוף שלם מוכשר,טל הל יסכה בעמ,,,"ק""ג",1,,true,1,32.90,32.90,false,1,
860114,true,שניצל עוף פרוס מוכשר,קורניש חן (1987) בעמ,,,"ק""ג",1,"ק""ג",true,1,39.90,39.90,false,1,
860121,true,טחון עוף,טל הל יסכה בעמ,,,"ק""ג",1,,true,1,33.90,33.90,false,1,
860138,true,כבד עוף טרי[לצליה  בלבד],קורניש חן (1987) בעמ,,,"ק""ג",7,"ל-100 מ""ל",true,1,16.90,2.41,false,1,
860145,true,לב עוף טרי[לצליה  בלבד],קורניש חן (1987) בעמ,,,"ק""ג",7,"ל-100 מ""ל",true,1,27.90,3.99,false,1,
860176,true,קורקבן עוף,קורניש חן (1987) בעמ,,,"ק""ג",1,,true,1,9.90,9.90,false,1,
862149,true,ירך הודו זכר,עוף טוב ( שאן) בעמ,,,"ק""ג",1,,true,1,51.90,51.90,false,1,
870014,true,חזה הודו נקבה.,קורניש חן (1987) בעמ,,,"ק""ג",1,,true,1,28.90,28.90,false,1,
870038,true,שווארמה הודו,קורניש חן (1987) בעמ,,,"ק""ג",1,,true,1,69.90,69.90,false,1,
870069,true,שוקיים הודו,קורניש חן (1987) בעמ,,,"ק""ג",1,,true,1,27.90,27.90,false,1,
870076,true,כנף הודו,קורניש חן (1987) בעמ,,,"ק""ג",1,,true,1,14.90,14.90,false,1,
870083,true,נתחי הודו,קורניש חן (1987) בעמ,,,"ק""ג",1,,true,1,24.90,24.90,false,1,
870151,true,גרון הודו נקבה,טל הל יסכה בעמ,,,"ק""ג",1,,true,1,21.90,21.90,false,1,
870168,true,גרון הודו זכר,קורניש חן (1987) בעמ,,,"ק""ג",1,,true,1,29.90,29.90,false,1,
870175,true,ישבן הודו,קורניש חן (1987) בעמ,,,"ק""ג",1,,true,1,6.90,6.90,false,1,
870199,true,חזה הודו טחון,טל הל יסכה בעמ,,,"ק""ג",1,,true,1,31.90,31.90,false,1,
880012,true,דג אמנון בינוני טרי,ב.ס דוקטור דג בעמ,,,"ק""ג",1,,true,1,29.90,29.90,true,1,
880013,true,דג אמנון רמבו טרי,ב.ס דוקטור דג בעמ,,,"ק""ג",1,,true,1,33.90,33.90,true,1,
880014,true,דג בורי ג`מבו טרי,ב.ס דוקטור דג בעמ,,,"ק""ג",1,,true,1,51.90,51.90,true,1,
880015,true,דג ברמונדי טרי,ב.ס דוקטור דג בעמ,,,"ק""ג",1,,true,1,49.90,49.90,true,1,
880016,true,דג בס טרי,ב.ס דוקטור דג בעמ,,,"ק""ג",1,,true,1,49,49,true,1,
880021,true,דג פילה סלמון טרי,ב.ס דוקטור דג בעמ,,,"ק""ג",1,,true,1,99.90,99.90,true,1,
880022,true,דג קרפיון טרי,ב.ס דוקטור דג בעמ,,,"ק""ג",1,,true,1,29.90,29.90,true,1,
880024,true,דג לברק XL טרי,ב.ס דוקטור דג בעמ,,,"ק""ג",1,,true,1,69.90,69.90,true,1,
880035,true,סלמון שלם טרי,ב.ס דוקטור דג בעמ,,,"ק""ג",1,,true,1,64.90,64.90,true,1,
880044,true,דניס שלם XL,ב.ס דוקטור דג בעמ,,,"ק""ג",1,,true,1,64.90,64.90,true,1,
986708,true,ענבים שחורים,ביכורי השדה הצפון בעמ` 1964,,,"ק""ג",1,,true,1,24.90,24.90,false,1,
993195,true,ענב לבן,ביכורי השדה הצפון בעמ` 1964,,,'יח,1,,false,1,24.90,24.90,false,1,
993461,true,עגבניה שרי פרימיום,ביכורי השדה הצפון בעמ` 1964,,,'יח,1,,false,1,10.90,10.90,false,1,
993560,true,עגבניה שרי ליקופן,ביכורי השדה הצפון בעמ` 1964,,,'יח,1,,false,1,10.90,10.90,false,1,
995410,true,נבטים סינים,ביכורי השדה הצפון בעמ` 1964,,,'יח,1,,false,1,6.90,6.90,false,1,
1133484,true,פילה סלמון נורווגי בוואקום,בלדי בע`מ,,,"ק""ג",1,ל-100 גרם,true,1,79.90,79.90,false,1,
1136294,true,נקה 7 שמפו לשיער יבש 750 מל,החב. הדרומית לשיווק,,,'יח,7.50,"ל-100 מ""ל",false,1,11.90,1.59,true,1,
1136362,true,נקה תחליב רחצה ירוק אלוורה 1 ל`,החב. הדרומית לשיווק,,,'יח,10,לליטר,false,12,13.90,1.39,false,1,
1136683,true,נקה 7 מרכך לכל סוגי השיער 750 מל,החב. הדרומית לשיווק,,,'יח,7.50,"ל-100 מ""ל",false,1,11.90,1.59,true,1,
1136799,true,נקה תחליב רחצה ורוד יסמין 1 ל`,החב. הדרומית לשיווק,,,'יח,10,לליטר,false,12,13.90,1.39,false,1,
1136973,true,נקה תחליב רחצה לבן קמומיל 1 ל`,החב. הדרומית לשיווק,,,'יח,1,,false,12,13.90,13.90,false,1,
1247105,true,ספרינג נקטר אפרסקים קרטון 1 ליטר,יפאורה - שותפות מוגבלת לשיווק,,,'יח,10,"ל-100 מ""ל",false,1,6.90,0.69,true,1,
1247112,true,ספרינג נקטר לימונים קרטון 1 ליטר,יפאורה - שותפות מוגבלת לשיווק,,,'יח,10,"ל-100 מ""ל",false,1,6.90,0.69,true,1,
1247129,true,ספרינג נקטר תפוזים 1 ליטר קרטון,יפאורה - שותפות מוגבלת לשיווק,,,'יח,10,"ל-100 מ""ל",false,1,6.90,0.69,true,1,
1247143,true,ספרינג נקטר תפוחים 1 ליטר,יפאורה - שותפות מוגבלת לשיווק,,,'יח,10,"ל-100 מ""ל",false,1,6.90,0.69,true,1,
1265642,true,שלישיית מעדני לה-קט פטה 3*400 גר,שחורי אריה ואנסטסיה,,,'יח,12,ל-100 גרם,false,1,19.90,1.66,false,1,
1302279,true,במבה קלאסי *60,קבוצת אסם סחר,,,'יח,0.60,ל-100 גרם,false,1,3.90,6.50,true,1,
1305188,true,פלמוליב נוזל כלים צהוב לימון 750 מ``,ש. שסטוביץ בע`מ,,,'יח,7.50,"ל-100 מ""ל",false,1,11.90,1.59,true,1,
1322031,true,כתף קפוא מס`4,בלדי בע`מ,,,"ק""ג",1,,true,1,36.90,36.90,true,1,
1407820,true,בארכה חלבה שאמית 350 גרם,קבוצת אסם סחר,,,'יח,3.50,ל-100 גרם,false,1,15.90,4.54,false,1,
1419779,true,וופל קלאסי 200 גר`,מ.ד אטיאס סוכנויות מזון בע`מ,,,'יח,2,ל-100 גרם,false,1,3.60,1.80,false,1,
1419892,true,וופל קלאסי לימון 200 גר`,מ.ד אטיאס סוכנויות מזון בע`מ,,,'יח,2,ל-100 גרם,false,1,3.60,1.80,false,1,
1436790,true,מרגז מיני אקסטרה חריף 500  גר`קפוא,בלדי בע`מ,,,'יח,5,ל-100 גרם,false,8,27.90,5.58,true,1,
1455418,true,סטייק טונה בוואקום,בלדי בע`מ,,,"ק""ג",1,ל-100 גרם,true,10,39.90,39.90,false,1,
1455456,true,נסיכת הנילוס פרוס,בלדי בע`מ,,,"ק""ג",1,ל-100 גרם,true,1,69.90,69.90,true,1,
1459911,true,לקט ירקות קפוא 800 גר`,בלדי בע`מ,,,'יח,8,ל-100 גרם,false,1,9.90,1.24,false,1,
1459928,true,גזר גמדי 800 גר`,בלדי בע`מ,,,'יח,8,ל-100 גרם,false,12,9.90,1.24,false,1,
1459935,true,אפונה 800 גרם,בלדי בע`מ,,,'יח,8,ל-100 גרם,false,12,9.90,1.24,false,1,
1459942,true,אפונה וגזר שלמה 800 גר`,בלדי בע`מ,,,'יח,8,ל-100 גרם,false,12,9.90,1.24,false,1,
1482186,true,חתיכות אננס בסירופ קל 565 גרם,ג. וילי-פוד אינטרנשיונל בע`מ,,,'יח,5.65,ל-100 גרם,false,1,6.90,1.22,false,1,
1567906,true,פסטרמה מעודנת 200 גרם,מעדני יחיעם ( 1993 ) בע`מ,,,'יח,2,ל-100 גרם,false,1,12.90,6.45,false,1,
1567937,true,נקניק איטלקי מפולפל 200 גר`,מעדני יחיעם ( 1993 ) בע`מ,,,'יח,2,ל-100 גרם,false,1,12.90,6.45,false,1,
1594568,true,בירה קרלסברג פחית להחזרה 500 מל,החברה המרכזית להפצת משקאות בע`,,,'יח,5,"ל-100 מ""ל",false,24,9.20,1.78,false,1,
1594575,true,בירה טובורג פחית להחזרה 500 מל,החברה המרכזית להפצת משקאות בע`,,,'יח,5,"ל-100 מ""ל",false,24,8.90,1.72,true,1,
1594810,true,בירה שחורה מאלטי בקבוק 6*330מל,החברה המרכזית להפצת משקאות בע`,,,'יח,15,"ל-100 מ""ל",false,4,29.90,1.87,true,1,
1594858,true,בירה טובורג בקבוק להחזרה 6*330 מל,החברה המרכזית להפצת משקאות בע`,,,'יח,19.80,"ל-100 מ""ל",false,4,34.90,1.67,true,1,
1594865,true,בירה קרלסברג בקבוק 6*330 מ``,החברה המרכזית להפצת משקאות בע`,,,'יח,19.80,"ל-100 מ""ל",false,4,34.90,1.67,true,1,
1670255,true,כוסות חד פעמי שתיה חמה,הנמל אריזות ושיווק 1984 בע`מ,,,'יח,1,,false,1,13.90,13.90,false,1,
1670668,true,קרחונית 12 יח`,הנמל אריזות ושיווק 1984 בע`מ,,,'יח,1,,false,24,4.90,4.90,false,1,
1696071,true,שקד מולבן שבבים 100 גר`,בוטנת בעמ חברה לקלייה ואריזת פ,,,'יח,2.50,ל-100 גרם,false,1,11.30,4.52,false,1,
1713150,true,מתז אקונומיקה קצף לימון 1 ליטר,קומפלקס כימקלים בעמ`,,,'יח,1,,false,1,9.90,9.90,true,1,
1713167,true,מתז קצף ניקוי 1 ליטר,קומפלקס כימקלים בעמ`,,,'יח,1,,false,1,9.90,9.90,true,1,
1813478,true,עוגיות חיוכים וניל 6  יח `900גרם,שטראוס גרופ בע`מ,,,'יח,9,ל-100 גרם,false,6,21.90,2.43,false,1,
1835340,true,פרמיו לבבות 100 גרם,שחורי אריה ואנסטסיה,,,'יח,1,ל-100 גרם,false,1,16.90,16.90,false,1,
1835357,true,פרמיו מיני 100 ג,שחורי אריה ואנסטסיה,,,'יח,1,ל-100 גרם,false,1,16.90,16.90,false,1,
1835364,true,פרמיו חטיפי ברווז מובחרים,שחורי אריה ואנסטסיה,,,'יח,1,ל-100 גרם,false,1,16.90,16.90,false,1,
1835388,true,פרמיו חטיף סטריפס לכלב 85גר,שחורי אריה ואנסטסיה,,,'יח,0.85,ל-100 גרם,false,1,14.90,17.53,false,1,
1990261,true,חומוס 1 קג`,סוגת,,,'יח,10,ל-100 גרם,false,1,13.90,1.39,false,1,
1990278,true,שעועית לבנה 1קג`,סוגת,,,'יח,10,ל-100 גרם,false,1,16.90,1.69,true,1,
2007029,true,קוקוס 100 גרם,הנמל אריזות ושיווק 1984 בע`מ,,,'יח,1,ל-100 גרם,false,24,3.90,3.90,false,1,
2007746,true,צבע מאכל כחול 55 מ``ל,הנמל אריזות ושיווק 1984 בע`מ,,,'יח,0.55,"ל-100 מ""ל",false,1,3.90,7.09,false,1,
2008088,true,צבע מאכל צהוב 55 מ``ל,הנמל אריזות ושיווק 1984 בע`מ,,,'יח,0.55,"ל-100 מ""ל",false,1,3.90,7.09,false,1,
2008934,true,סוכריות צבעוניות לקישוט,הנמל אריזות ושיווק 1984 בע`מ,,,'יח,2,ל-100 גרם,false,15,7.90,3.95,false,1,
2008989,true,קישקשים 225 יח`,הנמל אריזות ושיווק 1984 בע`מ,,,'יח,1,,false,24,6.90,6.90,false,1,
2019183,true,עגבניות מקולפות 800 גרם פרי ניר,מ.ד אטיאס סוכנויות מזון בע`מ,,,'יח,1,ל-100 גרם,false,1,6.40,6.40,false,1,
2019787,true,רסק עגבניות טבע טרי %22 260 גרם פרי ני,מ.ד אטיאס סוכנויות מזון בע`מ,,,'יח,2.60,ל-100 גרם,false,1,3.90,1.50,true,1,
2019794,true,רסק עגבניות טבע טרי %100 100 גרם פרי,מ.ד אטיאס סוכנויות מזון בע`מ,,,'יח,1,ל-100 גרם,false,1,1.90,1.90,true,1,
2026341,true,ציפס בטטה פלאנק,מוצרי איכות אמריקאים,,,'יח,10,ל-100 גרם,false,1,16.90,1.69,false,1,
2026440,true,פרצלס בראנץ,מוצרי איכות אמריקאים,,,'יח,7,ל-100 גרם,false,1,14.90,2.13,true,1,
2037194,true,לחם שחור מקמח מלא ברמן 750 גר`,מאפיית י.את א. ברמן בעמ,,,'יח,7.50,ל-100 גרם,false,1,12.90,1.72,false,1,
2037309,true,לחמניות המבורגר  8בשקית ברמן,מאפיית י.את א. ברמן בעמ,,,'יח,1,ל-100 גרם,false,1,12.90,12.90,false,1,
2037637,true,חליה מתוקה 4 בשקית ברמן,מאפיית י.את א. ברמן בעמ,,,'יח,1,ל-100 גרם,false,1,12.90,12.90,false,1,
2040095,true,קוסקוס מארז שלישייה,הנמל אריזות ושיווק 1984 בע`מ,,,'יח,3.50,ל-100 גרם,false,8,15.90,4.54,false,1,
2043348,true,ציפס אורז חום מלא ציה וקינואה 60 גר`,א.ל. ייצור ושיווק תבלינים בע`מ,,,'יח,0.60,ל-100 גרם,false,1,7.90,13.17,true,1,
2057017,true,זיתים נובו ענק A-2 יבנה 540 גר`,קבוצת יבנה,,,'יח,5.40,ל-100 גרם,false,1,9.90,1.83,false,1,
2057031,true,זיתים מבוקע פיקנטי A-2 יבנה 540 גר`,קבוצת יבנה,,,'יח,5.60,ל-100 גרם,false,1,9.90,1.77,false,1,
2057048,true,זיתים סורי מבוקע A-2 יבנה 540 גר`,קבוצת יבנה,,,'יח,5.40,ל-100 גרם,false,1,10.90,2.02,false,1,
2057062,true,זיתים מנזלינו ירוק בינוני A-2 יבנה 540 ג,קבוצת יבנה,,,'יח,5.40,ל-100 גרם,false,1,6.90,1.28,false,1,
2057086,true,זיתים מנזלינו גדול 43  או`יבנה,קבוצת יבנה,,,'יח,5.40,ל-100 גרם,false,1,19.90,3.69,false,1,
2057093,true,זיתים מנזלינו ירוק גדול A-2 יבנה 540 ג,קבוצת יבנה,,,'יח,5.40,ל-100 גרם,false,1,8.90,1.65,false,1,
2057123,true,זיתים חרוזית A-2 יבנה 540 גר`,קבוצת יבנה,,,'יח,5.40,ל-100 גרם,false,1,9.90,1.83,true,1,
2057130,true,זיתים חרוזית 43 או`יבנה,קבוצת יבנה,,,'יח,5.40,ל-100 גרם,false,1,22.90,4.24,false,1,
2057185,true,זיתים טבעות ירוקים A-2 יבנה 540 גר`,קבוצת יבנה,,,'יח,5.40,ל-100 גרם,false,1,9.90,1.83,false,1,
2057314,true,מלפפון במלח 15-20 יבנה 1.300 ק`ג,קבוצת יבנה,,,'יח,13,ל-100 גרם,false,1,14.90,1.15,false,1,
2057352,true,מלפפון במלח 7-9 A-2 יבנה 540 גר`,קבוצת יבנה,,,'יח,5.40,ל-100 גרם,false,1,7.90,1.46,false,1,
2057369,true,מלפפון במלח 10-12 A-2 ביבנה 540 גר`,קבוצת יבנה,,,'יח,5.40,ל-100 גרם,false,1,7.90,1.46,false,1,
2057376,true,מלפפון במלח 13-17 A-2 יבנה 540 גר`,קבוצת יבנה,,,'יח,5.40,ל-100 גרם,false,1,10.90,2.02,true,1,
2057383,true,מלפפון במלח 18-25 A-2 יבנה 540 גר`,קבוצת יבנה,,,'יח,5.40,ל-100 גרם,false,1,13.90,2.57,true,1,
2057413,true,מלפפון בחומץ 15-20 יבנה 1.300 ק`ג,קבוצת יבנה,,,'יח,13,ל-100 גרם,false,1,13.40,1.03,false,1,
2057437,true,שיפקונית קבוצת יבנה,קבוצת יבנה,,,'יח,5.40,ל-100 גרם,false,1,10.90,2.02,false,1,
2057451,true,מלפפון בחומץ  %7-9 20 A-2 יבנה,קבוצת יבנה,,,'יח,5.40,ל-100 גרם,false,1,7.90,1.46,false,1,
2057468,true,מלפפון בחומץ 10-12 A-2 יבנה 540,קבוצת יבנה,,,'יח,5.40,ל-100 גרם,false,1,7.90,1.46,false,1,
2057475,true,מלפפון בחומץ 13-17 יבנה 540 גר`,קבוצת יבנה,,,'יח,5.40,ל-100 גרם,false,1,10.90,2.02,true,1,
2057482,true,מלפפון בחומץ 18-25 A-2 יבנה 540 גר`,קבוצת יבנה,,,'יח,5.40,ל-100 גרם,false,1,13.90,2.57,true,1,
2057604,true,שיפקה A-2 יבנה 540 גר`,קבוצת יבנה,,,'יח,5.40,ל-100 גרם,false,1,5.90,1.09,false,1,
2057628,true,זיתים טבעות מושחר A-2 יבנה 540 גר`,קבוצת יבנה,,,'יח,5.40,ל-100 גרם,false,1,9.90,1.83,false,1,
2057703,true,חצילים A-2 יבנה 540 גר`,קבוצת יבנה,,,'יח,5.40,ל-100 גרם,false,1,6.90,1.28,false,1,
2107798,true,גבינה בולגרית בקר 5% בגביע 250 ג,החברה המרכזית להפצה,,,'יח,2.50,ל-100 גרם,false,1,22.90,9.16,false,1,
2129455,true,פיצה איטלקית XL גדולה 450 גר`,נטו מלינדה סחר בע`מ,,,'יח,4.50,ל-100 גרם,false,8,19.90,4.42,false,1,
2130581,true,דבש טהור פרחי בר יד מרדכי 1 ק``ג,שטראוס גרופ בע`מ,,,'יח,10,"ק""ג",false,6,42.90,4.29,false,1,
2132011,true,עוגיות מזרחיות עבאדי 400 גרם,תה ויסוצקי בע`מ,,,'יח,4,ל-100 גרם,false,1,17.90,4.48,false,1,
2157960,true,טונה במים 140  גר`מארז רביעייה ויליגר,נטו מלינדה סחר בע`מ,,,'יח,1.40,ל-100 גרם,false,1,19.90,14.21,false,1,
2190516,true,ממרח ריבת חלב 500 גרם,תומר ייבוא ושיווק מוצרי מזון [,,,'יח,1,,false,12,14.90,14.90,false,1,
2195054,true,המבורגר בלדי 400גר,בלדי בע`מ,,,'יח,4,ל-100 גרם,false,12,11.90,2.98,true,1,
2195078,true,קבב כבש בלדי 400גר,בלדי בע`מ,,,'יח,4,ל-100 גרם,false,12,11.90,2.98,true,1,
2195085,true,קבב מזרחי בלדי 400 גרם,בלדי בע`מ,,,'יח,4,ל-100 גרם,false,12,11.90,2.98,true,1,
2195092,true,קבב רומני בלדי 400גר,בלדי בע`מ,,,'יח,4,ל-100 גרם,false,12,11.90,2.98,true,1,
2259664,true,רדיד אלומיניום דיאמונד 0.60*60,גורי ע.ע.ע. בע`מ,,,'יח,1,'יח,false,1,54.90,54.90,true,1,
2260059,true,במבה יום הולדת *60,קבוצת אסם סחר,,,'יח,0.60,ל-100 גרם,false,1,3.90,6.50,true,1,
2278528,true,כרית שבת קלין 2 יח`,מ.א. יצור ויבוא מטליות בעמ`,,,'יח,2,'יח,false,1,7.90,3.95,false,1,
2327912,true,מיני בורקס גבינה 800 גרם,נטו מלינדה סחר בע`מ,,,'יח,7,ל-100 גרם,false,12,19.90,2.84,true,1,
2331025,true,נביעות מים מינרלים ספורט להחזרה 500מ,החברה המרכזית להפצת משקאות בע`,,,'יח,5,"ל-100 מ""ל",false,24,3.80,0.70,false,1,
2331322,true,נביעות שישייה מים מינרלים שקט 1.5 ל`,החברה המרכזית להפצת משקאות בע`,,,'יח,90,"ל-100 מ""ל",false,1,12.90,0.12,false,1,
2331490,true,נביעות מים מינרלים 1 ליטר פיקדון,החברה המרכזית להפצת משקאות בע`,,,'יח,10,"ל-100 מ""ל",false,15,3.40,0.31,true,1,
2345015,true,סינטה דקדק 250 גר`,נטו מלינדה סחר בע`מ,,,'יח,2.50,ל-100 גרם,false,1,28.90,11.56,true,1,
2409069,true,בורקס ביס גבינה קפוא 800 גר`,ציפור השרון יהוד 1990 בעמ,,,'יח,8,ל-100 גרם,false,1,18.90,2.36,false,1,
2409076,true,ג`חנון בצק 800 גרם,ציפור השרון יהוד 1990 בעמ,,,'יח,8,ל-100 גרם,false,1,13.90,1.74,false,1,
2409274,true,מלווח 800 גרם,ציפור השרון יהוד 1990 בעמ,,,'יח,8,ל-100 גרם,false,1,14.90,1.86,false,1,
2448280,true,חטיף נקניקיות עוף 100גרם,שחורי אריה ואנסטסיה,,,'יח,1,ל-100 גרם,false,1,16.90,16.90,false,1,
2448716,true,חטיף סושי רך לכלב 100 גר,שחורי אריה ואנסטסיה,,,'יח,1,ל-100 גרם,false,1,16.90,16.90,false,1,
2448747,true,חטיף עוף לכלבים קטנים 100 גר,שחורי אריה ואנסטסיה,,,'יח,1,ל-100 גרם,false,1,16.90,16.90,false,1,
2448853,true,חטיף לבבות לכלב 100ג,שחורי אריה ואנסטסיה,,,'יח,1,ל-100 גרם,false,1,16.90,16.90,false,1,
2448860,true,חטיף רצועות סושי לכלב 100ג,שחורי אריה ואנסטסיה,,,'יח,1,ל-100 גרם,false,1,16.90,16.90,false,1,
2448976,true,חטיף משקולות עוף 100גרם,שחורי אריה ואנסטסיה,,,'יח,1,ל-100 גרם,false,1,16.90,16.90,false,1,
2448983,true,חטיף סושי ברווז 100גרם,שחורי אריה ואנסטסיה,,,'יח,1,ל-100 גרם,false,1,16.90,16.90,false,1,
2448990,true,חטיף נקניקיות ברווז 100גרם,שחורי אריה ואנסטסיה,,,'יח,1,ל-100 גרם,false,1,16.90,16.90,false,1,
2453383,true,מרגז טלה 400 גרם,זהר עופות ובשר בעמ,,,'יח,4,ל-100 גרם,false,1,24.90,6.23,false,1,
2453512,true,קבב ביתי גורמה 800 גרם,זהר עופות ובשר בעמ,,,'יח,8,ל-100 גרם,false,1,34.90,4.36,false,1,
2453529,true,אנטריקוט בורגר 400 גרם,זהר עופות ובשר בעמ,,,'יח,4,ל-100 גרם,false,1,21.90,5.48,false,1,
2453697,true,קבב אנטריקוט קצבים עם שומן כבש 400 גר,זהר עופות ובשר בעמ,,,'יח,4,ל-100 גרם,false,1,21.90,5.48,false,1,
2453802,true,"קבב אסלי 1 ק""ג",זהר עופות ובשר בעמ,,,'יח,8,ל-100 גרם,false,1,32.90,4.11,false,1,
2507451,true,דלידג קציצות דג סלומון 750 גרם קפוא,נטו מלינדה סחר בע`מ,,,'יח,7.50,ל-100 גרם,false,8,29.90,3.99,false,1,
2517337,true,אורגנו עלים,תבליני טעם וריח,,,'יח,1,,false,1,5.90,5.90,false,1,
2542780,true,"בירה סטלה ארטואה שישייה 330 מ""ל",תימקו בירה בעמ`,,,'יח,19.80,"ל-100 מ""ל",false,1,34.90,1.67,false,1,
2543046,true,קלוגס פרוסטיס 750 גר`,דיפלומט מפיצים (1968) בע`מ,,,'יח,7.50,ל-100 גרם,false,12,21.90,2.92,false,1,
2543237,true,קלוגס קורנפלקס 750 גרם,דיפלומט מפיצים (1968) בע`מ,,,'יח,7.50,ל-100 גרם,false,1,14.90,1.99,false,1,
2579731,true,נר נשמה שבועי,ח.כהן סוכנות מזון ומשקאות,,,'יח,1,,false,1,9.90,9.90,false,1,
2628064,true,טחון בקר בלדי קפוא 500 גרם,בלדי בע`מ,,,'יח,5,ל-100 גרם,false,12,16.90,3.38,true,1,
2661153,true,לחם דני קל  ברמן 1 קג,מאפיית י.את א. ברמן בעמ,,,'יח,10,ל-100 גרם,false,1,17.90,1.79,true,1,
2661900,true,שמיניות שומשום 6 בשקית,מאפיית י.את א. ברמן בעמ,,,'יח,1,ל-100 גרם,false,1,12.90,12.90,false,1,
2661924,true,לחמניות מזונות 6 בשקית,מאפיית י.את א. ברמן בעמ,,,'יח,1,ל-100 גרם,false,1,12.90,12.90,false,1,
2661931,true,לחמניות פרג 6 בשקית,מאפיית י.את א. ברמן בעמ,,,'יח,1,ל-100 גרם,false,1,12.90,12.90,false,1,
2661948,true,לחמניות כפריות ארוכות 6 בשקית,מאפיית י.את א. ברמן בעמ,,,'יח,1,ל-100 גרם,false,1,12.90,12.90,false,1,
2692478,true,שמן זית כתית מעולה 750 מל מעודן,סוגת,,,'יח,7.50,"ל-100 מ""ל",false,1,32.90,4.39,true,1,
2715528,true,מג`יק ארוחת נודלס בטעם ירקות 70 גרם,נטו מלינדה סחר בע`מ,,,'יח,7,ל-100 גרם,false,12,4.90,0.70,false,1,
2752332,true,סוכריות מנטוס פירות 37 גרם,ליימן שליסל בע`מ,,,'יח,0.3750,ל-100 גרם,false,40,2.90,7.73,true,1,
2752349,true,סוכריות מנטוס מנטה 37 גרם,ליימן שליסל בע`מ,,,'יח,0.3750,ל-100 גרם,false,40,2.90,7.73,true,1,
2766056,true,עגבניה שרי פרימיום,ביכורי השדה הצפון בעמ` 1964,,,'יח,1,,false,1,10.90,10.90,false,1,
2768074,true,דרמפון אלסבון נוזלי 1 ליטר,החב. הדרומית לשיווק,,,'יח,10,לליטר,false,12,16.90,1.69,false,1,
2814054,true,מתז אנטרטיק 1 ליטר,קומפלקס כימקלים בעמ`,,,'יח,10,"ל-100 מ""ל",false,1,9.90,0.99,true,1,
2814078,true,אנטרטיק 1 ליטר,קומפלקס כימקלים בעמ`,,,'יח,10,"ל-100 מ""ל",false,1,8.90,0.89,true,1,
2814412,true,נוזל כלים ליימון ליים 1.6 ליטר,קומפלקס כימקלים בעמ`,,,'יח,16,"ל-100 מ""ל",false,1,9.90,0.62,true,1,
2814436,true,נוזל כלים לימון 1.6 ליטר,קומפלקס כימקלים בעמ`,,,'יח,16,"ל-100 מ""ל",false,1,9.90,0.62,true,1,
2814580,true,טורנדו גרגירים לפתיחת סתימות 200 גר`,קומפלקס כימקלים בעמ`,,,'יח,1,,false,1,12.90,12.90,true,1,
2814603,true,מסיר שומנים סנטמוריץ מבושם 750 סמ``ק,קומפלקס כימקלים בעמ`,,,'יח,1.50,לליטר,false,1,12.90,8.60,true,1,
2814894,true,מתז אקונומיקה קצף לוונדר 1 ליטר,קומפלקס כימקלים בעמ`,,,'יח,1,,false,1,9.90,9.90,true,1,
2814917,true,נוזל ריצפה 4 ליטר לבנדר,קומפלקס כימקלים בעמ`,,,'יח,4,לליטר,false,1,12.90,3.23,true,1,
2814931,true,נוזל ריצפה 4 ליטר ירוק אורנים,קומפלקס כימקלים בעמ`,,,'יח,40,"ל-100 מ""ל",false,1,12.90,0.32,true,1,
2824183,true,גבינת סקי %5 500 גרם,שטראוס גרופ בע`מ,,,'יח,5,ל-100 גרם,false,12,9.90,1.98,false,1,
2859925,true,רצעות בשר לטחינה בלדי,בלדי בע`מ,,,"ק""ג",1,,true,10,38.90,38.90,false,1,
2871361,true,בירה קרלסברג בקבוק חוזר 500 מל,החברה המרכזית להפצת משקאות בע`,,,'יח,5,"ל-100 מ""ל",false,20,7.90,1.34,false,1,
2881506,true,חמאת בוטנים 510 גר`,תומר ייבוא ושיווק מוצרי מזון [,,,'יח,5.10,ל-100 גרם,false,12,9.90,1.94,false,1,
2909569,true,פילה ברבוניה,בלדי בע`מ,,,'יח,1,'יח,false,25,21.90,21.90,false,1,
2909576,true,טחון בקר לקציצות וקבב,בלדי בע`מ,,,'יח,1,,false,12,16.90,16.90,true,1,
2909804,true,פילה  מרלוזה[בקלה] ללא עור ארגטיני,בלדי בע`מ,,,"ק""ג",1,ל-100 גרם,true,1,31.90,31.90,true,1,
2909835,true,שמן זית כתית 750 מל`,בלדי בע`מ,,,'יח,7.50,"ל-100 מ""ל",false,1,26.90,3.59,true,1,
2909880,true,פולי סויה אדממה 400 גר`,בלדי בע`מ,,,'יח,4,ל-100 גרם,false,24,8.90,2.23,false,1,
2909989,true,שעועית ירוקה חתוכה 800 גר`,בלדי בע`מ,,,'יח,8,ל-100 גרם,false,12,9.90,1.24,false,1,
2919179,true,פילה מושט ללא עור,בלדי בע`מ,,,"ק""ג",1,ל-100 גרם,true,1,34.90,34.90,true,1,
2922117,true,עוגיות פרימיום  אקלר,אקלר,,,'יח,3,ל-100 גרם,false,1,22.90,7.63,false,1,
2927044,true,צלי כתף מס 5,זהר עופות ובשר בעמ,,,"ק""ג",1,"ק""ג",true,1,32.90,32.90,false,1,
2927051,true,פילה מדומה מס 6,זהר עופות ובשר בעמ,,,"ק""ג",1,"ק""ג",true,1,32.90,32.90,false,1,
2927105,true,צלי כתף ברשת קפוא,זהר עופות ובשר בעמ,,,"ק""ג",1,"ק""ג",true,1,32.90,32.90,false,1,
2927358,true,סטייק אנטריקוט 800 גרם,זהר עופות ובשר בעמ,,,'יח,8,ל-100 גרם,false,1,29.90,3.74,false,1,
2927464,true,גולש עגל,זהר עופות ובשר בעמ,,,"ק""ג",1,"ק""ג",true,1,29.90,29.90,false,1,
2927471,true,צלי עגל מס 5,זהר עופות ובשר בעמ,,,"ק""ג",1,"ק""ג",true,1,32.90,32.90,false,1,
2927518,true,טבעות פילה עגל קפוא,זהר עופות ובשר בעמ,,,"ק""ג",1,"ק""ג",true,1,34.90,34.90,false,1,
2927655,true,שניצל עגל קפוא,זהר עופות ובשר בעמ,,,"ק""ג",1,"ק""ג",true,1,34.90,34.90,false,1,
2929642,true,טונה קנולה בשמן 4*140 גרם ויליגר,נטו מלינדה סחר בע`מ,,,'יח,5.60,ל-100 גרם,false,12,19.90,3.55,false,1,
2971191,true,"קמח חיטה 1 ק""ג",ח.כהן סוכנות מזון ומשקאות,,,'יח,10,ל-100 גרם,false,1,3.90,0.39,false,1,
2977001,true,סולת 1 קג`,הטחנות הגדולות של ארץ ישראל בע,,,'יח,10,ל-100 גרם,false,1,4.90,0.49,false,1,
2977032,true,סוכר 1 קג`,הטחנות הגדולות של ארץ ישראל בע,,,'יח,10,ל-100 גרם,false,1,4.90,0.49,false,1,
2977193,true,קמח כוסמין מלא 100%,הטחנות הגדולות של ארץ ישראל בע,,,'יח,1,'יח,false,1,13.90,13.90,false,1,
2977278,true,קמח לבן מועשר ללא צורך בניפוי 1 קג`,הטחנות הגדולות של ארץ ישראל בע,,,'יח,1,'יח,false,1,7.90,7.90,false,1,
2977285,true,קמח לבן מלא 100% ללא צורך בניפוי 1 קג`,הטחנות הגדולות של ארץ ישראל בע,,,'יח,10,ל-100 גרם,false,1,5.50,0.55,false,1,
2977322,true,קמח ללא ניפוי 1 קג`,הטחנות הגדולות של ארץ ישראל בע,,,'יח,10,ל-100 גרם,false,1,6.90,0.69,true,1,
2996415,true,לשון בקר מוכשר קפוא,עוף ירושלים מהדרין בע`מ,,,"ק""ג",1,"ק""ג",true,1,34.90,34.90,true,1,
3026227,true,שמפו אל דמע קמיל בלו 1 ליטר,"פישר תעשיות פרמצבטיות בע""מ",,,'יח,10,"ל-100 מ""ל",false,1,29.90,2.99,false,1,
3047642,true,תה ליפטון יילו לייבל 100/1.5 שקיקים,יוניליוור ישראל שיווק בע`מ,,,'יח,1.50,'יח,false,1,14.90,9.93,true,1,
3069590,true,דג סול ארוז קפוא,נטו מלינדה סחר בע`מ,,,"ק""ג",1,ל-100 גרם,false,1,34.90,34.90,false,1,
3072965,true,קבנוס חריף מעושן 120 גר`,תנובה מרכז שיתופי לשיווק תוצרת,,,'יח,1.20,ל-100 גרם,false,1,11.70,9.75,true,1,
3141159,true,יוגטה מרשמלו 180 גרם,ליימן שליסל בע`מ,,,'יח,1.80,ל-100 גרם,false,18,8.90,4.94,true,1,
3142361,true,פופקורן למיקרו מתוק מלוח  6*100 כשלפ,ליימן שליסל בע`מ,,,'יח,6,ל-100 גרם,false,12,14.90,2.48,false,1,
3287253,true,נקניקיות מרגז ארוז 500גר קפוא,בלדי בע`מ,,,'יח,5,ל-100 גרם,false,8,27.90,5.58,true,1,
3287956,true,פילה לברק בוואקום,בלדי בע`מ,,,"ק""ג",1,"ק""ג",true,1,44.90,44.90,false,1,
3329229,true,פילה מדומה  מס`6,בלדי בע`מ,,,"ק""ג",1,,true,1,36.90,36.90,false,1,
3401369,true,קרם לחות ועיצוב לשיער חוחובה 400 מ``,החב. הדרומית לשיווק,,,'יח,4,"ל-100 מ""ל",false,12,19.90,4.98,false,1,
3401376,true,קרם לחות ועיצוב לשיער אלוורה 400 מ``,החב. הדרומית לשיווק,,,'יח,4,"ל-100 מ""ל",false,12,19.90,4.98,false,1,
3401420,true,קרם לחות ועיצוב לשיער סיליקון 400 מל,החב. הדרומית לשיווק,,,'יח,4,"ל-100 מ""ל",false,1,19.90,4.98,false,1,
3401642,true,לחות והזנה לשיער ללא שטיפה לשיער יבש,החב. הדרומית לשיווק,,,'יח,4,"ל-100 מ""ל",false,12,21.90,5.48,false,1,
3411238,true,שמרים נמסים 500 גר`,הנמל אריזות ושיווק 1984 בע`מ,,,'יח,5,ל-100 גרם,false,1,14.90,2.98,false,1,
3411313,true,הנמל מפה מבד לא ארוג 180*120,הנמל אריזות ושיווק 1984 בע`מ,,,'יח,1,,false,30,6.90,6.90,true,1,
3414406,true,ריזס נטיפים לאפייה חמאת בוטנים,ליימן שליסל בע`מ,,,'יח,6.80,ל-100 גרם,false,12,17.90,2.63,true,1,
3427178,true,שמן זית כתית 500 מ`ל,תה ויסוצקי בע`מ,,,'יח,5,"ל-100 מ""ל",false,1,29.90,5.98,true,1,
3456208,true,מעדן בונזו 400 גר עוף,שחורי אריה ואנסטסיה,,,'יח,4,ל-100 גרם,false,1,5.90,1.48,false,1,
3514007,true,מנה שקדי מרק 400 גר`,ש. שסטוביץ בע`מ,,,'יח,4,ל-100 גרם,false,1,8.90,2.23,false,1,
3550753,true,טונה פוסידון בשמן 110 מארז *4,נטו מלינדה סחר בע`מ,,,'יח,4.40,ל-100 גרם,false,16,19.90,4.52,false,1,
3570164,true,מינוט שווארמה פרגית 300 גר` בלדי,בלדי בע`מ,,,'יח,3,ל-100 גרם,false,20,29.90,9.97,false,1,
3570171,true,מינוט שניצל 300 גר` בלדי,בלדי בע`מ,,,'יח,3,ל-100 גרם,false,20,24.90,8.30,false,1,
3570928,true,קבב בלדי קצביה ארוז 500 גר,בלדי בע`מ,,,'יח,5,ל-100 גרם,false,8,27.90,5.58,true,1,
3571109,true,פילה סלמון נוורגי,בלדי בע`מ,,,"ק""ג",1,ל-100 גרם,true,1,79.90,79.90,false,1,
3571116,true,פילה סלמון נוורגי,בלדי בע`מ,,,"ק""ג",1,ל-100 גרם,true,1,79.90,79.90,false,1,
3571550,true,פילה טונה  בוואקום[אלבקור],בלדי בע`מ,,,"ק""ג",1,ל-100 גרם,true,10,44.90,44.90,false,1,
3578108,true,לפתן אננס חתוך בסירופ 850 גרם,ג. וילי-פוד אינטרנשיונל בע`מ,,,'יח,8.50,ל-100 גרם,false,24,8.90,1.05,false,1,
3578177,true,תירס גמדי שלם 410 גרם,ג. וילי-פוד אינטרנשיונל בע`מ,,,'יח,4.10,ל-100 גרם,false,24,6.90,1.68,false,1,
3598311,true,מינוט סטייק 300 גר`,בלדי בע`מ,,,'יח,3,ל-100 גרם,false,20,29.90,9.97,true,1,
3632220,true,שריר הזרוע מס`8,בלדי בע`מ,,,"ק""ג",1,,true,1,34.90,34.90,false,1,
3643004,true,אורז בסמטי הודי אחד אחד 1 קג,סוגת,,,'יח,10,ל-100 גרם,false,1,13.90,1.39,false,1,
3643134,true,סוגת סוכר וניל 10 יח *10גרם,סוגת,,,'יח,1,ל-100 גרם,false,1,2.50,2.50,false,1,
3643769,true,עדשים אדומים 500 גרם,סוגת,,,'יח,5,ל-100 גרם,false,1,7.90,1.58,false,1,
3718610,true,במיה 400 גרם,בלדי בע`מ,,,'יח,4,ל-100 גרם,false,25,9.90,2.48,false,1,
3718627,true,פול ירוק 400 גרם,בלדי בע`מ,,,'יח,4,ל-100 גרם,false,30,9.90,2.48,false,1,
3718993,true,פילה סלמון נורווגי בוואקום,בלדי בע`מ,,,"ק""ג",1,ל-100 גרם,true,1,79.90,79.90,false,1,
3726615,true,טופו ויילר 300 גרם,שטראוס גרופ בע`מ,,,'יח,3,"ל-100 מ""ל",false,1,12.90,4.30,true,1,
3781850,true,קשקבל פרוסות 200 גר`,ג. וילי-פוד אינטרנשיונל בע`מ,,,'יח,5,ל-100 גרם,false,1,19.90,3.98,true,1,
3864478,true,סרדינים בשמן צמחי 120 גרם,ג. וילי-פוד אינטרנשיונל בע`מ,,,'יח,1.20,ל-100 גרם,false,50,4.90,4.08,true,1,
4033705,true,הבורגריה לחמניות המבורגר ביס לוקס 6 בש,מאפיית י.את א. ברמן בעמ,,,'יח,6,ל-100 גרם,false,1,14.90,2.48,false,1,
4033712,true,לחם עננים מקמח מלא 750 גר`,מאפיית י.את א. ברמן בעמ,,,'יח,7.50,ל-100 גרם,false,1,16.90,2.25,true,1,
4033729,true,לחם עננים כוסמין 750 גר`,מאפיית י.את א. ברמן בעמ,,,'יח,7.50,ל-100 גרם,false,1,16.90,2.25,true,1,
4033736,true,לחם עננים בסגנון בריוש,מאפיית י.את א. ברמן בעמ,,,'יח,1,ל-100 גרם,false,1,15.90,15.90,true,1,
4063016,true,.מלח שולחן מעולה 1 ק`ג,סוגת,,,'יח,10,ל-100 גרם,false,1,1.90,0.19,false,1,
4063115,true,מלח מטבח רגיל 1 ק``ג,סוגת,,,'יח,10,ל-100 גרם,false,1,1.90,0.19,false,1,
4064181,true,"מלח צנצנת הימלאיה גס 1 ק""ג",סוגת,,,'יח,6,ל-100 גרם,false,1,16.90,2.82,false,1,
4064198,true,מטחנת מלח אקסטרא תבלינים,סוגת,,,'יח,10,ל-100 גרם,false,1,18.90,1.89,true,1,
4068028,true,צזיקי 500 מ`ל,מחלבות גד בעמ`,,,'יח,2,ל-100 גרם,false,1,9.90,4.95,false,1,
4068035,true,איירן 500 מ`ל,מחלבות גד בעמ`,,,'יח,2,ל-100 גרם,false,1,8.60,4.30,false,1,
4068172,true,יוגורט עזים דלי 600  גר`5%,מחלבות גד בעמ`,,,'יח,6,"ל-100 מ""ל",false,1,18.90,3.15,false,1,
4120566,true,גבינה מלוחה %24 בולגרית 250 גרם,תנובה חלב,,,'יח,2.50,ל-100 גרם,false,1,22.90,9.16,false,1,
4120634,true,גבינה מלוחה בולגרית %5 250 גרם,תנובה חלב,,,'יח,2.50,ל-100 גרם,false,1,21.90,8.76,false,1,
4125400,true,אשל מהדרין %4.5 200 מ``ל גביע,תנובה חלב,,,'יח,2,"ל-100 מ""ל",false,1,1.69,0.85,false,1,
4125417,true,גיל מהדרין %3 200 מ``ל גביע,תנובה חלב,,,'יח,2,"ל-100 מ""ל",false,1,1.51,0.76,false,1,
4125462,true,תנובה שמנת חמוצה %15 500 גרם,תנובה חלב,,,'יח,5,"ל-100 מ""ל",false,1,6,1.20,false,1,
4125578,true,משקה סויה טרי מועשר קרטון 1 ליטר,תנובה חלב,,,'יח,10,"ל-100 מ""ל",false,1,10.90,1.09,false,1,
4125585,true,משקה סויה בטעם וניל 1 קרטון 1 ליטר,תנובה חלב,,,'יח,10,"ל-100 מ""ל",false,1,10.90,1.09,false,1,
4125738,true,"שמנת מתוקה להקצפה 32% 250 מ""ל",תנובה חלב,,,'יח,2.50,"ל-100 מ""ל",false,1,6.40,2.56,false,1,
4129736,true,יופלה White מעודן %1.5 200 גרם,תנובה חלב,,,'יח,2,"ל-100 מ""ל",false,1,5.20,2.60,false,1,
4130794,true,משקה סויה מועשר מופחת מתיקות 1 ליטר,תנובה חלב,,,'יח,10,"ל-100 מ""ל",false,1,10.90,1.09,false,1,
4131074,true,חלב שתייה טרי בקרטון מהדרין 3% 1ליטר,תנובה חלב,,,'יח,10,"ל-100 מ""ל",false,1,6.23,0.62,false,1,
4132552,true,משקה סויה דיאט בטעם טבעי 1 ל`קרטון,תנובה חלב,,,'יח,10,"ל-100 מ""ל",false,1,10.90,1.09,false,1,
4137311,true,גבינת עמק לייט 9% נוחה לפתיחה 400גרם,תנובה חלב,,,'יח,4,ל-100 גרם,false,1,31.90,7.98,false,1,
4256753,true,עלי בצק  לסיגר[פסטליה],נטו מלינדה סחר בע`מ,,,'יח,9,ל-100 גרם,false,1,13.90,1.54,false,1,
4263188,true,כתף כבש עטרה,נטו מלינדה סחר בע`מ,,,"ק""ג",1,"ק""ג",true,1,109.90,109.90,false,1,
4456351,true,שריר הזרוע קפוא אשפר,בלדי בע`מ,,,"ק""ג",1,,true,1,49.90,49.90,false,1,
4456375,true,פילה מדומה קפוא אשפר,בלדי בע`מ,,,'יח,1,,true,1,42.90,42.90,false,1,
4456566,true,צלעות מס 2 קפוא אשפר,בלדי בע`מ,,,'יח,1,,true,1,39.90,39.90,false,1,
4685010,true,שיפון פלוס לחם הארץ 100% 500  גר`,מאפיית י.את א. ברמן בעמ,,,'יח,5,ל-100 גרם,false,1,16.90,3.38,false,1,
4685089,true,הארץ חמניות  750 גר`,מאפיית י.את א. ברמן בעמ,,,'יח,7.50,ל-100 גרם,false,1,16.90,2.25,false,1,
4685126,true,הארץ 5 דגנים ברמן 750 גר`,מאפיית י.את א. ברמן בעמ,,,'יח,7.50,ל-100 גרם,false,1,16.90,2.25,false,1,
4685157,true,הארץ שיפון 100% ברמן 750 גר`,מאפיית י.את א. ברמן בעמ,,,'יח,7.50,ל-100 גרם,false,1,16.90,2.25,false,1,
4685195,true,הארץ 10 דגנים ברמן 750 גר`,מאפיית י.את א. ברמן בעמ,,,'יח,7.50,ל-100 גרם,false,1,16.90,2.25,false,1,
4685201,true,הארץ שיפון אגוזים 500 גר`,מאפיית י.את א. ברמן בעמ,,,'יח,5,ל-100 גרם,false,1,16.90,3.38,false,1,
4685430,true,הארץ כוסמין 100%  ברמן 750 גר`,מאפיית י.את א. ברמן בעמ,,,'יח,7.50,ל-100 גרם,false,1,16.90,2.25,false,1,
4685447,true,לחמניות כוסמין ברמן 6 יח`,מאפיית י.את א. ברמן בעמ,,,'יח,1,ל-100 גרם,false,1,13.90,13.90,false,1,
4685454,true,לחם שיבולת שועל 500 גר`,מאפיית י.את א. ברמן בעמ,,,'יח,5,ל-100 גרם,false,1,17.90,3.58,false,1,
4731557,true,מרכך ומבשם Musk לכביסה 750 מל,החב. הדרומית לשיווק,,,'יח,7.50,"ל-100 מ""ל",false,12,17.90,2.39,true,1,
4731564,true,מרכך ומבשם כביסה BLUE BLOSSOM פרש 750 מל,החב. הדרומית לשיווק,,,'יח,7.50,"ל-100 מ""ל",false,1,17.90,2.39,true,1,
4731687,true,מבשם אויר דואופרש וניל 300 מ``ל,החב. הדרומית לשיווק,,,'יח,3,"ל-100 מ""ל",false,1,11.90,3.97,false,1,
4923099,true,עין גדי מים מינרלים שישיה 2 ליטר,יפאורה - שותפות מוגבלת לשיווק,,,'יח,120,"ל-100 מ""ל",false,1,11.90,0.10,false,1,
5045707,true,פנסי פיסט פיורלי עוף ובקר,שחורי אריה ואנסטסיה,,,'יח,0.58,ל-100 גרם,false,1,5.90,10.17,false,1,
5045804,true,פנסי פיסט פיורלי טונגול טונה,שחורי אריה ואנסטסיה,,,'יח,0.58,ל-100 גרם,false,1,5.90,10.17,false,1,
5046803,true,פנסי פיסט פיורלי עוף וטונה,שחורי אריה ואנסטסיה,,,'יח,0.58,ל-100 גרם,false,1,5.90,10.17,false,1,
5113222,true,מיקס זיתים+גמבה A-2,קבוצת יבנה,,,'יח,5.60,ל-100 גרם,false,1,10.90,1.95,false,1,
5201882,true,קפה טורקי שקית 200 גרם,שטראוס גרופ בע`מ,,,'יח,2.40,ל-100 גרם,false,24,14.90,6.21,true,1,
5271410,true,ביצים ארוזות L 12 יח`,גליקסמן שיווק ביצים [1994] בעמ,,,'יח,1,,false,1,12.05,12.05,false,1,
5271427,true,ביצים ארוזות M 12 יח`,גליקסמן שיווק ביצים [1994] בעמ,,,'יח,1,,false,1,11.15,11.15,false,1,
5358753,true,לשון בקר חלק,נטו מלינדה סחר בע`מ,,,"ק""ג",1,,true,1,34.90,34.90,false,1,
5384837,true,מיץ לימון מלימונים טריים 500 גרם,ג. וילי-פוד אינטרנשיונל בע`מ,,,'יח,5,"ל-100 מ""ל",false,12,7,1.40,false,1,
5384851,true,מיץ לימון משומר 200 מ`ל,ג. וילי-פוד אינטרנשיונל בע`מ,,,'יח,2,"ל-100 מ""ל",false,24,4.80,2.40,false,1,
5387043,true,צלעות  מס`2,בלדי בע`מ,,,"ק""ג",1,,true,1,34.90,34.90,true,1,
5423253,true,מרכך ומבשם כביסה אולטרא פרש 750 מל,החב. הדרומית לשיווק,,,'יח,7.50,"ל-100 מ""ל",false,12,17.90,2.39,true,1,
5423567,true,סנו סושי מטלית בגליל צהוב 40 יח,החב. הדרומית לשיווק,,,'יח,1,,false,15,19.90,19.90,false,1,
5423635,true,ריצפז פלוס נוזל לרצפה דוחה חרקים 2 ל,החב. הדרומית לשיווק,,,'יח,20,"ל-100 מ""ל",false,8,22.90,1.15,true,1,
5423734,true,מרכך כביסה סנו מקסימה כחול אולטרא פרש,החב. הדרומית לשיווק,,,'יח,40,"ל-100 מ""ל",false,6,21.90,0.55,false,1,
5424403,true,כיף סבון נוזלי אצות ים 1 ליטר,החב. הדרומית לשיווק,,,'יח,1,,false,12,12.90,12.90,false,1,
5424847,true,סנו סופט מפיות 30*30 150 יח`,החב. הדרומית לשיווק,,,'יח,1,,false,1,8.90,8.90,false,1,
5425196,true,סנו מקסימה סנסטיב 2.5,החב. הדרומית לשיווק,,,'יח,25,ל-100 גרם,false,6,24.90,1,false,1,
5427107,true,סנו סושי מגבות נייר לבנות 6 יח`,החב. הדרומית לשיווק,,,'יח,5.70,ל-100 גרם,false,1,12.90,2.26,false,1,
5429286,true,סנו מקסימה אבקת כביסה ביו 6גר שקית,החב. הדרומית לשיווק,,,'יח,6,ל-100 גרם,false,3,49.90,8.32,false,1,
5430510,true,נייר טואלט סנו סופט סילק 40  גל`לבן,החב. הדרומית לשיווק,,,'יח,5.70,ל-100 גרם,false,1,43.90,7.70,false,1,
5431883,true,מלבי חלבי 165 גר`,תנובה חלב,,,'יח,1.50,"ל-100 מ""ל",false,1,6.90,4.60,false,1,
5431890,true,בוואריה 95 גר`,תנובה חלב,,,'יח,1.50,"ל-100 מ""ל",false,1,6.90,4.60,false,1,
5431906,true,קדאיף 82 גר`,תנובה חלב,,,'יח,1.50,"ל-100 מ""ל",false,1,6.90,4.60,false,1,
5431913,true,עוגת גבינה פירורים  92 גר`,תנובה חלב,,,'יח,1.50,"ל-100 מ""ל",false,1,6.90,4.60,false,1,
5431920,true,עוגת גבינה פירורים לייט 78 גר`,תנובה חלב,,,'יח,1.50,"ל-100 מ""ל",false,1,6.90,4.60,false,1,
5431968,true,מלבי שמנת 150 גר`,תנובה חלב,,,'יח,1.50,ל-100 גרם,false,1,6.90,4.60,false,1,
5477669,true,דרמפון סבון ללא סבון מועשר בלחות 1 ל,החב. הדרומית לשיווק,,,'יח,1,,false,1,16.90,16.90,false,1,
5559709,true,בורקס פיצה 700 גרם קפוא,תנובה מרכז שיתופי לשיווק תוצרת,,,'יח,7,ל-100 גרם,false,12,25.90,3.70,false,1,
5610509,true,צנונית,ביכורי השדה הצפון בעמ` 1964,,,'יח,1,,false,1,6.90,6.90,false,1,
5651052,true,לה קט מיקס 1.5 קג,שחורי אריה ואנסטסיה,,,'יח,15,ל-100 גרם,false,1,29.90,1.99,false,1,
5651427,true,בונזו מולטיפק 3*400 גר,שחורי אריה ואנסטסיה,,,'יח,12,ל-100 גרם,false,1,17.90,1.49,false,1,
5678318,true,ענב לבן אוטום קריספ,ביכורי השדה הצפון בעמ` 1964,,,"ק""ג",8,ל-100 גרם,true,1,24.90,3.11,false,1,
5678585,true,ענב שחור סקרלוטה,ביכורי השדה הצפון בעמ` 1964,,,"ק""ג",0,"ק""ג",true,1,24.90,24.90,false,1,
5678738,true,ענבים לבנים אררה סוויטיס,ביכורי השדה הצפון בעמ` 1964,,,"ק""ג",0,"ק""ג",true,1,19.90,19.90,false,1,
5678806,true,ענב שחור אדורה,ביכורי השדה הצפון בעמ` 1964,,,"ק""ג",0,"ק""ג",true,1,29.90,29.90,false,1,
5678974,true,עליי מנגולד,ביכורי השדה הצפון בעמ` 1964,,,'יח,1,,false,1,6.90,6.90,false,1,
5896415,true,פחית איגל ירוק 500 מל,טמפו משקאות בע`מ,,,'יח,5,"ל-100 מ""ל",false,24,6.90,1.32,true,1,
5896439,true,בירה מכבי בקבוק להחזרה 500 מ`ל,טמפו משקאות בע`מ,,,'יח,5,"ל-100 מ""ל",false,20,7.80,1.32,true,1,
5896453,true,מכבי 7.9% חוזר 500 מל`,טמפו משקאות בע`מ,,,'יח,5,"ל-100 מ""ל",false,20,6.80,1.12,true,1,
5951022,true,דלעת חתוכה,ביכורי השדה הצפון בעמ` 1964,,,"ק""ג",1,,true,1,10.90,10.90,false,1,
5951039,true,כרובית,ביכורי השדה הצפון בעמ` 1964,,,"ק""ג",1,,true,1,10.90,10.90,false,1,
5992575,true,גבינה בולגרית למריחה 5% 250 גרם,מחלבות גד בעמ`,,,'יח,2.50,ל-100 גרם,false,1,15.90,6.36,false,1,
5992735,true,גבינה לאבנה טבעי 250 גרם,מחלבות גד בעמ`,,,'יח,2.50,ל-100 גרם,false,1,11.90,4.76,false,1,
5996078,true,סרוולט הונגרי 125 גר`,מעדני יחיעם ( 1993 ) בע`מ,,,'יח,1.25,ל-100 גרם,false,1,24.90,19.92,false,1,
5996153,true,נקניקיות צרפתיות פרימיום 280 גר`,מעדני יחיעם ( 1993 ) בע`מ,,,'יח,2.80,ל-100 גרם,false,1,22.90,8.18,true,1,
5996160,true,.נקניקיות צוריסוס פרימיום 280 גר`,מעדני יחיעם ( 1993 ) בע`מ,,,'יח,2.80,ל-100 גרם,false,1,22.90,8.18,true,1,
5996221,true,פסטרמה של פעם דק דק 120 גר`,מעדני יחיעם ( 1993 ) בע`מ,,,'יח,1.20,ל-100 גרם,false,1,14.90,12.42,true,1,
5996740,true,סלמי פפרוני 300 גר`,מעדני יחיעם ( 1993 ) בע`מ,,,'יח,3,ל-100 גרם,false,1,22.90,7.63,true,1,
6199027,true,מאגדת גלידל גלית תות  8 יח`,פלקו בעמ חברה ישראלית,,,'יח,1,ל-100 גרם,false,1,29.90,29.90,false,1,
6229588,true,פחית איגל ירוק 500 מל,טמפו משקאות בע`מ,,,'יח,5,"ל-100 מ""ל",false,24,6.90,1.32,true,1,
6265500,true,פטריות שמפניון ארוז,ביכורי השדה הצפון בעמ` 1964,,,'יח,1,,false,1,9.90,9.90,false,1,
6272072,true,חטיפי פיצה מרובעים אישי 24 יח 650 גר קפו,תנובה מרכז שיתופי לשיווק תוצרת,,,'יח,6.50,ל-100 גרם,false,8,29.90,4.60,false,1,
6272430,true,בצק עלים חמאה 600 גרם קפוא,תנובה מרכז שיתופי לשיווק תוצרת,,,'יח,6,ל-100 גרם,false,9,28.80,4.80,false,1,
6492432,true,בייבי מוצרלה %18 150 גרם,מחלבות גד בעמ`,,,'יח,1.50,ל-100 גרם,false,1,12.90,8.60,false,1,
6492616,true,גבינה בולגרית מעודנת בפרוסות 5% 250ג,מחלבות גד בעמ`,,,'יח,2.50,ל-100 גרם,false,1,25.90,10.36,false,1,
6492630,true,גליל גד עז גבינה מחלב עיזים 22% 180ג,מחלבות גד בעמ`,,,'יח,0.80,ל-100 גרם,false,1,21.90,27.38,true,1,
6492852,true,גבינת עזים למריחה 5% 250 גרם,מחלבות גד בעמ`,,,'יח,2.50,ל-100 גרם,false,1,17.90,7.16,true,1,
6492913,true,גבינת לאבנה צזיקי למריחה 5% 250 גרם,מחלבות גד בעמ`,,,'יח,2.50,ל-100 גרם,false,1,12.90,5.16,false,1,
6511683,true,פולי סויה ירוקים קפואים 454 גרם,ג. וילי-פוד אינטרנשיונל בע`מ,,,'יח,4.54,ל-100 גרם,false,1,9.90,2.18,true,1,
6546302,true,צ`יפס קייטרינג 1.5 ק`ג,ויטה פרי גליל (החדשה) בע`מ,,,'יח,15,ל-100 גרם,false,8,17.90,1.19,false,1,
6546500,true,צ`יפס זיגזג 800 גר`,ויטה פרי גליל (החדשה) בע`מ,,,'יח,8,ל-100 גרם,false,15,9.90,1.24,false,1,
6546982,true,לקט סיני  800 גרם,ויטה פרי גליל (החדשה) בע`מ,,,'יח,8,ל-100 גרם,false,1,12.90,1.61,false,1,
6618078,true,אסטוניש לניקוי יסודי מתז 750 מל,יעקב יעקבי ובניו בע`מ,,,'יח,7.50,"ל-100 מ""ל",false,1,11.90,1.59,false,1,
6739346,true,נקניקיות פרגיות 400 גרם,נקניק זוגלובק נהריה,,,'יח,4,ל-100 גרם,false,1,13.90,3.48,true,1,
6739445,true,שניצל תירס קלאסי 750 גרם,נקניק זוגלובק נהריה,,,'יח,7.50,ל-100 גרם,false,1,26.90,3.59,true,1,
6764058,true,בירה נשר בקבוק 500 מל,טמפו משקאות בע`מ,,,'יח,5,"ל-100 מ""ל",false,20,5.80,0.92,false,1,
6764065,true,בירה נשר מאלט שחורה בקבוק 500 מל,טמפו משקאות בע`מ,,,'יח,5,"ל-100 מ""ל",false,20,5.80,0.92,false,1,
6764072,true,בירה גולדסטאר בקבוק 500 מל,טמפו משקאות בע`מ,,,'יח,5,"ל-100 מ""ל",false,20,6.80,1.12,true,1,
6764485,true,בירה נשר מאלט שחורה בק `6*330מל,טמפו משקאות בע`מ,,,'יח,15,"ל-100 מ""ל",false,1,28.90,1.81,false,1,
6784360,true,חלונית לניקוי חלונות 1 ל`,קומפלקס כימקלים בעמ`,,,'יח,10,"ל-100 מ""ל",false,1,8.90,0.89,true,1,
6784865,true,מתז 1 ליטר מטבחים תכשיר מרוכז ועוצמתי,קומפלקס כימקלים בעמ`,,,'יח,1,,false,1,9.90,9.90,true,1,
6788399,true,דאודורנט נושם Clear רול און לבן 75מ`,החב. הדרומית לשיווק,,,'יח,0.75,ל-100 גרם,false,12,12.90,17.20,true,1,
6788405,true,דאודורנט נושם Nature רול און ורוד 75,החב. הדרומית לשיווק,,,'יח,0.75,ל-100 גרם,false,12,12.90,17.20,true,1,
6788412,true,דאודורנט נושם Aqua רול און כחול 75מ`,החב. הדרומית לשיווק,,,'יח,0.75,ל-100 גרם,false,12,12.90,17.20,false,1,
6822192,true,נקטר חמוציות דיאט 1 ליטר,החברה המרכזית להפצת משקאות בע`,,,'יח,10,"ל-100 מ""ל",false,12,12.20,1.19,true,1,
6900418,true,לבבות קיסר,ביכורי השדה הצפון בעמ` 1964,,,'יח,1,,false,1,8.90,8.90,false,1,
6908377,true,שקד טבעי 150  גרם,בוטנת בעמ חברה לקלייה ואריזת פ,,,'יח,1.50,ל-100 גרם,false,1,15.90,10.60,false,1,
6908384,true,פיסטוק חלבי 150גר פיצוחי חממה,בוטנת בעמ חברה לקלייה ואריזת פ,,,'יח,1.50,ל-100 גרם,false,1,19.90,13.27,false,1,
6908391,true,קשיו קלוי 150  גרם פיצוחי חממה,בוטנת בעמ חברה לקלייה ואריזת פ,,,'יח,1.50,ל-100 גרם,false,1,14.90,9.93,true,1,
6941466,true,"שמן קנולה 1  ליטר""שווה""",ח.כהן סוכנות מזון ומשקאות,,,'יח,10,"ל-100 מ""ל",false,1,8.90,0.89,false,1,
8021043,true,שמפו פינוק לשיער רגיל 700 גרם,יוניליוור ישראל שיווק בע`מ,,,'יח,7,"ל-100 מ""ל",false,1,11.90,1.70,true,1,
8101264,true,זרעי צ`יה 150 גר`,א.ל. ייצור ושיווק תבלינים בע`מ,,,'יח,1.50,ל-100 גרם,false,1,14.90,9.93,false,1,
8175173,true,חמאה מפינלנד 200 גר` ללא מלח,ג. וילי-פוד אינטרנשיונל בע`מ,,,'יח,2,ל-100 גרם,false,1,11.90,5.95,false,1,
8175814,true,פטריות שמפיניון חתוכות 400 גרם,ג. וילי-פוד אינטרנשיונל בע`מ,,,'יח,4,ל-100 גרם,false,24,4.90,1.23,false,1,
8343565,true,סיגרים במילוי תפו``א 1 ק``ג קפוא,נטו מלינדה סחר בע`מ,,,'יח,10,ל-100 גרם,false,8,19.90,1.99,false,1,
8343602,true,קובה במילוי בשר 1 ק``ג קפוא,נטו מלינדה סחר בע`מ,,,'יח,10,ל-100 גרם,false,8,19.90,1.99,false,1,
8409100,true,אצבעות שניצל בציפוי שומשום 700 גרם קפוא,תנובה מרכז שיתופי לשיווק תוצרת,,,'יח,7,ל-100 גרם,false,10,34.90,4.99,false,1,
8409407,true,שניצל דק בציפוי צ`יפס 700גר קפוא,תנובה מרכז שיתופי לשיווק תוצרת,,,'יח,7,ל-100 גרם,false,1,41.90,5.99,true,1,
8443616,true,נקה 7 מרכך לשיער יבש 750 מל,החב. הדרומית לשיווק,,,'יח,7.50,"ל-100 מ""ל",false,1,11.90,1.59,true,1,
8443630,true,נקה 7 שמפו לשיער מתולתל 750 מל,החב. הדרומית לשיווק,,,'יח,7.50,"ל-100 מ""ל",false,12,11.90,1.59,true,1,
8462204,true,חרדל דיז`ון מקורי 380 גר`,א.סיימן סחר בעמ,,,'יח,3.80,ל-100 גרם,false,1,15.90,4.18,true,1,
8464024,true,בירה גולדסטאר לא מסונן 500מ`ל,טמפו משקאות בע`מ,,,'יח,5,"ל-100 מ""ל",false,12,8.90,1.72,true,1,
8464130,true,בירה UF גולדסטאר 330מ`ל*6יח,טמפו משקאות בע`מ,,,'יח,19.80,"ל-100 מ""ל",false,4,39.90,1.92,true,1,
8464222,true,בירה מכבי 7.9 פחית להחזרה 500 מל,טמפו משקאות בע`מ,,,'יח,5,"ל-100 מ""ל",false,24,7.90,1.52,true,1,
8464468,true,בירה גולדסטאר פחית להחזרה 500 מל,טמפו משקאות בע`מ,,,'יח,5,"ל-100 מ""ל",false,24,7.90,1.52,true,1,
8464604,true,בירה היינקן פחית 500 מל,טמפו משקאות בע`מ,,,'יח,5,"ל-100 מ""ל",false,24,9.90,1.92,true,1,
8464703,true,בירה מכבי בקבוק 6*330 מל,טמפו משקאות בע`מ,,,'יח,19.80,"ל-100 מ""ל",false,4,34.90,1.67,true,1,
8464741,true,בירה גולדסטאר בקבוק 6*330 מ`ל,טמפו משקאות בע`מ,,,'יח,19.80,"ל-100 מ""ל",false,4,36.90,1.77,true,1,
8464796,true,.בירה היינקן בקבוק 6*330 מל,טמפו משקאות בע`מ,,,'יח,19.80,"ל-100 מ""ל",false,4,39.90,1.92,true,1,
8493710,true,פרורי גרסיני זהב 200 גרם,דנאגיס בעמ,,,'יח,2,ל-100 גרם,false,16,6.90,3.45,true,1,
8496421,true,פילה מושט ללא עור,אדום גרופ למזון שיווק והפצה בע,,,"ק""ג",1,ל-100 גרם,true,1,34.90,34.90,true,1,
8644235,true,ירקות צעירי הגן עלי בייבי 120 גר`,ביכורי השדה הצפון בעמ` 1964,,,'יח,1.20,ל-100 גרם,false,1,10.90,9.08,false,1,
8757980,true,ספרינג נקטר רימונים 1 ליטר קרטון,יפאורה - שותפות מוגבלת לשיווק,,,'יח,10,"ל-100 מ""ל",false,1,6.90,0.69,true,1,
8835954,true,פילה מושט קפוא,בלדי בע`מ,,,"ק""ג",1,ל-100 גרם,true,1,29.90,29.90,true,1,
8835961,true,פילה מושט קפוא,בלדי בע`מ,,,"ק""ג",1,ל-100 גרם,true,1,29.90,29.90,true,1,
8989473,true,ממרח חרובים בטעם שוקולד 350 גר`,מ.ד אטיאס סוכנויות מזון בע`מ,,,'יח,3.50,ל-100 גרם,false,1,13.90,3.97,false,1,
10004348,true,פפריקה מרוקאית מתוקה 250 גרם,א.ל. ייצור ושיווק תבלינים בע`מ,,,'יח,2.50,ל-100 גרם,false,1,21.90,8.76,false,1,
10118328,true,תפוצ`יפס בטעם טבעי 6*40 גרם,שטראוס פריטו ליי בע`מ,,,'יח,2.40,ל-100 גרם,false,1,11.90,4.96,false,1,
10124190,true,שניצל בקר מלינסה אל מטאדור 250 גר`,בלדי בע`מ,,,'יח,2.50,ל-100 גרם,false,20,14.90,5.96,false,1,
10124213,true,סינטה בקר דק דק אל מטאדור 250 גר`,בלדי בע`מ,,,'יח,2.50,ל-100 גרם,false,20,19.90,7.96,false,1,
10124473,true,אפונה עדינה 600 גר`,בלדי בע`מ,,,'יח,6,ל-100 גרם,false,1,11.90,1.98,false,1,
10154029,true,אריסה מתוקה 250 ג,נטו מלינדה סחר בע`מ,,,'יח,2.50,ל-100 גרם,false,12,12.90,5.16,false,1,
10237685,true,בירה הייניקן צואר ארוך 330 מ`ל,טמפו משקאות בע`מ,,,'יח,3.30,"ל-100 מ""ל",false,1,7.90,2.30,false,1,
10237890,true,בירה היינקן בקבוק 500 מל,טמפו משקאות בע`מ,,,'יח,5,"ל-100 מ""ל",false,20,8.80,1.52,true,1,
10259359,true,נודלס ביצים להקפצה 200 גרם,ג. וילי-פוד אינטרנשיונל בע`מ,,,'יח,2,ל-100 גרם,false,24,4.90,2.45,false,1,
10259977,true,שמן קנולה מזוכך 1 ליטר,ג. וילי-פוד אינטרנשיונל בע`מ,,,'יח,10,"ל-100 מ""ל",false,1,9.90,0.99,false,1,
10328093,true,ממרח חלבה 400 גרם,אחדות ביתחרושת לטחינה חלבה,,,'יח,4,"ל-100 מ""ל",false,1,10.90,2.73,false,1,
10328345,true,חלווה 50 גר` בקופסה,אחדות ביתחרושת לטחינה חלבה,,,'יח,0.50,ל-100 גרם,false,1,1.50,3,true,1,
10328505,true,חטיפי מיני חלווה ללא תוספת סוכר 15 יח,אחדות ביתחרושת לטחינה חלבה,,,'יח,1.50,'יח,false,1,10.90,7.27,true,1,
10328710,true,קצפיות במגש 180 גר`,אחדות ביתחרושת לטחינה חלבה,,,'יח,4,ל-100 גרם,false,1,8.90,2.23,false,1,
10328727,true,ממרח טחינה עם שוקולד 400 גר`,אחדות ביתחרושת לטחינה חלבה,,,'יח,4,"ל-100 מ""ל",false,1,11.90,2.98,false,1,
10328734,true,ממרח טחינה עם סילאן 400 גר`,אחדות ביתחרושת לטחינה חלבה,,,'יח,4,"ל-100 מ""ל",false,1,11.90,2.98,false,1,
10328765,true,חלווה 50 גר` שוקו וניל בקופסא,אחדות ביתחרושת לטחינה חלבה,,,'יח,0.50,ל-100 גרם,false,1,1.50,3,true,1,
10429684,true,מארז דבש 350 פרחי בר,שטראוס גרופ בע`מ,,,'יח,7,ל-100 גרם,false,1,31.90,4.56,true,1,
10546633,true,31גרנולה חמאת בוטנים מועשר בחלבון 350 גר,גורי מוצרי צריכה 1991 בע`מ,,,'יח,3.50,ל-100 גרם,false,6,19.90,5.69,false,1,
10582037,true,סוויט בייט פלפלונים,ביכורי השדה הצפון בעמ` 1964,,,'יח,1,,false,1,8.90,8.90,false,1,
10609550,true,טרופית פקק 20 יח`,דודו הדיל בעמ,,,'יח,20,"ל-100 מ""ל",false,1,24.90,1.25,false,1,
10609734,true,"אייס לי קרחונים להקפאה 8 יח` 800 מ""ל",דודו הדיל בעמ,,,'יח,1,,false,1,5.90,5.90,true,1,
10650064,true,פטריות יער מיובשות  חוות תקוע .,ביכורי השדה הצפון בעמ` 1964,,,'יח,1,,false,1,9.90,9.90,false,1,
10711123,true,כריות מתכת רביעייה,מ.א. יצור ויבוא מטליות בעמ`,,,'יח,1,,false,1,6.90,6.90,true,1,
10711208,true,גליל מטליות צהוב 40 יח`,מ.א. יצור ויבוא מטליות בעמ`,,,'יח,1,,false,1,16.90,16.90,false,1,
10711932,true,מארז 9 מטליות SHINY,מ.א. יצור ויבוא מטליות בעמ`,,,'יח,1,,false,1,7.90,7.90,false,1,
10922888,true,"טחון בקר טהור 1 ק""ג אשפר",בלדי בע`מ,,,'יח,10,ל-100 גרם,false,1,34.90,3.49,false,1,
10922895,true,המבורגר בקר 400  גר`אשפר,בלדי בע`מ,,,'יח,4,ל-100 גרם,false,1,13.90,3.48,false,1,
10922901,true,קבב מזרחי 400  גר`אשפר,בלדי בע`מ,,,'יח,10,ל-100 גרם,false,1,13.90,1.39,false,1,
10922949,true,תות קפוא 250 גר` shake it,בלדי בע`מ,,,'יח,2.50,ל-100 גרם,false,1,11.90,4.76,true,1,
11017866,true,פחית ק`ק סילק 330 מ`ל,החברה המרכזית להפצת משקאות בע`,,,'יח,3.30,"ל-100 מ""ל",false,24,4.90,1.39,true,1,
11017873,true,פחית זירו סליק 330 מ`ל,החברה המרכזית להפצת משקאות בע`,,,'יח,3.30,"ל-100 מ""ל",false,24,4.20,1.18,true,1,
11017880,true,פחית דיאט קוק סליק 330 מ`ל,החברה המרכזית להפצת משקאות בע`,,,'יח,3.30,"ל-100 מ""ל",false,24,4.90,1.39,true,1,
11018443,true,פחית פנטה אורנג` סילק 330 מ`ל,החברה המרכזית להפצת משקאות בע`,,,'יח,3.30,"ל-100 מ""ל",false,24,4.20,1.18,true,1,
11065416,true,פלפל שחור מטחנה 60 גר`,א.ל. ייצור ושיווק תבלינים בע`מ,,,'יח,6,ל-100 גרם,false,1,17.90,2.98,false,1,
11065423,true,מלח ים מטחנה 130 גר`,א.ל. ייצור ושיווק תבלינים בע`מ,,,'יח,1.30,ל-100 גרם,false,1,17.90,13.77,false,1,
11091453,true,כוסברה טחון 100 גר`,תבלינים חיים לחיים טובים בעמ`,,,'יח,1,,false,1,14.90,14.90,false,1,
11091590,true,פפריקה חריפה 150 גר`,תבלינים חיים לחיים טובים בעמ`,,,'יח,1.20,ל-100 גרם,false,1,14.90,12.42,false,1,
11115159,true,נקה 7 סבון מועשר בלחות 4*100 גרם,החב. הדרומית לשיווק,,,'יח,4,ל-100 גרם,false,12,10.90,2.73,false,1,
11115166,true,נקה תחליב ירוק אלוורה 1 ל`,החב. הדרומית לשיווק,,,'יח,10,לליטר,false,12,13.90,1.39,false,1,
11115173,true,נקה 7 ארומה סבון נוזלי וניל שקד 1ליט,החב. הדרומית לשיווק,,,'יח,10,לליטר,false,12,13.90,1.39,false,1,
11115272,true,סבון נקה 7 מוצק ירוק מועשר 4*100 גרם,החב. הדרומית לשיווק,,,'יח,4,ל-100 גרם,false,12,10.90,2.73,false,1,
11115289,true,סבון נקה 7 ורוד לילך 4*100 גרם,החב. הדרומית לשיווק,,,'יח,4,ל-100 גרם,false,1,10.90,2.73,false,1,
11115296,true,סבון נקה 7 שחור מועשר 4*100 גרם,החב. הדרומית לשיווק,,,'יח,4,ל-100 גרם,false,12,10.90,2.73,false,1,
11115401,true,סבון נקה 7 ארומה קמומיל 4*100 גרם,החב. הדרומית לשיווק,,,'יח,4,ל-100 גרם,false,12,10.90,2.73,false,1,
11128043,true,שורש פטרוזליה,ביכורי השדה הצפון בעמ` 1964,,,'יח,1,,false,1,4.90,4.90,false,1,
11148898,true,ברוקלי יח`,ביכורי השדה הצפון בעמ` 1964,,,'יח,1,,false,1,9.90,9.90,false,1,
11148904,true,צ`ילי חריף,ביכורי השדה הצפון בעמ` 1964,,,'יח,1,,false,1,7.90,7.90,false,1,
11148911,true,פלפל טינקרבל,ביכורי השדה הצפון בעמ` 1964,,,'יח,1,,false,1,8.90,8.90,false,1,
11148935,true,מלפפון מיני,ביכורי השדה הצפון בעמ` 1964,,,'יח,1,,false,1,9.90,9.90,false,1,
11154134,true,סילאן 900 גרם,ח.כהן סוכנות מזון ומשקאות,,,'יח,9,ל-100 גרם,false,1,12.90,1.43,false,1,
11174897,true,אפונה עדינה 600 גר`,ויטה פרי גליל (החדשה) בע`מ,,,'יח,8,ל-100 גרם,false,1,12.90,1.61,false,1,
11235024,true,רוזמרין,ביכורי השדה הצפון בעמ` 1964,,,'יח,1,,false,1,5.90,5.90,false,1,
11235031,true,רוקט,ביכורי השדה הצפון בעמ` 1964,,,'יח,1,,false,1,4.90,4.90,false,1,
11235055,true,בזיליקום,ביכורי השדה הצפון בעמ` 1964,,,'יח,1,,false,1,5.90,5.90,false,1,
11235062,true,עירית,ביכורי השדה הצפון בעמ` 1964,,,'יח,1,,false,1,5.90,5.90,false,1,
11235079,true,טימין,ביכורי השדה הצפון בעמ` 1964,,,'יח,1,,false,1,5.90,5.90,false,1,
11235109,true,מרווה,ביכורי השדה הצפון בעמ` 1964,,,'יח,1,,false,1,5.90,5.90,false,1,
11378028,true,בארכה חלבה שומשום מלא ללא סוכר 350 גרם,קבוצת אסם סחר,,,'יח,3.50,ל-100 גרם,false,1,15.90,4.54,false,1,
11447908,true,מזון לחתולים מלא טעם עוף וכבד סופר קט 3,שחורי אריה ואנסטסיה,,,'יח,30,ל-100 גרם,false,1,49.90,1.66,false,1,
11480509,true,פטרוזליה מהדרין הכפר,ביכורי השדה הצפון בעמ` 1964,,,'יח,1,,false,1,5.90,5.90,false,1,
11480516,true,שמיר מהדרין הכפר,ביכורי השדה הצפון בעמ` 1964,,,'יח,1,,false,1,5.90,5.90,false,1,
11480523,true,נענע מהדרין הכפר,ביכורי השדה הצפון בעמ` 1964,,,'יח,1,,false,1,5.90,5.90,false,1,
11480530,true,כוסברה מהדרין הכפר,ביכורי השדה הצפון בעמ` 1964,,,'יח,1,,false,1,5.90,5.90,false,1,
11480554,true,סלרי עלים גוש קטיף,ביכורי השדה הצפון בעמ` 1964,,,'יח,1,,false,1,5.90,5.90,false,1,
11480578,true,חסה,ביכורי השדה הצפון בעמ` 1964,,,'יח,1,,false,1,6.90,6.90,false,1,
11480585,true,כרוב לבן גוש קטיף,ביכורי השדה הצפון בעמ` 1964,,,"ק""ג",1,,true,1,15.90,15.90,false,1,
11499105,true,גבינה בולגרית 5% 250 גרם,מחלבות גד בעמ`,,,'יח,2.50,ל-100 גרם,false,1,21.90,8.76,false,1,
11499129,true,גבינה בולגרית קוביות מעודנת 5% 250גר,מחלבות גד בעמ`,,,'יח,2,ל-100 גרם,false,1,21.90,10.95,false,1,
11499303,true,גבינה בולגרית עיזים מעודנת 5% 250 גר,מחלבות גד בעמ`,,,'יח,2.50,ל-100 גרם,false,1,31.90,12.76,false,1,
11499327,true,גבינה בולגרית מעודנת 5% 250 גרם,מחלבות גד בעמ`,,,'יח,2.50,ל-100 גרם,false,1,21.90,8.76,false,1,
11499341,true,גבינת קשקבל 200 גרם,מחלבות גד בעמ`,,,'יח,2,ל-100 גרם,false,1,26.90,13.45,false,1,
11499365,true,גבינת חלומי 200 גרם,מחלבות גד בעמ`,,,'יח,2,ל-100 גרם,false,1,21.90,10.95,false,1,
11499624,true,גבינת ניו יורק טבעי 30%,מחלבות גד בעמ`,,,'יח,2,ל-100 גרם,false,1,13.90,6.95,false,1,
11515683,true,אקסטרים וניל 6*72 גרם,נגה גלידות שותפות מוגבלת,,,'יח,0.72,ל-100 גרם,false,1,27.90,38.75,false,1,
11525712,true,קמיל בלו אל סבון לפני השינה 1 ליטר,"פישר תעשיות פרמצבטיות בע""מ",,,'יח,10,"ל-100 מ""ל",false,1,29.90,2.99,true,1,
11530471,true,פולי סויה אדממה 1 ק`ג,בלדי בע`מ,,,'יח,10,ל-100 גרם,false,1,14.90,1.49,false,1,
11530747,true,שייק איט יום רביעי מארז שלישייה,בלדי בע`מ,,,'יח,4.50,ל-100 גרם,false,1,29.90,6.64,true,1,
11530945,true,קרפציו עגל בלדי,בלדי בע`מ,,,'יח,1,,false,1,39.90,39.90,false,1,
11587307,true,ארטישוק תחתיות,תומר ייבוא ושיווק מוצרי מזון [,,,'יח,4,ל-100 גרם,false,24,10.60,2.65,false,1,
11598211,true,אנטי קאלק רב שימושי 4ב1 700 מל,החב. הדרומית לשיווק,,,'יח,7,"ל-100 מ""ל",false,12,17.90,2.56,true,1,
11598457,true,סופט 48 גלילים פרש לבן,החב. הדרומית לשיווק,,,'יח,30.90,ל-100 גרם,false,1,49.90,1.61,false,1,
11607180,true,קולון 101 אבקת כביסה שקית 1.25 קג,תה ויסוצקי בע`מ,,,'יח,12,ל-100 גרם,false,1,12.90,1.08,true,1,
11607197,true,"קולון 101 אבקת כביסה שקית 5 ק""ג",תה ויסוצקי בע`מ,,,'יח,50,ל-100 גרם,false,1,34.90,0.70,true,1,
11877101,true,מבשם אויר סנומוד Musk נטול גז 150מ`,החב. הדרומית לשיווק,,,'יח,1.50,"ל-100 מ""ל",false,12,11.90,7.93,false,1,
11877156,true,מטהר אויר סנופרש Mask ענק 375 מל,החב. הדרומית לשיווק,,,'יח,3.75,"ל-100 מ""ל",false,12,10.90,2.91,false,1,
11877866,true,סנו מקסימה אבקת כביסה מאסק 6גר שקית,החב. הדרומית לשיווק,,,'יח,6,ל-100 גרם,false,3,49.90,8.32,false,1,
11947309,true,זית סורי מבוקע עם לימון כבוש 220 גר`,תה ויסוצקי בע`מ,,,'יח,2.20,ל-100 גרם,false,1,14.90,6.77,true,1,
11947781,true,מיקס זיתים ללא גלעין עם שמן זית 190 גר,תה ויסוצקי בע`מ,,,'יח,1.90,ל-100 גרם,false,1,14.90,7.84,true,1,
11947798,true,זית קלמטה ללא גלעין עם שמן זית זיתא,תה ויסוצקי בע`מ,,,'יח,2.17,ל-100 גרם,false,1,14.90,6.87,true,1,
11947903,true,מיקס זיתים יווני 215 גר` זיתא,תה ויסוצקי בע`מ,,,'יח,2.17,ל-100 גרם,false,1,14.90,6.87,false,1,
11964566,true,גריל עוף 400 גר`,תבליני טעם וריח,,,'יח,4,ל-100 גרם,false,1,24.90,6.23,false,1,
11964627,true,פפריקה מתוקה בשמן 400 גר`,תבליני טעם וריח,,,'יח,4,ל-100 גרם,false,1,24.90,6.23,false,1,
11964658,true,מלח לימון 170 גרם,תבליני טעם וריח,,,'יח,1,,false,1,9.90,9.90,true,1,
11964702,true,תיבול לשווארמה,תבליני טעם וריח,,,'יח,1,,false,1,9.90,9.90,true,1,
12009105,true,אוכמניות,ביכורי השדה הצפון בעמ` 1964,,,'יח,1,,false,1,13.90,13.90,true,1,
12071003,true,קמיל בלו משחה לתינוק 200 גר`,"פישר תעשיות פרמצבטיות בע""מ",,,'יח,2,ל-100 גרם,false,1,19.90,9.95,false,1,
12116360,true,סנו פוליויקס גרניט פורצלן 2 ליטר,החב. הדרומית לשיווק,,,'יח,20,"ל-100 מ""ל",false,8,19.90,1,false,1,
12116551,true,אנטי קלאק 4ב *12ליטר,החב. הדרומית לשיווק,,,'יח,20,"ל-100 מ""ל",false,8,19.90,1,false,1,
12116735,true,סופט ג`מבו פרש לבן 24 גלילים,החב. הדרומית לשיווק,,,'יח,25.50,ל-100 גרם,false,1,49.90,1.96,false,1,
12117091,true,סנו מקסימה אבקת כביסה סנסטיב 6קג שקית,החב. הדרומית לשיווק,,,'יח,6,ל-100 גרם,false,3,49.90,8.32,false,1,
12117275,true,סנוקליר שקית מילוי 750 מ`ל,החב. הדרומית לשיווק,,,'יח,7.50,"ל-100 מ""ל",false,12,5.90,0.79,false,1,
12117435,true,ג`ל רחצה אלוורה,החב. הדרומית לשיווק,,,'יח,7,"ל-100 מ""ל",false,12,19.90,2.84,false,1,
12117534,true,מרכך סופר מרוכז קול 1 ל`,החב. הדרומית לשיווק,,,'יח,10,"ל-100 מ""ל",false,12,18.90,1.89,true,1,
12117541,true,מרכך סופר מרוכז זן 1 ל`,החב. הדרומית לשיווק,,,'יח,10,"ל-100 מ""ל",false,1,18.90,1.89,true,1,
12117916,true,סנו אינסטלטור נוזלי,החב. הדרומית לשיווק,,,'יח,10,"ל-100 מ""ל",false,12,26.90,2.69,false,1,
12226014,true,נקניקיות וינר 800גר,נקניק זוגלובק נהריה,,,'יח,8,ל-100 גרם,false,1,21.90,2.74,false,1,
12226076,true,פסטרמה חרמון 200 גר`,נקניק זוגלובק נהריה,,,'יח,2,ל-100 גרם,false,1,15.70,7.85,false,1,
12226120,true,קבנוס זוגלובק טבעי 135 גרם,נקניק זוגלובק נהריה,,,'יח,1.35,ל-100 גרם,false,1,10.90,8.07,false,1,
12227325,true,סלמי מעושן איטלקי 120 גר` דק דק,נקניק זוגלובק נהריה,,,'יח,1.20,ל-100 גרם,false,1,14.90,12.42,true,1,
12227400,true,נקניקיות עוף 800 גר`,נקניק זוגלובק נהריה,,,'יח,8,ל-100 גרם,false,1,21.90,2.74,false,1,
12227974,true,פסטרמה בדבש 120 גר` דק דק,נקניק זוגלובק נהריה,,,'יח,1.20,ל-100 גרם,false,1,14.90,12.42,true,1,
12227981,true,פסטרמה ברביקיו 120 גר` דק דק,נקניק זוגלובק נהריה,,,'יח,1.20,ל-100 גרם,false,1,14.90,12.42,true,1,
12227998,true,חזה בקר 120 גר` דק דק,נקניק זוגלובק נהריה,,,'יח,1.20,ל-100 גרם,false,1,14.90,12.42,true,1,
12313141,true,מלפפון פרוס במלח,קבוצת יבנה,,,'יח,6,ל-100 גרם,false,1,6.90,1.15,true,1,
12588242,true,מים מינרליים כדורגל שישייה 500 מל`,טמפו משקאות בע`מ,,,'יח,3,"ל-100 מ""ל",false,4,12.90,3.70,true,1,
12642036,true,לה פסטה 5 ספגטי 400 גר`,תומר ייבוא ושיווק מוצרי מזון [,,,'יח,4,ל-100 גרם,false,1,3.90,0.98,true,1,
12823381,true,מרכך סופר מרוכז סנסטיב 1 ל`,החב. הדרומית לשיווק,,,'יח,10,"ל-100 מ""ל",false,1,18.90,1.89,true,1,
12823398,true,מטליות לחות לרצפה בניחוח מרכך כביסה,החב. הדרומית לשיווק,,,'יח,1,,false,12,12.90,12.90,false,1,
12823589,true,ריצפז פרש 2 ליטר,החב. הדרומית לשיווק,,,'יח,2,לליטר,false,8,17.90,8.95,true,1,
12823947,true,מרכך מקסימה פרפיום קריסטל 750 מ`ל,החב. הדרומית לשיווק,,,'יח,7.50,"ל-100 מ""ל",false,12,17.90,2.39,true,1,
12864155,true,מיקס נבטים,ביכורי השדה הצפון בעמ` 1964,,,'יח,1,,false,1,10.90,10.90,false,1,
12901355,true,דודלס ארוחת אטריות עם גבינה 206 גר`,מור ים מרקטינג בעמ,,,'יח,2.06,ל-100 גרם,false,1,10.90,5.29,false,1,
12911651,true,0איטריות אורז 400 גר`כשלפ,טחנת האבן קואופ בעמ,,,'יח,4,ל-100 גרם,false,1,7.90,1.98,false,1,
12965067,true,לבבות קיסר,ביכורי השדה הצפון בעמ` 1964,,,'יח,1,,false,1,8.90,8.90,false,1,
12975875,true,כוסות יהלום בנדע,ח.כהן סוכנות מזון ומשקאות,,,'יח,1,,false,1,9.90,9.90,true,1,
12983160,true,סילאן לחיץ 400 גרם,תה ויסוצקי בע`מ,,,'יח,6.50,ל-100 גרם,false,1,12.90,1.98,true,1,
13121127,true,לחמיני`ס גרין לייט,גורי ע.ע.ע. בע`מ,,,'יח,4.30,ל-100 גרם,false,1,17.90,4.16,false,1,
13121158,true,רביעיית לחמניות סנדויץ,גורי ע.ע.ע. בע`מ,,,'יח,4.60,ל-100 גרם,false,1,17.90,3.89,false,1,
13121301,true,בורקס תפוח אדמה 500 גר`,גורי ע.ע.ע. בע`מ,,,'יח,4,ל-100 גרם,false,1,28.90,7.23,false,1,
13121752,true,לחם לבן ביתי גרין לייט,גורי ע.ע.ע. בע`מ,,,'יח,5,ל-100 גרם,false,1,19.90,3.98,false,1,
13144447,true,תמצית תפוז 50 גרם,א.ל. ייצור ושיווק תבלינים בע`מ,,,'יח,0.50,ל-100 גרם,false,1,9.90,19.80,false,1,
13145215,true,שומשום 400 גרם,א.ל. ייצור ושיווק תבלינים בע`מ,,,'יח,4,ל-100 גרם,false,1,11.90,2.98,false,1,
13146656,true,סוכריות כוכבים תכלת ירוק לקישוט 60 גר`,א.ל. ייצור ושיווק תבלינים בע`מ,,,'יח,0.60,ל-100 גרם,false,1,10.90,18.17,true,1,
13146670,true,סוכריות לב סגול ורוד לבן לקישוט 60 גר`,א.ל. ייצור ושיווק תבלינים בע`מ,,,'יח,0.60,ל-100 גרם,false,1,10.90,18.17,true,1,
13215024,true,פטריות פורטובלה,ביכורי השדה הצפון בעמ` 1964,,,'יח,1,,false,1,13.90,13.90,false,1,
13215062,true,פטריות יער,ביכורי השדה הצפון בעמ` 1964,,,'יח,1,,false,1,9.90,9.90,false,1,
13268037,true,מרכך סופר מרוכז פצולי לבנדר 1 ל`,החב. הדרומית לשיווק,,,'יח,10,"ל-100 מ""ל",false,12,18.90,1.89,true,1,
13268242,true,רצפז פרש הום בניחוח מלון מפנק 2 ל`,החב. הדרומית לשיווק,,,'יח,20,"ל-100 מ""ל",false,1,21.90,1.10,true,1,
13268372,true,פוליויקס פרקט בתוספת שמן ארגן,החב. הדרומית לשיווק,,,'יח,20,"ל-100 מ""ל",false,1,21.90,1.10,false,1,
13268990,true,מרכך סופר מרוכז ביו 1 ל`,החב. הדרומית לשיווק,,,'יח,10,"ל-100 מ""ל",false,12,18.90,1.89,true,1,
13269003,true,מרכך סופר מרוכז בייבי 1 ל`,החב. הדרומית לשיווק,,,'יח,10,"ל-100 מ""ל",false,12,18.90,1.89,true,1,
13269669,true,סנו ריצפז ריח פנטזיה 3 ליטר,החב. הדרומית לשיווק,,,'יח,3,לליטר,false,6,12.90,4.30,false,1,
13269751,true,מטליות לחות לרצפה בניחוח מלון בוטיק,החב. הדרומית לשיווק,,,'יח,1,,false,12,12.90,12.90,false,1,
13284310,true,רוטב פסטה 240  גר`פריניר,אבאל יזמות בעמ,,,'יח,2.40,ל-100 גרם,false,1,4.90,2.04,false,1,
13284662,true,רוטב פיצה פסטה 240 גר`,אבאל יזמות בעמ,,,'יח,2.40,ל-100 גרם,false,1,4.90,2.04,false,1,
13358578,true,מנה אסייאתי אטריות אורז רחבות 5 מ`מ,ש. שסטוביץ בע`מ,,,'יח,4,ל-100 גרם,false,1,8.90,2.23,false,1,
13389084,true,טורטיה קמח תירס 20 ס`מ,תומר ייבוא ושיווק מוצרי מזון [,,,'יח,1,ל-100 גרם,false,16,8.90,8.90,false,1,
13389114,true,ניוקי תפו`א 500 גר`,תומר ייבוא ושיווק מוצרי מזון [,,,'יח,5,ל-100 גרם,false,1,6.90,1.38,false,1,
13404626,true,ירקות עם דגי מקרל ברסק עגבניות 120גר,מ.ד אטיאס סוכנויות מזון בע`מ,,,'יח,1.20,ל-100 גרם,false,1,5,4.17,false,1,
13472199,true,ערמונים קלופים וקלויים 100 גרם,ג. וילי-פוד אינטרנשיונל בע`מ,,,'יח,1.05,ל-100 גרם,false,1,5.90,5.62,true,1,
13579232,true,אוכמניות כחולות קפואות 250 גר` shake it,בלדי בע`מ,,,'יח,2.50,ל-100 גרם,false,1,11.90,4.76,true,1,
13579522,true,פילה טונה ללא עור פרוס 800 גר`,בלדי בע`מ,,,'יח,8,ל-100 גרם,false,1,45.90,5.74,false,1,
13579768,true,צלי כתף 5 קפוא מוכשר,בלדי בע`מ,,,"ק""ג",1,,true,1,69.90,69.90,true,1,
13579966,true,אצבעות אנטריקוט אסאדו קפוא,בלדי בע`מ,,,'יח,10,ל-100 גרם,true,1,59.90,5.99,false,1,
13579997,true,סטייק עין ורד הצלע,בלדי בע`מ,,,"ק""ג",1,,true,1,59.90,59.90,true,1,
13581648,true,מינוט סטייק 250 גר` אל מטאדור,בלדי בע`מ,,,'יח,2.50,ל-100 גרם,false,1,24.90,9.96,true,1,
13581921,true,סטייק עין פרוס,בלדי בע`מ,,,"ק""ג",1,,true,1,59.90,59.90,true,1,
13585394,true,קוקה קולה 1 ל` פיקדון,החברה המרכזית להפצת משקאות בע`,,,'יח,10,"ל-100 מ""ל",false,12,7.20,0.69,true,1,
13675828,true,חגיגה אסייאתית להקפצה,תנובה מרכז שיתופי לשיווק תוצרת,,,'יח,4.50,ל-100 גרם,false,1,19.90,4.42,false,1,
13847454,true,טונה סטארקיסט בשמן קנולה  4*160 גרם,דיפלומט מפיצים (1968) בע`מ,,,'יח,6.40,ל-100 גרם,false,12,24.90,3.89,true,1,
13848611,true,רדידי אלומיניום 61 מטר,החב. הדרומית לשיווק,,,'יח,1,,false,12,39.90,39.90,false,1,
13848758,true,ג`ל כביסה בייבי 3 ליטר,החב. הדרומית לשיווק,,,'יח,3,"ל-100 מ""ל",false,6,32.90,10.97,false,1,
13906601,true,צמד מהדרין ברביקיו ודבש 600 גר`,תנובה מרכז שיתופי לשיווק תוצרת,,,'יח,6,ל-100 גרם,false,1,29.90,4.98,false,1,
13927040,true,ממולאות בטעם שוקולד 600 גרם,אחדות ביתחרושת לטחינה חלבה,,,'יח,6,ל-100 גרם,false,1,9.90,1.65,true,1,
13927583,true,רוגעלך בטעם וניל שוקוציפס  400 גר`,אחדות ביתחרושת לטחינה חלבה,,,'יח,4,ל-100 גרם,false,1,9.90,2.48,true,1,
13927613,true,רוגעלך בטעם שוקו וניל  400 גר`,אחדות ביתחרושת לטחינה חלבה,,,'יח,4,ל-100 גרם,false,1,9.90,2.48,true,1,
13927637,true,"חלבה ללא תוספת סוכר בד""צ 400 גר`",אחדות ביתחרושת לטחינה חלבה,,,'יח,4,ל-100 גרם,false,1,12.90,3.23,false,1,
13927644,true,עוגיות כתר בטעם תות 400 גר`,אחדות ביתחרושת לטחינה חלבה,,,'יח,4,ל-100 גרם,false,1,9.90,2.48,true,1,
13927996,true,עוגת שמרים קרנץ` בטעם שוקולד  400 גרם,אחדות ביתחרושת לטחינה חלבה,,,'יח,4,ל-100 גרם,false,1,11.90,2.98,false,1,
14046757,true,סלמי  תה`שרולה` 300 גרם,מעדני יחיעם ( 1993 ) בע`מ,,,'יח,3,ל-100 גרם,false,1,26.90,8.97,true,1,
14059436,true,סנסודיין לשיקום והגנה 75 מ`ל מלבינה,גורי ע.ע.ע. בע`מ,,,'יח,0.75,"ל-100 מ""ל",false,1,25.90,34.53,true,1,
14079014,true,לבבות קיסר נספק,ביכורי השדה הצפון בעמ` 1964,,,'יח,1,,false,1,9.90,9.90,false,1,
14083479,true,גבינה גאודה פרוסות 150 גרם,ג. וילי-פוד אינטרנשיונל בע`מ,,,'יח,1.50,ל-100 גרם,false,1,11.90,7.93,true,1,
14094369,true,שקד טבעי 200 גרם בקופסא,דין שיווק וקליה 2021 בעמ,,,'יח,2,ל-100 גרם,false,1,19.90,9.95,false,1,
14094406,true,צימוק לבן 250 גרם בקופסא,דין שיווק וקליה 2021 בעמ,,,'יח,2.50,ל-100 גרם,false,1,13.90,5.56,false,1,
14205000,true,צלחת גדולה לבן 50 יח,ח.כהן סוכנות מזון ומשקאות,,,'יח,50,'יח,false,1,14.90,0.30,false,1,
14205024,true,קערית אובלית לבן 25 יח,ח.כהן סוכנות מזון ומשקאות,,,'יח,25,'יח,false,1,4.90,0.20,false,1,
14205031,true,לפתניה לבן 25  יח`,ח.כהן סוכנות מזון ומשקאות,,,'יח,1,,false,1,3.90,3.90,false,1,
14205048,true,מרקיה לבן 25 יח`,ח.כהן סוכנות מזון ומשקאות,,,'יח,25,'יח,false,1,9.90,0.40,false,1,
14205055,true,צלחת עמוקה לבן 30 יח,ח.כהן סוכנות מזון ומשקאות,,,'יח,1,,false,1,14.90,14.90,false,1,
14205062,true,כוסות שקוף 100 יח,ח.כהן סוכנות מזון ומשקאות,,,'יח,1,,false,1,7.90,7.90,false,1,
14205154,true,קערית אובלית צבעוני 25 יח,ח.כהן סוכנות מזון ומשקאות,,,'יח,1,,false,1,5.90,5.90,false,1,
14205178,true,מרקיה צבעוני 25 יח`,ח.כהן סוכנות מזון ומשקאות,,,ל-100 גרם,1,,false,1,7.90,7.90,false,1,
14205185,true,צלחות ענק צבעוני 25 יח`,ח.כהן סוכנות מזון ומשקאות,,,'יח,1,,false,1,16.90,16.90,false,1,
14205215,true,כפות צבעוני 50 יח,ח.כהן סוכנות מזון ומשקאות,,,'יח,1,,false,1,9.90,9.90,false,1,
14205796,true,"שק מזון זוג בקופסא 2*150  יח""שווה""",ח.כהן סוכנות מזון ומשקאות,,,'יח,0,'יח,false,1,10.90,10.90,false,1,
14206250,true,"מפיות נייר 80 יח` ""שווה""",ח.כהן סוכנות מזון ומשקאות,,,'יח,80,'יח,false,1,5.90,0.07,true,1,
14206434,true,"מיכלי אחסון 1 ל` 5 יח` ""שווה""",ח.כהן סוכנות מזון ומשקאות,,,'יח,1,,false,1,9.90,9.90,true,1,
14206441,true,"מיכלי אחסון 2 ל` 4 יח` ""שווה""",ח.כהן סוכנות מזון ומשקאות,,,'יח,1,,false,1,9.90,9.90,true,1,
14206861,true,סרדינים בשמן זית 125 גרם,ח.כהן סוכנות מזון ומשקאות,,,'יח,1.25,ל-100 גרם,false,1,4.90,3.92,true,1,
14206946,true,צלחת קטנה שקוף 20 יח`,ח.כהן סוכנות מזון ומשקאות,,,'יח,1,'יח,false,1,9.90,9.90,false,1,
14217065,true,אורגנו עלים,תבליני טעם וריח,,,'יח,1,,false,1,9.90,9.90,true,1,
14217140,true,ראס אל חנות 100 גרם,תבליני טעם וריח,,,'יח,1,,false,1,9.90,9.90,true,1,
14217157,true,תיבול טוסקנה,תבליני טעם וריח,,,'יח,1,,false,1,9.90,9.90,true,1,
14217164,true,פטרוזליה,תבליני טעם וריח,,,'יח,1,,false,1,9.90,9.90,true,1,
14217225,true,גריל עוף,תבליני טעם וריח,,,'יח,1,,false,1,9.90,9.90,true,1,
14217348,true,צי`לי כתוש,תבליני טעם וריח,,,'יח,1,,false,1,9.90,9.90,true,1,
14217362,true,תיבול לקציצות,תבליני טעם וריח,,,'יח,1,,false,1,9.90,9.90,true,1,
14218338,true,בורקס יפו תפו`א 4*150גר,תנובה מרכז שיתופי לשיווק תוצרת,,,'יח,6,ל-100 גרם,false,12,18.90,3.15,false,1,
14218536,true,בצק עלים מופחת שומן 1 ק``ג קפוא,תנובה מרכז שיתופי לשיווק תוצרת,,,'יח,4.90,ל-100 גרם,false,9,24.50,5,false,1,
14218932,true,חטיפי פיצה בתוספת זיתים בשקית,תנובה מרכז שיתופי לשיווק תוצרת,,,'יח,7.10,ל-100 גרם,false,8,29.90,4.21,false,1,
14288058,true,להבונים 50 יחק שקית `שווה`,ח.כהן סוכנות מזון ומשקאות,,,'יח,50,'יח,false,1,9.90,0.20,true,1,
14288317,true,"טורטיה תירס 6 יח 420 גר` ""שווה""",ח.כהן סוכנות מזון ומשקאות,,,'יח,4.20,ל-100 גרם,false,1,9.90,2.36,true,1,
14288324,true,"טורטיה מקמח מלא 8 יח` 320 גר` ""שווה""",ח.כהן סוכנות מזון ומשקאות,,,'יח,4.20,ל-100 גרם,false,1,9.90,2.36,true,1,
14288461,true,נר נשמה פחית,ח.כהן סוכנות מזון ומשקאות,,,'יח,1,,false,1,1.90,1.90,true,1,
14288584,true,"נייר אפיה 50 יח` איכותי ""שווה""",ח.כהן סוכנות מזון ומשקאות,,,'יח,1,'יח,false,1,7.90,7.90,true,1,
14288720,true,כוסות וודקה 350CC,ח.כהן סוכנות מזון ומשקאות,,,'יח,1,,false,1,7.90,7.90,true,1,
14288980,true,מגבוני נייר טישו דו שכבתיים חמישיה,ח.כהן סוכנות מזון ומשקאות,,,'יח,1,ל-100 גרם,false,1,8.90,8.90,true,1,
14397873,true,מרכך כביסה סנו מקסימה gentle breeze  4,החב. הדרומית לשיווק,,,'יח,40,"ל-100 מ""ל",false,6,21.90,0.55,false,1,
14435827,true,מקרל מעושן בשמן,סלטי שמיר,,,'יח,1.80,ל-100 גרם,false,16,24.90,13.83,false,1,
14435841,true,פילה מטיאס ולנדי בשמן,סלטי שמיר,,,'יח,2,ל-100 גרם,false,8,18.90,9.45,false,1,
14435889,true,סלט מטיאס עם מיונז,סלטי שמיר,,,'יח,2,ל-100 גרם,false,4,18.90,9.45,false,1,
14455245,true,גרנה פדנו משולש 200 גר`,מחלבות גד בעמ`,,,'יח,2,ל-100 גרם,false,1,26.80,13.40,false,1,
14455252,true,גרנה פדנו מגורד 100 גר`,מחלבות גד בעמ`,,,'יח,10,ל-100 גרם,false,1,12.90,1.29,false,1,
14525665,true,מרבה עוגיות על חלל קקאו עם סוכריות 140,ש. שסטוביץ בע`מ,,,'יח,1.40,ל-100 גרם,false,1,9.90,7.07,false,1,
14547353,true,זוג מברשת שיניים סנסודיין דואל קר,גורי ע.ע.ע. בע`מ,,,'יח,0.75,ל-100 גרם,false,1,19.90,26.53,true,1,
14581036,true,פחם טבעי 2 ק`ג,פחמי הלהבה בעמ`,,,'יח,1,,false,1,11.90,11.90,false,1,
14673434,true,פלפל שחור טחון דק 80 גר`,א.ל. ייצור ושיווק תבלינים בע`מ,,,'יח,8,ל-100 גרם,false,1,8.90,1.11,false,1,
14692565,true,גרעיני תירס מתוק 320 גרם,ג. וילי-פוד אינטרנשיונל בע`מ,,,'יח,3.20,ל-100 גרם,false,24,5.90,1.84,false,1,
14748651,true,דג טוב פילה אמנון מצופה,קבוצת אסם סחר,,,'יח,3.60,ל-100 גרם,false,1,32.90,9.14,false,1,
14760134,true,מעדן סויה בטעם וניל,תנובה חלב,,,'יח,1.25,ל-100 גרם,false,1,3.90,3.12,false,1,
14761056,true,מעדן YOLO שוקולד חלב מעולה,תנובה חלב,,,'יח,1.23,ל-100 גרם,false,1,4.60,3.74,false,1,
14761063,true,מעדן YOLO שוקולד מריר מעולה,תנובה חלב,,,'יח,1.23,ל-100 גרם,false,1,4.60,3.74,false,1,
14761070,true,מעדן YOLO שוקולד לבן מעולה,תנובה חלב,,,'יח,1.23,ל-100 גרם,false,1,4.60,3.74,false,1,
14762800,true,גביע מעדן סויה בטעם שוקולד,תנובה חלב,,,'יח,1.24,ל-100 גרם,false,1,3.90,3.15,false,1,
14762848,true,פתיתי גבינת גלבוע 22% 500 גר`,תנובה חלב,,,'יח,5,ל-100 גרם,false,1,34.90,6.98,false,1,
14763098,true,קרם גבינת שמנת 5% טוסקנה,תנובה חלב,,,'יח,2,ל-100 גרם,false,1,11.80,5.90,false,1,
14785441,true,אטריות ביצים 450 גר`,טחנת האבן קואופ בעמ,,,'יח,4.50,ל-100 גרם,false,1,9.90,2.20,false,1,
14785564,true,אטריות אודון מוכנות 200 גר`,טחנת האבן קואופ בעמ,,,'יח,2,ל-100 גרם,false,1,3.90,1.95,false,1,
14785571,true,אטריות מוכנות להקפצה  200 גר`,טחנת האבן קואופ בעמ,,,'יח,2,ל-100 גרם,false,1,3.90,1.95,false,1,
14785588,true,אטריות ראמן מוכנות 180 גר`,טחנת האבן קואופ בעמ,,,'יח,1.80,ל-100 גרם,false,1,3.90,2.17,false,1,
14785991,true,רוטב סויה ללא גלוטן 500מ`ל,טחנת האבן קואופ בעמ,,,'יח,1,,false,1,9.90,9.90,false,1,
14945197,true,שטיח מיקרופייבר 40/60,מ.א. יצור ויבוא מטליות בעמ`,,,'יח,1,,false,1,19.90,19.90,true,1,
14945203,true,שטיח מיקרופייבר גדול,מ.א. יצור ויבוא מטליות בעמ`,,,'יח,1,,false,1,34.90,34.90,true,1,
15039246,true,רביעיית נתחי טונה בהירה בשמן 4*160 גרם,ג. וילי-פוד אינטרנשיונל בע`מ,,,'יח,6.40,ל-100 גרם,false,12,19.90,3.11,false,1,
15039482,true,גבינת אדם 230 גרם,ג. וילי-פוד אינטרנשיונל בע`מ,,,'יח,5,ל-100 גרם,false,1,23.90,4.78,false,1,
15139526,true,אגו וופל בציפוי ומילוי שוקו 125 גר`,כרמית תעשיות ממתקים בעמ,,,'יח,1.25,ל-100 גרם,false,1,8.90,7.12,false,1,
15150903,true,תה ירוק קינמון ודבש 25 יח,תה ויסוצקי בע`מ,,,'יח,0.25,ל-100 גרם,false,1,22.90,91.60,true,1,
15155243,true,פרמיו כריות אנטי-היירבול לחתול 60ג,שחורי אריה ואנסטסיה,,,'יח,0.60,ל-100 גרם,false,1,14.90,24.83,false,1,
15155250,true,פרמיו כריות סלמון לחתול 60ג,שחורי אריה ואנסטסיה,,,'יח,0.60,ל-100 גרם,false,1,14.90,24.83,false,1,
15155410,true,פרמיו כריות דנטל 60 גר לחתול,שחורי אריה ואנסטסיה,,,'יח,0.60,ל-100 גרם,false,1,14.90,24.83,false,1,
15155434,true,פרמיו סטיק סלמון 15 גר,שחורי אריה ואנסטסיה,,,'יח,0.15,ל-100 גרם,false,1,9.90,66,false,1,
15155823,true,פאוץ פרינוק תפוח 120 גר`,גורי מוצרי צריכה 1991 בע`מ,,,'יח,1.20,ל-100 גרם,false,1,5.90,4.92,true,1,
15155830,true,פאוץ פרינוק תפוח בננה 120 גר`,גורי מוצרי צריכה 1991 בע`מ,,,'יח,1.20,ל-100 גרם,false,1,5.90,4.92,true,1,
15155847,true,פאוץ פרינוק סלט פירות 120 גר`,גורי מוצרי צריכה 1991 בע`מ,,,'יח,1.20,ל-100 גרם,false,1,5.90,4.92,true,1,
15156776,true,פאוץ פרינוק פירות טרופיים 120 גר`,גורי מוצרי צריכה 1991 בע`מ,,,'יח,1.20,ל-100 גרם,false,1,5.90,4.92,true,1,
15282000,true,איקרה אדומה 200 גר`,סלטי שמיר,,,'יח,2,ל-100 גרם,false,8,13.90,6.95,false,1,
15324007,true,פלפל שחור גרוס,תבליני טעם וריח,,,'יח,1,,false,1,10.90,10.90,false,1,
15324014,true,פלפל שחור טחון,תבליני טעם וריח,,,'יח,1,,false,1,10.90,10.90,false,1,
15324038,true,פפריקה מתוקה בשמן,תבליני טעם וריח,,,'יח,1,,false,1,5.90,5.90,false,1,
15324045,true,פפריקה חריפה,תבליני טעם וריח,,,'יח,1,,false,1,5.90,5.90,false,1,
15324052,true,פפריקה מתוקה,תבליני טעם וריח,,,'יח,1,,false,1,5.90,5.90,false,1,
15324069,true,גריל עוף,תבליני טעם וריח,,,'יח,1,,false,1,5.90,5.90,false,1,
15324076,true,זעתר מעורב,תבליני טעם וריח,,,'יח,1,,false,1,5.90,5.90,false,1,
15324083,true,מלח לימון,תבליני טעם וריח,,,'יח,1,,false,1,5.90,5.90,false,1,
15324106,true,כורכום טחון,תבליני טעם וריח,,,'יח,1,,false,1,5.90,5.90,false,1,
15324113,true,בהרט,תבליני טעם וריח,,,'יח,1,,false,1,5.90,5.90,false,1,
15324120,true,שום גבישי בשקית 80 גר`,תבליני טעם וריח,,,'יח,1,,false,1,5.90,5.90,false,1,
15324151,true,חוואיג`למרק,תבליני טעם וריח,,,'יח,1,,false,1,5.90,5.90,false,1,
15324168,true,תיבול על האש,תבליני טעם וריח,,,'יח,1,,false,1,5.90,5.90,false,1,
15324175,true,תיבול לשווארמה,תבליני טעם וריח,,,'יח,1,,false,1,5.90,5.90,false,1,
15324519,true,תערובת לפיצה שקית 80 גר`,תבליני טעם וריח,,,'יח,1,,false,1,5.90,5.90,false,1,
15324557,true,בהרט לבישול מיכל גדול 80 גר`,תבליני טעם וריח,,,'יח,1,,false,1,9.90,9.90,true,1,
15324571,true,פפריקה מתוקה בשמן 400 גר`,תבליני טעם וריח,,,'יח,4,ל-100 גרם,false,1,19.90,4.98,true,1,
15437431,true,רכז רימונים 420 גר`,תומר ייבוא ושיווק מוצרי מזון [,,,'יח,1,,false,1,19.90,19.90,false,1,
15652261,true,בוטנים קלויים 300 גרם,דין שיווק וקליה 2021 בעמ,,,'יח,3,ל-100 גרם,false,1,10,3.33,false,1,
15733229,true,מטרנה אקסטרא קייר שלב 2 700 גרם,קבוצת אסם סחר,,,'יח,7,ל-100 גרם,false,1,64.10,9.16,false,1,
15733427,true,מטרנה דייסת גם וגם וניל פרו 300 גר`,קבוצת אסם סחר,,,'יח,3,ל-100 גרם,false,1,21.90,7.30,false,1,
15858106,true,ממרח פסטו ביתי  עללחם 180 גר`,שטראוס גרופ בע`מ,,,'יח,1.80,ל-100 גרם,false,1,17.90,9.94,false,1,
15858212,true,ממרח לימון כבוש  עללחם 180 גר`,שטראוס גרופ בע`מ,,,'יח,1.80,ל-100 גרם,false,1,17.90,9.94,false,1,
15866132,true,כרובית ארוזה,ביכורי השדה הצפון בעמ` 1964,,,'יח,1,,true,1,10.90,10.90,false,1,
15996754,true,סוכרזית סטיוויה 300 טבליות,שטראוס גרופ בע`מ,,,'יח,1,,false,6,34.90,34.90,false,1,
15996983,true,סוכלוז 0 קלוריות 100 שק`,שטראוס גרופ בע`מ,,,'יח,0.13,"ל-100 מ""ל",false,12,25.90,199.23,false,1,
16006025,true,"סודה שוופס בודד 500 מ""ל בקבוק",יפאורה - שותפות מוגבלת לשיווק,,,'יח,3,"ל-100 מ""ל",false,1,3.90,1.20,false,1,
16006339,true,מי עדן 1  ל`רביעייה פיקדון,יפאורה - שותפות מוגבלת לשיווק,,,'יח,4,"ל-100 מ""ל",false,1,10.10,2.23,false,1,
16006346,true,שישיית שרינק ל`שוופס סודה 0.5*6,יפאורה - שותפות מוגבלת לשיווק,,,'יח,3,"ל-100 מ""ל",false,1,14.90,4.37,false,1,
16087222,true,רוטב עגבניות מרוכז לשקשוקה 230 גר`,אבאל יזמות בעמ,,,'יח,2.40,ל-100 גרם,false,1,4.90,2.04,false,1,
16136739,true,פתיתים פוזילי ללא גלוטן 340 גר`,גורי מוצרי צריכה 1991 בע`מ,,,'יח,3.40,ל-100 גרם,false,12,13.90,4.09,false,1,
16144000,true,"קמח חיטה 80% נפלאות 1 ק""ג",תה ויסוצקי בע`מ,,,'יח,10,ל-100 גרם,false,1,8.90,0.89,false,1,
16144017,true,"קמח חיטה 100% נפלאות 1 ק""ג",תה ויסוצקי בע`מ,,,'יח,10,ל-100 גרם,false,1,8.90,0.89,false,1,
16144031,true,"קמח חיטה לבן מנופה נפלאות 1 ק""ג",תה ויסוצקי בע`מ,,,'יח,10,ל-100 גרם,false,1,6.90,0.69,false,1,
16144048,true,קמח כוסמין לבן נפלאות 1 קג,תה ויסוצקי בע`מ,,,'יח,10,ל-100 גרם,false,1,13.90,1.39,false,1,
16150391,true,סלק בואקום,ביכורי השדה הצפון בעמ` 1964,,,'יח,1,,false,1,8.90,8.90,false,1,
16188585,true,למברוסקו רוזה חצי יבש 750 מ`ל,אגודת הכורמים,,,'יח,7.50,"ל-100 מ""ל",false,1,27.90,3.68,true,1,
16197488,true,מטלית קסם לשיש מארז שלישייה,חוגלה קימברלי שיווק בע`מ,,,'יח,1,,false,24,14.90,14.90,false,1,
16197495,true,מטלית קסם לרצפה מארז זוג,חוגלה קימברלי שיווק בע`מ,,,'יח,1,,false,24,15.90,15.90,false,1,
16233711,true,לה פסטה לינגוויני 400 גר`,תומר ייבוא ושיווק מוצרי מזון [,,,'יח,4,ל-100 גרם,false,20,3.90,0.98,true,1,
16246292,true,בארכה מאגדת 7 חטיפי חלבה וניל לוז,קבוצת אסם סחר,,,'יח,1.20,ל-100 גרם,false,1,11.90,9.92,false,1,
16246452,true,בארכה טחינה מעודנת לחיץ לימון,קבוצת אסם סחר,,,'יח,0.31,ל-100 גרם,false,1,11.90,38.39,false,1,
16270709,true,שרי ארוז,ביכורי השדה הצפון בעמ` 1964,,,'יח,1,,false,1,9.90,9.90,false,1,
16276831,true,תבשיל איטריות בטעם בקר,דין שיווק וקליה 2021 בעמ,,,'יח,1,ל-100 גרם,false,1,5.90,5.90,false,1,
16276848,true,תבשיל איטריות בטעם עוף,דין שיווק וקליה 2021 בעמ,,,'יח,1,ל-100 גרם,false,1,5.90,5.90,false,1,
16321661,true,מגבוני פרש וונס רביעייה סנסטיב,דנאגיס בעמ,,,'יח,1,'יח,false,1,16.90,16.90,true,1,
16321678,true,מגבוני פרש וונס רביעייה נטורל קאר,דנאגיס בעמ,,,'יח,1,'יח,false,1,16.90,16.90,true,1,
16321883,true,נייר טואלט פרש וונס מתכלה שלישייה,דנאגיס בעמ,,,'יח,1,ל-100 גרם,false,1,14.90,14.90,true,1,
16321890,true,נייר טואלט פרש וונס מתכלה שלישייה,דנאגיס בעמ,,,'יח,1,ל-100 גרם,false,1,14.90,14.90,true,1,
16334616,true,בצל ירוק,ביכורי השדה הצפון בעמ` 1964,,,'יח,1,,false,1,5.90,5.90,false,1,
16372373,true,רסק עגבניות 140*2,תה ויסוצקי בע`מ,,,'יח,2.80,ל-100 גרם,false,1,9.90,3.54,false,1,
16387698,true,כריות יפניות פנינה*3,מ.א. יצור ויבוא מטליות בעמ`,,,'יח,1,,false,36,6.90,6.90,true,1,
16400168,true,שקיות צליה 10 יח`,ח.כהן סוכנות מזון ומשקאות,,,'יח,10,'יח,false,1,4.90,0.49,false,1,
16400175,true,שקיות צליה ענק 5 יח`,ח.כהן סוכנות מזון ומשקאות,,,'יח,5,'יח,false,1,4.90,0.98,false,1,
16400380,true,"גפרור  ארוך""שווה""",ח.כהן סוכנות מזון ומשקאות,,,'יח,1,,false,1,6.90,6.90,false,1,
16400793,true,"מפיות נייר 100 יח ""שווה""",ח.כהן סוכנות מזון ומשקאות,,,'יח,1,,false,1,5.90,5.90,true,1,
16401141,true,"טורטיה תירס 8 יח 320 גר` ""שווה""",ח.כהן סוכנות מזון ומשקאות,,,'יח,3.20,ל-100 גרם,false,1,9.90,3.09,true,1,
16509342,true,מארז שלשות כדוריות אסלה,גורי שיווק,,,'יח,3,"ל-100 מ""ל",false,1,19.90,6.63,true,1,
16509786,true,פרסיל ג`ל לכביסה ירוק 2.5 ליטר,גורי שיווק,,,'יח,25,"ל-100 מ""ל",false,6,34.90,1.40,true,1,
16509793,true,פרסיל ג`ל לכביסה 4 ליטר ירוק,גורי שיווק,,,'יח,40,"ל-100 מ""ל",false,4,44.90,1.12,false,1,
16509809,true,פרסיל ג`ל לכביסה קולור 2.5 ליטר,גורי שיווק,,,'יח,25,"ל-100 מ""ל",false,6,34.90,1.40,true,1,
16509816,true,פרסיל ג`ל לכביסה 4 ליטר קולור,גורי שיווק,,,'יח,40,"ל-100 מ""ל",false,4,44.90,1.12,false,1,
16510096,true,הוואי שמפו מי קוקו 700 מל`,הנקל סוד בע`מ,,,'יח,7,"ל-100 מ""ל",false,12,9.90,1.41,true,1,
16510102,true,הוואי מרכך מי קוקוס 700 מל`,הנקל סוד בע`מ,,,'יח,7,"ל-100 מ""ל",false,12,9.90,1.41,true,1,
16510225,true,הוואי תחליב רחצה וניל ודבש 700 מל`,הנקל סוד בע`מ,,,'יח,1.50,לליטר,false,12,9.90,6.60,true,1,
16510232,true,הוואי תחליב רחצה יוגורט 700 מל`,הנקל סוד בע`מ,,,'יח,0.70,"ל-100 מ""ל",false,12,9.90,14.14,true,1,
16510249,true,הוואי תחליב רחצה יוגורט שקדים 700 מל`,הנקל סוד בע`מ,,,'יח,0.70,"ל-100 מ""ל",false,12,9.90,14.14,true,1,
16510287,true,הוואי תחליב רחצה קרם דבש 700 מל`,הנקל סוד בע`מ,,,'יח,0.70,"ל-100 מ""ל",false,12,9.90,14.14,true,1,
16510324,true,הוואי תחליב רחצה לגבר איריססטבל 700 מל,הנקל סוד בע`מ,,,'יח,0.70,"ל-100 מ""ל",false,12,9.90,14.14,true,1,
16510331,true,"הוואי אל סבון בנות 700 מ""ל",הנקל סוד בע`מ,,,'יח,7,"ל-100 מ""ל",false,1,9.90,1.41,true,1,
16510430,true,הוואי תחליב רחצה לגבר פיג`י 700 מל`,הנקל סוד בע`מ,,,'יח,0.70,"ל-100 מ""ל",false,12,9.90,14.14,true,1,
16510768,true,הוואי תחליב יוגורט אוכמניות 700 מל`,הנקל סוד בע`מ,,,'יח,7,"ל-100 מ""ל",false,1,9.90,1.41,true,1,
16510898,true,הוואי שמפו פריחת הדודבן 700 מ`ל,הנקל סוד בע`מ,,,'יח,7,"ל-100 מ""ל",false,1,9.90,1.41,true,1,
16510904,true,הוואי מרכך פריחת הדובדבן 700 מ`ל,הנקל סוד בע`מ,,,'יח,7,"ל-100 מ""ל",false,1,9.90,1.41,true,1,
16564006,true,מבריקל הפלא *3,אלבגינו שווק וסחר בעמ`,,,'יח,1,,false,1,9.90,9.90,false,1,
16564150,true,מטליות מיקרוייבר נשלפות *10,אלבגינו שווק וסחר בעמ`,,,'יח,1,,false,1,9.90,9.90,false,1,
16564204,true,כריות יפניות מבריקל הפלא,אלבגינו שווק וסחר בעמ`,,,'יח,1,,false,1,8.90,8.90,false,1,
16564235,true,זוג מטליות לרצפות גדולות,אלבגינו שווק וסחר בעמ`,,,'יח,1,,false,1,18.90,18.90,false,1,
16564266,true,כיסוי הפלא 30 יח`,אלבגינו שווק וסחר בעמ`,,,'יח,1,,false,1,9.90,9.90,false,1,
16564273,true,מארז 3 מטליות לרצפה,אלבגינו שווק וסחר בעמ`,,,'יח,1,,false,1,11.90,11.90,false,1,
16609448,true,שלישית גרעיני תירס מתוק *3,ויטה פרי גליל (החדשה) בע`מ,,,'יח,5.80,ל-100 גרם,false,1,10.90,1.88,false,1,
16621358,true,קמיל אל סבון נקיון והזנה ורוד 1 ליטר,"פישר תעשיות פרמצבטיות בע""מ",,,'יח,5,"ל-100 מ""ל",false,1,15.90,3.18,true,1,
16717044,true,"ספארקלינג מנגו BUZZ 750 מ""ל",אגודת הכורמים,,,'יח,7.50,"ל-100 מ""ל",false,1,27.90,3.68,true,1,
16865943,true,אטריות ביצים פטוצ`יני,גורי מוצרי צריכה 1991 בע`מ,,,'יח,4,ל-100 גרם,false,1,11.90,2.98,false,1,
16866650,true,משחת שיניים פרדונטקס אוריג`ינל 75 גרם,גורי ע.ע.ע. בע`מ,,,'יח,0.75,ל-100 גרם,false,12,30.90,41.20,true,1,
17023229,true,רביעיית פחיות שוופס מוגז פירות תות ליי,יפאורה - שותפות מוגבלת לשיווק,,,'יח,13.20,"ל-100 מ""ל",false,1,13.10,0.90,true,1,
17023236,true,רביעיית פחיות שוופס מוגז פירות ענבים 3,יפאורה - שותפות מוגבלת לשיווק,,,'יח,13.20,"ל-100 מ""ל",false,1,13.10,0.90,true,1,
17023663,true,רביעיית פחיות שוופס מוגז פירות למונייד,יפאורה - שותפות מוגבלת לשיווק,,,'יח,13.20,"ל-100 מ""ל",false,1,13.10,0.90,true,1,
17023854,true,רביעיית שוופס סודה 250 מ`ל,יפאורה - שותפות מוגבלת לשיווק,,,'יח,10,"ל-100 מ""ל",false,1,10.90,0.97,true,1,
17023861,true,רביעיית שוופס סודה לימון 250 מ`ל,יפאורה - שותפות מוגבלת לשיווק,,,'יח,10,"ל-100 מ""ל",false,1,10.90,0.97,true,1,
17023878,true,רביעיית שוופס סודה נענע ליים 250 מ`ל,יפאורה - שותפות מוגבלת לשיווק,,,'יח,10,"ל-100 מ""ל",false,1,10.90,0.97,true,1,
17031705,true,משחת שיניים סנסודין פלואוריד 75 מל זהב,גורי ע.ע.ע. בע`מ,,,'יח,0.75,"ל-100 מ""ל",false,1,21.90,29.20,true,1,
17031811,true,זוג מברשות שיניים פרודנטקס בליסטר,גורי ע.ע.ע. בע`מ,,,'יח,0,'יח,false,1,19.90,19.90,true,1,
17031859,true,משחת שיניים פרדונטקס מלבינה 75 גרם,גורי ע.ע.ע. בע`מ,,,'יח,0.75,ל-100 גרם,false,12,30.90,41.20,true,1,
17058689,true,זית שחור טבעי  400 גר`,תומר ייבוא ושיווק מוצרי מזון [,,,'יח,4,ל-100 גרם,false,1,14.90,3.73,false,1,
17065007,true,גבינת מוצרלה פרוסה גד 200 גר`,מחלבות גד בעמ`,,,'יח,2,ל-100 גרם,false,1,19.90,9.95,false,1,
17065137,true,גבינה ריקוטה למריחה 5% טבעית 200 גר`,מחלבות גד בעמ`,,,'יח,2,ל-100 גרם,false,1,9.90,4.95,false,1,
17065236,true,גבינה בולגרית מעודנת 24% 250 גרם,מחלבות גד בעמ`,,,'יח,2.50,ל-100 גרם,false,1,24.70,9.88,false,1,
17065618,true,פקורינו פרוס 150 גר`,מחלבות גד בעמ`,,,'יח,1.50,ל-100 גרם,false,1,20.90,13.93,false,1,
17088105,true,בייביסיטר פרפורמנס{38}מידה 3+,שקד תבל בע`מ,,,'יח,1,'יח,false,1,29.90,29.90,true,1,
17088129,true,בייביסיטר פרפורמנס{34}מידה 4+,שקד תבל בע`מ,,,'יח,1,'יח,false,1,29.90,29.90,true,1,
17088136,true,בייביסיטר פרפורמנס{32}מידה 5+,שקד תבל בע`מ,,,'יח,1,'יח,false,1,29.90,29.90,true,1,
17088143,true,בייביסיטר פרפורמנס{30}מידה 6,שקד תבל בע`מ,,,'יח,1,'יח,false,1,29.90,29.90,true,1,
17105048,true,שלישייה זיתים טבעות יכין 200 גר`,זנלכול יכין,,,'יח,2,ל-100 גרם,false,1,13.90,6.95,false,1,
17105369,true,סירופ דיאט אייס טי אפרסק 1 ליטר,זנלכול יכין,,,'יח,1,,false,1,18.90,18.90,false,1,
17105383,true,תירס שלשות קידס 200 גר`,זנלכול יכין,,,'יח,2,ל-100 גרם,false,1,14.90,7.45,false,1,
17105468,true,אפונה גינה שלשות יכין,זנלכול יכין,,,'יח,6,ל-100 גרם,false,1,14.90,2.48,false,1,
17105550,true,מאגדת רסק עגבניות 100*4,זנלכול יכין,,,'יח,4,ל-100 גרם,false,1,13.90,3.48,false,1,
17105895,true,גרגירי חומוס מסעדות יכין 550 גר`,זנלכול יכין,,,'יח,5.50,ל-100 גרם,false,1,9.90,1.80,false,1,
17121048,true,פלפל צ`ומה  עללחם 250 גר`,שטראוס גרופ בע`מ,,,'יח,2.50,ל-100 גרם,false,1,14.90,5.96,false,1,
17121093,true,.אריסה חריפה  עללחם 250 גר`,שטראוס גרופ בע`מ,,,'יח,2.50,ל-100 גרם,false,1,14.90,5.96,false,1,
17142128,true,"שמן זית קלאסי עץ הזית 750 מ""ל",סוגת,,,'יח,7.50,"ל-100 מ""ל",false,1,32.90,4.39,true,1,
17252636,true,עוגת דבש עגולה,בני פאוזי שמשום,,,'יח,1,ל-100 גרם,false,1,5.90,5.90,true,1,
17266053,true,וופל עלמה  קראנצ`במילוי קרם לימון ללא,מ.ד אטיאס סוכנויות מזון בע`מ,,,'יח,1,ל-100 גרם,false,1,6.90,6.90,false,1,
17291390,true,שורש כורכום טרי ארוז,ביכורי השדה הצפון בעמ` 1964,,,'יח,1,'יח,false,1,19.90,19.90,false,1,
17297224,true,שעועית אדומה  800 גר`,ויטה פרי גליל (החדשה) בע`מ,,,'יח,8,ל-100 גרם,false,1,12.90,1.61,false,1,
17303567,true,עוגיות תמר מלוחות עם קצח 500 גר`,מאפית אריאל שיווק והפצה,,,'יח,5,ל-100 גרם,false,1,12.90,2.58,true,1,
17303574,true,עוגיות תמר מלוחות עם שומשום 500 גר`,מאפית אריאל שיווק והפצה,,,'יח,5,ל-100 גרם,false,1,12.90,2.58,true,1,
17303604,true,עוגיות תמר גרנולה 600 גר,מאפית אריאל שיווק והפצה,,,'יח,5,ל-100 גרם,false,1,12.90,2.58,true,1,
17303611,true,עוגיות תמר כעכעים קקאו  500 גר`,מאפית אריאל שיווק והפצה,,,'יח,5,ל-100 גרם,false,1,12.90,2.58,true,1,
17303628,true,עוגיות תמר כתר במילוי תות 600 גר,מאפית אריאל שיווק והפצה,,,'יח,5,ל-100 גרם,false,1,12.90,2.58,true,1,
17303642,true,עוגיות תמר מקלות מסוכרים קינמון 400 גר,מאפית אריאל שיווק והפצה,,,'יח,5,ל-100 גרם,false,1,12.90,2.58,true,1,
17303659,true,עוגיות תמר מיני מרוקאיות 500 גר`,מאפית אריאל שיווק והפצה,,,'יח,5,ל-100 גרם,false,1,12.90,2.58,true,1,
17303666,true,עוגיות תמר שוקולד ציפס 600 גר,מאפית אריאל שיווק והפצה,,,'יח,5,ל-100 גרם,false,1,12.90,2.58,true,1,
17303673,true,עוגיות תמר שוקולד ציפס לבן 600 גר,מאפית אריאל שיווק והפצה,,,'יח,5,ל-100 גרם,false,1,12.90,2.58,true,1,
17374512,true,שקיות אשפה 75*90,מ.א. יצור ויבוא מטליות בעמ`,,,'יח,1,,false,20,9.90,9.90,false,1,
17374932,true,שקיות אשפה גורילה 52*65,מ.א. יצור ויבוא מטליות בעמ`,,,'יח,1,,false,20,14.90,14.90,false,1,
17440279,true,"אל סבון קידס 750 מ""ל","פישר תעשיות פרמצבטיות בע""מ",,,'יח,7.50,"ל-100 מ""ל",false,1,16.90,2.25,false,1,
17440965,true,קמיל אל סבון ניקיון ולחות לבן 1 ליטר,"פישר תעשיות פרמצבטיות בע""מ",,,'יח,5,"ל-100 מ""ל",false,1,15.90,3.18,true,1,
17457581,true,"מרכך כביסה סוד בניחוח מי קוקוס 900 מ""ל",גורי שיווק,,,'יח,9,"ל-100 מ""ל",false,1,12.90,1.43,true,1,
17457703,true,מרכך כביסה מרוכז ארומתרפי זהב,גורי שיווק,,,'יח,9,"ל-100 מ""ל",false,1,12.90,1.43,true,1,
17457710,true,מרכך כביסה מרוכז ארומתרפי סגול,גורי שיווק,,,'יח,9,"ל-100 מ""ל",false,1,12.90,1.43,true,1,
17457727,true,מרכך כביסה מרוכז כחול,גורי שיווק,,,'יח,9,"ל-100 מ""ל",false,12,12.90,1.43,true,1,
17457734,true,מרכך כביסה מרוכז ורוד,גורי שיווק,,,'יח,9,"ל-100 מ""ל",false,12,12.90,1.43,true,1,
17457888,true,סוד ג`ל כביסה כחול 4 ל` כחול,גורי שיווק,,,'יח,40,"ל-100 מ""ל",false,1,32.90,0.82,true,1,
17457925,true,"מרכך כביסה מרוכז FCFC 900 מ""ל",גורי שיווק,,,'יח,9,"ל-100 מ""ל",false,1,12.90,1.43,true,1,
17457932,true,"מרכך כביסה מרוכז FCCF 900 מ""ל",גורי שיווק,,,'יח,9,"ל-100 מ""ל",false,1,12.90,1.43,true,1,
17477169,true,קשיו קלוי 250 גר`,דין שיווק וקליה 2021 בעמ,,,'יח,2.50,ל-100 גרם,false,1,20,8,false,1,
17513485,true,מחית עגבניות רוסטיקה 680 גר`,תה ויסוצקי בע`מ,,,'יח,6.80,ל-100 גרם,false,1,13.90,2.04,true,1,
17513775,true,פליפז בייגלה מצופה שוקולד חלב  140 גר`,תה ויסוצקי בע`מ,,,'יח,1.40,ל-100 גרם,false,1,8.90,6.36,true,1,
17513782,true,פליפז בייגלה מצופה שוקולד מריר 140 גר`,תה ויסוצקי בע`מ,,,'יח,1.40,ל-100 גרם,false,1,8.90,6.36,true,1,
17641102,true,"שוקולד פרמיום 70% לל""ס תפוז 100 גר`",כרמית תעשיות ממתקים בעמ,,,'יח,1,ל-100 גרם,false,1,7.90,7.90,false,1,
17641997,true,"שוקולד פרמיום 70% לל""ס אגוז לוז 100 גר`",כרמית תעשיות ממתקים בעמ,,,'יח,1,ל-100 גרם,false,1,7.90,7.90,false,1,
17677804,true,רוטב סויה קיקומן 444 מל,דיפלומט מפיצים (1968) בע`מ,,,'יח,4.44,"ל-100 מ""ל",false,12,19.90,4.48,true,1,
17715964,true,"רסק תפו""ע+אפרסק דיאט 4 יח`",תומר ייבוא ושיווק מוצרי מזון [,,,'יח,5.50,ל-100 גרם,false,1,10.90,1.98,false,1,
17812571,true,תירוש מיץ ענבים טבעי 1 ליטר 100%,אגודת הכורמים,,,'יח,10,"ל-100 מ""ל",false,1,19.90,1.96,true,1,
17812595,true,יין היובל ישן נושן לייט  750 מל`,אגודת הכורמים,,,'יח,7.50,"ל-100 מ""ל",false,1,24.90,3.28,true,1,
17812656,true,"תירוש ענבים טבעי מבעבע אדום 750 מ""ל",אגודת הכורמים,,,'יח,7.50,"ל-100 מ""ל",false,1,19.90,2.61,false,1,
17812977,true,"BUZZ אננס 750 מ""ל",אגודת הכורמים,,,'יח,7.50,"ל-100 מ""ל",false,1,27.90,3.68,true,1,
17842202,true,נייר טישו כיס 10 יחידות שווה,ח.כהן סוכנות מזון ומשקאות,,,'יח,1,ל-100 גרם,false,1,5.90,5.90,false,1,
17884462,true,מארז ריבועי בצק עלים 600  גר`כשל`פ,מאפית אריאל שיווק והפצה,,,'יח,6,ל-100 גרם,false,1,17.90,2.98,false,1,
17888026,true,"משקה קל אננס תפוח וגזר V F 350 מ""ל",יפאורה - שותפות מוגבלת לשיווק,,,'יח,3.50,"ל-100 מ""ל",false,1,6.90,1.89,false,1,
17888095,true,רביעיית פחיות שוופס מוגז עדין פ.יער 33,יפאורה - שותפות מוגבלת לשיווק,,,'יח,12,"ל-100 מ""ל",false,1,12.90,0.98,true,1,
17888101,true,רביעיית פחיות שוופס מוגז עדין אפרסק330,יפאורה - שותפות מוגבלת לשיווק,,,'יח,12,"ל-100 מ""ל",false,1,12.90,0.98,true,1,
17888347,true,"בקבוק מים קטן ספורט 500 מ""ל",יפאורה - שותפות מוגבלת לשיווק,,,'יח,5,"ל-100 מ""ל",false,1,4,0.74,false,1,
17888729,true,שוופס סודה בבקבוק 1 ליטר,יפאורה - שותפות מוגבלת לשיווק,,,'יח,10,"ל-100 מ""ל",false,1,3.90,0.36,true,1,
17888972,true,מי עדן 1 ליטר פקק ספורט פיקדון,יפאורה - שותפות מוגבלת לשיווק,,,'יח,10,"ל-100 מ""ל",false,1,3.90,0.36,false,1,
17928227,true,מאיר בייגל שטוחלה פינוקים  300 ג,דנאגיס בעמ,,,'יח,3,ל-100 גרם,false,1,11.90,3.97,true,1,
17928616,true,מאיר בייגל שטוחלה שומשום  300 גר`,דנאגיס בעמ,,,'יח,3,ל-100 גרם,false,1,11.90,3.97,true,1,
17928821,true,מאיר בייגל גריסיני מקלות קלאסי 200 גר`,דנאגיס בעמ,,,'יח,2,ל-100 גרם,false,1,11.90,5.95,true,1,
17946474,true,הוואי ג`ל רחצה סודות פולינזיה  700 מל`,הנקל סוד בע`מ,,,'יח,7,"ל-100 מ""ל",false,12,9.90,1.41,true,1,
17968674,true,סטייק  סינטה קפוא כשר,ג.ת שווק בן בקר בע`מ,,,'יח,1,,true,1,49.90,49.90,false,1,
18091029,true,מקלות פילו תפוח אדמה  450 גר`,תנובה מרכז שיתופי לשיווק תוצרת,,,'יח,4.50,ל-100 גרם,false,1,16.90,3.76,false,1,
18091616,true,מקלות פילו גבינה 450 גר`,תנובה מרכז שיתופי לשיווק תוצרת,,,'יח,4.50,ל-100 גרם,false,1,16.90,3.76,false,1,
18131039,true,מאגדת שוקו וניל עוגיות 45*6,נגה גלידות שותפות מוגבלת,,,'יח,0.45,ל-100 גרם,false,1,26.90,59.78,false,1,
18131831,true,מאגדת שלגוני מילקה 4*65 גר`,נגה גלידות שותפות מוגבלת,,,'יח,0.65,ל-100 גרם,false,1,29.90,46,false,1,
18131954,true,גלידה לה פרוטה מאגדת תות שוקולד 8 יח`,נגה גלידות שותפות מוגבלת,,,'יח,6.80,ל-100 גרם,false,1,26.90,3.96,false,1,
18165447,true,רזרב גולד מרלו gold edition 750 מ`,טמפו משקאות בע`מ,,,'יח,7.50,"ל-100 מ""ל",false,1,49.90,6.61,true,1,
18192023,true,מקלות סלרי,ביכורי השדה הצפון בעמ` 1964,,,'יח,1,,false,1,5.90,5.90,false,1,
18192658,true,פטריות זוג,ביכורי השדה הצפון בעמ` 1964,,,'יח,1,,false,1,16.90,16.90,false,1,
18198056,true,"תפוגן קוביות תפוח אדמה 1.5 ק""ג",קבוצת אסם סחר,,,'יח,15,ל-100 גרם,false,1,26.90,1.79,false,1,
18198148,true,"תפוגן קריספי ציפס קלאסי 1.25 ק""ג",קבוצת אסם סחר,,,'יח,12.50,ל-100 גרם,false,1,26.90,2.15,false,1,
18198209,true,תפוגן ציפס בטטה קראנצ`י 500 גר`,קבוצת אסם סחר,,,'יח,5,ל-100 גרם,false,1,19.90,3.98,false,1,
18198254,true,"תפוגן קריספי ציפס פוטטוס 1.25 ק""ג",קבוצת אסם סחר,,,'יח,12.50,ל-100 גרם,false,1,26.90,2.15,false,1,
18213124,true,דלי מטליות לחות לרצפה 50  יח`פוקוס,מ.א. יצור ויבוא מטליות בעמ`,,,'יח,0,'יח,false,1,29.90,29.90,false,1,
18213247,true,מטליות לחות לריצפה שייני בניחוח מרכך כ,מ.א. יצור ויבוא מטליות בעמ`,,,'יח,1,,false,12,9.90,9.90,true,1,
18213254,true,שלישיית מגבות מטבח עבות,מ.א. יצור ויבוא מטליות בעמ`,,,'יח,0,'יח,false,1,9.90,9.90,false,1,
18213407,true,מיקרופייבר חמישייה לניקוי כללי,מ.א. יצור ויבוא מטליות בעמ`,,,'יח,1,,false,1,9.90,9.90,false,1,
18294208,true,"סלקטד יין אדום ישראלי  750 מ""ל",אגודת הכורמים,,,'יח,7.50,"ל-100 מ""ל",false,1,29.90,3.95,true,1,
18333006,true,"שוקולד פרמיום 70% לל""ס שברי אגוזי 100 גר",כרמית תעשיות ממתקים בעמ,,,'יח,1,ל-100 גרם,false,1,7.90,7.90,false,1,
18359334,true,רכז עגבניות טבעי פריכוז שף 580 גר`,זנלכול יכין,,,'יח,5.80,ל-100 גרם,false,1,11.90,2.05,false,1,
18359358,true,שליישיה פריכוז יכין 200 גר`,זנלכול יכין,,,'יח,2,ל-100 גרם,false,1,14.90,7.45,false,1,
18359495,true,תירס מהשדה לל`ס יכין 550 גר`,זנלכול יכין,,,'יח,5.50,ל-100 גרם,false,1,9.90,1.80,false,1,
18359518,true,תירס מהשדה לל`ס 200  גר`שלישייה,זנלכול יכין,,,'יח,2,ל-100 גרם,false,1,14.90,7.45,false,1,
18359556,true,תירס מהשדה לל`ס יכין 400 גר`,זנלכול יכין,,,'יח,4,ל-100 גרם,false,1,6.50,1.63,false,1,
18359570,true,שעועית צילי הקטניה הטובה שלישייה 200*3,זנלכול יכין,,,'יח,6,ל-100 גרם,false,1,14.90,2.48,true,1,
18359587,true,חומוס הקטניה הטובה שלישייה 200*3,זנלכול יכין,,,'יח,6,ל-100 גרם,false,1,14.90,2.48,true,1,
18359686,true,חומוס ענק יכין 550 גר`,זנלכול יכין,,,'יח,5.50,ל-100 גרם,false,1,9.90,1.80,false,1,
18440209,true,פליפז בייגלה בציפוי פאדג` לבן  140 גר,תה ויסוצקי בע`מ,,,'יח,1.40,ל-100 גרם,false,1,8.90,6.36,true,1,
18471029,true,שישיית שרינק 0.5  ל`שוופס סודה לימון,יפאורה - שותפות מוגבלת לשיווק,,,'יח,3,"ל-100 מ""ל",false,1,14.90,4.37,false,1,
18471210,true,ספרינג נקטר אגס סברס תפוח 1 ליטר קרטון,יפאורה - שותפות מוגבלת לשיווק,,,'יח,10,"ל-100 מ""ל",false,1,6.90,0.69,true,1,
18471463,true,תפוזינה נקטר תפוז  מנגו 1  ל`קרטונית,יפאורה - שותפות מוגבלת לשיווק,,,'יח,10,"ל-100 מ""ל",false,1,6.90,0.69,true,1,
18471470,true,תפוזינה נקטר תפוז פסיפלורה 1  ל`קרטוני,יפאורה - שותפות מוגבלת לשיווק,,,'יח,10,"ל-100 מ""ל",false,1,6.90,0.69,true,1,
18471487,true,תפוזינה נקטר תפוז אננס 1  ל`קרטונית,יפאורה - שותפות מוגבלת לשיווק,,,'יח,10,"ל-100 מ""ל",false,1,6.90,0.69,true,1,
18471494,true,תפוזינה נקטר תפוז גזר 1  ל`קרטונית,יפאורה - שותפות מוגבלת לשיווק,,,'יח,10,"ל-100 מ""ל",false,1,6.90,0.69,true,1,
18471623,true,שוופס טוניק אשכוליות ליצ`י 1 ל`,יפאורה - שותפות מוגבלת לשיווק,,,'יח,10,"ל-100 מ""ל",false,1,9.90,0.96,false,1,
18516348,true,פאוץ פרינוק סלט פירות וש.שועל 120 גר`,גורי מוצרי צריכה 1991 בע`מ,,,'יח,1.30,ל-100 גרם,false,1,5.90,4.54,true,1,
19056539,true,פרוט ווטר אננס1.5 ל`,יפאורה - שותפות מוגבלת לשיווק,,,'יח,15,"ל-100 מ""ל",false,1,8.90,0.57,true,1,
19297246,true,שזיפים 250 גרם בקופסא,דין שיווק וקליה 2021 בעמ,,,'יח,2.50,ל-100 גרם,false,1,14.90,5.96,false,1,
40111216,true,חטיף באונטי 57 גרם,"מרס ריגלי ישראל בע""מ",,,'יח,0.57,ל-100 גרם,false,1,3.90,6.84,false,1,
40144016,true,וורטר סוכריות קשות בטעם חמאה,ליימן שליסל בע`מ,,,'יח,0.50,ל-100 גרם,false,1,3.20,6.40,false,1,
42051617,true,מארז חושן 25 צלחות ענק+25בינוני,ח.כהן סוכנות מזון ומשקאות,,,'יח,1,'יח,false,1,59.90,59.90,true,1,
54051157,true,אלפרו מעדן סויה בטעם  שוק `4*125גרם,שטראוס גרופ בע`מ,,,'יח,1.25,ל-100 גרם,false,1,16.90,13.52,false,1,
72940754,true,מילקי מעדן חלב וניל עם קצפת %5 170מל,שטראוס גרופ בע`מ,,,'יח,1.30,"ל-100 מ""ל",false,24,2.80,2.15,false,1,
72940761,true,מילקי טעם שוקולד,שטראוס גרופ בע`מ,,,'יח,1.30,"ל-100 מ""ל",false,24,2.90,2.23,false,1,
72940952,true,מילקי קצפת 2p מעדן שוקולד %10 170 מ`,שטראוס גרופ בע`מ,,,'יח,1.70,"ל-100 מ""ל",false,24,3.90,2.29,false,1,
72941041,true,מיני מילקי שוקולד עם קצפת %6 90 מל,שטראוס גרופ בע`מ,,,'יח,1.30,"ל-100 מ""ל",false,24,2.30,1.77,false,1,
72961506,true,פרילי תות %1.5 125 מל גביע,תנובה חלב,,,'יח,1.25,"ל-100 מ""ל",false,1,3.70,2.96,false,1,
72961520,true,פרילי אננס %1.5 125 מל גביע,תנובה חלב,,,'יח,1.25,"ל-100 מ""ל",false,1,3.70,2.96,false,1,
72961544,true,באדי תות,תנובה חלב,,,'יח,1.25,"ל-100 מ""ל",false,1,3,2.40,false,1,
72963753,true,שמנת של פעם %27 200 מ``ל גביע,תנובה חלב,,,'יח,2,"ל-100 מ""ל",false,1,4.30,2.15,false,1,
72964422,true,שלי יוגורט %4.5 200 מל גביע,תנובה חלב,,,'יח,2,"ל-100 מ""ל",false,1,2.90,1.45,false,1,
72986233,true,באדי וניל %3 125 מ``ל מהדרין,תנובה חלב,,,'יח,1.25,"ל-100 מ""ל",false,1,3,2.40,false,1,
72986240,true,באדי שוקו %3 125 מ``ל מהדרין,תנובה חלב,,,'יח,1.25,"ל-100 מ""ל",false,1,3,2.40,false,1,
72986370,true,גלידת בן & ג`ריס 500 מל` וניל,מוצרי איכות אמריקאים,,,'יח,5,ל-100 גרם,false,1,19.90,3.98,true,1,
72986424,true,גלידת בן & ג`ריס 500 מל` קרם עוגיות,מוצרי איכות אמריקאים,,,'יח,5,"ל-100 מ""ל",false,1,19.90,3.98,true,1,
72986455,true,גלידת בן & ג`ריס 500 מל` ניו יורק,מוצרי איכות אמריקאים,,,'יח,5,"ל-100 מ""ל",false,1,19.90,3.98,true,1,
72986479,true,גלידת בן & ג`ריס 500 מל` מאנקי,מוצרי איכות אמריקאים,,,'יח,5,"ל-100 מ""ל",false,1,19.90,3.98,true,1,
72991886,true,גלידת בן & ג`ריס 500 מל` דולצ`ה,מוצרי איכות אמריקאים,,,'יח,5,"ל-100 מ""ל",false,1,19.90,3.98,true,1,
72993637,true,דני שוקולד %1.5 שומן 125 גרם,שטראוס גרופ בע`מ,,,'יח,1.25,"ל-100 מ""ל",false,24,2.70,2.16,false,1,
72994061,true,פסק זמן GOOD,שטראוס גרופ בע`מ,,,'יח,0,ל-100 גרם,false,20,5.30,5.30,false,1,
80042556,true,עגבניות חתוכות בודד 400 גרם,רסטרטו יבוא ושיווק בעמ,,,'יח,4,ל-100 גרם,false,1,5.90,1.48,false,1,
80042563,true,רסק עגבניות 700 כר` מוטי,רסטרטו יבוא ושיווק בעמ,,,'יח,7,ל-100 גרם,false,1,11.90,1.70,false,1,
80052760,true,חטיף קינדר בואנו שוקולד 43 גרם,פרימיום חברה לדברי מתיקה ולמסח,,,'יח,0.43,ל-100 גרם,false,1,3.50,8.14,false,1,
80136194,true,קינדר Happy Hippo ופל במילוי קרם 5יח,פרימיום חברה לדברי מתיקה ולמסח,,,'יח,1.30,ל-100 גרם,false,1,12.90,9.92,false,1,
80176800,true,ממרח נוטלה קקאו אגוזים 750 גרם,פרימיום חברה לדברי מתיקה ולמסח,,,'יח,7.50,ל-100 גרם,false,1,25.90,3.45,false,1,
80177616,true,אצבעות שוקולד קינדר 100 גרם,פרימיום חברה לדברי מתיקה ולמסח,,,'יח,1,ל-100 גרם,false,1,7.90,7.90,false,1,
80310167,true,קינד שוקולד מקסי מארז 6 יח`,פרימיום חברה לדברי מתיקה ולמסח,,,'יח,0,ל-100 גרם,false,1,9.90,9.90,false,1,
80773429,true,מסטיק מנטוס טעם תות,ליימן שליסל בע`מ,,,'יח,0.24,ל-100 גרם,false,24,9.90,41.25,true,1,
80773443,true,מסטיק מנטוס טעם פירות,ליימן שליסל בע`מ,,,'יח,0.24,ל-100 גרם,false,24,9.90,41.25,true,1,
80790990,true,מסטיק מנטוס טעם מנטה עדינה,ליימן שליסל בע`מ,,,'יח,0.24,ל-100 גרם,false,24,9.90,41.25,true,1,
80832560,true,סוכריות מנטוס ללא סוכר בטעם פירות יער,ליימן שליסל בע`מ,,,'יח,0.21,ל-100 גרם,false,1,6.90,32.86,true,1,
80843184,true,מסטיק מנטוס טעם ענבים,ליימן שליסל בע`מ,,,'יח,0.24,ל-100 גרם,false,24,9.90,41.25,true,1,
80896081,true,מסטיק מנטוס טעם אבטיח,ליימן שליסל בע`מ,,,'יח,0.24,ל-100 גרם,false,24,9.90,41.25,true,1,
80913467,true,מסטיק מנטוס טעם מנטה,ליימן שליסל בע`מ,,,'יח,0.24,ל-100 גרם,false,24,9.90,41.25,true,1,
80945468,true,מסטיק מנטוס מנטה מתוקה  60 גרם,ליימן שליסל בע`מ,,,'יח,6,ל-100 גרם,false,24,9.90,1.65,true,1,
80979128,true,מסטיק מנטוס טעם דובדבן,ליימן שליסל בע`מ,,,'יח,0.24,ל-100 גרם,false,1,9.90,41.25,true,1,
87108538,true,מנטוס תות 38גר,ליימן שליסל בע`מ,,,'יח,0.37,ל-100 גרם,false,40,2.90,7.84,true,1,
87108651,true,מנטוס רבעיות מנטה 4*37.5 גרם,ליימן שליסל בע`מ,,,'יח,1,,false,35,10.90,10.90,true,1,
87108712,true,מנטוס רביעיות פירות 4*37.5 גרם,ליימן שליסל בע`מ,,,'יח,1.50,ל-100 גרם,false,35,10.90,7.27,true,1,
87354041,true,סוכריות מנטוס גליל דובדבן 37 גרם,ליימן שליסל בע`מ,,,'יח,0.3750,ל-100 גרם,false,40,2.90,7.73,true,1,
90087974,true,חומץ טבעי מתפוחים 750 מ`ל,תומר ייבוא ושיווק מוצרי מזון [,,,'יח,1,,false,1,12.90,12.90,false,1,
90162602,true,משקה אנרגיה Red Bull מוגז 250 מל,דיפלומט מפיצים (1968) בע`מ,,,'יח,2.50,"ל-100 מ""ל",false,1,5.90,2.24,true,1,
90448867,true,משקה אנרגיה Red Bull מוגז 250 מל ללא פ,דיפלומט מפיצים (1968) בע`מ,,,'יח,2.50,"ל-100 מ""ל",false,1,5.90,2.24,false,1,
11182700954,true,שעועית שחורה 439 גרם קינג קול,מור ים מרקטינג בעמ,,,'יח,4.39,ל-100 גרם,false,1,9.90,2.26,false,1,
11210000094,true,רוטב טבסקו אדום 60 מל,מ.ד אטיאס סוכנויות מזון בע`מ,,,'יח,0.60,"ל-100 מ""ל",false,1,12.90,21.50,false,1,
12104140506,true,שמפו קרדינאל פרעושים וקרציות 500 ml,שחורי אריה ואנסטסיה,,,'יח,5,"ל-100 מ""ל",false,1,59.90,11.98,false,1,
16000423534,true,חטיף שיבולת שועל עם שוקולד מריר 5*42 גרם,ליימן שליסל בע`מ,,,'יח,2.10,ל-100 גרם,false,12,19.90,9.48,true,1,
16000548404,true,חטיף שיבולת שועל עם דבש 5*42 גרם,ליימן שליסל בע`מ,,,'יח,2.10,ל-100 גרם,false,12,19.90,9.48,true,1,
16000548503,true,חטיף שיבולת שועל עם מייפל קנדי 5*42גרם,ליימן שליסל בע`מ,,,'יח,2.10,ל-100 גרם,false,12,19.90,9.48,true,1,
18000701223,true,תערובת להכנת עוגת שוקולד 517 גרם,ליימן שליסל בע`מ,,,'יח,5,ל-100 גרם,false,1,17.90,3.58,false,1,
18000766413,true,תערובת לעוגת בראוניס עם פאדג 436 גר,ליימן שליסל בע`מ,,,'יח,5.50,ל-100 גרם,false,12,17.90,3.25,false,1,
25675301108,true,מקלות חמוצים בטעם תות שדה 50 גרם,גורי ע.ע.ע. בע`מ,,,'יח,0.50,ל-100 גרם,false,1,4.90,9.80,false,1,
30000315958,true,קוואקר פרוטאין בננה אגוזים 366 גר`,שטראוס פריטו ליי בע`מ,,,'יח,3.66,ל-100 גרם,false,1,24.90,6.80,false,1,
32700121068,true,שמפו סרגנטס לעור יבש 532 מל Sergeants Me,שחורי אריה ואנסטסיה,,,'יח,5.32,"ל-100 מ""ל",false,1,59.90,11.26,false,1,
32700154042,true,ספריי לפרווה הארטס,שחורי אריה ואנסטסיה,,,'יח,1,,false,1,39.90,39.90,false,1,
32700885380,true,חכת הרץ לחתול,שחורי אריה ואנסטסיה,,,'יח,1,,false,1,19.90,19.90,false,1,
32700950682,true,שמפו שלוש באחד,שחורי אריה ואנסטסיה,,,'יח,4.75,"ל-100 מ""ל",false,1,39.90,8.40,false,1,
34000442652,true,טבלת ריזס XL,ליימן שליסל בע`מ,,,'יח,38,ל-100 גרם,false,12,8.90,0.23,true,1,
34000544028,true,ממתק טוויזלרס בטעם תות 198גר,ליימן שליסל בע`מ,,,'יח,1.50,ל-100 גרם,false,12,7.90,5.27,false,1,
35585020389,true,קונג צעצוע צפרדע פלש נויז S,שחורי אריה ואנסטסיה,,,'יח,1,,false,1,29.90,29.90,false,1,
35585032023,true,קונג כדור לחיץ M,שחורי אריה ואנסטסיה,,,'יח,1,,false,1,24.90,24.90,false,1,
35585055503,true,קונג בובת קיקרו מנומר,שחורי אריה ואנסטסיה,,,'יח,1,,false,1,39.90,39.90,false,1,
35585156002,true,קונג משחק חתול חכת נחש,שחורי אריה ואנסטסיה,,,'יח,1,,false,1,39.90,39.90,false,1,
35585328003,true,קונג משחק חתול דג טרופי ורוד,שחורי אריה ואנסטסיה,,,'יח,1,,false,1,29.90,29.90,false,1,
35585334240,true,קונג משחק חתול תמנון,שחורי אריה ואנסטסיה,,,'יח,1,,false,1,39.90,39.90,false,1,
35585450490,true,קונג משחק חתול זנב פרא,שחורי אריה ואנסטסיה,,,'יח,1,,false,1,29.90,29.90,false,1,
35585450506,true,קונג משחק חתול אקטיב כדור צמר,שחורי אריה ואנסטסיה,,,'יח,1,,false,1,19.90,19.90,false,1,
35585453378,true,קונג קיקורו מובחר,שחורי אריה ואנסטסיה,,,'יח,1,,false,1,39.90,39.90,false,1,
35585459233,true,קונג משחק חתול ספייס בול כדור צבעוני,שחורי אריה ואנסטסיה,,,'יח,1,,false,1,19.90,19.90,false,1,
35585459264,true,קונג פלינגארו משחק חתול עם קטניפ,שחורי אריה ואנסטסיה,,,'יח,1,,false,1,39.90,39.90,false,1,
35585459271,true,קונג משחק חתול קראקל דג זהב,שחורי אריה ואנסטסיה,,,'יח,1,,false,1,39.90,39.90,false,1,
35585462028,true,קונג משחק חתול בטר בוז דבורה,שחורי אריה ואנסטסיה,,,'יח,1,,false,1,29.90,29.90,false,1,
35585462080,true,קונג משחק חתול בטר בוז בננה,שחורי אריה ואנסטסיה,,,'יח,1,,false,1,29.90,29.90,false,1,
35585494036,true,קונג ריף משחק לכלב קטן S,שחורי אריה ואנסטסיה,,,'יח,1,,false,1,39.90,39.90,false,1,
35585800035,true,קונג בובת וובה לגורים,שחורי אריה ואנסטסיה,,,'יח,1,,false,1,39.90,39.90,false,1,
36000516876,true,קלינקס לושן שלש שכבות 75 דף,חוגלה קימברלי שיווק בע`מ,,,'יח,1,ל-100 גרם,false,1,9.90,9.90,false,1,
37600207188,true,ממרח חמאת בוטנים קלאסי 462 גרם,דיפלומט מפיצים (1968) בע`מ,,,'יח,4.62,ל-100 גרם,false,1,19.90,4.31,false,1,
37600207256,true,ממרח חמאת בוטנים עם שברי בוטנים 462גר`,דיפלומט מפיצים (1968) בע`מ,,,'יח,4.62,ל-100 גרם,false,1,19.90,4.31,false,1,
37600207287,true,ממרח חמאת בוטנים עם דבש 462 גרם,דיפלומט מפיצים (1968) בע`מ,,,'יח,4.62,ל-100 גרם,false,12,19.90,4.31,false,1,
37600297943,true,מטבל סלסה חריף 439 גרם,ליימן שליסל בע`מ,,,'יח,4.39,ל-100 גרם,false,1,18.90,4.31,false,1,
37600297967,true,סלסה מטבל עגבניות בחריפות מעודנת עדינה,ליימן שליסל בע`מ,,,'יח,4.39,ל-100 גרם,false,1,18.90,4.31,false,1,
38000138720,true,פרינגלס ראנץ` 158 גר`,דיפלומט מפיצים (1968) בע`מ,,,'יח,1.58,ל-100 גרם,false,1,9.90,6.27,true,1,
38000183928,true,פרינגלס חרדל ודבש  158 גר`,דיפלומט מפיצים (1968) בע`מ,,,'יח,1.58,ל-100 גרם,false,14,9.90,6.27,true,1,
38000232152,true,פרינגלס ביג ברביקיו 158 גר`,דיפלומט מפיצים (1968) בע`מ,,,'יח,1.58,ל-100 גרם,false,14,9.90,6.27,true,1,
38000232176,true,פרינגלס ביג שמנת בצל 158 גר`,דיפלומט מפיצים (1968) בע`מ,,,'יח,1.58,ל-100 גרם,false,14,9.90,6.27,true,1,
38000232183,true,פרינגלס ביג אורגינל 149 גר`,דיפלומט מפיצים (1968) בע`מ,,,'יח,1.49,ל-100 גרם,false,14,9.90,6.64,true,1,
38527591060,true,קוואקר ריבועים סוכר חום,שטראוס פריטו ליי בע`מ,,,'יח,4.12,ל-100 גרם,false,1,22.40,5.44,false,1,
46214372250,true,עוגיות מרבה שטרודל פריכות עם תפו``ע 22,ש. שסטוביץ בע`מ,,,'יח,2.25,ל-100 גרם,false,1,9.90,4.40,true,1,
46214382259,true,עוגיות מרבה בראוניס שוקולד פריכות 200,ש. שסטוביץ בע`מ,,,'יח,2.25,ל-100 גרם,false,1,9.90,4.40,true,1,
46214731552,true,עוגיות מרבה שוקולד צ`יפס 225 גרם,ש. שסטוביץ בע`מ,,,'יח,2.25,ל-100 גרם,false,1,9.90,4.40,true,1,
50000015474,true,פריסקיז דגים 1.42 קג,שחורי אריה ואנסטסיה,,,'יח,14.20,ל-100 גרם,false,1,35.90,2.53,false,1,
50000032648,true,פנסי פיסט נתחי בשר ועוף,שחורי אריה ואנסטסיה,,,'יח,0.85,ל-100 גרם,false,1,5.90,6.94,false,1,
50000040803,true,פנסי פיסט גריל עוף,שחורי אריה ואנסטסיה,,,'יח,0.85,ל-100 גרם,false,1,5.90,6.94,false,1,
50000051472,true,מזון חתולים יבש פריסקיז גורמה 1.4 קג,שחורי אריה ואנסטסיה,,,'יח,14,ל-100 גרם,false,1,35.90,2.56,false,1,
50000084500,true,פריסקיז מעדני השף 1.42 קג,שחורי אריה ואנסטסיה,,,'יח,14.20,ל-100 גרם,false,1,35.90,2.53,false,1,
50000100347,true,פריסקיז מעדני החתול מועשר בחלב 1.4קג,שחורי אריה ואנסטסיה,,,'יח,14.20,ל-100 גרם,false,1,35.90,2.53,false,1,
50000103867,true,פנסי פיסט פטה סלמון ושרימפס,שחורי אריה ואנסטסיה,,,'יח,0.85,ל-100 גרם,false,1,5.90,6.94,false,1,
50000168583,true,פריסקיז אקסטרא קראנץ 1.47 קג,שחורי אריה ואנסטסיה,,,'יח,14.20,ל-100 גרם,false,1,35.90,2.53,false,1,
50000170180,true,פריסקיז פריים פילה עוף ברוטב 156 גר,שחורי אריה ואנסטסיה,,,'יח,1.56,ל-100 גרם,false,1,6.90,4.42,false,1,
50000225224,true,פריסקיז פריים פילה הודו ברוטב 156 גר,שחורי אריה ואנסטסיה,,,'יח,1.56,ל-100 גרם,false,1,6.90,4.42,false,1,
50000237951,true,פריסקיז פארטי מיקס מיקס גריל קראנץג*60,שחורי אריה ואנסטסיה,,,'יח,0.60,ל-100 גרם,false,1,14.90,24.83,false,1,
50000238910,true,פריסקיז פארטי מיקס אוריגינל קראנץ10*60ג,שחורי אריה ואנסטסיה,,,'יח,0.60,ל-100 גרם,false,1,14.90,24.83,false,1,
50000293292,true,פריסקיז עוף גרייבי 156 גרם,שחורי אריה ואנסטסיה,,,'יח,1.56,ל-100 גרם,false,1,6.90,4.42,false,1,
50000293339,true,פריסקיז גרייבי 156 ג,שחורי אריה ואנסטסיה,,,'יח,1.56,ל-100 גרם,false,1,6.90,4.42,false,1,
50000420445,true,מזון חתולים כבד ועוף פריסקיז 156 גרם,שחורי אריה ואנסטסיה,,,'יח,1.56,ל-100 גרם,false,1,6.90,4.42,false,1,
50000421541,true,מזון חתולים מיקס גריל פריסקיז 156 גרם,שחורי אריה ואנסטסיה,,,'יח,1.56,ל-100 גרם,false,1,6.90,4.42,false,1,
50000421848,true,מזון חתולים הודו ועוף פריסקיז 156 גרם,שחורי אריה ואנסטסיה,,,'יח,1.56,ל-100 גרם,false,1,6.90,4.42,false,1,
50000423347,true,מזון חתולים סלמון פריסקיז 156 גרם,שחורי אריה ואנסטסיה,,,'יח,1.56,ל-100 גרם,false,1,6.90,4.42,false,1,
50000426942,true,פנסי פיסט צאנקי בשר ועוף,שחורי אריה ואנסטסיה,,,'יח,0.85,ל-100 גרם,false,1,5.90,6.94,false,1,
50000428946,true,פנסי פיסט דג סול ושרימפס,שחורי אריה ואנסטסיה,,,'יח,0.85,ל-100 גרם,false,1,5.90,6.94,false,1,
50000429240,true,פנסי פיסט פטה גריל קצוץ,שחורי אריה ואנסטסיה,,,'יח,0.85,ל-100 גרם,false,1,5.90,6.94,false,1,
50000429349,true,פנסי פיסט פטה פירות ים,שחורי אריה ואנסטסיה,,,'יח,0.85,ל-100 גרם,false,1,5.90,6.94,false,1,
50000429943,true,פנסי פיסט גורמה עוף 85 גרם,שחורי אריה ואנסטסיה,,,'יח,0.85,ל-100 גרם,false,1,5.90,6.94,false,1,
50000445691,true,פריסקיז חתולים נתחי עוף וסלמון ברוטב,שחורי אריה ואנסטסיה,,,'יח,1.56,ל-100 גרם,false,1,6.90,4.42,false,1,
50000503896,true,פנסי פיסט גרילד סלמון,שחורי אריה ואנסטסיה,,,'יח,0.85,ל-100 גרם,false,1,5.90,6.94,false,1,
50000571987,true,מזון חתולים נתחי עוף ברוטב פריסקיז 156 ג,שחורי אריה ואנסטסיה,,,'יח,1.56,ל-100 גרם,false,1,6.90,4.42,false,1,
50000574414,true,פריסקיז פארטי מיקס פיקניק קרנץג*59.500,שחורי אריה ואנסטסיה,,,'יח,0.59,ל-100 גרם,false,1,14.90,25.25,false,1,
50000574438,true,פריסקיז פארטי מיקס מעדני ים קראנץג*60,שחורי אריה ואנסטסיה,,,'יח,0.60,ל-100 גרם,false,1,14.90,24.83,false,1,
50000574988,true,פנסי פיסט חתלתולים,שחורי אריה ואנסטסיה,,,'יח,0.85,ל-100 גרם,false,1,5.90,6.94,false,1,
50000575770,true,פריסקיז כחול 7.26 קג,שחורי אריה ואנסטסיה,,,'יח,72.60,ל-100 גרם,false,1,139.90,1.93,false,1,
50000575787,true,פריסקיז כתום 7.26 קג,שחורי אריה ואנסטסיה,,,'יח,72.60,ל-100 גרם,false,1,139.90,1.93,false,1,
50000575794,true,פריסקיז סגול 7.26 קג,שחורי אריה ואנסטסיה,,,'יח,72.60,ל-100 גרם,false,1,139.90,1.93,false,1,
50000575800,true,פריסקיז ירוק 7.26 קג,שחורי אריה ואנסטסיה,,,'יח,72.60,ל-100 גרם,false,1,139.90,1.93,false,1,
50000578238,true,פריסקיז פארטי מיקס קרייזי ציזג*59.500,שחורי אריה ואנסטסיה,,,'יח,0.59,ל-100 גרם,false,1,14.90,25.25,false,1,
50000836123,true,פנסי פיסט גריל טונה,שחורי אריה ואנסטסיה,,,'יח,0.85,ל-100 גרם,false,1,5.90,6.94,false,1,
52600751219,true,פלאפ ממרח מרשמלו וניל 213 גר`,מור ים מרקטינג בעמ,,,'יח,2.13,ל-100 גרם,false,1,14.90,7,false,1,
60861431046,true,אוכמניות,ביכורי השדה הצפון בעמ` 1964,,,"ק""ג",1,,false,1,13.90,13.90,false,1,
64144090013,true,תרסיס שמן להתזה קל בטעם חמאה 141 גרם,ליימן שליסל בע`מ,,,'יח,1.48,"ל-100 מ""ל",false,12,18.90,12.77,true,1,
64144090020,true,תרסיס שמן זית להתזה בטעם מקורי 141גר,ליימן שליסל בע`מ,,,'יח,1,,false,12,18.90,18.90,true,1,
64144090051,true,תרסיס שמן קנולה קל להתזה אורגינל,ליימן שליסל בע`מ,,,'יח,1.48,"ל-100 מ""ל",false,12,18.90,12.77,true,1,
70970471254,true,סוכריות פירות טרופיים 141 גר`,גורי מוצרי צריכה 1991 בע`מ,,,'יח,1.41,ל-100 גרם,false,12,9.90,7.02,false,1,
76840002542,true,גלידת בן   ג`ריס 500  מל`פיינט נטפליקס צ,מוצרי איכות אמריקאים,,,'יח,5,"ל-100 מ""ל",false,1,19.90,3.98,false,1,
76840100156,true,גלידת בן & ג`ריס 500 מל`פיינט גרסיה,מוצרי איכות אמריקאים,,,'יח,5,ל-100 גרם,false,1,19.90,3.98,true,1,
76840100583,true,גלידת בן & ג`ריס 500 מל`פיינט,מוצרי איכות אמריקאים,,,'יח,5,"ל-100 מ""ל",false,1,19.90,3.98,true,1,
76840400218,true,גלידת בן & ג`ריס 500 מל` עוגת גבינה ותות,מוצרי איכות אמריקאים,,,'יח,5,"ל-100 מ""ל",false,1,19.90,3.98,true,1,
76840620029,true,גלידת בן & ג`ריס 500 מל` פיינט תות שדה,מוצרי איכות אמריקאים,,,'יח,5,"ל-100 מ""ל",false,1,19.90,3.98,true,1,
77245110610,true,סוכריות Must ללא סוכר בטעם מנטה 80גר`,שטראוס גרופ בע`מ,,,'יח,0.80,ל-100 גרם,false,12,7.90,9.88,false,1,
77975036976,true,מתבל עגבניות בחריפות MILD עדינה 439 גר`,ליימן שליסל בע`מ,,,'יח,1,,false,12,17.90,17.90,true,1,
77975093085,true,בייגלה סניידרס מצופה שוקולד חלב,ליימן שליסל בע`מ,,,'יח,6,ל-100 גרם,false,1,16.90,2.82,true,1,
77975093108,true,בייגלה סניידרס מצופה שוקולד לבן 141 גרם,ליימן שליסל בע`מ,,,'יח,1.41,ל-100 גרם,false,1,16.90,11.99,true,1,
77975094624,true,שברי בייגל במילוי חמאת בוטנים,ליימן שליסל בע`מ,,,'יח,3.40,ל-100 גרם,false,12,16.90,4.97,true,1,
77975094631,true,בייגלה סנדוויץ גבינה צ`דר 226.8 גר`,ליימן שליסל בע`מ,,,'יח,2.26,ל-100 גרם,false,12,16.90,7.48,true,1,
77975094761,true,שברי בייגל בטעם גבינת צ`אדר 340 גר`,ליימן שליסל בע`מ,,,'יח,3.40,ל-100 גרם,false,12,16.90,4.97,true,1,
77975094778,true,"שברי בייגל בטעם בצל,חרדל ודבש 340 גר`",ליימן שליסל בע`מ,,,'יח,3.40,ל-100 גרם,false,12,16.90,4.97,true,1,
195480030088,true,צימקאו מריר 300גר,תה ויסוצקי בע`מ,,,'יח,3,ל-100 גרם,false,1,8.90,2.97,false,1,
611745285432,true,סט מגבות למטבח 3 יחידות,הום פרפקט ק.ד.מ בעמ,,,'יח,1,,false,1,14.90,14.90,true,1,
643415865088,true,רעשן במבוק לחתול YN-Q062B,שחורי אריה ואנסטסיה,,,'יח,1,,false,1,29.90,29.90,false,1,
643415865101,true,חכה עם כדור לחתול,שחורי אריה ואנסטסיה,,,'יח,1,,false,1,19.90,19.90,false,1,
643415865125,true,חכה טבעית נוצות,שחורי אריה ואנסטסיה,,,'יח,1,,false,1,19.90,19.90,false,1,
643415865415,true,עצם קשר וניל ירוק,שחורי אריה ואנסטסיה,,,'יח,1,,false,1,19.90,19.90,false,1,
643415865453,true,מקלות וניל 100 גרם,שחורי אריה ואנסטסיה,,,'יח,1,ל-100 גרם,false,1,16.90,16.90,false,1,
645173911038,true,קורנישון מיני 720 גר`,תומר ייבוא ושיווק מוצרי מזון [,,,'יח,7.20,ל-100 גרם,false,1,9.90,1.38,false,1,
649870160911,true,עצם דחוסה 4,שחורי אריה ואנסטסיה,,,'יח,1,,false,1,24.90,24.90,false,1,
649870160928,true,עצם דחוסה 6 פטסלנד,שחורי אריה ואנסטסיה,,,'יח,1,,false,1,29.90,29.90,false,1,
649870160935,true,עצם דחוסה 8,שחורי אריה ואנסטסיה,,,'יח,1,,false,1,29.90,29.90,false,1,
649870160959,true,עצם דחוסה 12בטעמים,שחורי אריה ואנסטסיה,,,'יח,1,,false,1,29.90,29.90,false,1,
649870160966,true,עצם קשר באפלו 3,שחורי אריה ואנסטסיה,,,'יח,1,,false,1,22.90,22.90,false,1,
649870160973,true,עצם קשר באפלו 6,שחורי אריה ואנסטסיה,,,'יח,1,,false,1,26.90,26.90,false,1,
649870160980,true,דונאט 4 בטעמים,שחורי אריה ואנסטסיה,,,'יח,1,,false,1,25.90,25.90,false,1,
649870161000,true,סיגר באפלו בטעמים,שחורי אריה ואנסטסיה,,,'יח,1,,false,1,29.90,29.90,false,1,
649870161291,true,מקלונים עטופים 100 גרם,שחורי אריה ואנסטסיה,,,'יח,1,ל-100 גרם,false,1,19.90,19.90,false,1,
649870161321,true,זוג עצמות 8 פטסלנד,שחורי אריה ואנסטסיה,,,'יח,1,,false,1,29.90,29.90,false,1,
649870161505,true,סיגר בפאלו ברווז(5יח),שחורי אריה ואנסטסיה,,,'יח,1,,false,1,29.90,29.90,false,1,
649870161512,true,מקלון שני צבעים עוף,שחורי אריה ואנסטסיה,,,'יח,1,,false,1,18.90,18.90,false,1,
649870161536,true,דונאט בפאלו מצופה,שחורי אריה ואנסטסיה,,,'יח,1,,false,1,19.90,19.90,false,1,
649870161550,true,סיגר בפאלו עוף (5יח),שחורי אריה ואנסטסיה,,,'יח,1,,false,1,29.90,29.90,false,1,
649870161567,true,רול בפאלו עוף,שחורי אריה ואנסטסיה,,,'יח,1,,false,1,25,25,false,1,
649870161581,true,רול בפאלו ברווז,שחורי אריה ואנסטסיה,,,'יח,1,,false,1,25,25,false,1,
649870161833,true,נירוסטה למים 11 סמ,שחורי אריה ואנסטסיה,,,'יח,1,,false,1,18,18,false,1,
649870161857,true,נירוסטה למים 17 סמ,שחורי אריה ואנסטסיה,,,'יח,1,,false,1,29,29,false,1,
649870161864,true,נירוסטה למים 20 סמ,שחורי אריה ואנסטסיה,,,'יח,1,,false,1,35,35,false,1,
649870162182,true,סיגר בופלו מצופה ברווז,שחורי אריה ואנסטסיה,,,'יח,1,,false,1,29.90,29.90,false,1,
649870162397,true,בובת פלאפי 17 סמ לכלב,שחורי אריה ואנסטסיה,,,'יח,1,,false,1,14.90,14.90,false,1,
649870162717,true,כף איסוף צרכים,שחורי אריה ואנסטסיה,,,'יח,1,,false,1,18.90,18.90,false,1,
649870162809,true,דונאט בופלו מצופה,שחורי אריה ואנסטסיה,,,'יח,1,,false,1,19.90,19.90,false,1,
649870162922,true,חטיף דנטל ספירל בטעמים,שחורי אריה ואנסטסיה,,,'יח,1,ל-100 גרם,false,1,19.90,19.90,false,1,
649870162953,true,לטקס ארוך,שחורי אריה ואנסטסיה,,,'יח,1,,false,1,22.90,22.90,false,1,
649870164001,true,מתקן שקיות קקי לכלב,שחורי אריה ואנסטסיה,,,'יח,1,,false,1,19.90,19.90,false,1,
649870164162,true,בובת קופיף לכלב,שחורי אריה ואנסטסיה,,,'יח,1,,false,1,24.90,24.90,false,1,
649870164438,true,שקיות לאיסוף צרכים 160יחידות(שחור),שחורי אריה ואנסטסיה,,,'יח,1,,false,1,19.90,19.90,false,1,
649870164445,true,שקיות לאיסוף צרכים 160 שקיות,שחורי אריה ואנסטסיה,,,'יח,1,,false,1,19.90,19.90,false,1,
649870164551,true,עצם פאפ ברווז,שחורי אריה ואנסטסיה,,,'יח,1,,false,1,22.90,22.90,false,1,
649870164711,true,צעצוע קפיץ לחתול,שחורי אריה ואנסטסיה,,,'יח,1,,false,1,19.90,19.90,false,1,
649870164995,true,חטיף לחתול סלמון עם עור דג קוביות 50גר,שחורי אריה ואנסטסיה,,,'יח,0.50,ל-100 גרם,false,1,9.90,19.80,false,1,
649870165008,true,חטיף לחתול ברווז עם דג קוד 50גר,שחורי אריה ואנסטסיה,,,'יח,0.50,ל-100 גרם,false,1,9.90,19.80,false,1,
649870165237,true,חזיר לטקס חדש,שחורי אריה ואנסטסיה,,,'יח,1,,false,1,29.90,29.90,false,1,
649870165251,true,בובת לטקס שלשית עופות עומדות) (7002,שחורי אריה ואנסטסיה,,,'יח,1,,false,1,29.90,29.90,false,1,
649870165275,true,בובת לטקס תרנגול) (7005,שחורי אריה ואנסטסיה,,,'יח,1,,false,1,29.90,29.90,false,1,
649870165305,true,בובת לטקס היפו) (7007,שחורי אריה ואנסטסיה,,,'יח,1,,false,1,29.90,29.90,false,1,
649870165336,true,צעצוע גומי חזק בצורת ענף (YJ1002צהוב  כח,שחורי אריה ואנסטסיה,,,'יח,1,,false,1,29.90,29.90,false,1,
649870165343,true,צעצוע גומי חזק בצורת משקולת (YJ1003צהוב,שחורי אריה ואנסטסיה,,,'יח,1,,false,1,29.90,29.90,false,1,
649870165497,true,בובת כרית מלבנית  לחתול(חום/ירוק/סגול),שחורי אריה ואנסטסיה,,,'יח,1,,false,1,24.90,24.90,false,1,
649870165558,true,חכה אוקינוס עם  נוצה+ קטניפ G004-01,שחורי אריה ואנסטסיה,,,'יח,1,,false,1,19.90,19.90,false,1,
649870165695,true,חטיף נייטיב לכלב,שחורי אריה ואנסטסיה,,,'יח,0.80,ל-100 גרם,false,1,15.90,19.88,false,1,
649870165701,true,חטיף נייטיב לכלב,שחורי אריה ואנסטסיה,,,'יח,0.80,ל-100 גרם,false,1,15.90,19.88,false,1,
649870165718,true,חטיף נייטיב לכלב,שחורי אריה ואנסטסיה,,,'יח,0.80,ל-100 גרם,false,1,15.90,19.88,false,1,
649870165725,true,חטיף נייטיב לכלב,שחורי אריה ואנסטסיה,,,'יח,0.80,ל-100 גרם,false,1,15.90,19.88,false,1,
649870165732,true,חטיף נייטיב לכלב,שחורי אריה ואנסטסיה,,,'יח,0.80,ל-100 גרם,false,1,15.90,19.88,false,1,
649870165879,true,חכה עכבר FUZZY עם נוצות CT032 במארז 8יח,שחורי אריה ואנסטסיה,,,'יח,1,,false,1,19.90,19.90,false,1,
649870165954,true,בובות פיקסל 4 סוגים DT6007,שחורי אריה ואנסטסיה,,,'יח,1,,false,1,39.90,39.90,false,1,
649870165978,true,מארז 12 עכברים פרוותיים צבעוניים בתליה,שחורי אריה ואנסטסיה,,,'יח,1,,false,1,29.90,29.90,false,1,
649870165985,true,עופות עם נוצות  תליה(תרנגולת/אווז/ברווז),שחורי אריה ואנסטסיה,,,'יח,1,,false,1,29.90,29.90,false,1,
649870166081,true,נייטיב בקר ברוטב לחתול 85 גרם,שחורי אריה ואנסטסיה,,,'יח,0.85,ל-100 גרם,false,1,4.90,5.76,false,1,
649870166098,true,נייטיב עוף ברוטב לחתול 85 גרם,שחורי אריה ואנסטסיה,,,'יח,0.85,ל-100 גרם,false,1,4.90,5.76,false,1,
649870166104,true,נייטיב דגים ברוטב לחתול 85 גרם,שחורי אריה ואנסטסיה,,,'יח,0.85,ל-100 גרם,false,1,4.90,5.76,false,1,
649870166111,true,נייטיב כבש ברוטב לחתול 85 גרם,שחורי אריה ואנסטסיה,,,'יח,0.85,ל-100 גרם,false,1,4.90,5.76,false,1,
649870166128,true,נייטיב סלמון ברוטב לחתול 85 גרם,שחורי אריה ואנסטסיה,,,'יח,0.85,ל-100 גרם,false,1,4.90,5.76,false,1,
649870166135,true,נייטיב טונה ברוטב לחתול 85 גרם,שחורי אריה ואנסטסיה,,,'יח,0.85,ל-100 גרם,false,1,4.90,5.76,false,1,
649870166142,true,נייטיב פטה עוף לגור חתול 85 גרם,שחורי אריה ואנסטסיה,,,'יח,0.85,ל-100 גרם,false,1,4.90,5.76,false,1,
649870166159,true,נייטיב פטה בקר לחתול 85 גרם,שחורי אריה ואנסטסיה,,,'יח,0.85,ל-100 גרם,false,1,4.90,5.76,false,1,
649870166166,true,נייטיב פטה עוף לחתול בוגר 85 גרם,שחורי אריה ואנסטסיה,,,'יח,0.85,ל-100 גרם,false,1,4.90,5.76,false,1,
649870166173,true,נייטיב פטה ברווז לחתול 85 גרם,שחורי אריה ואנסטסיה,,,'יח,0.85,ל-100 גרם,false,1,4.90,5.76,false,1,
649870166180,true,נייטיב פטה סלמון לחתול 85 גרם,שחורי אריה ואנסטסיה,,,'יח,0.85,ל-100 גרם,false,1,4.90,5.76,false,1,
649870166197,true,צעצוע גומי FLOAT בצורת פלוס -PC1114,שחורי אריה ואנסטסיה,,,'יח,1,,false,1,39.90,39.90,false,1,
649870166203,true,צעצוע גומי FLOAT בצורת כדור -PC1115,שחורי אריה ואנסטסיה,,,'יח,1,,false,1,39.90,39.90,false,1,
649870166210,true,צעצוע גומי FLOAT בצורת מקל -PC1116,שחורי אריה ואנסטסיה,,,'יח,1,,false,1,39.90,39.90,false,1,
649870166227,true,צעצוע גומי FLOAT בצורת משקולת -PC1117,שחורי אריה ואנסטסיה,,,'יח,1,,false,1,39.90,39.90,false,1,
649870166296,true,בובת עצם חבל לכלב,שחורי אריה ואנסטסיה,,,'יח,1,,false,1,39.90,39.90,false,1,
649870166340,true,בובה אולטרה סוניק לכלב,שחורי אריה ואנסטסיה,,,'יח,1,,false,1,39.90,39.90,false,1,
649870166944,true,בובת חבל לכלב,שחורי אריה ואנסטסיה,,,'יח,1,,false,1,39.90,39.90,false,1,
649870166968,true,פריסבי לכלב,שחורי אריה ואנסטסיה,,,'יח,1,,false,1,49.90,49.90,false,1,
693493065641,true,טחינה הר כנען 500 גרם,אבאל יזמות בעמ,,,'יח,1,,false,1,14.90,14.90,false,1,
693493102575,true,שרי ארוז,ביכורי השדה הצפון בעמ` 1964,,,'יח,1,,false,1,9.90,9.90,false,1,
724353783822,true,תמר מג`הול,ביכורי השדה הצפון בעמ` 1964,,,'יח,1,,false,1,19.90,19.90,false,1,
728229123590,true,חטיף טרה צ`יפס מיקס,משה סידס ובנו בעמ,,,'יח,1.10,ל-100 גרם,false,1,14.90,13.55,false,1,
728229123811,true,טרה Mediterranean חטיף צ`יפס 110 גרם,משה סידס ובנו בעמ,,,'יח,1.10,ל-100 גרם,false,1,14.90,13.55,false,1,
728229124764,true,חטיף צ`יפס מבטטה בטעם ברביקיו,משה סידס ובנו בעמ,,,'יח,1.10,ל-100 גרם,false,1,14.90,13.55,false,1,
728229130154,true,חטיף צ`יפס מבטטה וסלק,משה סידס ובנו בעמ,,,'יח,1.10,ל-100 גרם,false,1,14.90,13.55,false,1,
728229130444,true,חטיף צ`יפס מירקות אקזוטיים כחולים עם מ,משה סידס ובנו בעמ,,,'יח,1.10,ל-100 גרם,false,1,14.90,13.55,false,1,
742797802138,true,שמפו אוטדור בניחוח לימון 475 צל,שחורי אריה ואנסטסיה,,,'יח,4.75,"ל-100 מ""ל",false,1,59.90,12.61,false,1,
742797802145,true,שמפו לגורים בניחוח טאלק 475 מל,שחורי אריה ואנסטסיה,,,'יח,4.75,"ל-100 מ""ל",false,1,59.90,12.61,false,1,
742797802152,true,שמפו שיבולת שועל בניחוח וניל 475 מל,שחורי אריה ואנסטסיה,,,'יח,4.75,"ל-100 מ""ל",false,1,59.90,12.61,false,1,
742797802169,true,שמפו לרענון בניחוח תות יער 475 מל,שחורי אריה ואנסטסיה,,,'יח,4.75,"ל-100 מ""ל",false,1,59.90,12.61,false,1,
742797802176,true,תרסיס דאודורנט 350 מל,שחורי אריה ואנסטסיה,,,'יח,3.50,"ל-100 מ""ל",false,1,39.90,11.40,false,1,
742797802206,true,מטליות גוף מולטי פוליש בניחוח תות יער 50,שחורי אריה ואנסטסיה,,,'יח,1,,false,1,39.90,39.90,false,1,
742797807096,true,שמפו סופר מרענן 590 מל,שחורי אריה ואנסטסיה,,,'יח,5.90,"ל-100 מ""ל",false,1,69.90,11.85,false,1,
742797814216,true,מנטרל ריח ומסיר כתמים 946 מל,שחורי אריה ואנסטסיה,,,'יח,9.46,"ל-100 מ""ל",false,1,69.90,7.39,false,1,
742797815169,true,שמפו עם מרכך על בסיס מלפפון בניחוח מנטה,שחורי אריה ואנסטסיה,,,'יח,5.32,"ל-100 מ""ל",false,1,69.90,13.14,false,1,
742797815183,true,ספריי דאודורנט בניחוח פרחי קיווי 236 מל,שחורי אריה ואנסטסיה,,,'יח,2.36,"ל-100 מ""ל",false,1,39.90,16.91,false,1,
742797856735,true,מחזיק שקיות שקי  קקי+ 2 גלילים בניחוח אנ,שחורי אריה ואנסטסיה,,,'יח,1,,false,1,29.90,29.90,false,1,
742797858791,true,שמפו נגד גירודים בניחוח מנגו 475 מל,שחורי אריה ואנסטסיה,,,'יח,4.75,"ל-100 מ""ל",false,1,59.90,12.61,false,1,
742797873688,true,שמפו לגורי חתולים בניחוח וניל 590 מל,שחורי אריה ואנסטסיה,,,'יח,5.90,"ל-100 מ""ל",false,1,69.90,11.85,false,1,
742797873695,true,שמפו קצף לחתולים בניחוח אוכמניות ורימוני,שחורי אריה ואנסטסיה,,,'יח,5.32,"ל-100 מ""ל",false,1,69.90,13.14,false,1,
777755551080,true,מברשת למנגל,ד.ג.ש ייבוא ושיווק בעמ,,,'יח,1,,false,1,9.90,9.90,false,1,
815436016927,true,ויימזיס XS 48 יחידות,שחורי אריה ואנסטסיה,,,'יח,1,,false,1,59.90,59.90,false,1,
835811000396,true,נייר אפייה לתבנית מוארכת 30 יח`,הנמל אריזות ושיווק 1984 בע`מ,,,'יח,1,,false,1,9.90,9.90,false,1,
835811000433,true,סכינים50יח שקוף/קרם,הנמל אריזות ושיווק 1984 בע`מ,,,'יח,1,,false,1,15.90,15.90,false,1,
835811000471,true,תמצית בטעם וניל 250 מל`,הנמל אריזות ושיווק 1984 בע`מ,,,'יח,2.50,"ל-100 מ""ל",false,1,9.90,3.96,false,1,
835811000877,true,כוסות מעוטרות 40  יח`זהב 285 CC,הנמל אריזות ושיווק 1984 בע`מ,,,'יח,1,,false,1,14.90,14.90,false,1,
835811001119,true,סוכריות לקישוט מיני עדשים 200 גרם,הנמל אריזות ושיווק 1984 בע`מ,,,'יח,2,ל-100 גרם,false,1,11.90,5.95,false,1,
835811001140,true,שומשום 400 גרם,הנמל אריזות ושיווק 1984 בע`מ,,,'יח,4,ל-100 גרם,false,1,10.90,2.73,false,1,
835811001607,true,גביעי אחסון 6   יח`+מכסה 1 ליטר,הנמל אריזות ושיווק 1984 בע`מ,,,'יח,1,,false,1,6.90,6.90,false,1,
835811001652,true,כוס לשתיה קרה לבירה,הנמל אריזות ושיווק 1984 בע`מ,,,'יח,6,למארז,false,1,10.90,1.82,false,1,
835811001959,true,תבני  אלומ`עבה רוסטר 3 יח`,הנמל אריזות ושיווק 1984 בע`מ,,,'יח,1,,false,15,9.90,9.90,false,1,
835811001966,true,תבני  אלומ`עבה רוסטר 4 יח`,הנמל אריזות ושיווק 1984 בע`מ,,,'יח,1,,false,15,9.90,9.90,false,1,
835811002093,true,מגש כוכב 33 סמ`,הנמל אריזות ושיווק 1984 בע`מ,,,'יח,1,,false,30,9.90,9.90,false,1,
835811002277,true,שיפודים במבוק עבים 50 יח`,הנמל אריזות ושיווק 1984 בע`מ,,,'יח,1,,false,25,5.90,5.90,false,1,
835811002390,true,שיפודי במבוק יקטורי,הנמל אריזות ושיווק 1984 בע`מ,,,'יח,1,'יח,false,1,8.90,8.90,false,1,
835811002734,true,סוכריות קונפטי ארוך בצנצנת 90 גרם,הנמל אריזות ושיווק 1984 בע`מ,,,'יח,0.90,ל-100 גרם,false,1,4.90,5.44,false,1,
835811002741,true,גמבו קונפטי ארוך 190 גרם,הנמל אריזות ושיווק 1984 בע`מ,,,'יח,1.90,ל-100 גרם,false,1,7.90,4.16,false,1,
835811003359,true,נר נשמה פלוס 24 שעות בפח כולל גפרור,הנמל אריזות ושיווק 1984 בע`מ,,,'יח,0,'יח,false,1,3.90,3.90,false,1,
835811003427,true,"צלחות מתכלות 1 ק""ג 67 יח`",הנמל אריזות ושיווק 1984 בע`מ,,,'יח,1,'יח,false,1,34.90,34.90,true,1,
835811003441,true,תבניות מחולקות 3  תאים+ מכסה- 5 יח`,הנמל אריזות ושיווק 1984 בע`מ,,,'יח,1,,false,1,9.90,9.90,false,1,
835811003458,true,מזלגות אלגנט שקוף 50 יח`,הנמל אריזות ושיווק 1984 בע`מ,,,'יח,1,,false,1,7.90,7.90,true,1,
835811003465,true,סכינים אלגנט שקוף 50 יח`,הנמל אריזות ושיווק 1984 בע`מ,,,'יח,1,,false,1,7.90,7.90,true,1,
835811003472,true,כפות אלגנט שקוף 50 יח`,הנמל אריזות ושיווק 1984 בע`מ,,,'יח,1,,false,1,7.90,7.90,true,1,
835811003489,true,כפיות אלגנט שקוף 50 יח`,הנמל אריזות ושיווק 1984 בע`מ,,,'יח,1,,false,1,7.90,7.90,true,1,
835811003588,true,צלחות קלאסי גדול 65  יח`לבן,הנמל אריזות ושיווק 1984 בע`מ,,,'יח,1,,false,30,29.90,29.90,false,1,
835811003595,true,צלחות קלאסי קטן 65  יח`לבן,הנמל אריזות ושיווק 1984 בע`מ,,,'יח,1,,false,30,19.90,19.90,false,1,
835811003601,true,צימרונים לתינוק 90 יח`,הנמל אריזות ושיווק 1984 בע`מ,,,'יח,1,'יח,false,12,4.90,4.90,false,1,
835811003625,true,נרות צבעוניים 12 יח`,הנמל אריזות ושיווק 1984 בע`מ,,,'יח,1,,false,30,9.90,9.90,false,1,
835811003878,true,שקיות אשפה עם ידיות 40 יח`,הנמל אריזות ושיווק 1984 בע`מ,,,'יח,1,,false,1,14.90,14.90,true,1,
835811004141,true,נרות ריחניים בריח וניל,הנמל אריזות ושיווק 1984 בע`מ,,,'יח,1,,false,8,9.90,9.90,false,1,
835811004189,true,פירורי לחם מוזהבים 800 גר`,הנמל אריזות ושיווק 1984 בע`מ,,,'יח,8,ל-100 גרם,false,1,10.90,1.36,false,1,
835811004219,true,מפה שולחן בגליל עבה 8 יח`,הנמל אריזות ושיווק 1984 בע`מ,,,'יח,1,,false,1,9.90,9.90,false,1,
835811004226,true,מפת ניילון בגליל 45 מ`,הנמל אריזות ושיווק 1984 בע`מ,,,'יח,0,'יח,false,1,26.90,26.90,false,1,
835811004431,true,מזוודה טישו 100*5,הנמל אריזות ושיווק 1984 בע`מ,,,'יח,1,'יח,false,1,9.90,9.90,true,1,
835811004509,true,קערת פסים לסלט ענק 2.5 ל`,הנמל אריזות ושיווק 1984 בע`מ,,,'יח,1,,false,1,7.90,7.90,false,1,
835811004707,true,פרורי לחם מוזהב 440 גר`,הנמל אריזות ושיווק 1984 בע`מ,,,'יח,4.40,ל-100 גרם,false,12,6.90,1.57,false,1,
835811004790,true,מגש הגשה עגול מחולק בינוני 1 יח`,הנמל אריזות ושיווק 1984 בע`מ,,,'יח,1,,false,24,6.90,6.90,false,1,
835811005018,true,כוס קריסטל יהולם 50 יח`,הנמל אריזות ושיווק 1984 בע`מ,,,'יח,1,,false,20,13.90,13.90,false,1,
835811005322,true,פחם דרום אמריקאי 2 ק`ג,הנמל אריזות ושיווק 1984 בע`מ,,,'יח,1,,false,7,14.90,14.90,false,1,
835811005339,true,זוג שקיות אוכל 150*2,הנמל אריזות ושיווק 1984 בע`מ,,,'יח,1,,false,15,8.90,8.90,true,1,
835811005667,true,נטיפי צ`יפס בטעם שוקולד 250 גר`,הנמל אריזות ושיווק 1984 בע`מ,,,'יח,2.50,ל-100 גרם,false,1,9.60,3.84,false,1,
835811005728,true,עלים לקרמשניט 400 גר`,הנמל אריזות ושיווק 1984 בע`מ,,,'יח,4,ל-100 גרם,false,10,18.90,4.73,false,1,
835811005803,true,שקיות אשפה עם ידיות 25 יח`,הנמל אריזות ושיווק 1984 בע`מ,,,'יח,1,,false,1,13.90,13.90,true,1,
835811005810,true,מגש הכסף תבנית מרובע קטן+מכסה 10 יח`,הנמל אריזות ושיווק 1984 בע`מ,,,'יח,1,,false,24,9.90,9.90,false,1,
835811005933,true,מגש הכסף תבנית אלומיניום ענק 5 יח`,הנמל אריזות ושיווק 1984 בע`מ,,,'יח,1,,false,24,9.90,9.90,false,1,
835811005940,true,מגש הכסף תבנית  אלומ`גדולה+מכסה 8 יח`,הנמל אריזות ושיווק 1984 בע`מ,,,'יח,1,,false,18,9.90,9.90,false,1,
835811005957,true,מגש הכסף תבנית אלומ+`90מכסה 8 יח`,הנמל אריזות ושיווק 1984 בע`מ,,,'יח,1,,false,24,9.90,9.90,false,1,
835811005964,true,מגש הכסף תבנית אלומיניום מאורך 20 יח`,הנמל אריזות ושיווק 1984 בע`מ,,,'יח,1,,false,24,9.90,9.90,false,1,
835811006060,true,כוסות קרטון 50 יח`,הנמל אריזות ושיווק 1984 בע`מ,,,'יח,1,,false,1,5.90,5.90,false,1,
835811006435,true,תבנית אלומיניום מלבן עמוק+מכסה 9 יח`,הנמל אריזות ושיווק 1984 בע`מ,,,'יח,1,,false,15,10.90,10.90,false,1,
835811006466,true,שיבולת שועל 500 גרם,הנמל אריזות ושיווק 1984 בע`מ,,,'יח,1,ל-100 גרם,false,1,7.90,7.90,false,1,
835811006534,true,כוסות קרטון 50 יח` 16OZ,הנמל אריזות ושיווק 1984 בע`מ,,,'יח,1,'יח,false,1,26.90,26.90,true,1,
835811006695,true,קוקטים לאפייה 20  יח`5.50OZ,הנמל אריזות ושיווק 1984 בע`מ,,,'יח,1,,false,24,10.60,10.60,false,1,
835811007142,true,עדשים ירוקים 500 גר`,הנמל אריזות ושיווק 1984 בע`מ,,,'יח,5,ל-100 גרם,false,1,7.90,1.58,false,1,
835811007234,true,אפונה 500 גר`,הנמל אריזות ושיווק 1984 בע`מ,,,'יח,5,ל-100 גרם,false,1,5.90,1.18,false,1,
835811007296,true,כפיות אלגנט קרם  50 יח`,הנמל אריזות ושיווק 1984 בע`מ,,,'יח,1,,false,1,7.90,7.90,true,1,
835811007319,true,מזלגות  אלגנט קרם  50 יח`,הנמל אריזות ושיווק 1984 בע`מ,,,'יח,1,,false,1,7.90,7.90,true,1,
835811007326,true,סכינים אלגנט קרם  50 יח`,הנמל אריזות ושיווק 1984 בע`מ,,,'יח,1,,false,1,7.90,7.90,true,1,
835811007357,true,.סלטינות 25  יח*לבן,הנמל אריזות ושיווק 1984 בע`מ,,,'יח,1,,false,56,5.90,5.90,false,1,
835811007432,true,תבניות,הנמל אריזות ושיווק 1984 בע`מ,,,'יח,1,,false,24,8.90,8.90,false,1,
835811007494,true,אבקת ג`לטין טהור מדגים,הנמל אריזות ושיווק 1984 בע`מ,,,'יח,2,ל-100 גרם,false,24,9.90,4.95,false,1,
835811007562,true,תבנית קרטון אינגליש,הנמל אריזות ושיווק 1984 בע`מ,,,'יח,0,'יח,false,24,8.90,8.90,false,1,
835811008347,true,גפרור ענק,הנמל אריזות ושיווק 1984 בע`מ,,,'יח,1,,false,48,5.90,5.90,true,1,
835811008743,true,קינואה 500 גר`,הנמל אריזות ושיווק 1984 בע`מ,,,'יח,5,ל-100 גרם,false,1,8.90,1.78,false,1,
835811008934,true,מזלגות 50יח שקוף/קרם,הנמל אריזות ושיווק 1984 בע`מ,,,'יח,4.50,ל-100 גרם,false,20,15.90,3.53,false,1,
835811008941,true,סכינים50יח שקוף/קרם,הנמל אריזות ושיווק 1984 בע`מ,,,'יח,1,,false,20,15.90,15.90,true,1,
835811008996,true,כוסות קרטון 50  יח`OZ10,הנמל אריזות ושיווק 1984 בע`מ,,,'יח,1,,false,20,23.90,23.90,true,1,
835811009009,true,כוסות קרטון 50  יח`OZ6,הנמל אריזות ושיווק 1984 בע`מ,,,'יח,1,,false,20,15.90,15.90,true,1,
835811009023,true,כוסות קרטון 50  יח`OZ8,הנמל אריזות ושיווק 1984 בע`מ,,,'יח,1,,false,1,16.90,16.90,false,1,
835811009030,true,כפיות 100 לבן חדש PP,הנמל אריזות ושיווק 1984 בע`מ,,,'יח,1,,false,30,8.90,8.90,false,1,
835811009115,true,מגש לבנית 1 יח`,הנמל אריזות ושיווק 1984 בע`מ,,,'יח,1,,false,48,5.90,5.90,false,1,
835811009351,true,כוסות קריסטל חד פעמי שקופות18יח`,הנמל אריזות ושיווק 1984 בע`מ,,,'יח,1,,false,24,13.90,13.90,false,1,
835811009429,true,צלחות בינוניות צבעוניות חד פעמי25יח,הנמל אריזות ושיווק 1984 בע`מ,,,'יח,1,,false,20,16.90,16.90,true,1,
839762000658,true,איילנד משקה גויאבה 1 ליטר פיקדון,טמפו משקאות בע`מ,,,'יח,10,"ל-100 מ""ל",false,6,13.20,1.29,false,1,
840294102963,true,מיטה מלבנית70*50,שחורי אריה ואנסטסיה,,,'יח,1,,false,1,139.90,139.90,false,1,
840294110890,true,מזרון תומך 60*43*5,שחורי אריה ואנסטסיה,,,'יח,1,,false,1,109.90,109.90,false,1,
850014985127,true,חטיף גק סנסיטיב 154 גרם,שחורי אריה ואנסטסיה,,,'יח,1.54,ל-100 גרם,false,1,14.90,9.68,false,1,
850014985134,true,חטיף גק חלבון 154 גרם,שחורי אריה ואנסטסיה,,,'יח,1.54,ל-100 גרם,false,1,14.90,9.68,false,1,
850014985141,true,חטיף גק דלישס 154 גרם,שחורי אריה ואנסטסיה,,,'יח,1.54,ל-100 גרם,false,1,14.90,9.68,false,1,
850014985158,true,חטיף גק היפואלרגני 154 גרם,שחורי אריה ואנסטסיה,,,'יח,1.54,ל-100 גרם,false,1,14.90,9.68,false,1,
850014985165,true,חטיף גק לייט 127 גרם,שחורי אריה ואנסטסיה,,,'יח,1.27,ל-100 גרם,false,1,14.90,11.73,false,1,
851621000050,true,"שישיית 1664 בלאנק 330 מ""ל",החברה המרכזית להפצת משקאות בע`,,,'יח,19.80,"ל-100 מ""ל",false,1,52.90,2.58,false,1,
855958006556,true,צורו טונה 56 גרם,שחורי אריה ואנסטסיה,,,'יח,0.56,ל-100 גרם,false,1,15.90,28.39,false,1,
855958006563,true,צורו טונה ועוף 56 גרם,שחורי אריה ואנסטסיה,,,'יח,0.56,ל-100 גרם,false,1,15.90,28.39,false,1,
855958006570,true,צורו עוף 56 גרם,שחורי אריה ואנסטסיה,,,'יח,0.56,ל-100 גרם,false,1,15.90,28.39,false,1,
855958006662,true,צורו סלמון 56 גרם,שחורי אריה ואנסטסיה,,,'יח,0.56,ל-100 גרם,false,1,15.90,28.39,false,1,
855958006679,true,צורו גבינה 56 גרם,שחורי אריה ואנסטסיה,,,'יח,0.56,ל-100 גרם,false,1,15.90,28.39,false,1,
856591000055,true,עוגיות מזרחיות קריספי שרוף במיוחד 400ג,תה ויסוצקי בע`מ,,,'יח,4,ל-100 גרם,false,1,17.90,4.48,false,1,
856591000062,true,עוגיות מזרחיות עם מלח 400 גרם,תה ויסוצקי בע`מ,,,'יח,4,ל-100 גרם,false,1,17.90,4.48,false,1,
856591000109,true,עוגיות מקלות לניגוב 400 גרם,תה ויסוצקי בע`מ,,,'יח,4,ל-100 גרם,false,1,17.90,4.48,false,1,
856591000918,true,מארז עוגיות מזרחיות בטעם טבעי 8*40 גר`,תה ויסוצקי בע`מ,,,'יח,0,ל-100 גרם,false,1,18.90,18.90,true,1,
856591000949,true,מאפה חיטה מלוח 350 גרם,תה ויסוצקי בע`מ,,,'יח,3.50,ל-100 גרם,false,1,16.90,4.83,true,1,
884912365200,true,דגני בוקר אוראו גולד,מ.ד אטיאס סוכנויות מזון בע`מ,,,'יח,3.11,ל-100 גרם,false,1,19.90,6.40,false,1,
1938600036787,false,חבל דנטלי ענק לכלבים גדולים 61 סמ,שחורי אריה ואנסטסיה,,,'יח,1,,false,1,59.90,59.90,false,1,
1938600934717,false,חבל דנטלי 8,שחורי אריה ואנסטסיה,,,'יח,1,,false,1,8.90,8.90,false,1,
1938600934724,false,חבל דנטלי 10,שחורי אריה ואנסטסיה,,,'יח,1,,false,1,9.90,9.90,false,1,
1938609111768,false,חבל דנטלי 6,שחורי אריה ואנסטסיה,,,'יח,1,,false,1,6.90,6.90,false,1,
1938636022723,false,משטח גירוד שטוח  מקרטון(גדול),שחורי אריה ואנסטסיה,,,'יח,1,,false,1,29.90,29.90,false,1,
1938691117129,false,חבל דנטלי 12,שחורי אריה ואנסטסיה,,,'יח,1,,false,1,10.90,10.90,false,1,
1938691117143,false,חבל דנטלי 14,שחורי אריה ואנסטסיה,,,'יח,1,,false,1,14.90,14.90,false,1,
3046920028363,false,שוקולד לינדט אקסלנס 85% 100 גר`,משה סידס ובנו בעמ,,,'יח,1,ל-100 גרם,false,1,14.90,14.90,false,1,
3059943015104,false,אירוויק נטול גז פריסיה ויסמין,תה ויסוצקי בע`מ,,,'יח,3.45,ל-100 גרם,false,1,11.90,3.45,true,1,
3073781162790,false,בייבי בל-אדום 120 גר`,א.סיימן סחר בעמ,,,'יח,1.20,ל-100 גרם,false,12,20.90,17.42,true,1,
3141360054405,false,פיניש ציטרופרש,תה ויסוצקי בע`מ,,,'יח,15,"ל-100 מ""ל",false,1,14.90,0.99,true,1,
3161911366429,false,חמאת Elle and Vire רכה מלוחה 250 גרם,א.סיימן סחר בעמ,,,'יח,2.50,ל-100 גרם,false,1,22.90,9.16,true,1,
3161911393210,false,חמאת נורמנדי מלוחה אלוויר 200 גרם,א.סיימן סחר בעמ,,,'יח,2,ל-100 גרם,false,1,18.90,9.45,false,1,
3178530402353,false,מיני מדלן  175 גר`,א.סיימן סחר בעמ,,,'יח,1.75,ל-100 גרם,false,1,13.90,7.94,true,1,
3387390320244,false,פיטנס מחיטה מלאה אורז ופירות 375 גרם,קבוצת אסם סחר,,,'יח,3.75,ל-100 גרם,false,1,19.90,5.31,true,1,
3387390525960,false,קראנץ עידן הקרח 500 גרם,קבוצת אסם סחר,,,'יח,5,ל-100 גרם,false,1,19.90,3.98,true,1,
3428460049624,false,plaisir מעדן לגורי חתולים בטעם עוף וחלב,שחורי אריה ואנסטסיה,,,'יח,1,ל-100 גרם,false,1,4.90,4.90,false,1,
3428460051184,false,plaisir מעדן  לחתול- בקר 100 גר`,שחורי אריה ואנסטסיה,,,'יח,1,ל-100 גרם,false,1,4.90,4.90,false,1,
3428460051467,false,plaisir מעדן לחתול sterilized בטעם דג קו,שחורי אריה ואנסטסיה,,,'יח,1,ל-100 גרם,false,1,4.90,4.90,false,1,
3428460051474,false,-plaisir מעדן לחתול בטעם עוף 100 גרם,שחורי אריה ואנסטסיה,,,'יח,1,ל-100 גרם,false,1,4.90,4.90,false,1,
3428460051580,false,plaisir מעדן לחתול בטעם הודו ?100 גר`,שחורי אריה ואנסטסיה,,,'יח,1,ל-100 גרם,false,1,4.90,4.90,false,1,
3428460051597,false,plaisir מעדן  לחתול? סלמון 100 גר`,שחורי אריה ואנסטסיה,,,'יח,1,ל-100 גרם,false,1,4.90,4.90,false,1,
3428460051603,false,plaisir מעדן  לחתול? טונה 100 גר`,שחורי אריה ואנסטסיה,,,'יח,1,ל-100 גרם,false,1,4.90,4.90,false,1,
3574660115154,false,אובה סופר 32 יח`,ש. שסטוביץ בע`מ,,,'יח,0,ל-100 גרם,false,1,24.90,24.90,false,1,
3574661487328,false,קרפרי מגן תחתון אורגינל 56 יח,ש. שסטוביץ בע`מ,,,'יח,1,ל-100 גרם,false,1,16.90,16.90,true,1,
3574661487618,false,קרפרי מגן תחתון Large מקסי מבושם 48יח,ש. שסטוביץ בע`מ,,,'יח,1,ל-100 גרם,false,1,16.90,16.90,true,1,
3574661552576,false,קרפרי מגן תחתון רגיל/טנגה 58 יח`,ש. שסטוביץ בע`מ,,,'יח,1,ל-100 גרם,false,1,16.90,16.90,true,1,
3574661554877,false,קרפרי מגן תחתון מבושם 58 יח`,ש. שסטוביץ בע`מ,,,'יח,1,ל-100 גרם,false,1,16.90,16.90,true,1,
3574661554884,false,קרפרי מגן תחתון רגיל/טנגה מבושם 58יח,ש. שסטוביץ בע`מ,,,'יח,1,ל-100 גרם,false,1,16.90,16.90,true,1,
3614225394645,false,קולסטון RTU קיט 3/0 חום כהה מאוד,דיפלומט מפיצים (1986) בע`מ,,,'יח,1,,false,1,24.90,24.90,false,1,
4000415004408,false,שוקולד שוגטן מריר 100 גרם,יעד ממתקים בעמ,,,'יח,1,ל-100 גרם,false,1,5.90,5.90,false,1,
4000415039707,false,שוקולד שוגטן עוגיות וניל 100 גרם,יעד ממתקים בעמ,,,'יח,1,ל-100 גרם,false,1,5.90,5.90,false,1,
4000415040109,false,שוקולד שוגטן בראוניז 100 גרם,יעד ממתקים בעמ,,,'יח,1,ל-100 גרם,false,1,5.90,5.90,false,1,
4000415065805,false,שוקולד סאלוט מריר 100 גרם,יעד ממתקים בעמ,,,'יח,1,ל-100 גרם,false,1,4.90,4.90,true,1,
4000415065904,false,שוקולד סאלוט חלב אגוזים 100 גרם,יעד ממתקים בעמ,,,'יח,1,ל-100 גרם,false,1,4.90,4.90,true,1,
4000415066000,false,שוקולד סאלוט חלב 100 גרם,יעד ממתקים בעמ,,,'יח,1,ל-100 גרם,false,1,4.90,4.90,true,1,
4000415111908,false,שוקולד שוגטן סטרצ`יאטלה 100 גרם,יעד ממתקים בעמ,,,'יח,1,ל-100 גרם,false,1,5.90,5.90,false,1,
4000415143800,false,שוקולד שוגטן טרילוגיה 100 גרם,יעד ממתקים בעמ,,,'יח,1,ל-100 גרם,false,1,5.90,5.90,false,1,
4000415358303,false,שוקו פאן ביסקוויט 5*210 גרם,יעד ממתקים בעמ,,,'יח,1.30,ל-100 גרם,false,1,8.90,6.85,true,1,
4000415358501,false,שוקו פאן קוקוס שביעיה  *7 175 גרם,יעד ממתקים בעמ,,,'יח,1.75,ל-100 גרם,false,1,8.90,5.09,true,1,
4000415440701,false,שוקו פאן בוטנים שישיה 6*216 גרם,יעד ממתקים בעמ,,,'יח,1.30,ל-100 גרם,false,1,8.90,6.85,true,1,
4000415440909,false,שוקו פאן קרמל שישיה  *6 216 גרם,יעד ממתקים בעמ,,,'יח,1.30,ל-100 גרם,false,1,8.90,6.85,true,1,
4000415729202,false,שוקולד שוגטן לוטוס 100 גרם,יעד ממתקים בעמ,,,'יח,1,ל-100 גרם,false,1,5.90,5.90,false,1,
4000415730109,false,שוקולד שוגטן מריר אגוזים קצוצים 100 גרם,יעד ממתקים בעמ,,,'יח,1,ל-100 גרם,false,1,5.90,5.90,false,1,
4000415749606,false,שוקולד שוגטן יום הולדת 100 גרם,יעד ממתקים בעמ,,,'יח,1,ל-100 גרם,false,1,5.90,5.90,false,1,
4000415756406,false,שוקולד שוגטן עוגת גבינה תות 100 גרם,יעד ממתקים בעמ,,,'יח,1,ל-100 גרם,false,1,5.90,5.90,false,1,
4000415756802,false,שוקולד שוגטן טארט מוקה 100 גרם,יעד ממתקים בעמ,,,'יח,1,ל-100 גרם,false,1,5.90,5.90,false,1,
4000415851705,false,שוקולד שוגטן נוגט 100 גרם,יעד ממתקים בעמ,,,'יח,1,ל-100 גרם,false,1,5.90,5.90,false,1,
4000415856601,false,שוקולד שוגטן לבן 100 גרם,יעד ממתקים בעמ,,,'יח,1,ל-100 גרם,false,1,5.90,5.90,false,1,
4000417025005,false,שוקולד ריטר מריר מרציפן ריטר 100גר כשלפ,ליימן שליסל בע`מ,,,'יח,1,,false,12,8.90,8.90,true,1,
4000417298003,false,שוקולד ריטר חלב במילוי קוקוס 100 גרם,ליימן שליסל בע`מ,,,'יח,1,,false,1,8.90,8.90,true,1,
4000417708007,false,שוקולד ריטר ספורט מריר שקד 100 גרם,ליימן שליסל בע`מ,,,'יח,1,ל-100 גרם,false,1,11.90,11.90,true,1,
4000607850004,false,שוקולד שוגטן חלב 100 גרם,יעד ממתקים בעמ,,,'יח,1,ל-100 גרם,false,1,5.90,5.90,false,1,
4000607851001,false,שוקולד שוגטן אגוזים 100 גרם,יעד ממתקים בעמ,,,'יח,1,ל-100 גרם,false,1,5.90,5.90,false,1,
4000607854606,false,שוקולד שוגטן ילדים 100 גרם,יעד ממתקים בעמ,,,'יח,1,ל-100 גרם,false,1,5.90,5.90,false,1,
4000607854705,false,שוקולד שוגטן תות 100 גרם,יעד ממתקים בעמ,,,'יח,1,ל-100 גרם,false,1,5.90,5.90,false,1,
4002575016253,false,מרציפן 100 גרם,ליימן שליסל בע`מ,,,'יח,1,ל-100 גרם,false,12,9.90,9.90,false,1,
4006529002170,false,עוגיות גולד רינג 400 גרם,יעד ממתקים בעמ,,,'יח,3.34,ל-100 גרם,false,1,8.90,2.66,false,1,
4008239313348,false,מעדן ויטקראפט עוף וירקות 85 גרם,שחורי אריה ואנסטסיה,,,'יח,0.85,ל-100 גרם,false,1,5.90,6.94,false,1,
4008239313355,false,מעדן ויטקראפט סלמון ותרד 85 גרם,שחורי אריה ואנסטסיה,,,'יח,0.85,ל-100 גרם,false,1,5.90,6.94,false,1,
4008239313362,false,מעדן ויטקראפט הודו וגבינה 85 גרם,שחורי אריה ואנסטסיה,,,'יח,0.85,ל-100 גרם,false,1,5.90,6.94,false,1,
4008239313379,false,מעדן ויטקראפט בקר וגזר 85 גרם,שחורי אריה ואנסטסיה,,,'יח,0.85,ל-100 גרם,false,1,5.90,6.94,false,1,
4008239313393,false,מעדן ויטקראפט דגים בעגבניות 85 גרם,שחורי אריה ואנסטסיה,,,'יח,0.85,ל-100 גרם,false,1,5.90,6.94,false,1,
4008239313409,false,מעדן ויטקראפט בשר וחמוציות 85 גרם,שחורי אריה ואנסטסיה,,,'יח,0.85,ל-100 גרם,false,1,5.90,6.94,false,1,
4008400290126,false,קינדר פינגווין עוגת ספוג 30 גר`,תנובה חלב,,,'יח,0.30,ל-100 גרם,false,1,4.90,16.33,false,1,
4008400290423,false,קינדר פינגווין עוגת ספוג 120 גר`,תנובה חלב,,,'יח,0.30,ל-100 גרם,false,1,14.90,49.67,false,1,
4008429056710,false,ויסקס ביף 400 גר,שחורי אריה ואנסטסיה,,,'יח,4,ל-100 גרם,false,1,9.90,2.48,false,1,
4008429951916,false,ויסקס טונה 400 גרם,שחורי אריה ואנסטסיה,,,'יח,4,ל-100 גרם,false,1,9.90,2.48,false,1,
4008496927364,false,מארז 10 סוללות AAA ורטה,ד.ש.ש אלקטרוניקה בעמ`,,,'יח,1,'יח,false,1,19.90,19.90,false,1,
4008496927401,false,זוג סוללות C ורטה,ד.ש.ש אלקטרוניקה בעמ`,,,'יח,0,'יח,false,1,14.90,14.90,false,1,
4009300524588,false,תה חליטת צמחים פירות יער,ש. שסטוביץ בע`מ,,,'יח,1,,false,1,15.90,15.90,true,1,
4009900402965,false,וויט פירות בקבוקון דאבל,"מרס ריגלי ישראל בע""מ",,,'יח,0.64,ל-100 גרם,false,1,10.90,17.03,true,1,
4009900403023,false,וויט קלאסי בקבקון דאבל,"מרס ריגלי ישראל בע""מ",,,'יח,0.64,ל-100 גרם,false,1,10.90,17.03,true,1,
4009900420129,false,בקבוקון פרופשיונל ספירמניט,"מרס ריגלי ישראל בע""מ",,,ל-100 גרם,0.64,ל-100 גרם,false,1,10.90,17.03,true,1,
4009900426039,false,בקבוקון אירוובס מנטה אקליפטוס,"מרס ריגלי ישראל בע""מ",,,'יח,0.64,ל-100 גרם,false,1,10.90,17.03,false,1,
4009900426121,false,בקבוקון אירוובס אוכמניות,"מרס ריגלי ישראל בע""מ",,,'יח,0.64,ל-100 גרם,false,1,10.90,17.03,true,1,
4009900455299,false,סקיטלס פירות 174 גר`,"מרס ריגלי ישראל בע""מ",,,'יח,1.75,ל-100 גרם,false,1,8.90,5.09,false,1,
4009900465304,false,סקיטלס חמוץ 174 גר`,"מרס ריגלי ישראל בע""מ",,,'יח,1.75,ל-100 גרם,false,1,8.90,5.09,false,1,
4009900479998,false,אוכמניות בקבקון דאבל,"מרס ריגלי ישראל בע""מ",,,'יח,0.64,ל-100 גרם,false,1,10.90,17.03,true,1,
4009900482417,false,בבלמינט בקבקון דאבל,"מרס ריגלי ישראל בע""מ",,,'יח,0.30,ל-100 גרם,false,1,10.90,36.33,true,1,
4009900531122,false,ברבוקון פרופשיונל ספירמינט,"מרס ריגלי ישראל בע""מ",,,'יח,0.64,ל-100 גרם,false,1,10.90,17.03,true,1,
4009900536288,false,אורביט רפרשרס פפרמינט בקבוקון 67 גר`,"מרס ריגלי ישראל בע""מ",,,'יח,0.67,ל-100 גרם,false,1,11.90,17.76,true,1,
4010492051301,false,אפולו עופות וצייד 150 גרם,שחורי אריה ואנסטסיה,,,'יח,1.50,ל-100 גרם,false,1,5.90,3.93,false,1,
4010492051318,false,אפולו עוף וכבש 150 גרם,שחורי אריה ואנסטסיה,,,'יח,1.50,ל-100 גרם,false,1,5.90,3.93,false,1,
4010492052216,false,"אתנה מעדן וולנס לחתול אינדור גזר,סלרי וכ",שחורי אריה ואנסטסיה,,,'יח,1,ל-100 גרם,false,1,6.90,6.90,false,1,
4010492052308,false,אפולו פטה סניור עוף 150ג,שחורי אריה ואנסטסיה,,,'יח,1.50,ל-100 גרם,false,1,5.90,3.93,false,1,
4010492052612,false,אפולו סטיק רך לכלב עם בקר 55 גר,שחורי אריה ואנסטסיה,,,'יח,0.55,ל-100 גרם,false,1,9.90,18,false,1,
4010492052629,false,אתנה סטיק רך לחתול עם עופות וכבד 10יח,שחורי אריה ואנסטסיה,,,'יח,0.40,ל-100 גרם,false,1,19.90,49.75,false,1,
4010492961723,false,אתנה סטיק סלמון,שחורי אריה ואנסטסיה,,,'יח,0.40,ל-100 גרם,false,1,19.90,49.75,false,1,
4010492963147,false,אתנה סטיק מחולק 40 גר,שחורי אריה ואנסטסיה,,,'יח,1,ל-100 גרם,false,1,19.90,19.90,false,1,
4011100002227,false,באונטי מיני שקית 403 גר`,"מרס ריגלי ישראל בע""מ",,,'יח,4.03,ל-100 גרם,false,1,22.90,5.68,false,1,
4014400904390,false,סוכריות ממולאות בטעם חלב 325 גרם,ליימן שליסל בע`מ,,,'יח,3.25,ל-100 גרם,false,20,18.90,5.82,true,1,
4014400907902,false,סוכריות חמאה וורטר בוקס ללא סוכר 42 גר,ליימן שליסל בע`מ,,,'יח,1,,false,24,6.90,6.90,false,1,
4014400910063,false,סוכריות וורטר חמאה 135 גרם,ליימן שליסל בע`מ,,,'יח,1.35,ל-100 גרם,false,15,9.90,7.33,true,1,
4014400914696,false,סוכריות וורטר ללא סוכר 80גר שקית,ליימן שליסל בע`מ,,,'יח,1,,false,18,9.90,9.90,true,1,
4014400914924,false,סוכריות וורטר ללא סוכר קפה 80גר שקית,ליימן שליסל בע`מ,,,'יח,1.35,ל-100 גרם,false,18,9.90,7.33,true,1,
4014400920857,false,סוכריות וורטר ללא סוכרבטעם שוקולד 70 גר`,ליימן שליסל בע`מ,,,'יח,0.70,ל-100 גרם,false,18,9.90,14.14,true,1,
4014400923711,false,בונבוניירה טופיפי 125 גרם כשלפ,ליימן שליסל בע`מ,,,'יח,1.25,ל-100 גרם,false,30,12.90,10.32,true,1,
4015400564034,false,מגן תחתון אולוויז מגה פק לונג פלוס 58,דיפלומט מפיצים (1986) בע`מ,,,'יח,1,ל-100 גרם,false,1,19.90,19.90,true,1,
4015400564454,false,מגן תחתון אולוויז מגה פק לארג` 68 יח`,דיפלומט מפיצים (1986) בע`מ,,,'יח,1,ל-100 גרם,false,1,19.90,19.90,true,1,
4015400681670,false,תחבושות ALWAYS לילה בטוח 18 יח`,דיפלומט מפיצים (1986) בע`מ,,,'יח,1,ל-100 גרם,false,1,19.90,19.90,true,1,
4015400731719,false,תחבושות Always וליו פק לילה 20 יח`,דיפלומט מפיצים (1986) בע`מ,,,'יח,1,ל-100 גרם,false,1,19.90,19.90,true,1,
4015400746812,false,מגן תחתון אולוויז מגה פק נורמל 80 יח`,דיפלומט מפיצים (1986) בע`מ,,,'יח,1,ל-100 גרם,false,1,19.90,19.90,true,1,
4015400755241,false,תחבושות ALWAYS וליו פק נורמל +28יח`,דיפלומט מפיצים (1986) בע`מ,,,'יח,1,ל-100 גרם,false,1,19.90,19.90,true,1,
4015400755487,false,תחבושות Always וליו פק  לונג+24 יח`,דיפלומט מפיצים (1986) בע`מ,,,'יח,1,ל-100 גרם,false,1,19.90,19.90,true,1,
4015400990482,false,אבקת כביסה אריאל קולור 3 ק`ג,דיפלומט מפיצים (1986) בע`מ,,,'יח,3,"ק""ג",false,1,34.90,11.63,false,1,
4015600762742,false,שמפו שולדרס 500 מ`ל קלאסי,דיפלומט מפיצים (1986) בע`מ,,,'יח,5,"ל-100 מ""ל",false,6,18.90,3.78,true,1,
4015600762780,false,שמפו שולדרס 2ב1 500 מ`ל קלאסי,דיפלומט מפיצים (1986) בע`מ,,,'יח,5,"ל-100 מ""ל",false,6,18.90,3.78,true,1,
4015600762902,false,שמפו שולדרס 500 מ`ל מנטול,דיפלומט מפיצים (1986) בע`מ,,,'יח,5,"ל-100 מ""ל",false,6,18.90,3.78,true,1,
4015600762940,false,שמפו שולדרס 500 מ`ל תפוח,דיפלומט מפיצים (1986) בע`מ,,,'יח,5,"ל-100 מ""ל",false,6,18.90,3.78,true,1,
4015600763022,false,שמפו שולדרס 500 מ`ל מגע משי,דיפלומט מפיצים (1986) בע`מ,,,'יח,5,"ל-100 מ""ל",false,6,18.90,3.78,true,1,
4015600766900,false,שמפו הד אנד שולדרס 2ב-1 מנטול 500 מ`ל,דיפלומט מפיצים (1986) בע`מ,,,'יח,5,"ל-100 מ""ל",false,6,18.90,3.78,true,1,
4017100364112,false,ביסקוויט היט קקאו 220גר,ליימן שליסל בע`מ,,,'יח,2.20,ל-100 גרם,false,1,9.90,4.50,true,1,
4025700001962,false,מילקה שוקולד לבן  100 גרם,דיפלומט מפיצים (1968) בע`מ,,,'יח,1,,false,24,5.90,5.90,false,1,
4066600601920,false,"פאולנר חיטה פחית 500 מ""ל",טמפו משקאות בע`מ,,,'יח,5,"ל-100 מ""ל",false,1,10.90,2.12,false,1,
4084500088917,false,נוזל כלים Fairy לימון 650 מ``ל,דיפלומט מפיצים (1986) בע`מ,,,'יח,6.50,"ל-100 מ""ל",false,16,10.90,1.68,true,1,
4084500853553,false,נוזל כלים Fairy אורגינל 650 מ``ל,דיפלומט מפיצים (1986) בע`מ,,,'יח,6.50,"ל-100 מ""ל",false,16,10.90,1.68,true,1,
4084500853836,false,פיירי ורדים ומשי 515 מ`ל,דיפלומט מפיצים (1986) בע`מ,,,'יח,5.15,"ל-100 מ""ל",false,1,10.90,2.12,true,1,
4105120623941,false,בירה ויינשטפן 500 מל`,החברה המרכזית להפצת משקאות בע`,,,'יח,5,"ל-100 מ""ל",false,1,12.20,2.38,false,1,
4605561011975,false,פילה הרינג בשמן 150 גרם,דילר בי.אם.די. פורמולה בעמ,,,'יח,1.50,ל-100 גרם,false,1,7.90,5.27,false,1,
4605561012613,false,פילה הרינג(קצוץ) בשמן 400 גרם,דילר בי.אם.די. פורמולה בעמ,,,'יח,4,ל-100 גרם,false,1,15.90,3.98,true,1,
4710068001692,false,מאסטר קפה בטעם לאטה בפחית 240מ`ל,טמפו משקאות בע`מ,,,'יח,2.40,"ל-100 מ""ל",false,24,6.90,2.88,true,1,
4710068001739,false,מאסטר קפה בטעם קולומביאני בפחית 240מ`ל,טמפו משקאות בע`מ,,,'יח,2.40,"ל-100 מ""ל",false,24,6.90,2.88,true,1,
4710068002798,false,מאסטר קפה בטעם וניל בפחית 240מ`ל,טמפו משקאות בע`מ,,,'יח,2.40,"ל-100 מ""ל",false,24,6.90,2.88,true,1,
4800888190529,false,דאב דאודורנט סטיק טאלק סופט 50 גרם,יוניליוור ישראל שיווק בע`מ,,,'יח,0.50,ל-100 גרם,false,1,15.90,31.80,true,1,
4810168000011,false,פילה דג הרינג מלוח מצונן,דילר בי.אם.די. פורמולה בעמ,,,'יח,1,,false,1,13.90,13.90,true,1,
4810168001056,false,חתיכות פילה דג הרינג מלוח מצונן,דילר בי.אם.די. פורמולה בעמ,,,'יח,1,,false,1,17.90,17.90,false,1,
4810168018795,false,חתיכות פילה דג הרינג מלוח מצונן 200 גר,דילר בי.אם.די. פורמולה בעמ,,,'יח,2,ל-100 גרם,false,1,13.90,6.95,true,1,
4810168024512,false,חתיכות פילה דג הרינג מלוח מצונן עם תבל,דילר בי.אם.די. פורמולה בעמ,,,'יח,1,,false,1,17.90,17.90,false,1,
4810168045098,false,גלידה קרם ברולה  פלומביר בכוס 75 גר`,אייס דילר בי.אמ.די בעמ,,,'יח,0.75,ל-100 גרם,false,1,5.90,7.87,true,1,
4810168055875,false,חתיכות פילה דג הרינג מתובל מומלח בשמן,דילר בי.אם.די. פורמולה בעמ,,,'יח,1,ל-100 גרם,false,1,39.90,39.90,false,1,
4810168055882,false,חתיכות פילה דר הרינג ממולח בשמן,דילר בי.אם.די. פורמולה בעמ,,,'יח,1,ל-100 גרם,false,1,39.90,39.90,false,1,
4810168055899,false,פילה דג הרינג מומלח בשמן,דילר בי.אם.די. פורמולה בעמ,,,'יח,1,ל-100 גרם,false,1,39.90,39.90,false,1,
4810168055905,false,פילה דג הרינג סקנדינבי בשמן,דילר בי.אם.די. פורמולה בעמ,,,'יח,0,ל-100 גרם,false,1,39.90,39.90,false,1,
4810168058975,false,חתיכות פילה דג הרינג  סקנדינבי 260 גרם,דילר בי.אם.די. פורמולה בעמ,,,'יח,1,,false,1,17.90,17.90,false,1,
4820015165206,false,גלידה פלומביר בכוס  מס` -701 גר`,אייס דילר בי.אמ.די בעמ,,,'יח,0.70,ל-100 גרם,false,1,5.90,8.43,true,1,
4820154722469,false,"גלידה""אסקימוס"" כוס וניל 80 גר`",אייס דילר בי.אמ.די בעמ,,,'יח,0.80,ל-100 גרם,false,1,4.90,6.13,true,1,
4820217240114,false,חמאה 200  גר`FERMA,דילר בי.אם.די. פורמולה בעמ,,,'יח,2.50,ל-100 גרם,false,1,7.90,3.16,false,1,
4823097809747,false,גלידה שוקולד  בכוס  מס` -701 גר`,אייס דילר בי.אמ.די בעמ,,,'יח,0.70,ל-100 גרם,false,1,5.90,8.43,false,1,
5000054353300,false,פריסקיז פטה סלמון 156 גרם,שחורי אריה ואנסטסיה,,,'יח,1.56,ל-100 גרם,false,1,6.90,4.42,false,1,
5000054355700,false,פריסקיז פטה הודו 156גרם,שחורי אריה ואנסטסיה,,,'יח,1.56,ל-100 גרם,false,1,6.90,4.42,false,1,
5000054359500,false,פריסקיז פטה כבד ועוף 156גרם,שחורי אריה ואנסטסיה,,,'יח,1.56,ל-100 גרם,false,1,6.90,4.42,false,1,
5000111047371,false,רטבי HP ברביקיו קלאסי היינץ,דיפלומט מפיצים (1968) בע`מ,,,'יח,2,ל-100 גרם,false,8,16.90,8.45,false,1,
5000146048688,false,בראסו מטליות לניקוי והברקה,תה ויסוצקי בע`מ,,,'יח,1,,false,1,19.90,19.90,false,1,
5000146057710,false,וינדולין לניקוי חלונות 750 מל,תה ויסוצקי בע`מ,,,'יח,1.50,לליטר,false,1,7.90,5.27,false,1,
5000157143365,false,"היינץ מתבל בטעם מיונז וקטשופ 425 מ""ל",דיפלומט מפיצים (1968) בע`מ,,,'יח,1,,false,1,14.90,14.90,false,1,
5000159376655,false,סקיטלס פירות 38 גר`,"מרס ריגלי ישראל בע""מ",,,'יח,0.38,ל-100 גרם,false,1,2.90,7.63,false,1,
5000159442572,false,טוויקס מיני שקית 403 גר`,"מרס ריגלי ישראל בע""מ",,,'יח,4.03,ל-100 גרם,false,1,22.90,5.68,false,1,
5000159461122,false,חטיף בר סניקרס 50 גר`,"מרס ריגלי ישראל בע""מ",,,'יח,0.50,ל-100 גרם,false,1,3.90,7.80,false,1,
5000159483063,false,מאגדת באונטי 6 יח,אייס דילר בי.אמ.די בעמ,,,'יח,1,ל-100 גרם,false,1,24.90,24.90,false,1,
5000159538626,false,טוויקס מארז 5 יח`,"מרס ריגלי ישראל בע""מ",,,'יח,0.57,ל-100 גרם,false,1,12.90,22.63,false,1,
5000159538640,false,באונטי מארז 5 יח`,"מרס ריגלי ישראל בע""מ",,,'יח,0.57,ל-100 גרם,false,1,12.90,22.63,false,1,
5010182997338,false,טואלט דאק ג`ל לאסלה בניחוח רענן,דנאגיס בעמ,,,'יח,0.55,ל-100 גרם,false,1,10.90,19.82,true,1,
5010182997918,false,טואלט דאק סבון לאסלה ג`ל בניחוח ים,דנאגיס בעמ,,,'יח,0.55,ל-100 גרם,false,1,10.90,19.82,true,1,
5010182998847,false,טואלט דאק נוזל כחול 750 מל,דנאגיס בעמ,,,'יח,7.50,"ל-100 מ""ל",false,1,8.90,1.19,false,1,
5010182998861,false,טואלט דאק נוזל ירוק 750 מל,דנאגיס בעמ,,,'יח,7.50,"ל-100 מ""ל",false,1,8.90,1.19,false,1,
5010394003780,false,פדיגרי גמבון מדיום עוף וכבש 2 יח,שחורי אריה ואנסטסיה,,,'יח,1,,false,1,16.90,16.90,false,1,
5010394984577,false,פדיגרי דנטה סמול 110 גר,שחורי אריה ואנסטסיה,,,'יח,1.10,ל-100 גרם,false,1,11.90,10.82,false,1,
5010394984584,false,פדיגרי דנטה סטיקס 180 גרם,שחורי אריה ואנסטסיה,,,'יח,1.80,ל-100 גרם,false,1,14.90,8.28,false,1,
5010677551281,false,בקרדי בריזר לימון 275 מל,טמפו משקאות בע`מ,,,'יח,2.75,"ל-100 מ""ל",false,24,13.90,4.95,true,1,
5010677551397,false,"בקרדי בריזר בטעם לימון ליים 275 מ""ל",טמפו משקאות בע`מ,,,'יח,2.75,"ל-100 מ""ל",false,24,13.90,4.95,true,1,
5010677552387,false,בקרדי בריזר בטעם אננס 275 מל,טמפו משקאות בע`מ,,,'יח,2.75,"ל-100 מ""ל",false,24,13.90,4.95,true,1,
5010677554398,false,בקרדי בריזר אבטיח 275 מל,טמפו משקאות בע`מ,,,'יח,2.75,"ל-100 מ""ל",false,24,13.90,4.95,true,1,
5014271400426,false,מעדן תות שדה ללא סוכר 284 גרם,א.סיימן סחר בעמ,,,'יח,2.84,ל-100 גרם,false,6,20.90,7.36,true,1,
5029053032658,false,ממחטות אף קלינקס שמינייה,חוגלה קימברלי שיווק בע`מ,,,'יח,1,ל-100 גרם,false,10,7.90,7.90,false,1,
5029053510811,false,קוטקסS Dתחבושות נורמל פלוס עם כנפיים,חוגלה קימברלי שיווק בע`מ,,,'יח,0,ל-100 גרם,false,16,15.90,15.90,false,1,
5029053510828,false,קוטקסS Dתחבושות סופר פלוס עם כנפיים2,חוגלה קימברלי שיווק בע`מ,,,'יח,0,ל-100 גרם,false,16,15.90,15.90,false,1,
5029053523446,false,קוטקסS D תחבושות נייט עם כנפיים20יח,חוגלה קימברלי שיווק בע`מ,,,'יח,0,ל-100 גרם,false,16,15.90,15.90,false,1,
5035766044673,false,סיידר תפוחים סטרונגבאו 330 מ`ל,טמפו משקאות בע`מ,,,'יח,3.30,"ל-100 מ""ל",false,24,8.90,2.61,false,1,
5060255492154,false,אברקלין 6 ליטר(תכלת  ),שחורי אריה ואנסטסיה,,,'יח,60,"ל-100 מ""ל",false,1,69.90,1.17,false,1,
5060255492185,false,אברקלין עוצמה בניחוח מרענן 6 קג,שחורי אריה ואנסטסיה,,,'יח,60,ל-100 גרם,false,1,69.90,1.17,false,1,
5060255492277,false,אברקלין 6ל(אדום  ),שחורי אריה ואנסטסיה,,,'יח,60,"ל-100 מ""ל",false,1,69.90,1.17,false,1,
5060255492284,false,חול אברקלין 5 קג,שחורי אריה ואנסטסיה,,,'יח,60,ל-100 גרם,false,1,69.90,1.17,false,1,
5060412212496,false,אברקלין פעולה מהירה 6 ל(כתום  ),שחורי אריה ואנסטסיה,,,'יח,60,"ל-100 מ""ל",false,1,69.90,1.17,false,1,
5060412213097,false,אברקלין טוטאל קאבר 6 ל(אפור  ),שחורי אריה ואנסטסיה,,,'יח,60,"ל-100 מ""ל",false,1,69.90,1.17,false,1,
5060412214124,false,אוור קלין צהוב חדש 6 ליטר,שחורי אריה ואנסטסיה,,,'יח,60,"ל-100 מ""ל",false,1,69.90,1.17,false,1,
5060412214155,false,אברקלין ספרינג גארדן 6 לי,שחורי אריה ואנסטסיה,,,'יח,60,ל-100 גרם,false,1,69.90,1.17,false,1,
5060639128051,false,"מונסטר אנרג`י פח 500 אולטרה  מ""ל",החברה המרכזית להפצת משקאות בע`,,,'יח,5,"ל-100 מ""ל",false,1,6.90,1.32,true,1,
5060639129102,false,"מונסטר אנרג`י מנגו לוקו פחית 500 מ""ל",החברה המרכזית להפצת משקאות בע`,,,'יח,5,"ל-100 מ""ל",false,1,6.90,1.32,true,1,
5060751218173,false,"מונסטר אנרג`י פח Pipline punch 500 מ""ל",החברה המרכזית להפצת משקאות בע`,,,'יח,5,"ל-100 מ""ל",false,1,6.90,1.32,true,1,
5201085540084,false,סוכריות ג`ל מיקס 700 גרם,בני פאוזי שמשום,,,'יח,7,ל-100 גרם,false,1,14.90,2.13,true,1,
5201246002215,false,בירה פילס היילס 500 מל`,ג. וילי-פוד אינטרנשיונל בע`מ,,,'יח,5,"ל-100 מ""ל",false,1,4.90,0.92,true,1,
5201360797097,false,עוגת ספוג מצופה וניל*8יח*32גר,דיפלומט מפיצים (1968) בע`מ,,,'יח,0.32,ל-100 גרם,false,1,11.90,37.19,false,1,
5201940010110,false,זיתים שחורים קלמטה 454 גרם,ג. וילי-פוד אינטרנשיונל בע`מ,,,'יח,4.54,ל-100 גרם,false,1,14.90,3.28,false,1,
5206759020503,false,סוכריות ג`לי 500 גרם,יעד ממתקים בעמ,,,'יח,5,ל-100 גרם,false,1,11.90,2.38,true,1,
5391523057929,false,סימילאק גולד 700 גרם שלב 1,אבוט -שקד תבל,,,'יח,7,ל-100 גרם,false,1,69.90,9.99,false,1,
5391523057943,false,סימילאק גולד 700 גרם שלב 3,אבוט -שקד תבל,,,'יח,7,ל-100 גרם,false,1,69.90,9.99,false,1,
5410076933129,false,אבקת כביסה אריאל אלפין 3 ק`ג,דיפלומט מפיצים (1986) בע`מ,,,'יח,2.47,"ל-100 מ""ל",false,1,34.90,14.13,false,1,
5410126006087,false,ביסקויט ביסקפה לוטוס בטעם קרמל 700גר`ב,דיפלומט מפיצים (1968) בע`מ,,,'יח,7,ל-100 גרם,false,7,26.90,3.84,false,1,
5410126106022,false,מארז עוגיות לוטוס 250*2,דיפלומט מפיצים (1968) בע`מ,,,'יח,5,ל-100 גרם,false,1,15.90,3.18,true,1,
5410126106183,false,ביסקויט ביסקפה לוטוס בטעם קרמל 312 ג,דיפלומט מפיצים (1968) בע`מ,,,'יח,3.12,ל-100 גרם,false,6,16.90,5.42,false,1,
5410126116953,false,ממרח עוגיות לוטוס קרמל 400 גרם,דיפלומט מפיצים (1968) בע`מ,,,'יח,4,ל-100 גרם,false,12,21.90,5.48,true,1,
5410126666038,false,לוטוס עוגיות 279 גר`,דיפלומט מפיצים (1968) בע`מ,,,'יח,0.2790,ל-100 גרם,false,10,12.90,46.24,false,1,
5410126716016,false,ביסקויט ביסקפה לוטוס בטעם קרמל 250,דיפלומט מפיצים (1968) בע`מ,,,'יח,2.50,ל-100 גרם,false,10,11.90,4.76,false,1,
5410291021991,false,צ`וקטה ממרח אגוזי לוז עם קקאו 700 גר`,ש. שסטוביץ בע`מ,,,'יח,7,ל-100 גרם,false,6,18.90,2.70,false,1,
5410291022011,false,צ`וקטה ממרח אגוזי לוז עם קקאו 350 גר`,ש. שסטוביץ בע`מ,,,'יח,3.50,ל-100 גרם,false,12,10.90,3.11,false,1,
5410291022738,false,צ`וקטה ממרח חום לבן 350 גר`,ש. שסטוביץ בע`מ,,,'יח,3.50,ל-100 גרם,false,12,10.90,3.11,false,1,
5410291022752,false,צ`וקטה ממרח אגוזי לוז עם קקאו 350 גר`,ש. שסטוביץ בע`מ,,,'יח,3.50,ל-100 גרם,false,12,10.90,3.11,false,1,
5410291022776,false,צ`וקטה ממרח אגוזי לוז עם קקאו 700 גר`,ש. שסטוביץ בע`מ,,,'יח,7,ל-100 גרם,false,6,18.90,2.70,false,1,
5411188094159,false,אלפרו מעדן סויה בטעם שוקולד בלגי 4*125,שטראוס גרופ בע`מ,,,'יח,5,ל-100 גרם,false,1,17.90,3.58,false,1,
5411188110835,false,אלפרו חלב שקדים 1ל`,שטראוס גרופ בע`מ,,,'יח,10,"ל-100 מ""ל",false,1,14.90,1.49,false,1,
5411188112709,false,אלפרו משקה שקדים ללא סוכר 1ל`,שטראוס גרופ בע`מ,,,'יח,10,"ל-100 מ""ל",false,1,14.90,1.49,true,1,
5411188115472,false,אלפרו משקה סויה  1 ליטר,שטראוס גרופ בע`מ,,,'יח,10,"ל-100 מ""ל",false,1,15.90,1.59,true,1,
5411188116905,false,משקה סויה אלפרו בטעם בננה 1 ליטר,שטראוס גרופ בע`מ,,,'יח,10,"ל-100 מ""ל",false,1,13.90,1.39,false,1,
5411188124689,false,"אלפרו משקה שיבולת שועל לל""ס 1 ליטר",שטראוס גרופ בע`מ,,,'יח,10,"ל-100 מ""ל",false,1,14.90,1.49,true,1,
5411188134985,false,אלפרו 3.5% שומן שיבולת שועל ליטר,שטראוס גרופ בע`מ,,,'יח,10,"ל-100 מ""ל",false,1,13.90,1.39,true,1,
5411188135005,false,אלפרו 1.8% שומן שיבולת שועל ליטר,שטראוס גרופ בע`מ,,,'יח,10,"ל-100 מ""ל",false,1,13.90,1.39,true,1,
5411188543398,false,אלפרו משקה סויה ללא סוכר   1 ליטר,שטראוס גרופ בע`מ,,,'יח,10,"ל-100 מ""ל",false,1,15.90,1.59,true,1,
5413149655522,false,"אריאל שושן צחור 1.25 ק""ג",דיפלומט מפיצים (1986) בע`מ,,,'יח,15,ל-100 גרם,false,10,17.90,1.19,false,1,
5566774569129,false,מברשת סיליקון איכותי,ד.ג.ש ייבוא ושיווק בעמ,,,'יח,1,,false,1,9.90,9.90,false,1,
5566774569136,false,לקקן סיליקון איכותי,ד.ג.ש ייבוא ושיווק בעמ,,,'יח,1,,false,1,9.90,9.90,false,1,
5566774569693,false,סכין שף סנטוקטו,ד.ג.ש ייבוא ושיווק בעמ,,,'יח,1,,false,1,19.90,19.90,false,1,
5566774570385,false,מסננת רב שימושית איכותית,ד.ג.ש ייבוא ושיווק בעמ,,,'יח,1,,false,1,12.90,12.90,false,1,
5566774572976,false,סט 4 כוסות פינוק סטייל,ד.ג.ש ייבוא ושיווק בעמ,,,'יח,0,'יח,false,1,39.90,39.90,false,1,
5566774574116,false,אלמוגית רב שימושית קטנה,ד.ג.ש ייבוא ושיווק בעמ,,,'יח,0,'יח,false,1,14.90,14.90,false,1,
5566774574222,false,שישיית כוסות קלאסיק,ד.ג.ש ייבוא ושיווק בעמ,,,'יח,1,,false,1,17.90,17.90,false,1,
5601008200468,false,עוגיות גודיס מצופה שוקולד לבן 150גר`,ש. שסטוביץ בע`מ,,,'יח,1.50,ל-100 גרם,false,1,7.90,5.27,true,1,
5701932026964,false,פופקורן למיקרו בתוספת מלח 6*100,ליימן שליסל בע`מ,,,'יח,6,ל-100 גרם,false,12,14.90,2.48,true,1,
5701932026971,false,פופקורן למיקרו בטעם חמאה 6*100 ג,ליימן שליסל בע`מ,,,'יח,6,ל-100 גרם,false,12,14.90,2.48,true,1,
5701932026995,false,פופקורן למיקרו טבעי לייט 6*85 גר כשלפ,ליימן שליסל בע`מ,,,'יח,5.10,ל-100 גרם,false,12,14.90,2.92,true,1,
5706516031358,false,פופקורן למיקרו בתוספת מלח 510גר כשלפ,ליימן שליסל בע`מ,,,'יח,5.10,ל-100 גרם,false,12,14.90,2.92,true,1,
5711953106590,false,ארלה גבינת שמנת שום,שטראוס גרופ בע`מ,,,'יח,2,ל-100 גרם,false,1,15.90,7.95,false,1,
5740900403215,false,ממרח חמאה דנית לורפק עם מלח 250 גרם,שטראוס גרופ בע`מ,,,'יח,2.50,ל-100 גרם,false,1,16.90,6.76,true,1,
5740900403222,false,ממרח חמאה לורפק עם מלח%27,שטראוס גרופ בע`מ,,,'יח,2.80,ל-100 גרם,false,1,16.90,6.04,true,1,
5740900403239,false,ממרח חמאה דנית לורפק ללא מלח 250 גרם,שטראוס גרופ בע`מ,,,'יח,2.50,ל-100 גרם,false,1,16.90,6.76,true,1,
5740900403260,false,ממרח חמאה לורפק ללא מלח%27,שטראוס גרופ בע`מ,,,'יח,2.50,ל-100 גרם,false,1,16.90,6.76,true,1,
5740900403284,false,חמאה לורפק 200 גר` ללא מלח,שטראוס גרופ בע`מ,,,'יח,2,ל-100 גרם,false,1,11.90,5.95,true,1,
5900020012814,false,נסקוויק עידן הקרח 500גר,קבוצת אסם סחר,,,'יח,5,ל-100 גרם,false,1,19.90,3.98,true,1,
5900020026552,false,האני נאט עידן הקרח 625גר אבקת חלב נכרי,קבוצת אסם סחר,,,'יח,6.25,ל-100 גרם,false,1,19.90,3.18,true,1,
5900020032539,false,פיטנס בר דליס שוקולד,קבוצת אסם סחר,,,'יח,1.35,ל-100 גרם,false,1,14.90,11.04,true,1,
5900020036407,false,ליון דגני בוקר שוקולד וקרמל 480 גר`,קבוצת אסם סחר,,,'יח,4.80,ל-100 גרם,false,1,19.90,4.15,true,1,
5900130034157,false,מאגדת מילקה יוגורט וניל 4 יח`,אייס דילר בי.אמ.די בעמ,,,'יח,1,ל-100 גרם,false,1,31.90,31.90,false,1,
5900352000770,false,ממתק ג`לי דובדבן מצופה שוקולד 190 גרם,יעד ממתקים בעמ,,,'יח,1.90,ל-100 גרם,false,1,7.90,4.16,true,1,
5900352001814,false,ממתק ג`לי תפוז מצופה שוקולד 190 גרם,יעד ממתקים בעמ,,,'יח,1.90,ל-100 גרם,false,1,7.90,4.16,true,1,
5900352001821,false,ממתק ג`לי לימון מצופה שוקולד 190 גרם,יעד ממתקים בעמ,,,'יח,1.90,ל-100 גרם,false,1,7.90,4.16,true,1,
5900352002361,false,עוגיות יזיקי קלאסיק 140 גרם,יעד ממתקים בעמ,,,'יח,1.40,ל-100 גרם,false,1,6.90,4.93,true,1,
5900352002576,false,ממתק ג`לי אוכמניות מצופה שוקולד190 גרם,יעד ממתקים בעמ,,,'יח,1.90,ל-100 גרם,false,1,7.90,4.16,true,1,
5900352002866,false,חטיף אליבי שוקולד וקרמל 49 גרם,יעד ממתקים בעמ,,,'יח,4.90,ל-100 גרם,false,1,2.50,0.51,true,1,
5900352004044,false,עוגיות יזיקי קוקוס 140 גרם,יעד ממתקים בעמ,,,'יח,1.40,ל-100 גרם,false,1,6.90,4.93,true,1,
5900352004457,false,עוגיות יזיקי קפה 140 גרם,יעד ממתקים בעמ,,,'יח,1.40,ל-100 גרם,false,1,6.90,4.93,true,1,
5900352006468,false,עוגיות יזיקי שרי 140 גרם,יעד ממתקים בעמ,,,'יח,1.40,ל-100 גרם,false,1,6.90,4.93,true,1,
5900352008509,false,עוגיות יזיקי אדווקט 140 גרם,יעד ממתקים בעמ,,,'יח,1.40,ל-100 גרם,false,1,6.90,4.93,true,1,
5900352011349,false,עוגיות יזיקי קקאו 140 גרם,יעד ממתקים בעמ,,,'יח,1.40,ל-100 גרם,false,1,6.90,4.93,true,1,
5900352011356,false,עוגיות מריר יזיקי שרי 140 גרם,יעד ממתקים בעמ,,,'יח,1.40,ל-100 גרם,false,1,6.90,4.93,true,1,
5900352012605,false,חטיף אליבי קוקוס 49 גרם,יעד ממתקים בעמ,,,'יח,4.90,ל-100 גרם,false,1,2.50,0.51,true,1,
5900352014449,false,וופל בלגי וניל 130 גרם,יעד ממתקים בעמ,,,'יח,1.30,ל-100 גרם,false,1,3.90,3,true,1,
5900352014456,false,וופל בלגי שוקולד 130 גרם,יעד ממתקים בעמ,,,'יח,1.30,ל-100 גרם,false,1,3.90,3,true,1,
5900352014470,false,וופל בלגי קרמל 140 גרם,יעד ממתקים בעמ,,,'יח,1.40,ל-100 גרם,false,1,3.90,2.79,true,1,
5900352014890,false,עוגיות יזיקי מריר תפוז 140 גרם,יעד ממתקים בעמ,,,'יח,1.40,ל-100 גרם,false,1,6.90,4.93,true,1,
5900352015125,false,עוגיות יזיקי קרמל מלוח 140 גרם,יעד ממתקים בעמ,,,'יח,1.40,ל-100 גרם,false,1,6.90,4.93,true,1,
5900352015576,false,וופל בלגי קרם קוקוס 130 גרם,יעד ממתקים בעמ,,,'יח,1.30,ל-100 גרם,false,1,3.90,3,true,1,
5900394009762,false,וופל אידיליה 47 גרם,יעד ממתקים בעמ,,,'יח,4.70,ל-100 גרם,false,1,2.50,0.53,true,1,
5900951017261,false,פדיגרי פאוצ ביף 100 גרם,שחורי אריה ואנסטסיה,,,'יח,1,ל-100 גרם,false,1,6.90,6.90,false,1,
5900951020889,false,ויסקס ציקן 400 גר,שחורי אריה ואנסטסיה,,,'יח,4,ל-100 גרם,false,1,9.90,2.48,false,1,
5900951259180,false,ויסקס סטרייל אד.ציקן 1.4קילו,שחורי אריה ואנסטסיה,,,'יח,14,ל-100 גרם,false,1,49.90,3.56,false,1,
5900951259227,false,ויסקס עוף 7 קג,שחורי אריה ואנסטסיה,,,'יח,70,ל-100 גרם,false,1,109.90,1.57,false,1,
5900951284571,false,פדיגרי בקר 400 גרם(החדש),שחורי אריה ואנסטסיה,,,'יח,4,ל-100 גרם,false,1,9.90,2.48,false,1,
5902198160403,false,משקה אנרגיה XL מוגז פחית 250 מל,טמפו משקאות בע`מ,,,'יח,2.50,"ל-100 מ""ל",false,24,4.90,1.84,true,1,
5904941750312,false,משקה אנרגיה Blu דיי מוחיטו 250מל,בני פאוזי שמשום,,,'יח,2.50,"ל-100 מ""ל",false,1,3.90,1.44,true,1,
5904941751302,false,"משקה אנרגיה Blu פחית 250 מ""ל",בני פאוזי שמשום,,,'יח,2.50,"ל-100 מ""ל",false,1,3.90,1.44,true,1,
5904941751524,false,משקה אנרגיה Blu דיי אבטיח 250מל,בני פאוזי שמשום,,,'יח,2.50,"ל-100 מ""ל",false,1,3.90,1.44,true,1,
5904941751920,false,משקה אנרגיה Blu דיי פחית 250 מל,בני פאוזי שמשום,,,'יח,2.50,"ל-100 מ""ל",false,1,3.90,1.44,true,1,
5904941752262,false,משקה אנרגיה Blu לימון פחיתללא סוכר250מ,בני פאוזי שמשום,,,'יח,2.50,"ל-100 מ""ל",false,1,3.90,1.44,true,1,
5906485301012,false,משקה אנרגיה XL מוגז פחית 250 מל,טמפו משקאות בע`מ,,,'יח,2.50,"ל-100 מ""ל",false,24,4.90,1.84,true,1,
5998749104392,false,1X18X77G פדיגרי דנטהסטיקס,שחורי אריה ואנסטסיה,,,'יח,0.77,ל-100 גרם,false,1,9.90,12.86,false,1,
5998749106877,false,1*18*45 פדיגרי דנטה סמ,שחורי אריה ואנסטסיה,,,'יח,0.45,ל-100 גרם,false,1,5.90,13.11,false,1,
5998749109113,false,פדיגרי דנטה לארג 270 ג,שחורי אריה ואנסטסיה,,,'יח,2.70,ל-100 גרם,false,1,19.90,7.37,false,1,
5998749109786,false,פדיגרי אדולט ציקן ווגט 3 קג,שחורי אריה ואנסטסיה,,,'יח,30,ל-100 גרם,false,1,49.90,1.66,false,1,
5998749109809,false,פדיגרי אדולט ביף ווגט 3 קג,שחורי אריה ואנסטסיה,,,'יח,30,ל-100 גרם,false,1,49.90,1.66,false,1,
5998749120927,false,פדיגרי סמול דוג 2 קג,שחורי אריה ואנסטסיה,,,'יח,20,ל-100 גרם,false,1,49.90,2.50,false,1,
5998749129029,false,ויסקס לגורי חתולים בטעם עוף 1.75 קג,שחורי אריה ואנסטסיה,,,'יח,17.50,ל-100 גרם,false,1,49.90,2.85,false,1,
5998749132340,false,פדיגרי מזון לגורי כלבים עוף ואורז 2.2 קג,שחורי אריה ואנסטסיה,,,'יח,22,ל-100 גרם,false,1,49.90,2.27,false,1,
6010204577554,false,חבל קשר תורכי,שחורי אריה ואנסטסיה,,,'יח,1,,false,1,19.90,19.90,false,1,
6010206751792,false,כדור טניס מצפצף,שחורי אריה ואנסטסיה,,,'יח,1,,false,1,6.90,6.90,false,1,
6010219926903,false,צעצוע קטניפ לחתול,שחורי אריה ואנסטסיה,,,'יח,1,,false,1,12.90,12.90,false,1,
6010228691694,false,רוגבי ירוק מצפצף,שחורי אריה ואנסטסיה,,,'יח,1,,false,1,12.90,12.90,false,1,
6102017501939,false,מצית להבה,ד.ג.ש ייבוא ושיווק בעמ,,,'יח,1,,false,1,9.90,9.90,false,1,
6111094000013,false,קוסקוס דארי בינוני 1 קג,תומר ייבוא ושיווק מוצרי מזון [,,,'יח,10,ל-100 גרם,false,12,17.90,1.79,false,1,
6111094000242,false,קוסקוס דארי דק 500 גר`,תומר ייבוא ושיווק מוצרי מזון [,,,'יח,5,ל-100 גרם,false,1,9.60,1.92,false,1,
6111094000259,false,קוסקוס דארי בינוני 500 גר`,תומר ייבוא ושיווק מוצרי מזון [,,,'יח,5,ל-100 גרם,false,18,9.90,1.98,false,1,
6111094000808,false,קוסקוס דארי בינוני 1 ק`ג,תומר ייבוא ושיווק מוצרי מזון [,,,'יח,10,ל-100 גרם,false,1,17.90,1.79,false,1,
6921499711564,false,Cat  -fest חטיף מקלוני בשר לחתולים בטעם,שחורי אריה ואנסטסיה,,,'יח,0.45,ל-100 גרם,false,1,9.90,22,false,1,
6921499711571,false,Cat  -fest חטיף מקלוני בשר לחתולים בטעם,שחורי אריה ואנסטסיה,,,'יח,0.45,ל-100 גרם,false,1,9.90,22,false,1,
6921499711588,false,Cat  -fest חטיף מקלוני בשר לחתולים בטעם,שחורי אריה ואנסטסיה,,,'יח,0.45,ל-100 גרם,false,1,9.90,22,false,1,
6921499711595,false,Cat  -fest חטיף מקלוני בשר לחתולים בטעם,שחורי אריה ואנסטסיה,,,'יח,0.45,ל-100 גרם,false,1,9.90,22,false,1,
6921959207767,false,Cat  -fest חטיף כריות לחתולים בטעם סלמון,שחורי אריה ואנסטסיה,,,'יח,0.45,ל-100 גרם,false,1,9.90,22,false,1,
6921959207774,false,Cat  -fest חטיף כריות לחתולים בטעם עוף,שחורי אריה ואנסטסיה,,,'יח,0.45,ל-100 גרם,false,1,9.90,22,false,1,
6921959207781,false,Cat  -fest חטיף כריות לחתולים בטעם שרימפ,שחורי אריה ואנסטסיה,,,'יח,0.45,ל-100 גרם,false,1,9.90,22,false,1,
6921959207798,false,Cat  -fest חטיף כריות לחתולים בטעם סרטני,שחורי אריה ואנסטסיה,,,'יח,0.45,ל-100 גרם,false,1,9.90,22,false,1,
6923553200304,false,צאנקיז אריזת חיסכון עוף 500 ג,שחורי אריה ואנסטסיה,,,'יח,5,ל-100 גרם,false,1,59.90,11.98,false,1,
6923553200311,false,צאנקיז פילה עוף,שחורי אריה ואנסטסיה,,,'יח,0.80,ל-100 גרם,false,1,11.90,14.88,false,1,
6923553200359,false,צאנקיז פילה ברווז,שחורי אריה ואנסטסיה,,,'יח,0.80,ל-100 גרם,false,1,11.90,14.88,false,1,
6923553200366,false,צאנקיז אריזת חיסכון 500 ג,שחורי אריה ואנסטסיה,,,'יח,5,ל-100 גרם,false,1,59.90,11.98,false,1,
6923553200472,false,צאנקיז עצם דנטלית,שחורי אריה ואנסטסיה,,,'יח,0.80,ל-100 גרם,false,1,11.90,14.88,false,1,
6923553200526,false,צאנקיז מיני נקניקיות,שחורי אריה ואנסטסיה,,,'יח,0.80,ל-100 גרם,false,1,11.90,14.88,false,1,
6923553200533,false,צאנקיז ביסקוויט עטוף,שחורי אריה ואנסטסיה,,,'יח,0.80,ל-100 גרם,false,1,11.90,14.88,false,1,
6923553200571,false,צאנקיז סושי עוף וסלמון,שחורי אריה ואנסטסיה,,,'יח,0.80,ל-100 גרם,false,1,11.90,14.88,false,1,
6923553200595,false,צאנקיז נגיסי סלמון,שחורי אריה ואנסטסיה,,,'יח,0.80,ל-100 גרם,false,1,11.90,14.88,false,1,
6923553200601,false,צאנקיז מקלות עוף וגבינה,שחורי אריה ואנסטסיה,,,'יח,0.80,ל-100 גרם,false,1,11.90,14.88,false,1,
6923553200625,false,צאנקיז כריכוני דגים ועוף,שחורי אריה ואנסטסיה,,,'יח,0.80,ל-100 גרם,false,1,11.90,14.88,false,1,
6923553200632,false,צאנקיז מיני סושי רך,שחורי אריה ואנסטסיה,,,'יח,0.80,ל-100 גרם,false,1,11.90,14.88,false,1,
6923553200649,false,צאנקיז מקלות עוף,שחורי אריה ואנסטסיה,,,'יח,0.80,ל-100 גרם,false,1,11.90,14.88,false,1,
6935673035612,false,כפפות אלוורה S,מ.א. יצור ויבוא מטליות בעמ`,,,'יח,1,,false,12,8.50,8.50,false,1,
6942133304706,false,Twist  -stix בטעם אוכמניות וחלב עיזים 80,שחורי אריה ואנסטסיה,,,'יח,0.80,ל-100 גרם,false,1,11.90,14.88,false,1,
6942133304713,false,Twist  -stix בטעם דלעת וחלב עיזים 80 גרם,שחורי אריה ואנסטסיה,,,'יח,0.80,ל-100 גרם,false,1,11.90,14.88,false,1,
6942133304720,false,Twist  -stix בטעם תפוח אדמה מתוק וחלב עי,שחורי אריה ואנסטסיה,,,'יח,0.80,ל-100 גרם,false,1,11.90,14.88,false,1,
6942133304737,false,Twist  -stix בטעם גזר וחלב עיזים 80 גרם,שחורי אריה ואנסטסיה,,,'יח,0.80,ל-100 גרם,false,1,11.90,14.88,false,1,
6942133306397,false,Just  -pure חטיף כוכבים קטנים במגוון טעמ,שחורי אריה ואנסטסיה,,,'יח,0.75,ל-100 גרם,false,1,11.90,15.87,false,1,
6942133306410,false,Just  -pure חטיף מקלות כוכב בטעם עוף (75,שחורי אריה ואנסטסיה,,,'יח,0.75,ל-100 גרם,false,1,11.90,15.87,false,1,
6942133307837,false,עצם ללא דגנים בטעם סלמון  ולימון(מדיום),שחורי אריה ואנסטסיה,,,'יח,1,,false,1,5.90,5.90,false,1,
6942133307844,false,עצם ללא דגנים בטעם הודו ופטרוזיליה(מדיו,שחורי אריה ואנסטסיה,,,'יח,1,,false,1,5.90,5.90,false,1,
6942133307851,false,עצם ללא דגנים בטעם צבי  ורוזמרין(מדיום),שחורי אריה ואנסטסיה,,,'יח,1,,false,1,5.90,5.90,false,1,
6942133310332,false,Just  -pure חטיף טוויסט בטעמי פירות (75,שחורי אריה ואנסטסיה,,,'יח,0.75,ל-100 גרם,false,1,11.90,15.87,false,1,
6942133310349,false,Just  -pure חטיף לכלב בטעם בשר בתוספת חל,שחורי אריה ואנסטסיה,,,'יח,0.75,ל-100 גרם,false,1,11.90,15.87,false,1,
6942133310738,false,חטיף קרם נוזלי לחתול בטעם סלמון (60 גרם),שחורי אריה ואנסטסיה,,,'יח,0.60,ל-100 גרם,false,1,9.90,16.50,false,1,
6942133310745,false,חטיף קרם נוזלי לחתול בטעם סרטני ים (60 ג,שחורי אריה ואנסטסיה,,,'יח,0.60,ל-100 גרם,false,1,9.90,16.50,false,1,
6942133310752,false,חטיף קרם נוזלי לחתול בטעם צדפות (60 גרם),שחורי אריה ואנסטסיה,,,'יח,0.60,ל-100 גרם,false,1,9.90,16.50,false,1,
6942133310769,false,חטיף קרם נוזלי לחתול בטעם עוף וכבד (60 ג,שחורי אריה ואנסטסיה,,,'יח,0.60,ל-100 גרם,false,1,9.90,16.50,false,1,
6946362221599,false,מיטה מפנקת לבן,שחורי אריה ואנסטסיה,,,'יח,1,,false,1,99.90,99.90,false,1,
6954722204694,false,שמפו MILK קוקוס וחלב לפרווה לבנה 400מל,שחורי אריה ואנסטסיה,,,'יח,4,"ל-100 מ""ל",false,1,29.90,7.48,false,1,
6957919905732,false,חטיף לכלבים גרקי רצועות עוף 80 גרם,שחורי אריה ואנסטסיה,,,'יח,0.80,ל-100 גרם,false,1,12.90,16.13,false,1,
7108327921008,false,מגבות גוף סופר,הום פרפקט ק.ד.מ בעמ,,,'יח,1,,false,1,34.90,34.90,true,1,
7271730901261,false,ווקי מאק ארוחת אטריות עם גבינה 156 גר`,מור ים מרקטינג בעמ,,,'יח,1.56,ל-100 גרם,false,1,10.90,6.99,false,1,
7290000023083,false,ערק אשקלון 40%,טמפו משקאות בע`מ,,,'יח,7,"ל-100 מ""ל",false,1,54.90,7.80,true,1,
7290000023977,false,.מרלו קלאסיק,טמפו משקאות בע`מ,,,'יח,7.50,"ל-100 מ""ל",false,1,31.90,4.21,true,1,
7290000024219,false,רזרב אמרלד ריזילינג 750 מל`,טמפו משקאות בע`מ,,,'יח,7.50,"ל-100 מ""ל",false,1,39.90,5.28,true,1,
7290000024240,false,רזרב שרדונה 750 מל`,טמפו משקאות בע`מ,,,'יח,7.50,"ל-100 מ""ל",false,1,39.90,5.28,true,1,
7290000024264,false,רזרב מרלו 750 מל`,טמפו משקאות בע`מ,,,'יח,7.50,"ל-100 מ""ל",false,1,39.90,5.28,true,1,
7290000040042,false,יופלה תות 3%,תנובה חלב,,,'יח,1.50,"ל-100 מ""ל",false,1,5.20,3.47,false,1,
7290000040066,false,יופלה דודבן 3%,תנובה חלב,,,'יח,1.50,"ל-100 מ""ל",false,1,5.20,3.47,false,1,
7290000040080,false,יופלה אפרסק 3%,תנובה חלב,,,'יח,1.50,"ל-100 מ""ל",false,1,5.20,3.47,false,1,
7290000041865,false,אשל 4.5% מעושר,שטראוס גרופ בע`מ,,,'יח,2,"ל-100 מ""ל",false,20,2.20,1.10,false,1,
7290000041872,false,לבן מעושר 3%,שטראוס גרופ בע`מ,,,'יח,2,"ל-100 מ""ל",false,20,2.20,1.10,false,1,
7290000042435,false,חלב דל שומן+פקק 1% מהדרין,תנובה חלב,,,'יח,10,"ל-100 מ""ל",false,1,5.86,0.59,false,1,
7290000042640,false,חלב עמיד 3%,תנובה חלב,,,'יח,2.50,"ל-100 מ""ל",false,1,2.90,1.16,false,1,
7290000042855,false,שוקו בשקית,שטראוס גרופ בע`מ,,,'יח,2.25,"ל-100 מ""ל",false,1,2.50,1.11,false,1,
7290000043814,false,שמנת עמידה  לקצפת%38,תנובה חלב,,,'יח,2.50,"ל-100 מ""ל",false,1,6.47,2.59,false,1,
7290000043890,false,שלי רוויון 1 ליטר,תנובה חלב,,,'יח,10,"ל-100 מ""ל",false,1,11.30,1.13,false,1,
7290000044712,false,פרילי גדול,תנובה חלב,,,'יח,5,"ל-100 מ""ל",false,1,11.10,2.22,false,1,
7290000044880,false,באדי יוגורט 500  מל`3%,תנובה חלב,,,'יח,5,"ל-100 מ""ל",false,1,9.50,1.90,false,1,
7290000045573,false,נעמה 200 גרם,תנובה חלב,,,'יח,2,ל-100 גרם,false,1,14.70,7.35,false,1,
7290000045580,false,חורש 240 גרם,תנובה חלב,,,'יח,2.40,ל-100 גרם,false,1,17.60,7.33,false,1,
7290000048185,false,גבינה לבנה  5% 250 גר`,תנובה חלב,,,'יח,2.50,ל-100 גרם,false,1,4.98,1.99,false,1,
7290000048192,false,גבינה לבנה 9% 250 גר`,תנובה חלב,,,'יח,2.50,ל-100 גרם,false,1,5,2,false,1,
7290000048437,false,פיראוס צפתית 5%,תנובה חלב,,,'יח,2,ל-100 גרם,false,1,16,8,false,1,
7290000049458,false,פיראוס עזים 250 גר`,תנובה חלב,,,'יח,2.50,ל-100 גרם,false,1,29.90,11.96,false,1,
7290000051307,false,הפסקת אוכל דגנים עוגי,תנובה חלב,,,'יח,1.50,ל-100 גרם,false,1,9.10,6.07,false,1,
7290000051376,false,יופלה דיאט אננס 0%,תנובה חלב,,,'יח,1.50,"ל-100 מ""ל",false,24,5.20,3.47,false,1,
7290000052311,false,עמק פרוס בקופסא 15% גרם,תנובה חלב,,,'יח,2,ל-100 גרם,false,1,15.90,7.95,false,1,
7290000052649,false,פיראוס לבנה 5%,תנובה חלב,,,'יח,5,ל-100 גרם,false,1,19.80,3.96,false,1,
7290000055206,false,גבינה לבנה טעם בצל 5%,תנובה חלב,,,'יח,2.50,ל-100 גרם,false,1,5.90,2.36,false,1,
7290000055329,false,יופלה משקה יוגורט,תנובה חלב,,,'יח,2.50,"ל-100 מ""ל",false,1,5.60,2.24,false,1,
7290000055336,false,יופלה משקה יוגורט,תנובה חלב,,,'יח,2.50,"ל-100 מ""ל",false,1,5.60,2.24,false,1,
7290000056845,false,חלב טרי הומגני 3% 1.5 ליטר,תנובה חלב,,,'יח,1.50,"ל-100 מ""ל",false,1,9.30,6.20,false,1,
7290000056890,false,יופלה דיאט מארז 6+2,תנובה חלב,,,'יח,1.20,"ל-100 מ""ל",false,1,31,25.83,false,1,
7290000056906,false,יופלה דיאט מארז,תנובה חלב,,,'יח,8,"ל-100 מ""ל",false,1,16.90,2.11,false,1,
7290000057088,false,עמק דק 200 גר`,תנובה חלב,,,'יח,2,ל-100 גרם,false,1,15.90,7.95,false,1,
7290000057118,false,גבינה סמי עמק 400 גר`,תנובה חלב,,,'יח,4,ל-100 גרם,false,1,20.90,5.23,false,1,
7290000057149,false,יוגורט. לבן 3%,תנובה חלב,,,'יח,2,"ל-100 מ""ל",false,1,3.20,1.60,false,1,
7290000057552,false,יופלה דיאט עוגת גבינה ותות,תנובה חלב,,,'יח,1.50,"ל-100 מ""ל",false,1,5.20,3.47,false,1,
7290000058030,false,יופלה שטוזים משקה יוגורט,תנובה חלב,,,'יח,8,"ל-100 מ""ל",false,1,21.40,2.68,false,1,
7290000060071,false,חטיפי פריכונים מלוח עדין`,קבוצת אסם סחר,,,'יח,1,ל-100 גרם,false,1,6.90,6.90,false,1,
7290000060088,false,מקלות בייגלה,קבוצת אסם סחר,,,'יח,4,ל-100 גרם,false,1,9.90,2.48,true,1,
7290000060156,false,איטריות דקיקות ביצים 200 גרם,קבוצת אסם סחר,,,'יח,2,ל-100 גרם,false,1,7.90,3.95,true,1,
7290000060200,false,פתיתים אפויים קוסקוס,קבוצת אסם סחר,,,'יח,5,ל-100 גרם,false,1,6.90,1.38,true,1,
7290000060217,false,אסם מקרוני 7 500 גרם,קבוצת אסם סחר,,,'יח,5,ל-100 גרם,false,1,5.90,1.18,true,1,
7290000060248,false,אסם-תלתלים 61 500 גרם,קבוצת אסם סחר,,,'יח,5,ל-100 גרם,false,1,5.90,1.18,true,1,
7290000060316,false,לה פסטה ספגטי 3,קבוצת אסם סחר,,,'יח,5,ל-100 גרם,false,1,6.90,1.38,true,1,
7290000060330,false,פרפקטו ספירלי 57,קבוצת אסם סחר,,,'יח,5,ל-100 גרם,false,1,6.90,1.38,true,1,
7290000060408,false,פתיתים אפויים טבעות,קבוצת אסם סחר,,,'יח,5,ל-100 גרם,false,1,6.90,1.38,true,1,
7290000060415,false,לה פסטה לזאנה 500 גרם,קבוצת אסם סחר,,,'יח,5,ל-100 גרם,false,1,14.90,2.98,true,1,
7290000060576,false,פתיתים אפויים כוכבים,קבוצת אסם סחר,,,'יח,5,ל-100 גרם,false,1,6.90,1.38,true,1,
7290000060828,false,אסם-קרניים בינוניות 55 500 גרם,קבוצת אסם סחר,,,'יח,5,ל-100 גרם,false,1,5.90,1.18,true,1,
7290000060903,false,פתיתים אפויים אורז,קבוצת אסם סחר,,,'יח,5,ל-100 גרם,false,1,6.90,1.38,true,1,
7290000060965,false,איטריות רחבות,קבוצת אסם סחר,,,'יח,4,ל-100 גרם,false,1,6.90,1.73,true,1,
7290000061061,false,קרקר בצל,קבוצת אסם סחר,,,'יח,2.50,ל-100 גרם,false,1,9.90,3.96,true,1,
7290000061085,false,"רוטב צילי מתוק 290 מ""ל",קבוצת אסם סחר,,,'יח,2.90,"ל-100 מ""ל",false,1,12.90,4.45,true,1,
7290000061245,false,עוגה שוקוציפס,קבוצת אסם סחר,,,'יח,2.20,ל-100 גרם,false,1,9.90,4.50,true,1,
7290000062952,false,מיני קרוטונים 250גר,קבוצת אסם סחר,,,'יח,2.50,ל-100 גרם,false,1,14.90,5.96,false,1,
7290000063102,false,קמח עוגה תופח 350 גר`,קבוצת אסם סחר,,,'יח,3.50,ל-100 גרם,false,1,4.20,1.20,false,1,
7290000063133,false,שקדי מרק 100 גרם,קבוצת אסם סחר,,,'יח,1,,false,1,4.50,4.50,false,1,
7290000063140,false,שקדי מרק 400 גרם,קבוצת אסם סחר,,,'יח,4,ל-100 גרם,false,1,11.90,2.98,true,1,
7290000063157,false,"קמח עוגה תופח 1 ק""ג",קבוצת אסם סחר,,,'יח,10,ל-100 גרם,false,1,9.90,0.99,true,1,
7290000064758,false,קוסקוס אמיתי בשקית,קבוצת אסם סחר,,,'יח,3.50,ל-100 גרם,false,1,7.30,2.09,false,1,
7290000064871,false,מנה חמה פירה תפא ובצל,קבוצת אסם סחר,,,'יח,56,ל-100 גרם,false,1,6.90,0.12,true,1,
7290000065090,false,מיני קרוטונים למרק,קבוצת אסם סחר,,,'יח,4,ל-100 גרם,false,1,23.90,5.98,false,1,
7290000065335,false,מנה חמה פירה תפוא עם ירקות 55 גרם,קבוצת אסם סחר,,,'יח,5.50,ל-100 גרם,false,1,6.90,1.25,true,1,
7290000065977,false,חטיפי פריכונים תירס שומשום,קבוצת אסם סחר,,,'יח,1,ל-100 גרם,false,1,6.90,6.90,false,1,
7290000066196,false,ביסלי גריל גדול,קבוצת אסם סחר,,,'יח,2,ל-100 גרם,false,1,7.90,3.95,true,1,
7290000066226,false,ביסלי פיצה גדול,קבוצת אסם סחר,,,'יח,2,ל-100 גרם,false,1,7.90,3.95,true,1,
7290000066264,false,חטיף דובונים,קבוצת אסם סחר,,,'יח,0.40,ל-100 גרם,false,1,3.90,9.75,true,1,
7290000066295,false,במבה מתוקה,קבוצת אסם סחר,,,'יח,0.30,ל-100 גרם,false,1,2.70,9,false,1,
7290000066332,false,אפרופו 50 גר`,קבוצת אסם סחר,,,'יח,0.50,ל-100 גרם,false,1,3.90,7.80,true,1,
7290000066349,false,אפרופו 100 גרם,קבוצת אסם סחר,,,'יח,1,ל-100 גרם,false,1,7.90,7.90,true,1,
7290000068138,false,אינסטנט פודינג וניל 80 גרם,קבוצת אסם סחר,,,'יח,8,ל-100 גרם,false,1,5.90,0.74,true,1,
7290000068190,false,"גלי תות שדה  90 גרם כשל""פ",קבוצת אסם סחר,,,'יח,9,ל-100 גרם,false,1,6.90,0.77,false,1,
7290000068237,false,"ג`לי פטל  90 גרם כשל""פ",קבוצת אסם סחר,,,'יח,9,ל-100 גרם,false,1,6.90,0.77,false,1,
7290000070308,false,מרק עוף אמיתי 400 גרם,קבוצת אסם סחר,,,'יח,4,ל-100 גרם,false,1,19.90,4.98,true,1,
7290000070353,false,אבקת מרק בצל 400 גרם,קבוצת אסם סחר,,,'יח,4,ל-100 גרם,false,1,25.90,6.48,true,1,
7290000071008,false,בייגלה שטוחים 60 גר`,קבוצת אסם סחר,,,'יח,0.60,ל-100 גרם,false,1,3.10,5.17,false,1,
7290000072067,false,במבה במילוי קרם חלבה,קבוצת אסם סחר,,,'יח,0.60,ל-100 גרם,false,1,3.90,6.50,true,1,
7290000073415,false,מנה חמה פסטה ברוטב פיצה,קבוצת אסם סחר,,,'יח,6.10,ל-100 גרם,false,1,6.90,1.13,true,1,
7290000073767,false,מנה חמה נודלסאטריות +ירקות טעם,קבוצת אסם סחר,,,'יח,7,ל-100 גרם,false,1,6.90,0.99,true,1,
7290000073774,false,מנה חמה נודלס אטריות+ירקות טעם 71 גרם,קבוצת אסם סחר,,,'יח,7.10,ל-100 גרם,false,1,6.90,0.97,true,1,
7290000074153,false,פתי בר-שוקו 500 גר`,קבוצת אסם סחר,,,'יח,5,ל-100 גרם,false,1,11.90,2.38,true,1,
7290000074184,false,פתי בר קלאסי 500 גרם,קבוצת אסם סחר,,,'יח,5,ל-100 גרם,false,1,10.90,2.18,true,1,
7290000074252,false,קרקר שומשום 250 גר`,קבוצת אסם סחר,,,'יח,2.50,ל-100 גרם,false,1,9.90,3.96,true,1,
7290000074276,false,טבעון קרקר,קבוצת אסם סחר,,,'יח,2.50,ל-100 גרם,false,1,9.90,3.96,true,1,
7290000074375,false,קרקר זהב 150 גרם,קבוצת אסם סחר,,,'יח,1.50,ל-100 גרם,false,1,9.90,6.60,true,1,
7290000074481,false,לחמית אגוזים 160 גר`,קבוצת אסם סחר,,,'יח,1.60,ל-100 גרם,false,1,9.90,6.19,true,1,
7290000074696,false,קרם קרקר 1 קג,קבוצת אסם סחר,,,'יח,10,ל-100 גרם,false,1,24.90,2.49,true,1,
7290000074764,false,קרקר זהב 150*6,קבוצת אסם סחר,,,'יח,9,ל-100 גרם,false,1,27.90,3.10,true,1,
7290000075204,false,לחמית קרקר חיטה מלאה,קבוצת אסם סחר,,,'יח,2.50,ל-100 גרם,false,1,9.90,3.96,true,1,
7290000075693,false,עוגת בריוש שוקלד,קבוצת אסם סחר,,,'יח,3.60,ל-100 גרם,false,1,16.90,4.69,false,1,
7290000076126,false,בייגלה שמניות 80 גר`,קבוצת אסם סחר,,,'יח,0.80,ל-100 גרם,false,1,2.90,3.63,false,1,
7290000076133,false,בייגלה שמניות,קבוצת אסם סחר,,,'יח,4,ל-100 גרם,false,1,9.90,2.48,true,1,
7290000077253,false,לחמית כפרית 190 גרם,קבוצת אסם סחר,,,'יח,1.90,ל-100 גרם,false,1,9.90,5.21,true,1,
7290000077925,false,טוסטעים צנימים,קבוצת אסם סחר,,,'יח,1,ל-100 גרם,false,1,9.90,9.90,true,1,
7290000078212,false,קרטונים מתובלים,קבוצת אסם סחר,,,'יח,2.50,ל-100 גרם,false,1,13.90,5.56,false,1,
7290000080765,false,טוסטעים פת שומשו,קבוצת אסם סחר,,,'יח,1,ל-100 גרם,false,1,9.90,9.90,true,1,
7290000081663,false,בייגלה טבעות,קבוצת אסם סחר,,,'יח,3,ל-100 גרם,false,1,9.90,3.30,true,1,
7290000103365,false,מרק ירקות 550 גרם,תנובה מרכז שיתופי לשיווק תוצרת,,,'יח,5.50,ל-100 גרם,false,1,17.90,3.25,false,1,
7290000103433,false,לקט ירקות לתנור 800 גרם,תנובה מרכז שיתופי לשיווק תוצרת,,,'יח,8,ל-100 גרם,false,1,24.50,3.06,true,1,
7290000103488,false,ארטישוק ירושלמי 400 גרם,תנובה מרכז שיתופי לשיווק תוצרת,,,'יח,4,ל-100 גרם,false,1,19.90,4.98,true,1,
7290000103815,false,לקט להקפצה תאילנדי 800 גרם,תנובה מרכז שיתופי לשיווק תוצרת,,,'יח,8,ל-100 גרם,false,1,21.90,2.74,true,1,
7290000103839,false,מרק כתום 570 גרם,תנובה מרכז שיתופי לשיווק תוצרת,,,'יח,5.70,ל-100 גרם,false,1,17.90,3.14,false,1,
7290000103846,false,מרק אפונה 570 גרם,תנובה מרכז שיתופי לשיווק תוצרת,,,'יח,5.70,ל-100 גרם,false,1,17.90,3.14,false,1,
7290000103860,false,מרק עדשים 570 גרם,תנובה מרכז שיתופי לשיווק תוצרת,,,'יח,5.70,ל-100 גרם,false,1,17.90,3.14,false,1,
7290000104218,false,במיה 600 גרם,תנובה מרכז שיתופי לשיווק תוצרת,,,'יח,6,ל-100 גרם,false,1,15.90,2.65,true,1,
7290000104676,false,אפונת גינה מוקפאת 800 גרם,תנובה מרכז שיתופי לשיווק תוצרת,,,'יח,8,ל-100 גרם,false,1,16.90,2.11,true,1,
7290000104683,false,שעועית ירוקה שלמה מוקפאת 800 גרם,תנובה מרכז שיתופי לשיווק תוצרת,,,'יח,8,ל-100 גרם,false,1,19.90,2.49,true,1,
7290000104690,false,גרעיני תירס מוקפאים 800 גרם,תנובה מרכז שיתופי לשיווק תוצרת,,,'יח,8,ל-100 גרם,false,1,17.90,2.24,true,1,
7290000104706,false,גזר גמדי מוקפא 800 גרם,תנובה מרכז שיתופי לשיווק תוצרת,,,'יח,8,ל-100 גרם,false,1,17.90,2.24,true,1,
7290000104720,false,שעועית ירוקה חתוכה מוקפאת 800 גרם,תנובה מרכז שיתופי לשיווק תוצרת,,,'יח,8,ל-100 גרם,false,1,18.90,2.36,true,1,
7290000104744,false,כרובית מוקפאת 800 גרם,תנובה מרכז שיתופי לשיווק תוצרת,,,'יח,8,ל-100 גרם,false,1,24.90,3.11,true,1,
7290000104768,false,תרד עלים מוקפא 800 גרם,תנובה מרכז שיתופי לשיווק תוצרת,,,'יח,8,ל-100 גרם,false,1,22.90,2.86,true,1,
7290000104775,false,מדליוני תרד מוקפאים 800 גרם,תנובה מרכז שיתופי לשיווק תוצרת,,,'יח,8,ל-100 גרם,false,1,23.90,2.99,true,1,
7290000104799,false,שעועית לבנה מבושלת 800 גרם,תנובה מרכז שיתופי לשיווק תוצרת,,,'יח,8,ל-100 גרם,false,1,19.90,2.49,true,1,
7290000104805,false,גרגירי חומוס מבושלים 800 גרם,תנובה מרכז שיתופי לשיווק תוצרת,,,'יח,8,ל-100 גרם,false,1,19.90,2.49,true,1,
7290000104836,false,שעועית עדינה ירוקה שלמה 600 גרם,תנובה מרכז שיתופי לשיווק תוצרת,,,'יח,6,ל-100 גרם,false,1,21.90,3.65,true,1,
7290000104881,false,אפונה וגזר 800 גרם,תנובה מרכז שיתופי לשיווק תוצרת,,,'יח,8,ל-100 גרם,false,1,16.90,2.11,true,1,
7290000104904,false,לקט ירקות מעורבים 800 גרם,תנובה מרכז שיתופי לשיווק תוצרת,,,'יח,8,ל-100 גרם,false,1,23.50,2.94,true,1,
7290000104911,false,לקט נורמנדי 800 גרם,תנובה מרכז שיתופי לשיווק תוצרת,,,'יח,8,ל-100 גרם,false,1,23.50,2.94,true,1,
7290000107165,false,מאנצו חטיף סויה קפוא 400 גרם,תנובה מרכז שיתופי לשיווק תוצרת,,,'יח,4,ל-100 גרם,false,1,14.90,3.73,true,1,
7290000107189,false,ארטישוק תחתיות קפואים 400 גרם,תנובה מרכז שיתופי לשיווק תוצרת,,,'יח,4,ל-100 גרם,false,1,20.90,5.23,true,1,
7290000107295,false,תפרחות ברוקולי מוקפאות 800 גרם,תנובה מרכז שיתופי לשיווק תוצרת,,,'יח,8,ל-100 גרם,false,1,24.90,3.11,true,1,
7290000107677,false,שעועית עדינה צהובה שלמה 600 גרם,תנובה מרכז שיתופי לשיווק תוצרת,,,'יח,6,ל-100 גרם,false,1,21.90,3.65,true,1,
7290000110844,false,כיפלי בטעם גריל בד`צ 70 גרם    .,יוניליוור ישראל שיווק בע`מ,,,'יח,0.70,ל-100 גרם,false,1,5.30,7.57,false,1,
7290000110851,false,כיפלי בטעם בצל בד`צ 70 גרם,יוניליוור ישראל שיווק בע`מ,,,'יח,0.70,ל-100 גרם,false,1,5.30,7.57,false,1,
7290000111117,false,בדין מרכך כביסה לבן 4 ליטר,יוניליוור ישראל שיווק בע`מ,,,'יח,40,"ל-100 מ""ל",false,1,19.90,0.50,false,1,
7290000112619,false,קנור מרק עוף אמיתי 400 גרם כשלפ,יוניליוור ישראל שיווק בע`מ,,,'יח,4,ל-100 גרם,false,1,21.90,5.48,true,1,
7290000113180,false,כיפלי צ`יפס בד`צ 50 גרם,יוניליוור ישראל שיווק בע`מ,,,'יח,0.50,ל-100 גרם,false,1,5,10,false,1,
7290000114187,false,פנטסטיק סיף לניקוי כללי ריח אורנים 4ל,יוניליוור ישראל שיווק בע`מ,,,'יח,4,לליטר,false,1,22.90,5.73,false,1,
7290000116884,false,"קנור רוטב ברביקיו 300 מ""ל כשלפ",יוניליוור ישראל שיווק בע`מ,,,'יח,3,"ל-100 מ""ל",false,1,12.90,4.30,true,1,
7290000116921,false,"קנור רוטב צילי מתוק 300 מ""ל כשלפ",יוניליוור ישראל שיווק בע`מ,,,'יח,3,"ל-100 מ""ל",false,1,12.90,4.30,true,1,
7290000116945,false,"קנור רוטב סויה 300 מ""ל",יוניליוור ישראל שיווק בע`מ,,,'יח,3,"ל-100 מ""ל",false,1,12.90,4.30,true,1,
7290000117171,false,נמס בכוס טעם עוף 10*10גר,יוניליוור ישראל שיווק בע`מ,,,'יח,0.48,ל-100 גרם,false,1,6.90,14.38,true,1,
7290000122830,false,קנור רוטב סצואן סיני 300 מל,יוניליוור ישראל שיווק בע`מ,,,'יח,3,"ל-100 מ""ל",false,1,11.90,3.97,true,1,
7290000129457,false,קנור רוטב פטריות 28 גרם,יוניליוור ישראל שיווק בע`מ,,,'יח,0.28,ל-100 גרם,false,1,4.20,15,false,1,
7290000131009,false,בצק פילו שחף 500 גרם קפוא,מאפית אריאל שיווק והפצה,,,'יח,5,ל-100 גרם,false,1,14.90,2.98,false,1,
7290000133645,false,משחת שיניים אורביטול סודה 3*145 גרם,החב. הדרומית לשיווק,,,'יח,4.29,ל-100 גרם,false,8,17.90,4.17,false,1,
7290000134307,false,קינמון טחון שקית,תבליני טעם וריח,,,'יח,1,,false,1,5.90,5.90,false,1,
7290000134338,false,שום אבקה,תבליני טעם וריח,,,'יח,1,,false,1,9.90,9.90,true,1,
7290000134550,false,עלי דפנה שקית,תבליני טעם וריח,,,'יח,1,,false,1,5.90,5.90,false,1,
7290000134857,false,פפריקה מתוקה,תבליני טעם וריח,,,'יח,1,,false,1,9.90,9.90,true,1,
7290000136141,false,פפסי קולה 1.5 ליטר פיקדון,טמפו משקאות בע`מ,,,'יח,15,"ל-100 מ""ל",false,12,8.20,0.53,true,1,
7290000136165,false,מירינדה אורנג` 1.5 ליטר פיקדון,טמפו משקאות בע`מ,,,'יח,15,"ל-100 מ""ל",false,12,7.90,0.51,true,1,
7290000136189,false,משקה דיאט 7UP בקבוק 1.5 ליטר פיקדון,טמפו משקאות בע`מ,,,'יח,15,"ל-100 מ""ל",false,12,7.20,0.46,true,1,
7290000136240,false,טמפו סודה 1.5 ליטר,טמפו משקאות בע`מ,,,'יח,15,"ל-100 מ""ל",false,1,4.90,0.31,false,1,
7290000136516,false,ג`אמפ משקה קל מנגו 1.5 ליטר פיקדון,טמפו משקאות בע`מ,,,'יח,15,"ל-100 מ""ל",false,12,7.50,0.48,true,1,
7290000136561,false,ג`אמפ משקה תות בננה 1.5 ליטר פיקדון,טמפו משקאות בע`מ,,,'יח,15,"ל-100 מ""ל",false,12,7.50,0.48,true,1,
7290000136585,false,ג`אמפ משקה תפוזים 1.5 ליטר פיקדון,טמפו משקאות בע`מ,,,'יח,15,"ל-100 מ""ל",false,12,7.50,0.48,true,1,
7290000136646,false,בירה שחורה נשר מאלט בקבוק 1.5 ליטר,טמפו משקאות בע`מ,,,'יח,15,"ל-100 מ""ל",false,12,8.90,0.57,true,1,
7290000136653,false,בירה שחורה נשר מאלט דיאט בקבוק 1.5ל`,טמפו משקאות בע`מ,,,'יח,15,"ל-100 מ""ל",false,12,8.90,0.57,true,1,
7290000136684,false,פפסי מקס 1.5 ליטר פיקדון,טמפו משקאות בע`מ,,,'יח,15,"ל-100 מ""ל",false,12,7.80,0.50,false,1,
7290000136776,false,פפסי מקס 1.5ל`*6יח פיקדון,טמפו משקאות בע`מ,,,'יח,90,"ל-100 מ""ל",false,1,39.90,0.42,false,1,
7290000136790,false,טמפו מי סודה 6*1.5 ליטר פיקדון,טמפו משקאות בע`מ,,,'יח,90,"ל-100 מ""ל",false,1,17.90,0.18,false,1,
7290000136844,false,אקווה נובה מים מזוככים 6*2ל,טמפו משקאות בע`מ,,,'יח,120,"ל-100 מ""ל",false,1,12.90,0.09,false,1,
7290000136851,false,משקה 7UP בקבוק 1.5 ליטר,טמפו משקאות בע`מ,,,'יח,15,"ל-100 מ""ל",false,12,7.60,0.49,false,1,
7290000136868,false,סאן בנדטו מים מינרלים שקט 6*1.5ל פיקדו,טמפו משקאות בע`מ,,,'יח,90,"ל-100 מ""ל",false,1,18.90,0.19,false,1,
7290000136875,false,סאן בנדטו מים מינרלים מוגז 6*1.5ל פיקדון,טמפו משקאות בע`מ,,,'יח,90,"ל-100 מ""ל",false,1,19.90,0.20,false,1,
7290000136943,false,פפסי מקס בקבוק שישייה  5+1 מתנה 1.5 ל`,טמפו משקאות בע`מ,,,'יח,90,"ל-100 מ""ל",false,1,44.90,0.48,false,1,
7290000137513,false,גלידונית וניל בקלקר 60 יח 700 גרם,שטראוס גלידות,,,'יח,7,ל-100 גרם,false,1,39.90,5.70,false,1,
7290000137643,false,טעמקור מולטיפק אריזה משפחתית 8 יח`,שטראוס גלידות,,,'יח,1,'יח,false,1,31.90,31.90,false,1,
7290000139623,false,פצפוצי אורז לייט 450 גר`,מ.ד אטיאס סוכנויות מזון בע`מ,,,'יח,4.50,ל-100 גרם,false,1,13.80,3.07,false,1,
7290000146645,false,הוואי אל סבון שחור קטיפתי 4*100 גרם,הנקל סוד בע`מ,,,'יח,4,ל-100 גרם,false,12,12.90,3.23,true,1,
7290000146652,false,אל סבון קוסמטי ורוד רומנטי 4*100 גרם,הנקל סוד בע`מ,,,'יח,4,ל-100 גרם,false,12,12.90,3.23,true,1,
7290000146676,false,אל סבון הוואי לגבר 4*100 גרם,הנקל סוד בע`מ,,,'יח,4,ל-100 גרם,false,12,12.90,3.23,true,1,
7290000146683,false,אל סבון הוואי דאודורנט לבן 4*100 גרם,הנקל סוד בע`מ,,,'יח,4,ל-100 גרם,false,12,12.90,3.23,true,1,
7290000146928,false,משחת שיניים טום וג`רי בטעם ענבים 60 ג`,הנקל סוד בע`מ,,,'יח,0.60,ל-100 גרם,false,24,8.90,14.83,true,1,
7290000146997,false,משחת שיניים טום וג`רי בטעם מסטיק 60 ג`,הנקל סוד בע`מ,,,'יח,0.60,ל-100 גרם,false,24,8.90,14.83,true,1,
7290000149905,false,טקסטיל שמפו נוזלי לאריגים עדינים1ליט,החב. הדרומית לשיווק,,,'יח,10,"ל-100 מ""ל",false,12,15.90,1.59,false,1,
7290000159010,false,שניצל דובונים 700 גרם קפוא,קבוצת אסם סחר,,,'יח,7,ל-100 גרם,false,1,29.90,4.27,false,1,
7290000166605,false,פנטסטיק לניקוי כללי יסמין 4 ליטר,יוניליוור ישראל שיווק בע`מ,,,'יח,4,לליטר,false,1,22.90,5.73,false,1,
7290000169798,false,עוגי מופחת סוכר 500 גרם,יוניליוור ישראל שיווק בע`מ,,,'יח,5,ל-100 גרם,false,1,19.90,3.98,true,1,
7290000174723,false,אבקת שוקו שוקולית פחית 500 גרם,שטראוס גרופ בע`מ,,,'יח,5,ל-100 גרם,false,1,13.90,2.78,false,1,
7290000176079,false,קפה טורקי עם הל 100 גרם,שטראוס גרופ בע`מ,,,'יח,1,,false,50,8.90,8.90,false,1,
7290000176413,false,קפה נמס עלית פחית 50 גרם,שטראוס גרופ בע`מ,,,'יח,0.50,ל-100 גרם,false,24,8.90,17.80,false,1,
7290000176420,false,קפה נמס פחית 200 גרם,שטראוס גרופ בע`מ,,,'יח,2,ל-100 גרם,false,12,19.90,9.95,false,1,
7290000176468,false,קפה האג נטול קפאין פחית 50 גרם,שטראוס גרופ בע`מ,,,'יח,0.50,ל-100 גרם,false,1,10.90,21.80,false,1,
7290000178707,false,תפוצ`יפס 50 גרם,שטראוס פריטו ליי בע`מ,,,'יח,0.50,ל-100 גרם,false,1,3.90,7.80,true,1,
7290000178721,false,תפוצ`יפס 200 גרם,שטראוס פריטו ליי בע`מ,,,'יח,2,ל-100 גרם,false,1,10.90,5.45,true,1,
7290000188270,false,ממחטות אף קלינקס אולטרה סופט 2*80 יח,חוגלה קימברלי שיווק בע`מ,,,'יח,3.90,ל-100 גרם,false,12,14.90,3.82,false,1,
7290000191539,false,מגבונים לילי צבעוני 5X100,חוגלה קימברלי שיווק בע`מ,,,'יח,5.93,ל-100 גרם,false,1,12.90,2.18,false,1,
7290000191652,false,קלינקס ממחטות אף שקית 3*90 יח`,חוגלה קימברלי שיווק בע`מ,,,'יח,1,ל-100 גרם,false,24,10.90,10.90,false,1,
7290000193083,false,לילי נובה לי תחבושות סופר 28 יח,חוגלה קימברלי שיווק בע`מ,,,'יח,0,ל-100 גרם,false,24,10.90,10.90,false,1,
7290000193205,false,לילי נטורל תחבושות אולטרה לילה 20 יח,חוגלה קימברלי שיווק בע`מ,,,'יח,0,ל-100 גרם,false,16,15.90,15.90,false,1,
7290000193540,false,לילי נטורל תחתוניות לונג 52 יח`,חוגלה קימברלי שיווק בע`מ,,,'יח,0,ל-100 גרם,false,12,15.90,15.90,false,1,
7290000193649,false,לילי נטורל תחבושות אולטרה נורמל פלוס,חוגלה קימברלי שיווק בע`מ,,,'יח,0,ל-100 גרם,false,24,15.90,15.90,false,1,
7290000193656,false,לילי נטורל תחבושות אולטרה סופר פלוס2,חוגלה קימברלי שיווק בע`מ,,,'יח,0,ל-100 גרם,false,24,15.90,15.90,false,1,
7290000194288,false,האגיס משטחי החתלה חד פעמיים 10יח`,חוגלה קימברלי שיווק בע`מ,,,'יח,1,'יח,false,12,19.90,19.90,false,1,
7290000195537,false,מגבוני האגיס לא מבושם ירוק מילוי4*72,חוגלה קימברלי שיווק בע`מ,,,'יח,1,'יח,false,6,19.90,19.90,false,1,
7290000195773,false,האגיס נטורל אלוורה+קמומיל מילוי 4*72,חוגלה קימברלי שיווק בע`מ,,,'יח,1,'יח,false,6,19.90,19.90,false,1,
7290000196725,false,משטח לייבוש כלים,חוגלה קימברלי שיווק בע`מ,,,'יח,1,,false,1,11.90,11.90,false,1,
7290000196763,false,השקית החזקה ניקול,חוגלה קימברלי שיווק בע`מ,,,'יח,1,,false,12,25.90,25.90,false,1,
7290000197340,false,רדיד אלומיניום 7.5/0.45 מטר זוג,חוגלה קימברלי שיווק בע`מ,,,'יח,1,,false,12,14.90,14.90,false,1,
7290000197425,false,פרידום דריי שלב 3 54 יח`,חוגלה קימברלי שיווק בע`מ,,,'יח,1,'יח,false,6,43.90,43.90,false,1,
7290000197432,false,ניקול זוג 19*25 2*150 יח,חוגלה קימברלי שיווק בע`מ,,,'יח,1,,false,18,12.90,12.90,false,1,
7290000197463,false,פרידום דריי שלב 4 42 יח`,חוגלה קימברלי שיווק בע`מ,,,'יח,1,'יח,false,6,43.90,43.90,false,1,
7290000197548,false,פרידום דריי שלב 5 38 יח`,חוגלה קימברלי שיווק בע`מ,,,'יח,1,'יח,false,6,43.90,43.90,false,1,
7290000197678,false,פרידום פלוס שלב 6 34 יח`,חוגלה קימברלי שיווק בע`מ,,,'יח,1,'יח,false,6,43.90,43.90,false,1,
7290000197982,false,רדיד אלומיניום עבה במיוחד 7.5*45 זוג,חוגלה קימברלי שיווק בע`מ,,,'יח,1,,false,12,19.90,19.90,false,1,
7290000197999,false,רדיד אלומיניום עבה במיוחד 7.5*30*2יח,חוגלה קימברלי שיווק בע`מ,,,'יח,1,,false,12,14.90,14.90,false,1,
7290000204147,false,ניקול כריות יפניות עבות 2ב1 4יח,חוגלה קימברלי שיווק בע`מ,,,'יח,1,,false,24,10.90,10.90,true,1,
7290000207063,false,תרכיז עגבניות 260 גרם,זנלכול יכין,,,'יח,1,ל-100 גרם,false,1,4.90,4.90,false,1,
7290000207162,false,רסק עגבניות בפלסטיק 100 גרם,זנלכול יכין,,,'יח,1,ל-100 גרם,false,1,2.90,2.90,true,1,
7290000207438,false,קוביות עגבניות 800 גרם,זנלכול יכין,,,'יח,8,ל-100 גרם,false,1,9.90,1.24,false,1,
7290000208022,false,עגבניות מרוסקות פריכוז 800 גרם,זנלכול יכין,,,'יח,8,ל-100 גרם,false,1,9.90,1.24,false,1,
7290000208077,false,יכין אפונת גינה גדולה 560 גרם,זנלכול יכין,,,'יח,5.60,ל-100 גרם,false,1,8.90,1.59,true,1,
7290000208114,false,אפונה וגזר 550 גרם,זנלכול יכין,,,'יח,5.50,ל-100 גרם,false,1,8.90,1.62,true,1,
7290000208138,false,סירופ דיאט ענבים 1 ליטר,זנלכול יכין,,,'יח,1,,false,1,18.90,18.90,false,1,
7290000208145,false,תירס לייט 550 גרם,זנלכול יכין,,,'יח,5.50,ל-100 גרם,false,1,9.90,1.80,false,1,
7290000208213,false,שעועית אפויה ברוטב עגבניות 580ג,זנלכול יכין,,,'יח,5.80,ל-100 גרם,false,1,8.90,1.53,true,1,
7290000208220,false,צ`לי חריף בנוסח מקסיקני 550 גרם,זנלכול יכין,,,'יח,5.50,ל-100 גרם,false,1,9.90,1.80,false,1,
7290000208329,false,גרעיני תירס מתוק 550 גרם,זנלכול יכין,,,'יח,5.50,ל-100 גרם,false,1,8.90,1.62,true,1,
7290000208428,false,יכין חומוס שלם 560 גרם,זנלכול יכין,,,'יח,5.60,ל-100 גרם,false,1,8.90,1.59,true,1,
7290000208534,false,תירס קיד גרעיני תירס מתוק 550 גרם,זנלכול יכין,,,'יח,5.50,ל-100 גרם,false,1,9.90,1.80,false,1,
7290000208800,false,תירס ואקום קיד,זנלכול יכין,,,'יח,5.50,ל-100 גרם,false,1,6.50,1.18,true,1,
7290000208855,false,רוטב עגבניות לפסטה 240 גרם,זנלכול יכין,,,'יח,2.60,ל-100 גרם,false,1,5.90,2.27,true,1,
7290000208893,false,תירס ואקום לייט,זנלכול יכין,,,'יח,3.40,ל-100 גרם,false,1,6.50,1.91,true,1,
7290000208930,false,עגבניות מרוסקות עם שום 240 גרם,זנלכול יכין,,,'יח,2.60,ל-100 גרם,false,1,5.90,2.27,true,1,
7290000208947,false,עגבניות מרוסקות 260 גרם,זנלכול יכין,,,'יח,2.60,ל-100 גרם,false,1,5.90,2.27,false,1,
7290000208978,false,תרכיז עגבניות 28% 100 גרם,זנלכול יכין,,,'יח,1,ל-100 גרם,false,1,2.90,2.90,false,1,
7290000209371,false,תירס שלשות 165 גר`OZ,זנלכול יכין,,,'יח,1.65,ל-100 גרם,false,1,14.90,9.03,false,1,
7290000209388,false,תירס שלשות 165 גר`OZ,זנלכול יכין,,,'יח,1.65,ל-100 גרם,false,1,14.90,9.03,false,1,
7290000209524,false,סירופ דיאט פטל 1 ליטר,זנלכול יכין,,,'יח,1,,false,1,18.90,18.90,false,1,
7290000209555,false,סירופ דיאט תפוחים 1 ליטר,זנלכול יכין,,,'יח,1,,false,1,18.90,18.90,false,1,
7290000209708,false,עגבניות מרוסקות בתוספת בזיליקום 260ג,זנלכול יכין,,,'יח,2.60,ל-100 גרם,false,1,5.90,2.27,true,1,
7290000209906,false,עגבניות מרוסקות בתוספת בצל 260 גרם,זנלכול יכין,,,'יח,2.60,ל-100 גרם,false,1,5.90,2.27,false,1,
7290000209968,false,רוטב עגבניות ללזניה 240 גרם,זנלכול יכין,,,'יח,2.60,ל-100 גרם,false,1,5.90,2.27,true,1,
7290000210896,false,רוטב בולונז לפסטה 240 גר`,זנלכול יכין,,,'יח,2.60,ל-100 גרם,false,1,5.90,2.27,true,1,
7290000211312,false,אורז מלא פרסי אחד אחד 1 קג,סוגת,,,'יח,10,ל-100 גרם,false,1,8.90,0.89,false,1,
7290000211442,false,אורז פרסי קלאסי אחד אחד 1 ק``ג,סוגת,,,'יח,10,ל-100 גרם,false,1,10.90,1.09,false,1,
7290000211985,false,אורז עגול ריזוטו אחד אחד 1 קג,סוגת,,,'יח,10,ל-100 גרם,false,1,9.90,0.99,false,1,
7290000212401,false,וופל מצופה מצופית 400 גרם,ח.כהן סוכנות מזון ומשקאות,,,'יח,4,ל-100 גרם,false,1,9.90,2.48,false,1,
7290000218502,false,חמין A2 ויטה,ויטה פרי גליל (החדשה) בע`מ,,,'יח,5.68,ל-100 גרם,false,1,9.90,1.74,false,1,
7290000238029,false,בצק עלים צרפתי מרודד 1 ק``ג קפוא,תנובה מרכז שיתופי לשיווק תוצרת,,,'יח,10,ל-100 גרם,false,9,21.90,2.19,true,1,
7290000238036,false,מלאווח מעדנות 6  יח`700 גרם קפוא,תנובה מרכז שיתופי לשיווק תוצרת,,,'יח,7,ל-100 גרם,false,16,16.90,2.41,false,1,
7290000240541,false,בצק עלים ריבועי 800 גרם קפוא,תנובה מרכז שיתופי לשיווק תוצרת,,,'יח,8,ל-100 גרם,false,12,21.90,2.74,false,1,
7290000244051,false,אל סבון נוזלי לידיים 3*500 מל אדום,הנקל סוד בע`מ,,,'יח,1.50,לליטר,false,8,18.90,12.60,true,1,
7290000244761,false,קרם ידיים ולוטה 80 גרם,הנקל סוד בע`מ,,,'יח,0.80,ל-100 גרם,false,1,9.90,12.38,true,1,
7290000245072,false,מרכך כביסה סוד בייבי 4 ליטר,גורי שיווק,,,'יח,40,"ל-100 מ""ל",false,1,17.90,0.45,false,1,
7290000253220,false,נטיפי שוקולד צ`יפס לבן/שחור לאפיה,תה ויסוצקי בע`מ,,,'יח,2.60,ל-100 גרם,false,1,12.90,4.96,false,1,
7290000253251,false,נטיפי שוקולד צ`יפס לבן לאפיה 250 גרם,תה ויסוצקי בע`מ,,,'יח,2.50,ל-100 גרם,false,1,12.90,5.16,false,1,
7290000263359,false,חיתולים ניו בורן מידה 1 40 יח`,חוגלה קימברלי שיווק בע`מ,,,'יח,1,'יח,false,6,31.90,31.90,false,1,
7290000272696,false,מיץ לימון טבעי משומר 1 ליטר עסיס כלפ,קבוצת אסם סחר,,,'יח,10,"ל-100 מ""ל",false,1,9.90,0.99,false,1,
7290000286228,false,סנו סושי שישייה לניקוי כלים,החב. הדרומית לשיווק,,,'יח,1,,false,12,11.90,11.90,false,1,
7290000286525,false,סנו ספוג פרינה לרחצה 1 יח`,החב. הדרומית לשיווק,,,'יח,0,ל-100 גרם,false,12,10.90,10.90,false,1,
7290000286761,false,סנו סושי צמד פלסטיק נצמד 30,החב. הדרומית לשיווק,,,'יח,1,,false,12,11.90,11.90,true,1,
7290000286891,false,סנו מגן קריסטל לרצפה 1 ליטר,החב. הדרומית לשיווק,,,'יח,10,"ל-100 מ""ל",false,1,21.90,2.19,false,1,
7290000287102,false,סנו שטיחים קצף לניקוי שטיחים 600 סמק,החב. הדרומית לשיווק,,,'יח,6,"ל-100 מ""ל",false,1,19.90,3.32,false,1,
7290000287195,false,סנו רהיט אירוסול ספריי 300 סמק,החב. הדרומית לשיווק,,,'יח,3.05,"ל-100 מ""ל",false,1,14.90,4.89,false,1,
7290000287430,false,סבון אסלה סנובון צבעוני 3*55 גרם,החב. הדרומית לשיווק,,,'יח,1.65,ל-100 גרם,false,12,11.90,7.21,true,1,
7290000288024,false,סנו ג`אוול אקונומיקה בריח לימון 4 ליט,החב. הדרומית לשיווק,,,'יח,40,"ל-100 מ""ל",false,6,16.90,0.42,false,1,
7290000288031,false,סנו אקונומיקה 4 ליטר,החב. הדרומית לשיווק,,,'יח,4,לליטר,false,6,10.90,2.73,false,1,
7290000288086,false,אבקת ניקוי סנו JAVEL עם אקונומיקה600,החב. הדרומית לשיווק,,,'יח,6,ל-100 גרם,false,1,11.90,1.98,false,1,
7290000289496,false,סנו JAVEL קרם לימון 750 סמק,החב. הדרומית לשיווק,,,'יח,7.50,"ל-100 מ""ל",false,12,12.90,1.72,false,1,
7290000291772,false,מגבונים לחים ליטופים בד מילוי 72 יח`,החב. הדרומית לשיווק,,,'יח,1,,false,1,8.50,8.50,false,1,
7290000292687,false,סבון אסלה סנובון כחול שלישיה 165 מל,החב. הדרומית לשיווק,,,'יח,1.65,ל-100 גרם,false,12,14.90,9.03,true,1,
7290000293943,false,מסיר אבנית וחלודה אנטי קאלק מרסס 1,החב. הדרומית לשיווק,,,'יח,10,"ל-100 מ""ל",false,12,19.90,1.99,true,1,
7290000294773,false,סנו ג`אוול אקונומיקה מונבלאן 4 ליטר,החב. הדרומית לשיווק,,,'יח,4,לליטר,false,1,16.90,4.23,false,1,
7290000294780,false,סנו ג`אוול אקונומיקה סמיכה 4 ליטר,החב. הדרומית לשיווק,,,'יח,40,"ל-100 מ""ל",false,6,16.90,0.42,false,1,
7290000295121,false,מטלית ריצפה זיגזג 3 יח`,החב. הדרומית לשיווק,,,'יח,1,,false,1,11.90,11.90,false,1,
7290000295299,false,סנו סושי כריות הפלא רביעיה,החב. הדרומית לשיווק,,,'יח,1,,false,12,11.90,11.90,false,1,
7290000295589,false,טלק בייבי כיף לתינוק 200 גרם,החב. הדרומית לשיווק,,,'יח,2,ל-100 גרם,false,12,16.90,8.45,false,1,
7290000300900,false,שניצל תירס טבע 750 גרם טבעול קפוא,קבוצת אסם סחר,,,'יח,7.50,ל-100 גרם,false,1,27.90,3.72,true,1,
7290000303598,false,שעועית לבנה אפויה ברוטב עגבניות 570 גר,ויטה פרי גליל (החדשה) בע`מ,,,'יח,5.70,ל-100 גרם,false,1,7.90,1.39,true,1,
7290000303604,false,חומוס שלם מוכן לאכילה 560 גרם,ויטה פרי גליל (החדשה) בע`מ,,,'יח,5.50,ל-100 גרם,false,1,7.90,1.44,true,1,
7290000307015,false,פרי הגליל אפונת גינה גדולה 550 גרם,ויטה פרי גליל (החדשה) בע`מ,,,'יח,5.50,ל-100 גרם,false,1,7.90,1.44,true,1,
7290000307046,false,פרי גליל אפונה וגזר 550 גרם,ויטה פרי גליל (החדשה) בע`מ,,,'יח,5.50,ל-100 גרם,false,1,7.90,1.44,true,1,
7290000307237,false,גרעיני תירס מתוק 550 גרם,ויטה פרי גליל (החדשה) בע`מ,,,'יח,5.50,ל-100 גרם,false,1,7.90,1.44,true,1,
7290000307800,false,פול 800 גרם,ויטה פרי גליל (החדשה) בע`מ,,,'יח,8,ל-100 גרם,false,20,10.90,1.36,false,1,
7290000311203,false,וופל מן שוקו 200 גרם,מ.ד אטיאס סוכנויות מזון בע`מ,,,'יח,2,ל-100 גרם,false,1,4.90,2.45,false,1,
7290000311272,false,וופל במילוי חלבה 180 גרם,מ.ד אטיאס סוכנויות מזון בע`מ,,,'יח,1.80,ל-100 גרם,false,1,4.90,2.72,false,1,
7290000311500,false,וופלים מן שוקו ללא כולסטרול 500 גרם,מ.ד אטיאס סוכנויות מזון בע`מ,,,'יח,5,ל-100 גרם,false,1,10.90,2.18,false,1,
7290000313160,false,חברים עוגיות בצורת זהבה שוקו 250 גרם,קבוצת אסם סחר,,,'יח,2.50,ל-100 גרם,false,12,7.90,3.16,true,1,
7290000313184,false,חברים עוגיות גן חיות 250 גרם,קבוצת אסם סחר,,,'יח,2.50,ל-100 גרם,false,1,7.90,3.16,true,1,
7290000315133,false,קנור ציר בקר 300 גרם,יוניליוור ישראל שיווק בע`מ,,,'יח,3,ל-100 גרם,false,1,26.70,8.90,false,1,
7290000315140,false,קורנפלקס מלא בד`ץ 500 גרם,יוניליוור ישראל שיווק בע`מ,,,'יח,5,ל-100 גרם,false,1,18.10,3.62,false,1,
7290000318189,false,פסטרמה ברביקיו על האש 300 גרם,מעדני יחיעם ( 1993 ) בע`מ,,,'יח,3,ל-100 גרם,false,1,29.90,9.97,true,1,
7290000318943,false,פסטרמה של פעם 200 גרם,מעדני יחיעם ( 1993 ) בע`מ,,,'יח,2,ל-100 גרם,false,1,24.90,12.45,false,1,
7290000319124,false,סלמי סרוולט 250 גרם,מעדני יחיעם ( 1993 ) בע`מ,,,'יח,2.50,ל-100 גרם,false,1,34.90,13.96,false,1,
7290000319803,false,קבנוס קלאסי 125 ג`,מעדני יחיעם ( 1993 ) בע`מ,,,'יח,1.25,ל-100 גרם,false,1,14.90,11.92,true,1,
7290000319834,false,קבנוס פפרוני קלאסי 125 ג`,מעדני יחיעם ( 1993 ) בע`מ,,,'יח,1.25,ל-100 גרם,false,1,14.90,11.92,true,1,
7290000334325,false,שלישית ציפס למיקרו,קבוצת אסם סחר,,,'יח,3.75,ל-100 גרם,false,1,14.90,3.97,false,1,
7290000339191,false,רן אבקת הלבנה לכביסה 350 גרם,יוניליוור ישראל שיווק בע`מ,,,'יח,3.50,ל-100 גרם,false,1,21.90,6.26,false,1,
7290000339566,false,בדין מרכך כביסה ורוד 4 ליטר,יוניליוור ישראל שיווק בע`מ,,,'יח,40,"ל-100 מ""ל",false,1,19.90,0.50,false,1,
7290000342856,false,בדין מרכך כביסה כחול 4 ליטר,יוניליוור ישראל שיווק בע`מ,,,'יח,40,"ל-100 מ""ל",false,1,19.90,0.50,false,1,
7290000345116,false,תה עלים ירוק פחית 125 גרם,תה ויסוצקי בע`מ,,,'יח,1.25,ל-100 גרם,false,1,14.90,11.92,false,1,
7290000345215,false,תה רגיל 1/ 100 שקיקים ויסוצקי,תה ויסוצקי בע`מ,,,'יח,1,,false,1,16.90,16.90,false,1,
7290000345260,false,תה רגיל 1.5/ 25 שקיקים ויסוצקי,תה ויסוצקי בע`מ,,,'יח,0.3750,ל-100 גרם,false,1,7.40,19.73,false,1,
7290000345284,false,תה רגיל 1.5/ 100 שקיקים ויסוצקי,תה ויסוצקי בע`מ,,,'יח,1.50,ל-100 גרם,false,1,16.90,11.27,false,1,
7290000345307,false,תה ארל גרי 1.5/ 50 שקיקים ויסוצקי,תה ויסוצקי בע`מ,,,'יח,0.75,ל-100 גרם,false,1,29.90,39.87,true,1,
7290000346021,false,תה הגן הקסום קמומיל 50 שקיקים,תה ויסוצקי בע`מ,,,'יח,0.75,ל-100 גרם,false,1,33.90,45.20,false,1,
7290000346144,false,תה הגן הקסום עינוגי התפוח 3/ 25שק,תה ויסוצקי בע`מ,,,'יח,0.75,ל-100 גרם,false,1,19.90,26.53,true,1,
7290000346199,false,תה הגן הקסום פירות יער 3/25 שקיקים,תה ויסוצקי בע`מ,,,'יח,0.6750,ל-100 גרם,false,1,19.90,29.48,true,1,
7290000347738,false,תה ירוק בתוספת עלי נענע 25 שקיקים,תה ויסוצקי בע`מ,,,'יח,0.3750,ל-100 גרם,false,1,22.90,61.07,true,1,
7290000347752,false,תה ירוק בתוספת לימונית ולואיזה 25 יח,תה ויסוצקי בע`מ,,,'יח,0.3750,ל-100 גרם,false,1,22.90,61.07,true,1,
7290000355009,false,רסק עגבניות 100  גר`טל מגש BX22,ויטה פרי גליל (החדשה) בע`מ,,,'יח,1,ל-100 גרם,false,1,2.90,2.90,false,1,
7290000355757,false,עגבניות מרוסקות טריות טל 800 גרם,ויטה פרי גליל (החדשה) בע`מ,,,'יח,8,ל-100 גרם,false,12,7.90,0.99,true,1,
7290000363363,false,קבנוס מיוחד 160 גרם,תנובה מרכז שיתופי לשיווק תוצרת,,,'יח,1.60,ל-100 גרם,false,1,17.10,10.69,false,1,
7290000364261,false,סלסולי כתך בקר 120 גרם,תנובה מרכז שיתופי לשיווק תוצרת,,,'יח,1.20,ל-100 גרם,false,1,15.90,13.25,true,1,
7290000364278,false,סלסולי סלמי איטלקי משובח 120 גרם,תנובה מרכז שיתופי לשיווק תוצרת,,,'יח,1.20,ל-100 גרם,false,1,15.90,13.25,true,1,
7290000364292,false,סלסולי הודו על גחלים דל שומן 120 גרם,תנובה מרכז שיתופי לשיווק תוצרת,,,'יח,1.20,ל-100 גרם,false,1,15.90,13.25,true,1,
7290000367590,false,צמד כפרי 2*400 גרם,תנובה מרכז שיתופי לשיווק תוצרת,,,'יח,8,ל-100 גרם,false,1,26.90,3.36,true,1,
7290000408354,false,דנונה בר פצפוצים 173 מל,שטראוס גרופ בע`מ,,,'יח,1.75,"ל-100 מ""ל",false,24,4.60,2.63,false,1,
7290000412481,false,מנקה אסלות 00 1 ליטר,החב. הדרומית לשיווק,,,'יח,10,"ל-100 מ""ל",false,12,7.90,0.79,false,1,
7290000419114,false,קפה לנדוור טורקי 200 גרם,ש. שסטוביץ בע`מ,,,'יח,2,ל-100 גרם,false,1,14.90,7.45,false,1,
7290000420417,false,גלילונית שקיות אשפה 60יח 50/70,דנאגיס בעמ,,,'יח,1,,false,1,18.90,18.90,true,1,
7290000450209,false,טונה פוסידון בשמן 108 גרם,נטו מלינדה סחר בע`מ,,,'יח,1,ל-100 גרם,false,1,5.50,5.50,false,1,
7290000453019,false,שמרית שמרי בזק טריים שקית 50 גרם,שטראוס גרופ בע`מ,,,'יח,5,ל-100 גרם,false,1,4.50,0.90,false,1,
7290000453125,false,שמרית שמרי בזק+משפר  אפייה 50 גרם,שטראוס גרופ בע`מ,,,'יח,5,ל-100 גרם,false,8,7.90,1.58,false,1,
7290000453798,false,שמרים יבשים אקטיביים 500 גרם,שטראוס גרופ בע`מ,,,'יח,5,ל-100 גרם,false,20,13.90,2.78,false,1,
7290000461625,false,בייגלה שמיניות מלוחות 400 גרם,יוניליוור ישראל שיווק בע`מ,,,'יח,4,ל-100 גרם,false,1,9.90,2.48,true,1,
7290000461700,false,בייגלה שמיניות גדולות מלוחות 400 גרם,יוניליוור ישראל שיווק בע`מ,,,'יח,4,ל-100 גרם,false,1,13.90,3.48,false,1,
7290000474090,false,חלב בקרטון %1 1 ליטר,החברה המרכזית להפצה,,,'יח,10,"ל-100 מ""ל",false,1,5.86,0.59,false,1,
7290000474540,false,גבינת טוב טעם לאפייה 3% 250 גרם,החברה המרכזית להפצה,,,'יח,2.50,ל-100 גרם,false,1,11.90,4.76,false,1,
7290000474830,false,גבנ`צ מגורדת 28% נעם 500 גר`,החברה המרכזית להפצה,,,'יח,5,ל-100 גרם,false,1,34.90,6.98,true,1,
7290000480442,false,קוואקר ש.שועל שקית 500,שטראוס פריטו ליי בע`מ,,,'יח,5,ל-100 גרם,false,1,12.90,2.58,false,1,
7290000490625,false,מצופים שלגון מצופה בטעם שוקו שמיניה,פלקו בעמ חברה ישראלית,,,'יח,1,ל-100 גרם,false,1,22.90,22.90,true,1,
7290000493176,false,רוטב צלי 22 גרם שקית,קבוצת אסם סחר,,,'יח,0.22,ל-100 גרם,false,1,4.20,19.09,false,1,
7290000504049,false,סוכרזית קנקן 1200 טבליות,שטראוס גרופ בע`מ,,,'יח,9.84,ל-100 גרם,false,15,19.90,2.02,false,1,
7290000518152,false,מתוק וקל זהב 50 שקיות,מתוק וקל בע`מ,,,'יח,0.25,ל-100 גרם,false,1,7.40,29.60,false,1,
7290000518169,false,מתוק וקל 1000 טבליות 80 גרם,מתוק וקל בע`מ,,,'יח,10,ל-100 גרם,false,1,7.90,0.79,false,1,
7290000518176,false,מתוק וקל 250 שקיות 250 גרם,מתוק וקל בע`מ,,,'יח,2.50,ל-100 גרם,false,1,18.90,7.56,false,1,
7290000518251,false,מתוק וקל זהב 100 שקיות,מתוק וקל בע`מ,,,'יח,1,,false,1,12.90,12.90,false,1,
7290000521008,false,יין סגל אדום יבש 750 מל,טמפו משקאות בע`מ,,,'יח,7.50,"ל-100 מ""ל",false,1,21.90,2.88,true,1,
7290000521015,false,יין סגל לבן יבש 750 מל,טמפו משקאות בע`מ,,,'יח,7.50,"ל-100 מ""ל",false,1,21.90,2.88,true,1,
7290000521022,false,יין סגל לבן חצי יבש 750 מל,טמפו משקאות בע`מ,,,'יח,7.50,"ל-100 מ""ל",false,1,21.90,2.88,true,1,
7290000521367,false,יין זני מרלו אדום יבש 750 מל,טמפו משקאות בע`מ,,,'יח,7.50,"ל-100 מ""ל",false,1,24.90,3.28,false,1,
7290000523811,false,מלח הארץ גס 1 קג,סוגת,,,'יח,10,ל-100 גרם,false,1,7.90,0.79,false,1,
7290000525969,false,פרימור מיץ תפוזים סחוט טרי 1 ליטר,שטראוס גרופ בע`מ,,,'יח,10,"ל-100 מ""ל",false,6,16.20,1.59,false,1,
7290000530086,false,נקניק סלמי מעושן 7000 600 גרם,נקניק זוגלובק נהריה,,,'יח,8,ל-100 גרם,false,1,29.90,3.74,false,1,
7290000530116,false,נקניק תה בשן 8000 470 גרם,נקניק זוגלובק נהריה,,,'יח,7,ל-100 גרם,false,1,27.80,3.97,false,1,
7290000530413,false,המבורגר זהב 400 גרם קפוא,נקניק זוגלובק נהריה,,,'יח,4,ל-100 גרם,false,1,21.90,5.48,true,1,
7290000530703,false,פסטרמה חרמון 400גר+תה מעושן 400גר,נקניק זוגלובק נהריה,,,'יח,8,ל-100 גרם,false,1,29.90,3.74,false,1,
7290000531601,false,סטייק בורגר בקר זהב 400 גרם קפוא,נקניק זוגלובק נהריה,,,'יח,4,ל-100 גרם,false,1,21.90,5.48,true,1,
7290000536743,false,שניצל קריספי סטיקס תירס טבע 500 גרם קפ,נקניק זוגלובק נהריה,,,'יח,5,ל-100 גרם,false,12,14.90,2.98,true,1,
7290000538709,false,נקניק תה מעושן פרוס 200 גרם,נקניק זוגלובק נהריה,,,'יח,2,ל-100 גרם,false,1,14.90,7.45,false,1,
7290000552194,false,קישקע טיבונוויל 500 גרם קפוא,נטו מלינדה סחר בע`מ,,,'יח,5,ל-100 גרם,false,1,12.90,2.58,false,1,
7290000554471,false,גבינה מוצרלה 22% טבעי 180 גרם,מחלבות גד בעמ`,,,'יח,1.80,ל-100 גרם,false,1,15.90,8.83,false,1,
7290000560533,false,אדג`פרו ג`ל לגילוח רגיל ירוק 220 מל,דנאגיס בעמ,,,'יח,2,ל-100 גרם,false,1,17.90,8.95,true,1,
7290000560540,false,אדג`פרו ג`ל לגילוח עור רגיש כתום220,דנאגיס בעמ,,,'יח,2,ל-100 גרם,false,1,17.90,8.95,true,1,
7290000561240,false,גרעין דלעת קלוי 200גר,בוטנת בעמ חברה לקלייה ואריזת פ,,,'יח,2,ל-100 גרם,false,1,9.60,4.80,false,1,
7290000561462,false,בננה צ`יפס 200גר,בוטנת בעמ חברה לקלייה ואריזת פ,,,'יח,2,ל-100 גרם,false,1,8.90,4.45,false,1,
7290000561578,false,בוטנים מצופים 200גר,בוטנת בעמ חברה לקלייה ואריזת פ,,,'יח,2,ל-100 גרם,false,1,5.90,2.95,false,1,
7290000561714,false,צנובר 100גר,בוטנת בעמ חברה לקלייה ואריזת פ,,,'יח,1,ל-100 גרם,false,1,26.90,26.90,false,1,
7290000561981,false,אגוז מלך קלוף 200 גרם,בוטנת בעמ חברה לקלייה ואריזת פ,,,'יח,2,ל-100 גרם,false,1,14.90,7.45,false,1,
7290000572536,false,חלבה וניל בד``צ 400 גרם,אחדות ביתחרושת לטחינה חלבה,,,'יח,4,ל-100 גרם,false,1,11.90,2.98,false,1,
7290000572543,false,חלבה שוקו וניל בדצ 400 גרם,אחדות ביתחרושת לטחינה חלבה,,,'יח,4,ל-100 גרם,false,1,11.90,2.98,false,1,
7290000599571,false,צמר פלדה 200 גר`,מ.א. יצור ויבוא מטליות בעמ`,,,'יח,2,ל-100 גרם,false,1,6.40,3.20,false,1,
7290000599946,false,ספוג הפלא שייני,מ.א. יצור ויבוא מטליות בעמ`,,,'יח,1,,false,1,7.40,7.40,false,1,
7290000692135,false,דאודורנט א.פ ספיד סטיק ירוק פרש 51 ג,ש. שסטוביץ בע`מ,,,'יח,0.51,ל-100 גרם,false,1,24.90,48.82,true,1,
7290000692227,false,פלמוליב צילינדר כלים קלאסי 1 ליטר,ש. שסטוביץ בע`מ,,,'יח,10,"ל-100 מ""ל",false,1,13.90,1.39,false,1,
7290000805900,false,לה קט 2.85 קג עוף,שחורי אריה ואנסטסיה,,,'יח,28.50,ל-100 גרם,false,1,59.90,2.10,false,1,
7290000805917,false,לה-קט 2.85 קג כבד,שחורי אריה ואנסטסיה,,,'יח,28.50,ל-100 גרם,false,1,59.90,2.10,false,1,
7290001045688,false,פרימור סחוט תפוזים 400 מל,שטראוס גרופ בע`מ,,,'יח,4,"ל-100 מ""ל",false,8,8.20,1.98,false,1,
7290001053140,false,קוד פילה בוואקום,בלדי בע`מ,,,"ק""ג",1,"ק""ג",true,1,49.90,49.90,false,1,
7290001121054,false,צמד חמד 700 גרם,מעדני יחיעם ( 1993 ) בע`מ,,,'יח,8.50,ל-100 גרם,false,1,25.90,3.05,true,1,
7290001121795,false,נקניקיות עוף חריפות 400 גרם,מעדני יחיעם ( 1993 ) בע`מ,,,'יח,4,ל-100 גרם,false,1,14.90,3.73,false,1,
7290001133088,false,פילה אמנון 9-11 בוואקום,בלדי בע`מ,,,"ק""ג",1,ל-100 גרם,true,1,34.90,34.90,false,1,
7290001216040,false,טחינה גולמית 500 גרם,סוגת,,,'יח,1,'יח,false,1,15.90,15.90,false,1,
7290001274422,false,מצופים שלגון מצופה בטעם בננה שמיניה,פלקו בעמ חברה ישראלית,,,'יח,1,ל-100 גרם,false,1,22.90,22.90,true,1,
7290001327180,false,גלידת קרמיסימו וניל צ`יפ 1.33 ליטר,שטראוס גלידות,,,'יח,13.30,"ל-100 מ""ל",false,1,19.90,1.50,true,1,
7290001343845,false,תערובת מיזלי עם פירות מיובשים 1 קג,דין שיווק וקליה 2021 בעמ,,,'יח,10,ל-100 גרם,false,1,21.90,2.19,false,1,
7290001407936,false,בארכה טחינה מעודנת לחיץ 310 גר`,קבוצת אסם סחר,,,'יח,3.10,"ל-100 ס""מ",false,1,11.90,3.84,false,1,
7290001419618,false,וופל בלגי שוקולד 200 גר,מ.ד אטיאס סוכנויות מזון בע`מ,,,'יח,2,ל-100 גרם,false,1,3.60,1.80,false,1,
7290001436059,false,אוסובוקו עם עצם פרוס ארוז,בלדי בע`מ,,,"ק""ג",1,"ק""ג",true,1,49.90,49.90,false,1,
7290001460320,false,בשר ראש עגל,בלדי בע`מ,,,"ק""ג",1,,true,1,69.90,69.90,false,1,
7290001482094,false,פרמג`נו 200 גרם,ג. וילי-פוד אינטרנשיונל בע`מ,,,'יח,2,ל-100 גרם,false,1,19.90,9.95,true,1,
7290001491010,false,תה ירוק בטעם יסמין 25 שקיקים,תה ויסוצקי בע`מ,,,'יח,0.3750,ל-100 גרם,false,1,22.90,61.07,true,1,
7290001491096,false,תה ירוק בתוספת לימונית ולואיזה 50 יח,תה ויסוצקי בע`מ,,,'יח,0.75,'יח,false,1,41.90,55.87,true,1,
7290001523506,false,קטלן מוסקיטו 4W,ד.ש.ש אלקטרוניקה בעמ`,,,'יח,1,'יח,false,1,59.90,59.90,false,1,
7290001532195,false,מקרל מעושן בואקום שקיל,ירין חזון שיווק ומזון,,,"ק""ג",2,ל-100 גרם,true,1,69.90,34.95,false,1,
7290001532249,false,מקרוסקה בואקום שקיל,ירין חזון שיווק ומזון,,,"ק""ג",2,ל-100 גרם,true,1,109.90,54.95,false,1,
7290001548110,false,סלט חצילים סלוניקי 250 גרם,ירין חזון שיווק ומזון,,,'יח,2.50,ל-100 גרם,false,1,14.90,5.96,false,1,
7290001548233,false,סלט חצילים מחנה יהודה 250 גרם,ירין חזון שיווק ומזון,,,'יח,2.50,ל-100 גרם,false,1,14.90,5.96,false,1,
7290001548356,false,סלט חצילים במיונז בייתי 250 גרם,ירין חזון שיווק ומזון,,,'יח,2.50,ל-100 גרם,false,1,14.90,5.96,false,1,
7290001548400,false,חומוס זהב מונטה קרלו 250 גרם,ירין חזון שיווק ומזון,,,'יח,2.50,ל-100 גרם,false,1,9.90,3.96,false,1,
7290001567708,false,נקניקיות וינר 400  גר`ללא ח`מ,מעדני יחיעם ( 1993 ) בע`מ,,,'יח,4,ל-100 גרם,false,1,14.90,3.73,false,1,
7290001567760,false,פסטרמה של פעם 300 גרם לח`מ,מעדני יחיעם ( 1993 ) בע`מ,,,'יח,3,ל-100 גרם,false,1,29.90,9.97,true,1,
7290001567791,false,פסטרמה רומנית 250 גרם לח`מ,מעדני יחיעם ( 1993 ) בע`מ,,,'יח,2.50,ל-100 גרם,false,1,29.90,11.96,true,1,
7290001567807,false,כתף בקר מעושן 250 גרם לח`מ,מעדני יחיעם ( 1993 ) בע`מ,,,'יח,2.50,ל-100 גרם,false,1,29.90,11.96,true,1,
7290001567814,false,סלמי מעושן בסגנון איטלקי 300 גרם,מעדני יחיעם ( 1993 ) בע`מ,,,'יח,3,ל-100 גרם,false,1,19.90,6.63,false,1,
7290001594155,false,"קוקה קולה בקבוק 500 מ""ל",החברה המרכזית להפצת משקאות בע`,,,'יח,5,"ל-100 מ""ל",false,24,5.80,1.10,false,1,
7290001594230,false,קנלי סודה פקק מתברג 250 מל,החברה המרכזית להפצת משקאות בע`,,,'יח,2.50,"ל-100 מ""ל",false,24,3.40,1.24,false,1,
7290001670057,false,כפיות חד פעמי 100 יח`,הנמל אריזות ושיווק 1984 בע`מ,,,'יח,1,,false,30,10.90,10.90,true,1,
7290001670071,false,כפות חד פעמיות 100 יח,הנמל אריזות ושיווק 1984 בע`מ,,,'יח,1,,false,30,12.90,12.90,true,1,
7290001670385,false,מפיות ארועים חד שכבתי 100 יחידות,הנמל אריזות ושיווק 1984 בע`מ,,,'יח,1,,false,1,5.90,5.90,false,1,
7290001670521,false,מלית תפוחים וקינמון 400 גרם,הנמל אריזות ושיווק 1984 בע`מ,,,'יח,4,ל-100 גרם,false,6,12.90,3.23,true,1,
7290001670873,false,צלחות לבנות עבות במיוחד 66 יח`,הנמל אריזות ושיווק 1984 בע`מ,,,'יח,1,'יח,false,10,39.90,39.90,false,1,
7290001696620,false,מיקס 350 גרם,בוטנת בעמ חברה לקלייה ואריזת פ,,,'יח,3.50,ל-100 גרם,false,1,11.90,3.40,false,1,
7290001696729,false,פקאן טבעי 100 גרם,בוטנת בעמ חברה לקלייה ואריזת פ,,,'יח,1,,false,1,16.90,16.90,true,1,
7290001696989,false,גרעינים שחורים ללא מלח,בוטנת בעמ חברה לקלייה ואריזת פ,,,'יח,2,ל-100 גרם,false,1,7.40,3.70,false,1,
7290001713242,false,שקיות אשפה 25 יח 75*90 עם ידית,קומפלקס כימקלים בעמ`,,,'יח,1,,false,1,11.90,11.90,true,1,
7290001713815,false,מרכך כביסה בניחוח מלון מפנק 1 ליטר,קומפלקס כימקלים בעמ`,,,'יח,10,"ל-100 מ""ל",false,1,11.90,1.19,true,1,
7290001780428,false,שלגוני שוקולד לייט 6*50 גרם,נגה גלידות שותפות מוגבלת,,,'יח,0.50,ל-100 גרם,false,1,27.90,55.80,false,1,
7290001791349,false,פיסגה אקונומיקה ריחנית 4 ליטר,החב. הדרומית לשיווק,,,'יח,4,לליטר,false,6,11.90,2.98,true,1,
7290001791363,false,סנו פרש אוטומטיק וניל 250 מל,החב. הדרומית לשיווק,,,'יח,2.50,"ל-100 מ""ל",false,1,14.90,5.96,false,1,
7290001813454,false,עוגיות חיוכים של שוקו 6  יח `900גרם,שטראוס גרופ בע`מ,,,'יח,9,ל-100 גרם,false,6,21.90,2.43,false,1,
7290001817728,false,צ`יטוס כאפה בטעם קטשופ 55 גרם,שטראוס פריטו ליי בע`מ,,,'יח,0.55,ל-100 גרם,false,1,3.90,7.09,true,1,
7290001946121,false,פפריקה מתוקה 400 גרם,דין שיווק וקליה 2021 בעמ,,,'יח,4,ל-100 גרם,false,1,19.90,4.98,false,1,
7290001990117,false,שומשום 100 גרם,סוגת,,,'יח,1,ל-100 גרם,false,1,3.90,3.90,false,1,
7290001990407,false,עדשים ירוקים 1 ק*ג,סוגת,,,'יח,10,ל-100 גרם,false,1,13.90,1.39,false,1,
7290001990414,false,עדשים אדומים 1 ק*ג,סוגת,,,'יח,10,ל-100 גרם,false,1,12.90,1.29,false,1,
7290001990421,false,פופקורן 1 ק*ג,סוגת,,,'יח,10,ל-100 גרם,false,1,9.90,0.99,false,1,
7290002000136,false,מגע המשי למיקרו דבש 500 גרם,דנאגיס בעמ,,,'יח,5,ל-100 גרם,false,1,19.90,3.98,true,1,
7290002000143,false,קרם ידיים פנג`ל 80 גרם,דנאגיס בעמ,,,'יח,0.80,ל-100 גרם,false,1,7.90,9.88,false,1,
7290002000266,false,מגע המשי למיקרו תפוח 500 גרם,דנאגיס בעמ,,,'יח,5,ל-100 גרם,false,1,19.90,3.98,true,1,
7290002002857,false,מגע המשי נייר שעווה 50 יח`,דנאגיס בעמ,,,'יח,1,,false,1,19.90,19.90,true,1,
7290002007234,false,אבקת סוכר 100 גרם,הנמל אריזות ושיווק 1984 בע`מ,,,'יח,1,ל-100 גרם,false,24,1.70,1.70,true,1,
7290002007241,false,סודה לשתייה 50 גרם,הנמל אריזות ושיווק 1984 בע`מ,,,'יח,0.50,ל-100 גרם,false,24,1.70,3.40,false,1,
7290002007357,false,שקיות לצליה דליקטס מיקרוגל 10 יח,הנמל אריזות ושיווק 1984 בע`מ,,,'יח,1,,false,40,3.90,3.90,true,1,
7290002007371,false,פירורית לחם 500 גרם,הנמל אריזות ושיווק 1984 בע`מ,,,'יח,5,ל-100 גרם,false,24,5.90,1.18,false,1,
7290002007487,false,צמר פלדה CAPRI,הנמל אריזות ושיווק 1984 בע`מ,,,'יח,1,,false,50,3.90,3.90,false,1,
7290002007500,false,קיסמי שיניים במבוק 500 יחידות,הנמל אריזות ושיווק 1984 בע`מ,,,'יח,0,ל-100 גרם,false,30,2.90,2.90,false,1,
7290002007715,false,סיר אלומיניום ענק 1 יח`,הנמל אריזות ושיווק 1984 בע`מ,,,'יח,1,,false,1,14.90,14.90,false,1,
7290002007852,false,תמצית אפייה בטעמים שונים 55 מ``ל,הנמל אריזות ושיווק 1984 בע`מ,,,'יח,0.55,"ל-100 מ""ל",false,24,3.90,7.09,false,1,
7290002007890,false,כוסות חד פעמיות מפלסטיק 100 יח`,הנמל אריזות ושיווק 1984 בע`מ,,,'יח,1,,false,1,9.90,9.90,false,1,
7290002007975,false,צלחות פלסטיק קטנות חד פעמיות 50 יח,הנמל אריזות ושיווק 1984 בע`מ,,,'יח,1,,false,1,10.90,10.90,false,1,
7290002007982,false,מזלגות חד פעמי 100 יח,הנמל אריזות ושיווק 1984 בע`מ,,,'יח,1,,false,1,12.90,12.90,true,1,
7290002008040,false,שיפודי עץ 30 ס`מ,הנמל אריזות ושיווק 1984 בע`מ,,,'יח,1,,false,25,2.90,2.90,false,1,
7290002008156,false,עטרות לעוגה  מס*5,הנמל אריזות ושיווק 1984 בע`מ,,,'יח,1,,false,15,5.90,5.90,false,1,
7290002008309,false,עטרות לעוגה  מס*4,הנמל אריזות ושיווק 1984 בע`מ,,,'יח,1,,false,15,5.90,5.90,false,1,
7290002008347,false,קורנפלור 500 גרם,הנמל אריזות ושיווק 1984 בע`מ,,,'יח,5,ל-100 גרם,false,20,5.90,1.18,false,1,
7290002008507,false,נייר אפיה 50 דפים,הנמל אריזות ושיווק 1984 בע`מ,,,'יח,1,,false,24,9,9,true,1,
7290002008576,false,מפיון 100,הנמל אריזות ושיווק 1984 בע`מ,,,'יח,1,,false,40,3.90,3.90,false,1,
7290002008668,false,צימרונים קלירי 200 יחידות כוס עגולה,הנמל אריזות ושיווק 1984 בע`מ,,,'יח,1,ל-100 גרם,false,1,3.90,3.90,false,1,
7290002008743,false,סוכר וניל 10*10 גרם,הנמל אריזות ושיווק 1984 בע`מ,,,'יח,1,ל-100 גרם,false,50,1.90,1.90,true,1,
7290002008750,false,אבקת אפיה 10 שקיות,הנמל אריזות ושיווק 1984 בע`מ,,,'יח,1,ל-100 גרם,false,50,1.90,1.90,true,1,
7290002008774,false,שומשום 200 גרם,הנמל אריזות ושיווק 1984 בע`מ,,,'יח,2,ל-100 גרם,false,24,5.90,2.95,false,1,
7290002040019,false,קוסקוס רגיל להכנה מהירה 350 גרם,הנמל אריזות ושיווק 1984 בע`מ,,,'יח,3.50,ל-100 גרם,false,24,5.90,1.69,false,1,
7290002040064,false,קוסקוס דק להכנה מהירה בשקית 350 גרם,הנמל אריזות ושיווק 1984 בע`מ,,,'יח,3.50,ל-100 גרם,false,1,5.90,1.69,false,1,
7290002040071,false,קוסקוס עבה להכנה קלה ומהירה 350 גרם,הנמל אריזות ושיווק 1984 בע`מ,,,'יח,3.50,ל-100 גרם,false,24,5.90,1.69,false,1,
7290002103103,false,בוקסר לגבר,הום פרפקט ק.ד.מ בעמ,,,'יח,1,,false,1,14.90,14.90,true,1,
7290002107071,false,גבינת פטה עיזים מעודנת טבעי 200 גרם,החברה המרכזית להפצה,,,'יח,2,ל-100 גרם,false,1,26.90,13.45,false,1,
7290002107385,false,מה-עז גבינה עיזים בגליל 180 גרם,החברה המרכזית להפצה,,,'יח,1.80,ל-100 גרם,false,1,24.90,13.83,false,1,
7290002107491,false,גבינת עיזים למריחה %5 250 גרם,החברה המרכזית להפצה,,,'יח,2.50,ל-100 גרם,false,1,15.90,6.36,true,1,
7290002107965,false,גבינת טבורוג לאפייה ומילוי %5 500גרם,החברה המרכזית להפצה,,,'יח,5,ל-100 גרם,false,1,27.90,5.58,true,1,
7290002109372,false,בורקס פילו אצבעות בולגרית 700  גר`קפוא,נטו מלינדה סחר בע`מ,,,'יח,7,ל-100 גרם,false,12,19.90,2.84,true,1,
7290002130567,false,דבש יד מרדכי מפרחי בר 350 גרם,שטראוס גרופ בע`מ,,,'יח,3.50,ל-100 גרם,false,12,17.90,5.11,false,1,
7290002130574,false,דבש דבורים טהור מפרחי בר 500 גרם,שטראוס גרופ בע`מ,,,'יח,5,ל-100 גרם,false,12,24.90,4.98,false,1,
7290002157953,false,טונה קנולה 140  גר`מארז רביעייה ויליגר,נטו מלינדה סחר בע`מ,,,'יח,1.40,ל-100 גרם,false,12,19.90,14.21,false,1,
7290002239185,false,אפונת גינה מוקפאת 800 גרם,ויטה פרי גליל (החדשה) בע`מ,,,'יח,8,ל-100 גרם,false,20,10.90,1.36,true,1,
7290002239215,false,אפונה וגזר מוקפאים 800 גרם,ויטה פרי גליל (החדשה) בע`מ,,,'יח,5,ל-100 גרם,false,20,10.90,2.18,true,1,
7290002239277,false,גזר גמדי מוקפא 800 גרם,ויטה פרי גליל (החדשה) בע`מ,,,'יח,8,ל-100 גרם,false,20,9.90,1.24,true,1,
7290002239307,false,שעועית צהובה חתוכה 800 גרם,ויטה פרי גליל (החדשה) בע`מ,,,'יח,8,ל-100 גרם,false,20,10.90,1.36,true,1,
7290002239338,false,שעועית ירוקה חתוכה 800 גרם,ויטה פרי גליל (החדשה) בע`מ,,,'יח,8,ל-100 גרם,false,20,10.90,1.36,true,1,
7290002239369,false,שעועית ירוקה שלמה 800 גרם,ויטה פרי גליל (החדשה) בע`מ,,,'יח,8,ל-100 גרם,false,16,10.90,1.36,false,1,
7290002239420,false,תירס גרעינים קפואים 800 גרם,ויטה פרי גליל (החדשה) בע`מ,,,'יח,8,ל-100 גרם,false,20,10.90,1.36,true,1,
7290002253105,false,שום במגשית 20 שיניים כתושות קפוא 80,קבוצת אסם סחר,,,'יח,0.80,ל-100 גרם,false,1,12.90,16.13,false,1,
7290002253167,false,פטרוזיליה טרייה קצוצה מוקפאת 70 גרם,קבוצת אסם סחר,,,'יח,0.70,ל-100 גרם,false,1,10.90,15.57,false,1,
7290002253181,false,כוסברה טרייה קצוצה 20 קוביות 70 גרם קפוא,קבוצת אסם סחר,,,'יח,0.70,ל-100 גרם,false,1,10.90,15.57,false,1,
7290002253198,false,גינג`ר טרי קצוץ קפוא 20  יח `70גרם,קבוצת אסם סחר,,,'יח,0.70,ל-100 גרם,false,1,12.90,18.43,false,1,
7290002259640,false,רדיד אלומיניום 13 מיקרון 7.6*0.30,גורי ע.ע.ע. בע`מ,,,'יח,0,'יח,false,24,11.90,11.90,true,1,
7290002277422,false,ריבועי בצק עלים מרודד,נטו מלינדה סחר בע`מ,,,'יח,7,ל-100 גרם,false,12,19.90,2.84,true,1,
7290002327059,false,בצק עלים מרודד 1 ק``ג קפוא,נטו מלינדה סחר בע`מ,,,'יח,10,ל-100 גרם,false,12,17.90,1.79,true,1,
7290002327073,false,בורקס גבינה 800 גרם קפוא,נטו מלינדה סחר בע`מ,,,'יח,8,ל-100 גרם,false,1,19.90,2.49,true,1,
7290002331360,false,נביעות מים מינרלים שישיה 0.5 ליטר,החברה המרכזית להפצת משקאות בע`,,,'יח,30,"ל-100 מ""ל",false,4,14.90,0.44,true,1,
7290002331421,false,נביעות מים מינרלים ספורט 6*755 מל,החברה המרכזית להפצת משקאות בע`,,,'יח,45.30,"ל-100 מ""ל",false,4,16.90,0.33,false,1,
7290002360230,false,חרדל דיז`ון עם גרגרים שלמים 210גר`,ש. שסטוביץ בע`מ,,,'יח,2.10,ל-100 גרם,false,1,11.70,5.57,false,1,
7290002360285,false,תה חליטת קמומיל 20 שק *1.5גרם,ש. שסטוביץ בע`מ,,,'יח,0.30,ל-100 גרם,false,1,15.90,53,true,1,
7290002371533,false,סלסולי פסטרמה דבש 120 גר`,תנובה מרכז שיתופי לשיווק תוצרת,,,'יח,1.20,ל-100 גרם,false,1,15.90,13.25,true,1,
7290002371854,false,נקניקיות עוף 1 קג חריפות,תנובה מרכז שיתופי לשיווק תוצרת,,,'יח,10,ל-100 גרם,false,1,29.90,2.99,true,1,
7290002409014,false,ג`חנון אפוי מוכן להגשה 600 גרם קפוא,ציפור השרון יהוד 1990 בעמ,,,'יח,6,ל-100 גרם,false,1,16.90,2.82,false,1,
7290002409038,false,בורקס גבינה 800 גרם ציפור השרון,ציפור השרון יהוד 1990 בעמ,,,'יח,8,ל-100 גרם,false,1,17.90,2.24,false,1,
7290002409045,false,בורקס תפו``א 800 גרם ציפור השרון,ציפור השרון יהוד 1990 בעמ,,,'יח,8,ל-100 גרם,false,1,16.90,2.11,false,1,
7290002409175,false,בצק עלים צרפתי 1 ק``ג קפוא,ציפור השרון יהוד 1990 בעמ,,,'יח,10,ל-100 גרם,false,1,14.90,1.49,false,1,
7290002409281,false,מאפה זיוה סבבה 750 גרם קפוא,ציפור השרון יהוד 1990 בעמ,,,'יח,7.50,ל-100 גרם,false,1,17.90,2.39,false,1,
7290002448723,false,חטיף עוף רך לכלב 100 גר,שחורי אריה ואנסטסיה,,,'יח,1,ל-100 גרם,false,1,16.90,16.90,false,1,
7290002487364,false,בורקס פילו-גבניה זיתים 700  גר`קפוא,נטו מלינדה סחר בע`מ,,,'יח,5,ל-100 גרם,false,12,19.90,3.98,true,1,
7290002511243,false,גבינה בולגרית 16% 5% המושבה,מחלבת המושבה בעמ`,,,"ק""ג",1,,true,1,50,50,false,1,
7290002511403,false,קפיר 2 ל`,מחלבת המושבה בעמ`,,,'יח,10,ל-100 גרם,false,1,22.90,2.29,false,1,
7290002511410,false,רז`ינקה 2 ל`,מחלבת המושבה בעמ`,,,'יח,10,ל-100 גרם,false,1,22.90,2.29,false,1,
7290002515371,false,קמיל בלו משפחתי אלסבון לתינוק 1 ליטר,"פישר תעשיות פרמצבטיות בע""מ",,,'יח,10,"ל-100 מ""ל",false,1,29.90,2.99,true,1,
7290002517276,false,פלפל אנגלי שלם,תבליני טעם וריח,,,'יח,1,,false,1,5.90,5.90,false,1,
7290002628088,false,טחון הודו קפוא 500 גרם,בלדי בע`מ,,,'יח,5,ל-100 גרם,false,12,9.90,1.98,false,1,
7290002628293,false,טחון עוף קפוא 500 גרם,בלדי בע`מ,,,'יח,5,ל-100 גרם,false,12,9.90,1.98,false,1,
7290002692782,false,תרסיס זית מופחת קלוריות 200 מל,סוגת,,,'יח,1,,false,1,14.90,14.90,false,1,
7290002715504,false,מג`יק ארוחת נודלס בטעם עוף 70 גרם,נטו מלינדה סחר בע`מ,,,'יח,7,ל-100 גרם,false,12,4.90,0.70,false,1,
7290002715511,false,מג`יק ארוחת נודלס בטעם בשר 70 גרם,נטו מלינדה סחר בע`מ,,,'יח,7,ל-100 גרם,false,12,4.90,0.70,false,1,
7290002730262,false,פלמוליב נוזלי כלים קלאסי 750 מל,ש. שסטוביץ בע`מ,,,'יח,7.50,"ל-100 מ""ל",false,1,11.90,1.59,true,1,
7290002730903,false,פלמוליב סבון מוצק כחול 4*125 גרם,ש. שסטוביץ בע`מ,,,'יח,4,ל-100 גרם,false,1,16.90,4.23,false,1,
7290002757139,false,מלוואח 700  גר`קפוא,נטו מלינדה סחר בע`מ,,,'יח,7,ל-100 גרם,false,12,16.90,2.41,false,1,
7290002757146,false,קובה למרק 1 ק`ג חמוסטה קפוא,נטו מלינדה סחר בע`מ,,,'יח,10,ל-100 גרם,false,8,19.90,1.99,false,1,
7290002757757,false,מלוואח 700 גרם,נטו מלינדה סחר בע`מ,,,'יח,7,ל-100 גרם,false,1,13.90,1.99,false,1,
7290002787884,false,מקלות בורקס פילו תפו`א,נטו מלינדה סחר בע`מ,,,'יח,6.50,ל-100 גרם,false,10,19.90,3.06,true,1,
7290002814016,false,"מסיר שומנים סנטמוריץ מתז 750 מ""ל",קומפלקס כימקלים בעמ`,,,'יח,7.50,"ל-100 מ""ל",false,1,12.90,1.72,true,1,
7290002814481,false,שקיות מזון 150*3,קומפלקס כימקלים בעמ`,,,'יח,1,'יח,false,1,11.90,11.90,true,1,
7290002814948,false,מגבוני דלי לרצפה 50 יח סנט מוריץ,קומפלקס כימקלים בעמ`,,,'יח,1,'יח,false,1,29.90,29.90,true,1,
7290002814986,false,מגבונים לניקוי כללי בדלי סנט מוריץ,קומפלקס כימקלים בעמ`,,,'יח,1,'יח,false,1,19.90,19.90,false,1,
7290002824466,false,דנונה קל טבעי %0 200 גרם,שטראוס גרופ בע`מ,,,'יח,2,"ל-100 מ""ל",false,24,3.70,1.85,false,1,
7290002824640,false,גבינת סקי %5 250 גרם,שטראוס גרופ בע`מ,,,'יח,2.50,ל-100 גרם,false,12,4.98,1.99,false,1,
7290002830948,false,גבינה מון בלאן עזים 120 גר`,נטו מלינדה סחר בע`מ,,,'יח,1.20,ל-100 גרם,false,1,12.90,10.75,true,1,
7290002868545,false,יוגורט %4 טבעי 3 ליטר בכד,החברה המרכזית להפצה,,,'יח,1,,false,1,26.90,26.90,false,1,
7290002868996,false,קוטג`טרה 5% מועשר 250 גרם,החברה המרכזית להפצה,,,'יח,2.50,ל-100 גרם,false,1,5.50,2.20,false,1,
7290002881216,false,רסק תפ`ע 720 גר`דיאט,תומר ייבוא ושיווק מוצרי מזון [,,,'יח,7.20,ל-100 גרם,false,12,11.90,1.65,false,1,
7290002881933,false,סרדין מרוקאי במי מלח 125 גר`,תומר ייבוא ושיווק מוצרי מזון [,,,'יח,1.25,ל-100 גרם,false,25,4.90,3.92,false,1,
7290002881940,false,סרדין מרוקאי בשמן,תומר ייבוא ושיווק מוצרי מזון [,,,'יח,1.25,ל-100 גרם,false,25,4.90,3.92,false,1,
7290002881957,false,סרדין מרוקאי חריף,תומר ייבוא ושיווק מוצרי מזון [,,,'יח,1.25,ל-100 גרם,false,25,4.90,3.92,false,1,
7290002881964,false,סרדין מרוקאי ברוטב עגבניות,תומר ייבוא ושיווק מוצרי מזון [,,,'יח,1.25,ל-100 גרם,false,25,4.90,3.92,false,1,
7290002881988,false,סרדין מרוקאי בשמן ולימון,תומר ייבוא ושיווק מוצרי מזון [,,,'יח,1.25,ל-100 גרם,false,25,4.90,3.92,false,1,
7290002977155,false,"קמח מלא 100% ללא ניפוי 1 ק""ג",הטחנות הגדולות של ארץ ישראל בע,,,'יח,1,'יח,false,1,6.90,6.90,false,1,
7290002977377,false,"קמח כוסמין לבן ללא ניפוי 1 ק""ג",הטחנות הגדולות של ארץ ישראל בע,,,'יח,1,'יח,false,1,13.90,13.90,false,1,
7290002977407,false,"קמח חלה לבן מעושר ללא ניפוי 1 ק""ג",הטחנות הגדולות של ארץ ישראל בע,,,'יח,1,'יח,false,1,7.90,7.90,false,1,
7290002977438,false,"קמח חיטה 70% ללא ניפוי 1 ק""ג",הטחנות הגדולות של ארץ ישראל בע,,,'יח,1,'יח,false,1,6.90,6.90,false,1,
7290002977537,false,קמח מניטובה לבן ללא צורך בניפוי,הטחנות הגדולות של ארץ ישראל בע,,,'יח,1,"ק""ג",false,1,10.90,10.90,false,1,
7290003009596,false,סירופ דיאט אשכוליות 750 מל פיקדון,החברה המרכזית להפצת משקאות בע`,,,'יח,7.50,"ל-100 מ""ל",false,6,21.90,2.88,false,1,
7290003015627,false,ריצפז פרש אפרסק 2 ליטר,החב. הדרומית לשיווק,,,'יח,20,"ל-100 מ""ל",false,8,17.90,0.90,true,1,
7290003015634,false,ריצפז פרש פסיפלורה 2 ליטר,החב. הדרומית לשיווק,,,'יח,20,"ל-100 מ""ל",false,8,17.90,0.90,true,1,
7290003015641,false,ריצפז פרש בניחוח יסמין 2 ליטר,החב. הדרומית לשיווק,,,'יח,20,"ל-100 מ""ל",false,8,17.90,0.90,true,1,
7290003026319,false,משחה היפואלרגנית לתינוק קמיל בלו,"פישר תעשיות פרמצבטיות בע""מ",,,'יח,1,'יח,false,1,19.90,19.90,true,1,
7290003029181,false,.שוקו יטבתה 1 ל`2% בקבוק,שטראוס גרופ בע`מ,,,'יח,10,"ל-100 מ""ל",false,12,11.90,1.19,false,1,
7290003029372,false,יטבתה משקה בטעם בננה %3 בקבוק 1 ליטר,שטראוס גרופ בע`מ,,,'יח,10,"ל-100 מ""ל",false,6,11.90,1.19,false,1,
7290003029389,false,יטבתה משקה בטעם בננה %3 בקבוק 250 מ`,שטראוס גרופ בע`מ,,,'יח,2.50,"ל-100 מ""ל",false,9,5.70,2.28,false,1,
7290003029433,false,שוקו יטבתה %2 טרי בבקבוק 250 מ``ל,שטראוס גרופ בע`מ,,,'יח,2.50,"ל-100 מ""ל",false,12,5.50,2.20,false,1,
7290003029532,false,מוקה יטבתה %2 בקבוק 1 ליטר,שטראוס גרופ בע`מ,,,'יח,10,"ל-100 מ""ל",false,6,11.90,1.19,false,1,
7290003029792,false,שוקו יטבתה בשקית*225גר*8,שטראוס גרופ בע`מ,,,'יח,2.25,ל-100 גרם,false,8,18.90,8.40,false,1,
7290003029815,false,חלב שתיה 3% בכד 2 ליטר מהדרין,שטראוס גרופ בע`מ,,,'יח,20,"ל-100 מ""ל",false,6,14.90,0.75,false,1,
7290003029907,false,קפה יטבתה טרי בקבוק 1 ליטר,שטראוס גרופ בע`מ,,,'יח,10,"ל-100 מ""ל",false,6,11.90,1.19,false,1,
7290003035632,false,פילה מושט ללא עור 7-9,ג.ת שווק בן בקר בע`מ,,,"ק""ג",1,ל-100 גרם,true,1,34.90,34.90,true,1,
7290003054657,false,חרדל דיזון 370 גרם,דיפלומט מפיצים (1968) בע`מ,,,'יח,3.70,ל-100 גרם,false,12,11.90,3.22,false,1,
7290003126712,false,יוגורט עיזים 4% 150 מל,החברה המרכזית להפצה,,,'יח,1.40,"ל-100 מ""ל",false,1,6.90,4.93,false,1,
7290003229109,false,פסטרמה הודו בפפריקה 400 גרם,תנובה מרכז שיתופי לשיווק תוצרת,,,'יח,4,ל-100 גרם,false,1,26.90,6.73,true,1,
7290003229116,false,פסטרמה הודו בדבש 400 גרם,תנובה מרכז שיתופי לשיווק תוצרת,,,'יח,4,ל-100 גרם,false,1,26.90,6.73,true,1,
7290003229123,false,פסטרמה על גחלים 400 גרם,תנובה מרכז שיתופי לשיווק תוצרת,,,'יח,4,ל-100 גרם,false,1,26.90,6.73,true,1,
7290003229154,false,סלמי קוניאק מובחר 300 גרם,תנובה מרכז שיתופי לשיווק תוצרת,,,'יח,3,ל-100 גרם,false,1,26.90,8.97,true,1,
7290003229192,false,כתף בקר מעושן 400 גרם,תנובה מרכז שיתופי לשיווק תוצרת,,,'יח,4,ל-100 גרם,false,1,26.90,6.73,true,1,
7290003229215,false,פסטרמה איטלקית 360 גרם,תנובה מרכז שיתופי לשיווק תוצרת,,,'יח,3.60,ל-100 גרם,false,1,26.90,7.47,true,1,
7290003229222,false,סלמי תה משובח 300 גרם,תנובה מרכז שיתופי לשיווק תוצרת,,,'יח,3,ל-100 גרם,false,1,22.90,7.63,false,1,
7290003287284,false,קבב ביתי ארוז 600גר קפוא,בלדי בע`מ,,,'יח,6,ל-100 גרם,false,8,27.90,4.65,true,1,
7290003287291,false,קבב טלה וצנובר ארוז 600גר קפוא,בלדי בע`מ,,,'יח,6,ל-100 גרם,false,8,27.90,4.65,true,1,
7290003287307,false,קבב רומני ארוז 600גר קפוא,בלדי בע`מ,,,'יח,6,ל-100 גרם,false,8,27.90,4.65,true,1,
7290003318131,false,ופלים בטעם אגוזים 200 גרם,ח.כהן סוכנות מזון ומשקאות,,,'יח,2.50,ל-100 גרם,false,1,3.90,1.56,true,1,
7290003387410,false,בלונס פדים להסרת איפור 3*80 יח`,ש. שסטוביץ בע`מ,,,'יח,2.40,ל-100 גרם,false,1,19.90,8.29,false,1,
7290003411054,false,שקיות קוקי 5  יח*גדול,הנמל אריזות ושיווק 1984 בע`מ,,,'יח,1,,false,40,4.90,4.90,true,1,
7290003411276,false,עמבה פרי 500 גר,הנמל אריזות ושיווק 1984 בע`מ,,,'יח,6,ל-100 גרם,false,15,10.90,1.82,false,1,
7290003411566,false,צימרונים עץ 200 יחידות,הנמל אריזות ושיווק 1984 בע`מ,,,'יח,0,ל-100 גרם,false,1,2.90,2.90,false,1,
7290003411573,false,צלחות פלסטיק עמוקות חד פעמיות 30 יח,הנמל אריזות ושיווק 1984 בע`מ,,,'יח,1,,false,17,18.90,18.90,false,1,
7290003411689,false,לפתניות פלסטיק חד פעמיות 25 יח`,הנמל אריזות ושיווק 1984 בע`מ,,,'יח,1,,false,52,4.90,4.90,false,1,
7290003411696,false,מרקיות פלסטיק חד פעמיות 25 יח`,הנמל אריזות ושיווק 1984 בע`מ,,,'יח,1,,false,48,8.90,8.90,false,1,
7290003411726,false,קיסמי שיניים מלחיה 300 יחידות,הנמל אריזות ושיווק 1984 בע`מ,,,'יח,0,ל-100 גרם,false,30,3.90,3.90,false,1,
7290003411832,false,גרנולה אגוזים 400 גרם,הנמל אריזות ושיווק 1984 בע`מ,,,'יח,4,ל-100 גרם,false,12,9.90,2.48,false,1,
7290003411948,false,צמר גפן רפואי 100 גרם,הנמל אריזות ושיווק 1984 בע`מ,,,'יח,1,ל-100 גרם,false,45,4.90,4.90,false,1,
7290003411993,false,גפרורים 10 יחידות,הנמל אריזות ושיווק 1984 בע`מ,,,'יח,1,,false,100,2.90,2.90,false,1,
7290003438006,false,ממרח פסטו איטלקי 180 גרם,תה ויסוצקי בע`מ,,,'יח,1.80,ל-100 גרם,false,24,13.90,7.72,true,1,
7290003438013,false,7290003אוליביה ממרח זיתים ירוקים 190 גרם,תה ויסוצקי בע`מ,,,'יח,1.90,ל-100 גרם,false,1,13.90,7.32,true,1,
7290003438020,false,ממרח עגבניות מיובשות 190 גרם,תה ויסוצקי בע`מ,,,'יח,1.90,ל-100 גרם,false,12,13.90,7.32,true,1,
7290003438709,false,ממרח זיתים שחורים 190 גרם,תה ויסוצקי בע`מ,,,'יח,1.90,ל-100 גרם,false,1,13.90,7.32,true,1,
7290003450602,false,חרדל אמיתי 255 גרם,דיפלומט מפיצים (1968) בע`מ,,,'יח,2.25,ל-100 גרם,false,1,9.90,4.40,false,1,
7290003461677,false,"חומוס אסלי ק""ג",סלטי שמיר,,,'יח,10,ל-100 גרם,false,1,14.90,1.49,true,1,
7290003461868,false,"חציל במיונז אסלי ק""ג",סלטי שמיר,,,'יח,10,ל-100 גרם,false,1,14.90,1.49,true,1,
7290003578290,false,אטריות מקלוני אורז 300 גרם,ג. וילי-פוד אינטרנשיונל בע`מ,,,'יח,3,ל-100 גרם,false,24,5.90,1.97,false,1,
7290003578313,false,דובדבנים חמוצים בסירופ קל 680 גרם,ג. וילי-פוד אינטרנשיונל בע`מ,,,'יח,6.80,ל-100 גרם,false,12,9.90,1.46,false,1,
7290003643158,false,קורנפלור סוגת 200 גרם,סוגת,,,'יח,2,ל-100 גרם,false,1,3.90,1.95,false,1,
7290003643172,false,סוגת אבקת סוכר 100 גרם,סוגת,,,'יח,1,ל-100 גרם,false,1,2.50,2.50,false,1,
7290003643325,false,קוסקוס בינוני 350 גר`,סוגת,,,'יח,3.50,ל-100 גרם,false,1,4.90,1.40,true,1,
7290003643387,false,סוכר לבן בצנצנת פלסטיק 1 ק`ג,סוגת,,,'יח,10,ל-100 גרם,false,1,7.90,0.79,false,1,
7290003643646,false,סוכר דמררה צנצנת 1 קג,סוגת,,,'יח,10,ל-100 גרם,false,1,12.90,1.29,false,1,
7290003643684,false,אפונה 500 גרם,סוגת,,,'יח,5,ל-100 גרם,false,1,5.90,1.18,false,1,
7290003643707,false,גריסים 500 גרם,סוגת,,,'יח,5,ל-100 גרם,false,1,4.90,0.98,true,1,
7290003643714,false,חומוס 500 גרם,סוגת,,,'יח,5,ל-100 גרם,false,1,7.90,1.58,true,1,
7290003643738,false,חיטה 500 גרם,סוגת,,,'יח,5,ל-100 גרם,false,1,4.90,0.98,true,1,
7290003643745,false,כוסמת 500 גרם כשלפ,סוגת,,,'יח,5,ל-100 גרם,false,1,7.90,1.58,false,1,
7290003643752,false,עדשים ירוקים 500 גרם,סוגת,,,'יח,5,ל-100 גרם,false,1,7.90,1.58,false,1,
7290003643776,false,פופקורן סוגת 500 גרם כשלפ,סוגת,,,'יח,5,ל-100 גרם,false,1,6.90,1.38,false,1,
7290003643783,false,קוקוס 100 גרם,סוגת,,,'יח,1,ל-100 גרם,false,1,3.90,3.90,false,1,
7290003643806,false,שעועית לבנה 500 גרם,סוגת,,,'יח,5,ל-100 גרם,false,1,11.90,2.38,false,1,
7290003643813,false,שעועית חומה 500 גרם,סוגת,,,'יח,5,ל-100 גרם,false,1,10.90,2.18,false,1,
7290003643820,false,חומוס ענק 500 גר`,סוגת,,,'יח,5,ל-100 גרם,false,1,12.90,2.58,false,1,
7290003781065,false,מלפפונים בחומץ קורנישונים גמדי 680ג,ג. וילי-פוד אינטרנשיונל בע`מ,,,'יח,6.80,ל-100 גרם,false,1,10.90,1.60,false,1,
7290003804252,false,תיבוליות לאורז בנוסח הודי קנור 80גרם,יוניליוור ישראל שיווק בע`מ,,,'יח,8,ל-100 גרם,false,1,8.90,1.11,false,1,
7290003804320,false,תיבוליות שום ופטרוזיליה 72 גרם,יוניליוור ישראל שיווק בע`מ,,,'יח,0.72,ל-100 גרם,false,1,8.90,12.36,false,1,
7290003804368,false,תיבוליות בזיליקום 72 גרם 8 קוביות,יוניליוור ישראל שיווק בע`מ,,,'יח,0.72,ל-100 גרם,false,1,8.90,12.36,false,1,
7290003804382,false,תיבוליות פטריות 72 גרם,יוניליוור ישראל שיווק בע`מ,,,'יח,0.72,ל-100 גרם,false,1,8.90,12.36,false,1,
7290003805501,false,פתית בסגנון שוודי 300 גרם,יוניליוור ישראל שיווק בע`מ,,,'יח,3,ל-100 גרם,false,1,16.90,5.63,false,1,
7290003805587,false,פתית מחיטה מלאה 250 גרם בד``צ,יוניליוור ישראל שיווק בע`מ,,,'יח,2.50,ל-100 גרם,false,1,16.90,6.76,false,1,
7290003807178,false,"קנור רוטב סויה 300 מ""ל",יוניליוור ישראל שיווק בע`מ,,,'יח,3,"ל-100 מ""ל",false,1,12.90,4.30,true,1,
7290003807482,false,קנור רוטב טריאקי 300 מל,יוניליוור ישראל שיווק בע`מ,,,'יח,3,"ל-100 מ""ל",false,1,11.90,3.97,true,1,
7290003864485,false,סרדינים ברוטב עגבניות 120 גרם,ג. וילי-פוד אינטרנשיונל בע`מ,,,'יח,1.20,ל-100 גרם,false,1,4.90,4.08,true,1,
7290003864492,false,סרדינים בשמן צמחי עם פלפל חריף 120 גרם,ג. וילי-פוד אינטרנשיונל בע`מ,,,'יח,1.20,ל-100 גרם,false,1,4.90,4.08,true,1,
7290003882922,false,עלי גפן ממולאים באורז 400 גרם כשלפ,ג. וילי-פוד אינטרנשיונל בע`מ,,,'יח,4,ל-100 גרם,false,24,9.90,2.48,true,1,
7290003989539,false,רביולי גבינה 400 גרם,שטראוס גרופ בע`מ,,,'יח,4,ל-100 גרם,false,9,19.90,4.98,true,1,
7290003989553,false,טורטליני גבינה+פטריות 400 גרם,שטראוס גרופ בע`מ,,,'יח,4,ל-100 גרם,false,9,20.30,5.08,true,1,
7290004011284,false,בסיס להכנת קצפת 212 מ`ל,נטו מלינדה סחר בע`מ,,,'יח,2.12,"ל-100 מ""ל",false,24,9.90,4.67,true,1,
7290004011291,false,בסיס להכנת קצפת 425 מ`ל,נטו מלינדה סחר בע`מ,,,'יח,4.35,"ל-100 מ""ל",false,12,14.90,3.43,false,1,
7290004078263,false,בלונס צמרונים צבעונים 2*200 יח`,ש. שסטוביץ בע`מ,,,'יח,0,ל-100 גרם,false,1,11.40,11.40,false,1,
7290004078690,false,אג`קס כלורון ג`ל בניחוח מרענן 750 מל,ש. שסטוביץ בע`מ,,,'יח,7.50,"ל-100 מ""ל",false,1,15.90,2.12,false,1,
7290004078942,false,ליידי ספיד סטיק ג`ל 24/7 שוואר פרש 63.,ש. שסטוביץ בע`מ,,,'יח,0.63,ל-100 גרם,false,1,19.90,31.59,true,1,
7290004119225,false,יופלה יוגורט בטעם אננס %3 150 גרם,תנובה חלב,,,'יח,1.50,"ל-100 מ""ל",false,1,5.20,3.47,false,1,
7290004119928,false,מעדן וניל קרלו %3 125 גרם,תנובה חלב,,,'יח,1.25,"ל-100 מ""ל",false,1,3,2.40,false,1,
7290004119973,false,מעדן שוקולד קרלו %3 125 גרם,תנובה חלב,,,'יח,1.25,"ל-100 מ""ל",false,1,3,2.40,false,1,
7290004120061,false,קרלו שוניל בטעם שוקולד וניל %3 125 ג,תנובה חלב,,,'יח,1.25,"ל-100 מ""ל",false,1,3,2.40,false,1,
7290004120108,false,יופלה דיאט יוגורט דובדבן 0% 150 גרם,תנובה חלב,,,'יח,1.50,"ל-100 מ""ל",false,1,5.20,3.47,false,1,
7290004120573,false,גבינה מלוחה %16 בולגרית 250 גרם,תנובה חלב,,,'יח,2.50,ל-100 גרם,false,1,23.60,9.44,false,1,
7290004121488,false,יופלה דיאט אפרסק %0 150 גרם,תנובה חלב,,,'יח,1.50,"ל-100 מ""ל",false,1,5.20,3.47,false,1,
7290004121525,false,יופלה יוגורט 3% בטעם תות+*4אפרסק*4,תנובה חלב,,,'יח,1.50,ל-100 גרם,false,1,31,20.67,false,1,
7290004121853,false,פיראוס קוביות גבינה בולגרית %5 200ג,תנובה חלב,,,'יח,2,ל-100 גרם,false,1,21.30,10.65,false,1,
7290004122119,false,פתיתי פרמזן לפסטה %23,תנובה חלב,,,'יח,2.20,ל-100 גרם,false,1,11.90,5.41,false,1,
7290004122195,false,גבינה חצי קשה גוש חלב %28 שומן 200גר,תנובה חלב,,,'יח,2,ל-100 גרם,false,1,13.70,6.85,false,1,
7290004122270,false,גבינת עמק פתיחה נוחה 200 גרם,תנובה חלב,,,'יח,2,ל-100 גרם,false,1,15.90,7.95,false,1,
7290004122348,false,גבינת עמק לייט %9 נוחה לפתיחה 200 גר,תנובה חלב,,,'יח,2,ל-100 גרם,false,1,16.80,8.40,false,1,
7290004124205,false,יופלה דיאט יוגורט תות %0 150 גרם,תנובה חלב,,,'יח,1.50,"ל-100 מ""ל",false,1,5.20,3.47,false,1,
7290004124847,false,השף הלבן קצפת צמחית 500 מל פרווה,תנובה חלב,,,'יח,5,ל-100 גרם,false,1,16.60,3.32,false,1,
7290004125370,false,תנובה שמנת חמוצה %9 200 מל,תנובה חלב,,,'יח,2,"ל-100 מ""ל",false,1,3.80,1.90,false,1,
7290004125455,false,שמנת חמוצה מהדרין %15 200 מל,תנובה חלב,,,'יח,2,"ל-100 מ""ל",false,1,2.40,1.20,false,1,
7290004125509,false,שמנת תנובה חצי מנה %15 100 גרם,תנובה חלב,,,'יח,1,ל-100 גרם,false,1,1.80,1.80,false,1,
7290004125721,false,שמנת לבישול השף הלבן %15 250 מ``ל קר,תנובה חלב,,,'יח,2.50,"ל-100 מ""ל",false,1,8.30,3.32,false,1,
7290004125776,false,גבינת עמק חצי קשה 28% 400 גרם,תנובה חלב,,,'יח,4,ל-100 גרם,false,1,28.90,7.23,false,1,
7290004126674,false,גבינה טל העמק לייט חצי קשה %9 200גרם,תנובה חלב,,,'יח,2,ל-100 גרם,false,1,18.90,9.45,false,1,
7290004126759,false,יופלה דיאט פירות יער %0 150 גרם,תנובה חלב,,,'יח,1.50,"ל-100 מ""ל",false,1,5.20,3.47,false,1,
7290004127329,false,קוטג`תנובה 5% 250 גרם,תנובה חלב,,,'יח,2.50,ל-100 גרם,false,1,5.60,2.24,false,1,
7290004127336,false,קוטג`תנובה %9 250 גרם,תנובה חלב,,,'יח,2.50,ל-100 גרם,false,1,5.60,2.24,false,1,
7290004127800,false,גבינה לבנה %5 גביע500 גרם,תנובה חלב,,,'יח,5,ל-100 גרם,false,1,9.90,1.98,false,1,
7290004127817,false,גבינה לבנה %9 גביע 500 גרם,תנובה חלב,,,'יח,5,ל-100 גרם,false,1,9.50,1.90,false,1,
7290004127862,false,גבינה לבנה %5 גביע 750 גרם,תנובה חלב,,,'יח,7.50,ל-100 גרם,false,1,14.90,1.99,false,1,
7290004128333,false,פיראוס גבינת לבנה %9 500 גרם,תנובה חלב,,,'יח,5,ל-100 גרם,false,1,19.80,3.96,false,1,
7290004128364,false,גבינת Cream Cheese עם זיתים %5 200ג`,תנובה חלב,,,'יח,2,ל-100 גרם,false,1,11.80,5.90,false,1,
7290004128432,false,פתיתים מיוחדים לפיצה 500 גרם,תנובה חלב,,,'יח,5,ל-100 גרם,false,1,23.50,4.70,false,1,
7290004129101,false,גבינת שמנת נפוליאון בטעם טבעי 225 גרם,תנובה חלב,,,'יח,2.25,ל-100 גרם,false,1,12.90,5.73,false,1,
7290004129118,false,גבינת שמנת נפוליאון עם זיתים 225 גרם,תנובה חלב,,,'יח,2.25,ל-100 גרם,false,1,12.90,5.73,false,1,
7290004129156,false,גבינת שמנת נפוליאון עם שום ושמיר 225,תנובה חלב,,,'יח,2.25,ל-100 גרם,false,1,12.90,5.73,false,1,
7290004129767,false,יופלה White טבעי %3 8*150 גרם,תנובה חלב,,,'יח,1.50,ל-100 גרם,false,1,16.90,11.27,false,1,
7290004130916,false,יופלה פירות יער בשמנת 3% 150 גרם,תנובה חלב,,,'יח,1.50,"ל-100 מ""ל",false,1,5.20,3.47,false,1,
7290004131432,false,יופלה White טבעי %3 200 גרם,תנובה חלב,,,'יח,2,ל-100 גרם,false,1,4,2,false,1,
7290004131456,false,יופלה White טבעי %1.5 200 גרם,תנובה חלב,,,'יח,2,"ל-100 מ""ל",false,1,4,2,false,1,
7290004131814,false,גבינה מלוחה צפתית מעודנת %5 200 גרם,תנובה חלב,,,'יח,2,ל-100 גרם,false,1,16,8,false,1,
7290004131845,false,לאבנה פיראוס 9% 750 גר`,תנובה חלב,,,'יח,7.50,ל-100 גרם,false,1,23.90,3.19,false,1,
7290004132712,false,עמק אצבעות גבינת מוצרלה 20% 8יח 172ג,תנובה חלב,,,'יח,1.74,ל-100 גרם,false,1,17.10,9.83,false,1,
7290004133511,false,יופלה White מעודן %1.5 8*150 גרם,תנובה חלב,,,'יח,1.50,ל-100 גרם,false,1,20.40,13.60,false,1,
7290004135225,false,מעדן תנובה דיאט שוקולדה 0% 150 גרם,תנובה חלב,,,'יח,1.50,"ל-100 מ""ל",false,1,4.20,2.80,false,1,
7290004135614,false,פיראוס גבינה בולגרית מעודנת 5% 250גר,תנובה חלב,,,'יח,2.50,ל-100 גרם,false,1,21.90,8.76,false,1,
7290004136598,false,מארז הפסקת אוכל חלב,תנובה חלב,,,'יח,1.50,"ל-100 מ""ל",false,1,9.10,6.07,false,1,
7290004136857,false,ג`לי תנובה פטל 125 גרם,תנובה חלב,,,'יח,1.25,"ל-100 מ""ל",false,1,2.80,2.24,false,1,
7290004136864,false,ג`לי תנובה אננס 125 גרם,תנובה חלב,,,'יח,1.25,"ל-100 מ""ל",false,1,2.80,2.24,false,1,
7290004136871,false,ג`לי תנובה אפרסק 125 גרם,תנובה חלב,,,'יח,1.25,"ל-100 מ""ל",false,1,2.80,2.24,false,1,
7290004137021,false,שמנת עמידה לבישול 10% שומן 250מל,תנובה חלב,,,'יח,2.50,"ל-100 מ""ל",false,1,8.50,3.40,false,1,
7290004137809,false,פיראוס גבינה לבנה 5% 250 גרם,תנובה חלב,,,'יח,2.50,ל-100 גרם,false,1,12.80,5.12,false,1,
7290004165000,false,רסק תפוחי עץ בתוספת סוכר 560 גרם,זנלכול יכין,,,'יח,5.60,ל-100 גרם,false,1,8.90,1.59,true,1,
7290004219079,false,לבבות דקל פרוסות ונתחים 400 גרם,ג. וילי-פוד אינטרנשיונל בע`מ,,,'יח,4,ל-100 גרם,false,1,10.90,2.73,false,1,
7290004219277,false,פילה אנשובי ארוך בשמן צמחי 80 גרם,ג. וילי-פוד אינטרנשיונל בע`מ,,,'יח,1.60,ל-100 גרם,false,1,13.40,8.38,false,1,
7290004219284,false,אנשובי עגול בשמן צלפים 80 גרם,ג. וילי-פוד אינטרנשיונל בע`מ,,,'יח,1.60,ל-100 גרם,false,1,9.90,6.19,false,1,
7290004228804,false,עלי בצק  לסיגר[פסטליה],נטו מלינדה סחר בע`מ,,,'יח,9,ל-100 גרם,false,1,12.90,1.43,false,1,
7290004230104,false,קציצות בקר ברוטב עגבניות 800 גר` קפוא,נטו מלינדה סחר בע`מ,,,'יח,8,ל-100 גרם,false,14,27.90,3.49,true,1,
7290004230944,false,מקלות בורקס פילו גבינה 600  גר`קפוא,נטו מלינדה סחר בע`מ,,,'יח,6,ל-100 גרם,false,10,19.90,3.32,true,1,
7290004492762,false,נשנושים חטיף תירס 325 גרם,יוניליוור ישראל שיווק בע`מ,,,'יח,3.25,ל-100 גרם,false,1,12.90,3.97,true,1,
7290004544102,false,עוגיות תמר טבעות בטעם לימון 500 גר`,מאפית אריאל שיווק והפצה,,,'יח,5,ל-100 גרם,false,1,12.90,2.58,true,1,
7290004544119,false,עוגיות תמר טבעות עם שומשום 500 גר`,מאפית אריאל שיווק והפצה,,,'יח,5,ל-100 גרם,false,1,12.90,2.58,true,1,
7290004584306,false,גמדים תות בננה 4*100 גרם,שטראוס גרופ בע`מ,,,'יח,4,"ל-100 מ""ל",false,12,11.90,2.98,true,1,
7290004584351,false,גבינת סימפוניה 5% החמישית טבעי 200גר,שטראוס גרופ בע`מ,,,'יח,2,ל-100 גרם,false,12,10.90,5.45,true,1,
7290004584528,false,דנונה וגורט ביו %1.5 200 גרם,שטראוס גרופ בע`מ,,,'יח,2,"ל-100 מ""ל",false,1,3.70,1.85,false,1,
7290004685478,false,פיתות כוסמין 10 יח בשקית 550 גרם,מאפיית י.את א. ברמן בעמ,,,'יח,5.50,ל-100 גרם,false,1,16.90,3.07,true,1,
7290004731090,false,כיף אל סבון נוזלי קמומיל 1 ליטר,החב. הדרומית לשיווק,,,'יח,1,,false,12,12.90,12.90,false,1,
7290004731472,false,כיף אל סבון שלישיה 3*500 מל צבעוני,החב. הדרומית לשיווק,,,'יח,1.50,לליטר,false,8,19.90,13.27,true,1,
7290004737900,false,חלב מרוכז ממותק בפחית 397 גרם,ג. וילי-פוד אינטרנשיונל בע`מ,,,'יח,3.97,ל-100 גרם,false,48,9.90,2.49,false,1,
7290004846923,false,קבב אסאדו 400 גרם,זהר עופות ובשר בעמ,,,'יח,4,ל-100 גרם,false,1,24.90,6.23,false,1,
7290004861063,false,גבינה קש המושבה,מחלבת המושבה בעמ`,,,"ק""ג",10,ל-100 גרם,true,1,45,4.50,false,1,
7290004861070,false,גבינה צפתית קשה 24%,מחלבת המושבה בעמ`,,,"ק""ג",1,,true,1,85,85,false,1,
7290004861261,false,גבינה טובורג צימוקים/דובדבן/אוכמניות,מחלבת המושבה בעמ`,,,"ק""ג",10,ל-100 גרם,true,1,35,3.50,false,1,
7290004861285,false,גבינה טובורג 9%,מחלבת המושבה בעמ`,,,"ק""ג",10,ל-100 גרם,true,1,35,3.50,false,1,
7290004861315,false,גבינת לבנה 5% המושבה,מחלבת המושבה בעמ`,,,"ק""ג",10,ל-100 גרם,true,1,34.90,3.49,false,1,
7290004861377,false,גבינה בולגרית למריחה המושבה,מחלבת המושבה בעמ`,,,"ק""ג",1,,true,1,50,50,false,1,
7290004861384,false,גבינה אורדה המושבה,מחלבת המושבה בעמ`,,,"ק""ג",1,,true,1,45,45,false,1,
7290004861407,false,גבינה מוצרלה 22% המושבה,מחלבת המושבה בעמ`,,,"ק""ג",1,,true,1,85,85,false,1,
7290004861421,false,גבינה חלומי 24% המושבה,מחלבת המושבה בעמ`,,,"ק""ג",10,ל-100 גרם,true,1,80,8,false,1,
7290004861520,false,גבינת קרם שמנת 5% המושבה,מחלבת המושבה בעמ`,,,"ק""ג",10,ל-100 גרם,true,1,32.90,3.29,false,1,
7290005068058,false,פרי גליל גרעיני תירס מתוק קל 550 גרם,ויטה פרי גליל (החדשה) בע`מ,,,'יח,5.50,ל-100 גרם,false,1,7.90,1.44,true,1,
7290005068447,false,גרעיני תירס קל 340 גרם,ויטה פרי גליל (החדשה) בע`מ,,,'יח,3.40,ל-100 גרם,false,1,5.90,1.74,false,1,
7290005068621,false,ברוקלי 800 גר`,ויטה פרי גליל (החדשה) בע`מ,,,'יח,8,ל-100 גרם,false,12,14.90,1.86,false,1,
7290005084355,false,משחת שיניים סנסודין פלואוריד 75 מל זהב,גורי ע.ע.ע. בע`מ,,,'יח,0.75,ל-100 גרם,false,1,21.90,29.20,true,1,
7290005111761,false,מזון לכלבים בונזו מזון כלבים בשר 3 קג,שחורי אריה ואנסטסיה,,,'יח,30,ל-100 גרם,false,1,49.90,1.66,false,1,
7290005175428,false,קמח תירס 500 גרם,ג. וילי-פוד אינטרנשיונל בע`מ,,,'יח,5,ל-100 גרם,false,20,6.40,1.28,false,1,
7290005197758,false,עוגיות חיוכים של שוקו 150 גרם,שטראוס גרופ בע`מ,,,'יח,1.50,ל-100 גרם,false,12,4.90,3.27,false,1,
7290005199578,false,קפה נמס מיובש בהקפאה נטול קפאין 200ג,שטראוס גרופ בע`מ,,,'יח,2,ל-100 גרם,false,6,35.90,17.95,false,1,
7290005199738,false,מאסט פלוס מסטיק לריח פה נעים 30 גרם,שטראוס גרופ בע`מ,,,'יח,0.30,ל-100 גרם,false,16,4.40,14.67,false,1,
7290005200786,false,תפוצ`יפס שמנת עם בצל 50 גרם,שטראוס פריטו ליי בע`מ,,,'יח,0.50,ל-100 גרם,false,1,3.90,7.80,true,1,
7290005201455,false,קפה ארומה נמס מגורען 200 גרם,שטראוס גרופ בע`מ,,,'יח,2,ל-100 גרם,false,6,22.90,11.45,false,1,
7290005271786,false,ביצים עטוף 30*1 M,גליקסמן שיווק ביצים [1994] בעמ,,,'יח,1,,false,1,27.87,27.87,false,1,
7290005287206,false,.טונה סטארקיסט בשמן 4*160 גרם,דיפלומט מפיצים (1968) בע`מ,,,'יח,6.40,ל-100 גרם,false,1,24.90,3.89,true,1,
7290005287251,false,טונה סטארקיסט במים 4*160 גרם,דיפלומט מפיצים (1968) בע`מ,,,'יח,6.40,ל-100 גרם,false,12,24.90,3.89,true,1,
7290005287527,false,טונה סטארקיסט בשמן עם לימון בדצ 160ג,דיפלומט מפיצים (1968) בע`מ,,,'יח,1.60,ל-100 גרם,false,24,7.90,4.94,false,1,
7290005423833,false,פוליויקס פרקט נוזל 2 ליטר,החב. הדרומית לשיווק,,,'יח,20,"ל-100 מ""ל",false,1,21.90,1.10,false,1,
7290005423871,false,משחת שיניים אורביטול שלישיה 3*145 גר,החב. הדרומית לשיווק,,,'יח,4.29,ל-100 גרם,false,8,17.90,4.17,false,1,
7290005423918,false,מרכך כביסה סנו מקסימה לתינוק ירוק 4 ל`,החב. הדרומית לשיווק,,,'יח,40,"ל-100 מ""ל",false,1,21.90,0.55,false,1,
7290005424762,false,ריצפז פלוס ווקס נוזל דוחה חרקים 2 ל`,החב. הדרומית לשיווק,,,'יח,20,"ל-100 מ""ל",false,8,25.90,1.30,false,1,
7290005425646,false,סנוקליר נוזל לניקוי והברקה מתז 1 ליט,החב. הדרומית לשיווק,,,'יח,10,"ל-100 מ""ל",false,12,10.90,1.09,false,1,
7290005426803,false,מרכך כביסה סנו מקסימה פצ`ולי לבנדר4ליט,החב. הדרומית לשיווק,,,'יח,40,"ל-100 מ""ל",false,6,21.90,0.55,false,1,
7290005427725,false,ליטופים חמישייה מבושם,החב. הדרומית לשיווק,,,'יח,1,'יח,false,5,19.90,19.90,false,1,
7290005428852,false,סנו סופט ממחטות אף צבעוני שקית 5*100,החב. הדרומית לשיווק,,,'יח,6.50,ל-100 גרם,false,1,14.90,2.29,false,1,
7290005430602,false,סנו אוקסיג`ן מרסס מסיר כתמים 750 מ,החב. הדרומית לשיווק,,,'יח,7.50,"ל-100 מ""ל",false,12,17.90,2.39,true,1,
7290005559587,false,מאפה נקניקיה 800 גרם קפוא,תנובה מרכז שיתופי לשיווק תוצרת,,,'יח,8,ל-100 גרם,false,8,29.90,3.74,false,1,
7290005559907,false,פיצה משפחתית 500 גרם קפוא,תנובה מרכז שיתופי לשיווק תוצרת,,,'יח,5,ל-100 גרם,false,10,19.90,3.98,true,1,
7290005559914,false,פיצה משפחתית עם זיתים 550 גרם קפוא,תנובה מרכז שיתופי לשיווק תוצרת,,,'יח,5.50,ל-100 גרם,false,8,19.90,3.62,true,1,
7290005559990,false,בצק עלים פילאס תורכי 600 גרם קפוא,תנובה מרכז שיתופי לשיווק תוצרת,,,'יח,6,ל-100 גרם,false,16,22.90,3.82,false,1,
7290005591761,false,דבש טהור מפרחי בר בקבוק לחיץ 400 גרם,שטראוס גרופ בע`מ,,,'יח,4,ל-100 גרם,false,12,23.90,5.98,true,1,
7290005617454,false,אגוז מלך טחון 100 גר`,בוטנת בעמ חברה לקלייה ואריזת פ,,,'יח,2.50,ל-100 גרם,false,1,10.90,4.36,false,1,
7290005651069,false,לה-קט 2.85 קג מיקס,שחורי אריה ואנסטסיה,,,'יח,28.50,ל-100 גרם,false,1,59.90,2.10,false,1,
7290005651366,false,בונזו כבד 3 קג,שחורי אריה ואנסטסיה,,,'יח,30,ל-100 גרם,false,1,49.90,1.66,false,1,
7290005680052,false,אובה סופר פלוס 32 יחידות,ש. שסטוביץ בע`מ,,,'יח,0,ל-100 גרם,false,1,24.90,24.90,false,1,
7290005684135,false,לחם מחמצת שיפון עם אגוזים 650 גרם,המאפיה של הרמן בעמ,,,'יח,6.50,ל-100 גרם,false,1,15.90,2.45,false,1,
7290005838002,false,גבינה דניאלה וניל 100 גרם,שטראוס גרופ בע`מ,,,'יח,1.50,"ל-100 מ""ל",false,24,4.30,2.87,false,1,
7290005838613,false,גבינת סקי וניל %3 125 גרם,שטראוס גרופ בע`מ,,,'יח,1.25,ל-100 גרם,false,24,3.90,3.12,true,1,
7290005838972,false,סקי יום יום גבינה לבנה %5 125 גרם,שטראוס גרופ בע`מ,,,'יח,1.25,ל-100 גרם,false,24,3.60,2.88,false,1,
7290005839078,false,מארז ביו %3 8יח *150גרם,שטראוס גרופ בע`מ,,,'יח,1.50,ל-100 גרם,false,3,16.90,11.27,false,1,
7290005839108,false,גבינת סימפוניה 5% עם זיתים 200גרם,שטראוס גרופ בע`מ,,,'יח,2,ל-100 גרם,false,12,11.90,5.95,true,1,
7290005839313,false,מילקי Top עם שוקולדה מגולגלת 140 גרם,שטראוס גרופ בע`מ,,,'יח,1.30,"ל-100 מ""ל",false,20,4.90,3.77,false,1,
7290005938245,false,פסטו קלאסי 220 גרם,נטו מלינדה סחר בע`מ,,,'יח,2.20,ל-100 גרם,false,12,16.90,7.68,false,1,
7290005938627,false,ממרח עגבניות מיובשות 220 גרם,נטו מלינדה סחר בע`מ,,,'יח,2.20,ל-100 גרם,false,12,16.90,7.68,false,1,
7290005996979,false,סלמי פרח 200 גרם,מעדני יחיעם ( 1993 ) בע`מ,,,'יח,1.50,ל-100 גרם,false,1,23.90,15.93,false,1,
7290006251107,false,תה צ`אי מסאלה 25 שקיקים 50 גרם,תה ויסוצקי בע`מ,,,'יח,0.50,ל-100 גרם,false,1,19.90,39.80,false,1,
7290006251275,false,תה ירוק סיני קלאסי 25 שקיקים,תה ויסוצקי בע`מ,,,'יח,0.3750,ל-100 גרם,false,1,22.90,61.07,true,1,
7290006251374,false,תה ירוק לימונית וגינג`ר 25 שק`*1.5 ג,תה ויסוצקי בע`מ,,,'יח,0.25,ל-100 גרם,false,1,22.90,91.60,true,1,
7290006251589,false,תה ירוק בתוספת עלי נענע 50 שקיקים,תה ויסוצקי בע`מ,,,'יח,0.75,ל-100 גרם,false,1,41.90,55.87,true,1,
7290006271174,false,ג`חנון 700 גרם 6  יח`קפוא,תנובה מרכז שיתופי לשיווק תוצרת,,,'יח,7,ל-100 גרם,false,1,18.90,2.70,false,1,
7290006271181,false,ג`חנון אפוי 5  יח `750גרם קפוא,תנובה מרכז שיתופי לשיווק תוצרת,,,'יח,7.50,ל-100 גרם,false,10,22.90,3.05,false,1,
7290006271648,false,מיני בורקס תפו`א 800 גרם קפוא,תנובה מרכז שיתופי לשיווק תוצרת,,,'יח,8,ל-100 גרם,false,12,23.90,2.99,false,1,
7290006271655,false,מיני בורקס גבינה 800 גרם קפוא,תנובה מרכז שיתופי לשיווק תוצרת,,,'יח,8,ל-100 גרם,false,12,24.90,3.11,false,1,
7290006342645,false,טורטיה גדולה,דין שיווק וקליה 2021 בעמ,,,'יח,8.40,ל-100 גרם,false,1,14.90,1.77,false,1,
7290006346643,false,חומוס זעתר 250 גרם,ירין חזון שיווק ומזון,,,'יח,2.50,ל-100 גרם,false,1,9.90,3.96,false,1,
7290006374738,false,קונפיטורת תות 340 גרם,שטראוס גרופ בע`מ,,,'יח,3.40,ל-100 גרם,false,6,14.90,4.38,true,1,
7290006492685,false,גבינת לאבנה עיזים 250 גרם,מחלבות גד בעמ`,,,'יח,2.50,ל-100 גרם,false,1,17.90,7.16,false,1,
7290006546012,false,צילי נוסח מקסיקני 580 גרם,ויטה פרי גליל (החדשה) בע`מ,,,'יח,5.80,ל-100 גרם,false,1,7.90,1.36,true,1,
7290006546371,false,במיה 600 גרם,ויטה פרי גליל (החדשה) בע`מ,,,'יח,6,ל-100 גרם,false,20,10.90,1.82,false,1,
7290006546395,false,לקט העונה 800 גרם,ויטה פרי גליל (החדשה) בע`מ,,,'יח,8,ל-100 גרם,false,18,9.90,1.24,true,1,
7290006567048,false,פתיתי קוסקוס ישראלי 350 גרם,קבוצת אסם סחר,,,'יח,3.50,ל-100 גרם,false,1,7.30,2.09,false,1,
7290006618085,false,אסטוניש קצף לניקוי חדר אמבטיה 750 מל,יעקב יעקבי ובניו בע`מ,,,'יח,7.50,"ל-100 מ""ל",false,1,11.90,1.59,false,1,
7290006653765,false,פרפקטו פסטה פטוצ`יני 500 גרם,קבוצת אסם סחר,,,'יח,5,ל-100 גרם,false,1,6.90,1.38,true,1,
7290006653819,false,קוסקוס אמיתי דק בשקית 350 גרם,קבוצת אסם סחר,,,'יח,3.50,ל-100 גרם,false,1,7.90,2.26,false,1,
7290006664051,false,דנונה Actimel יוגורט טבעי 14*100 מ`ל,שטראוס גרופ בע`מ,,,'יח,1,ל-100 גרם,false,1,29.90,29.90,false,1,
7290006664402,false,גבינת סקי לבנה 5% 750 גרם,שטראוס גרופ בע`מ,,,'יח,7.50,ל-100 גרם,false,6,14.90,1.99,false,1,
7290006664532,false,דנונה יוגורט תות 3% 150 גרם,שטראוס גרופ בע`מ,,,'יח,1.50,"ל-100 מ""ל",false,24,3.90,2.60,true,1,
7290006664655,false,דנונה Actimel יוגורט טבעי 8*100 מ``ל,שטראוס גרופ בע`מ,,,'יח,8,"ל-100 מ""ל",false,6,21.90,2.74,false,1,
7290006664693,false,דנונה יוגורט אפרסק 3% 150 גרם,שטראוס גרופ בע`מ,,,'יח,1.50,"ל-100 מ""ל",false,24,3.90,2.60,true,1,
7290006664990,false,מארז ביו 1.7% 8*150 גרם,שטראוס גרופ בע`מ,,,'יח,1.50,ל-100 גרם,false,3,16.90,11.27,false,1,
7290006666314,false,טחינה 300 גרם,כ.מ.מ שיווק סלטי משני בעמ,,,'יח,1.50,ל-100 גרם,false,1,12.90,8.60,false,1,
7290006666338,false,טחינה ירוקה 300 גרם,כ.מ.מ שיווק סלטי משני בעמ,,,'יח,3,ל-100 גרם,false,1,13.90,4.63,false,1,
7290006666345,false,חציל במיונז 300 גרם,כ.מ.מ שיווק סלטי משני בעמ,,,'יח,3,ל-100 גרם,false,1,19.90,6.63,false,1,
7290006666413,false,סלט כרוב אדום  300 גרם,כ.מ.מ שיווק סלטי משני בעמ,,,'יח,3,ל-100 גרם,false,1,15.90,5.30,false,1,
7290006666437,false,סלט טורקי 300 גרם,כ.מ.מ שיווק סלטי משני בעמ,,,'יח,3,ל-100 גרם,false,1,15.90,5.30,false,1,
7290006666468,false,סלט גזר בלימון 300 גרם,כ.מ.מ שיווק סלטי משני בעמ,,,'יח,3,ל-100 גרם,false,1,19.90,6.63,false,1,
7290006666628,false,סלט ביצים 300 גרם,כ.מ.מ שיווק סלטי משני בעמ,,,'יח,3,ל-100 גרם,false,1,29.90,9.97,false,1,
7290006681553,false,קרמבו בטעם וניל 8*24 גרם,שטראוס גלידות,,,'יח,19.20,ל-100 גרם,false,1,16.90,0.88,false,1,
7290006681560,false,קרמבו בטעם מוקה 8*24 גרם,שטראוס גלידות,,,'יח,19.20,ל-100 גרם,false,1,16.90,0.88,false,1,
7290006681577,false,אסקימו קרחוני לימון ודובדבן 10*70 גר,שטראוס גלידות,,,'יח,0.70,ל-100 גרם,false,1,16.90,24.14,true,1,
7290006712981,false,קולגייט משחת שיניים Smiles משחת שיניים,ש. שסטוביץ בע`מ,,,'יח,0.50,ל-100 גרם,false,1,11.90,23.80,false,1,
7290006739292,false,פסטרמה חזה תבור מעושן 330גר,נקניק זוגלובק נהריה,,,'יח,3.30,ל-100 גרם,false,1,26.90,8.15,true,1,
7290006739414,false,סלמי קוניאק 300 גרם,נקניק זוגלובק נהריה,,,'יח,3,ל-100 גרם,false,1,26.90,8.97,true,1,
7290006742278,false,פסטרמה צלויה על גחלים 330 גרם,נקניק זוגלובק נהריה,,,'יח,3.30,ל-100 גרם,false,1,26.90,8.15,true,1,
7290006742292,false,פסטרמה בדבש 330 גרם,נקניק זוגלובק נהריה,,,'יח,3.30,ל-100 גרם,false,1,26.90,8.15,true,1,
7290006765000,false,טורטיה מקמח מלא 12  יח `540גר`,דין שיווק וקליה 2021 בעמ,,,'יח,5.40,ל-100 גרם,false,1,9.90,1.83,false,1,
7290006775016,false,עוגת תפוזים 450 גרם,אחדות ביתחרושת לטחינה חלבה,,,'יח,4.50,ל-100 גרם,false,1,9.90,2.20,true,1,
7290006775023,false,עוגה אנגלית 450 גרם,אחדות ביתחרושת לטחינה חלבה,,,'יח,4.50,ל-100 גרם,false,1,9.90,2.20,true,1,
7290006775047,false,עוגת שוקולד 450 גרם,אחדות ביתחרושת לטחינה חלבה,,,'יח,4.50,ל-100 גרם,false,1,9.90,2.20,true,1,
7290006775078,false,עוגת דבש 400 גרם,אחדות ביתחרושת לטחינה חלבה,,,'יח,4,ל-100 גרם,false,1,6.90,1.73,true,1,
7290006775085,false,עוגת שמרים עם שוקולד 400 גרם,אחדות ביתחרושת לטחינה חלבה,,,'יח,4,ל-100 גרם,false,1,11.90,2.98,false,1,
7290006775191,false,ממאפין ממולא בשוקולד 50 גר`,אחדות ביתחרושת לטחינה חלבה,,,'יח,0.50,ל-100 גרם,false,1,1.50,3,true,1,
7290006775764,false,אחוה עוגת  שוק`צ`יפס ללא סוכר 400 גר,אחדות ביתחרושת לטחינה חלבה,,,'יח,4,ל-100 גרם,false,1,11.90,2.98,false,1,
7290006775801,false,רוגעלך שוקולד 400 גר`,אחדות ביתחרושת לטחינה חלבה,,,'יח,4,ל-100 גרם,false,1,9.90,2.48,true,1,
7290006775900,false,.עוגיות מרוקאיות 500 גר`,אחדות ביתחרושת לטחינה חלבה,,,'יח,5,ל-100 גרם,false,1,9.90,1.98,true,1,
7290006784230,false,כפפות ניטרל שחור ללא אבקה S,קומפלקס כימקלים בעמ`,,,'יח,1,'יח,false,1,21.90,21.90,true,1,
7290006784414,false,"מתז מבשם כביסה ניחוח מלון ספא 500 מ""ל",קומפלקס כימקלים בעמ`,,,'יח,5,"ל-100 מ""ל",false,1,14.90,2.98,true,1,
7290006983176,false,לחמית שיפון 230 גרם,קבוצת אסם סחר,,,'יח,2.30,ל-100 גרם,false,1,9.90,4.30,true,1,
7290006983763,false,עוגת שוקולד 400 גרם,קבוצת אסם סחר,,,'יח,4,ל-100 גרם,false,1,12.90,3.23,false,1,
7290006983770,false,עוגת שיש 400 גרם,קבוצת אסם סחר,,,'יח,4,ל-100 גרם,false,1,12.90,3.23,false,1,
7290006983787,false,עוגת שוקולד צ`יפס 400 גרם,קבוצת אסם סחר,,,'יח,4,ל-100 גרם,false,1,12.90,3.23,false,1,
7290006983794,false,עוגת תפוז 400 גרם,קבוצת אסם סחר,,,'יח,4,ל-100 גרם,false,1,12.90,3.23,false,1,
7290006992192,false,דייסת סולת 200 גרם,קבוצת אסם סחר,,,'יח,2,ל-100 גרם,false,1,13.90,6.95,false,1,
7290006992208,false,דייסת 8 דגנים מעורבים 200 גרם,קבוצת אסם סחר,,,'יח,2,ל-100 גרם,false,1,13.90,6.95,false,1,
7290008000246,false,פמינה 220 מל עם אלוורה,גורי ע.ע.ע. בע`מ,,,'יח,2.20,"ל-100 מ""ל",false,1,24.90,11.32,false,1,
7290008000826,false,משחת שיניים לילדים ברבי 70 גרם,גורי ע.ע.ע. בע`מ,,,'יח,0.70,ל-100 גרם,false,36,10.90,15.57,false,1,
7290008104050,false,פמינה שטיפה אינטימית PH 3.5,גורי ע.ע.ע. בע`מ,,,'יח,2.20,"ל-100 מ""ל",false,12,24.90,11.32,false,1,
7290008116565,false,שטיפת פה ליסטרין מנטה מרענן 500 מ`ל,שקד תבל בע`מ,,,'יח,5,"ל-100 מ""ל",false,1,14.90,2.98,false,1,
7290008154222,false,שניצלונים 700 גרם קפוא,קבוצת אסם סחר,,,'יח,7,ל-100 גרם,false,1,16.90,2.41,true,1,
7290008175210,false,פרמג`נו מגורדת 90 גרם,ג. וילי-פוד אינטרנשיונל בע`מ,,,'יח,9,ל-100 גרם,false,1,14.90,1.66,false,1,
7290008175692,false,נודלס אטריות ביצים להקפצה 400 גרם,ג. וילי-פוד אינטרנשיונל בע`מ,,,'יח,4,ל-100 גרם,false,1,6.90,1.73,false,1,
7290008330107,false,בדין מרכך כביסה סגול 4 ליטר,יוניליוור ישראל שיווק בע`מ,,,'יח,40,"ל-100 מ""ל",false,1,19.90,0.50,false,1,
7290008343466,false,בצק פילו 500 גרם קפוא,נטו מלינדה סחר בע`מ,,,'יח,5,ל-100 גרם,false,12,19.90,3.98,true,1,
7290008343558,false,סיגרים במילוי בשר פיקנטי 1 ק``ג קפוא,נטו מלינדה סחר בע`מ,,,'יח,10,ל-100 גרם,false,8,19.90,1.99,false,1,
7290008343619,false,פסטלים במילוי תפו``א 1 ק``ג קפוא,נטו מלינדה סחר בע`מ,,,'יח,10,ל-100 גרם,false,8,19.90,1.99,false,1,
7290008343626,false,כדורי פלאפל 1 קג קפוא,נטו מלינדה סחר בע`מ,,,'יח,10,ל-100 גרם,false,8,19.90,1.99,false,1,
7290008345576,false,איקרא ביתית לבנה 300 גרם,נטו מלינדה סחר בע`מ,,,'יח,3,ל-100 גרם,false,6,19.90,6.63,false,1,
7290008345583,false,איקרא ביתית ורודה 300 גרם,נטו מלינדה סחר בע`מ,,,'יח,3,ל-100 גרם,false,6,19.90,6.63,false,1,
7290008409049,false,שניצלונים מיני מיני דק בציפוי שומשום 5,תנובה מרכז שיתופי לשיווק תוצרת,,,'יח,5,ל-100 גרם,false,14,25.90,5.18,true,1,
7290008409124,false,שניצל ג`ונגל בציפוי פריך 700 גרם קפוא,תנובה מרכז שיתופי לשיווק תוצרת,,,'יח,7,ל-100 גרם,false,10,34.90,4.99,false,1,
7290008409216,false,שניצל דק דק פריך 700 גרם קפוא,תנובה מרכז שיתופי לשיווק תוצרת,,,'יח,7,ל-100 גרם,false,10,41.90,5.99,true,1,
7290008409315,false,שניצלונים מיני מיני דק בציפוי פריך 500,תנובה מרכז שיתופי לשיווק תוצרת,,,'יח,5,ל-100 גרם,false,14,24.90,4.98,true,1,
7290008409551,false,שניצל עוף אמיתי בציפוי מעודן 700 גרם ק,תנובה מרכז שיתופי לשיווק תוצרת,,,'יח,7,ל-100 גרם,false,10,41.90,5.99,true,1,
7290008409605,false,כוכבי עוף בציפוי מעודן 700 גרם קפוא,תנובה מרכז שיתופי לשיווק תוצרת,,,'יח,7,ל-100 גרם,false,10,34.90,4.99,false,1,
7290008409773,false,קציצות עוף אמיתיות קפואות 700 גרם קפוא,תנובה מרכז שיתופי לשיווק תוצרת,,,'יח,7,ל-100 גרם,false,10,31.90,4.56,false,1,
7290008415514,false,חומוס עם חריף 150 גרם,קבוצת אסם סחר,,,'יח,1.50,ל-100 גרם,false,1,4.90,3.27,false,1,
7290008415576,false,חומוס 850 גרם,קבוצת אסם סחר,,,'יח,8.50,ל-100 גרם,false,1,12.90,1.52,false,1,
7290008493413,false,פרורי גרסיני טבעי 200 גרם,דנאגיס בעמ,,,'יח,2,ל-100 גרם,false,16,6.90,3.45,true,1,
7290008644839,false,חסה 300 גרם,ביכורי השדה הצפון בעמ` 1964,,,'יח,3,ל-100 גרם,false,1,9.90,3.30,false,1,
7290008644945,false,סלט המושבה 450 גרם,ביכורי השדה הצפון בעמ` 1964,,,'יח,4.50,'יח,false,1,12.90,2.87,false,1,
7290008645935,false,אחלה חומוס לניגוב 750 גרם,שטראוס גרופ בע`מ,,,'יח,7.50,ל-100 גרם,false,6,10.90,1.45,true,1,
7290008693134,false,גבינה דניאלה תות %5 100 גרם,שטראוס גרופ בע`מ,,,'יח,1.50,"ל-100 מ""ל",false,24,4.30,2.87,false,1,
7290008726610,false,רולר 10 מטר,שחורי אריה ואנסטסיה,,,'יח,1,,false,1,19.90,19.90,false,1,
7290008745239,false,תפוצ`יפס Extra בטעם טבעי 55 גרם,שטראוס פריטו ליי בע`מ,,,'יח,0.55,ל-100 גרם,false,1,3.90,7.09,true,1,
7290008747547,false,תפוצ`יפס Extra בטעם טבעי 200 גרם,שטראוס פריטו ליי בע`מ,,,'יח,2,ל-100 גרם,false,1,10.90,5.45,true,1,
7290008750264,false,מסטיק מאסט בטעם דובדבן 28 גרם,שטראוס גרופ בע`מ,,,'יח,0.28,ל-100 גרם,false,16,4.40,15.71,false,1,
7290008751902,false,קפה טורקי שחור קלוי וטחון ואקום 1קג,שטראוס גרופ בע`מ,,,'יח,1,,false,6,47,47,false,1,
7290008752244,false,תפוצ`יפס Extra בטעם גריל אמריקאי 50,שטראוס פריטו ליי בע`מ,,,'יח,0.50,ל-100 גרם,false,1,3.90,7.80,true,1,
7290008753111,false,תפוצ`יפס בטעם מקסיקני Extra קראנצ`50,שטראוס פריטו ליי בע`מ,,,'יח,0.50,ל-100 גרם,false,1,3.90,7.80,true,1,
7290008754415,false,מסטיק מאסט בטעם מנטה עדין 28 גרם כשלפ,שטראוס גרופ בע`מ,,,'יח,0.28,ל-100 גרם,false,16,4.40,15.71,false,1,
7290008754422,false,מסטיק מאסט בטעם מנטה קלאסי 28 גרם,שטראוס גרופ בע`מ,,,'יח,0.28,ל-100 גרם,false,16,4.40,15.71,false,1,
7290008775816,false,ערגליות שוקו 300 גרם,קבוצת אסם סחר,,,'יח,3,ל-100 גרם,false,1,9.90,3.30,true,1,
7290008775823,false,ערגליות תות 300 גרם,קבוצת אסם סחר,,,'יח,3,ל-100 גרם,false,1,9.90,3.30,true,1,
7290008801010,false,קברנה סוביניון מרלו אדום יבש 750 מל,אגודת הכורמים,,,'יח,7.50,"ל-100 מ""ל",false,1,39.90,5.28,true,1,
7290008801157,false,יין מרלו סלקטד אדום יבש 750 מל,אגודת הכורמים,,,'יח,7.50,"ל-100 מ""ל",false,1,29.90,3.95,true,1,
7290008801843,false,קברנה סוביניון סלקטד אדום יבש 750 מל,אגודת הכורמים,,,'יח,7.50,"ל-100 מ""ל",false,1,29.90,3.95,true,1,
7290008801850,false,אמרלד ריזלינג לבן חצי יבש 750 מל,אגודת הכורמים,,,'יח,7.50,"ל-100 מ""ל",false,1,29.90,3.95,true,1,
7290008802512,false,יין אדום יבש 750 מל-וינו,אגודת הכורמים,,,'יח,7.50,"ל-100 מ""ל",false,1,21.90,2.88,true,1,
7290008802529,false,יין לבן יבש 750 מל-וינו,אגודת הכורמים,,,'יח,7.50,"ל-100 מ""ל",false,1,21.90,2.88,true,1,
7290008802895,false,יין קברנה סוביניון אדום יבש 750 מל,אגודת הכורמים,,,'יח,7.50,"ל-100 מ""ל",false,1,39.90,5.28,true,1,
7290008805384,false,יין מוסקטו לבן חצי יבש 750 מל,אגודת הכורמים,,,'יח,7.50,"ל-100 מ""ל",false,1,29.90,3.95,true,1,
7290008805520,false,קברנה סוביניון-מרלו יין אדום יבש 750,אגודת הכורמים,,,'יח,7.50,"ל-100 מ""ל",false,1,29.90,3.95,true,1,
7290008806961,false,גלידה שוקולד עם שבבי  שוק`פרה 1.33ל`,שטראוס גלידות,,,'יח,13.30,"ל-100 מ""ל",false,1,19.90,1.50,true,1,
7290008835343,false,לשון בקר ארגנטינה קפוא מוכשר,בלדי בע`מ,,,"ק""ג",1,,true,1,32.90,32.90,false,1,
7290008849470,false,פלפל צומה ושום 185 גרם,תה ויסוצקי בע`מ,,,'יח,1.85,ל-100 גרם,false,1,13.90,7.51,true,1,
7290008975780,false,בונזו גזע קטן 3 קג,שחורי אריה ואנסטסיה,,,'יח,30,ל-100 גרם,false,1,49.90,1.66,false,1,
7290010002023,false,כורכום הודי טחון 100 גרם,א.ל. ייצור ושיווק תבלינים בע`מ,,,'יח,1,ל-100 גרם,false,1,11.90,11.90,false,1,
7290010002078,false,פלפל שחור טחון 100 גרם,א.ל. ייצור ושיווק תבלינים בע`מ,,,'יח,1,ל-100 גרם,false,1,14.90,14.90,false,1,
7290010002108,false,פלפל שחור גרוס גס 90 גרם,א.ל. ייצור ושיווק תבלינים בע`מ,,,'יח,9,ל-100 גרם,false,1,14.90,1.66,false,1,
7290010002122,false,פפריקה הונגרית מתוקה 100 גרם,א.ל. ייצור ושיווק תבלינים בע`מ,,,'יח,1,ל-100 גרם,false,1,11.90,11.90,true,1,
7290010002283,false,תבלין על האש 100 גרם,א.ל. ייצור ושיווק תבלינים בע`מ,,,'יח,1,ל-100 גרם,false,1,11.90,11.90,false,1,
7290010002290,false,תערובת לשווארמה טורקית 100 גרם,א.ל. ייצור ושיווק תבלינים בע`מ,,,'יח,1,ל-100 גרם,false,1,11.90,11.90,false,1,
7290010002320,false,תבלין גריל עוף 100 גרם,א.ל. ייצור ושיווק תבלינים בע`מ,,,'יח,1,ל-100 גרם,false,1,11.90,11.90,false,1,
7290010002344,false,תבלין לדג 100 גרם,א.ל. ייצור ושיווק תבלינים בע`מ,,,'יח,1,ל-100 גרם,false,1,11.90,11.90,false,1,
7290010002375,false,מדרס קארי 100 גרם,א.ל. ייצור ושיווק תבלינים בע`מ,,,'יח,1,ל-100 גרם,false,1,11.90,11.90,false,1,
7290010002405,false,טימין הררי 40 גרם,א.ל. ייצור ושיווק תבלינים בע`מ,,,'יח,4,ל-100 גרם,false,1,9.90,2.48,false,1,
7290010002481,false,שום טחון 100 גרם,א.ל. ייצור ושיווק תבלינים בע`מ,,,'יח,1,ל-100 גרם,false,1,14.90,14.90,false,1,
7290010002597,false,כוסברה ירוקה 30 גרם,א.ל. ייצור ושיווק תבלינים בע`מ,,,'יח,0.20,ל-100 גרם,false,1,9.90,49.50,false,1,
7290010002658,false,פלפל יבש מתוק 150 גר`,א.ל. ייצור ושיווק תבלינים בע`מ,,,'יח,1.50,ל-100 גרם,false,1,14.90,9.93,false,1,
7290010003075,false,פפריקה מרוקאית מתוקה 400 גרם,א.ל. ייצור ושיווק תבלינים בע`מ,,,'יח,4,ל-100 גרם,false,1,23.90,5.98,false,1,
7290010003686,false,עלי דפנה שקית 20 גרם,א.ל. ייצור ושיווק תבלינים בע`מ,,,'יח,2,ל-100 גרם,false,1,5.90,2.95,false,1,
7290010003693,false,פפריקה מתוקה שקית 80 גרם,א.ל. ייצור ושיווק תבלינים בע`מ,,,'יח,8,ל-100 גרם,false,1,5.90,0.74,false,1,
7290010003709,false,פלפל שחור טחון שקית 50 גרם,א.ל. ייצור ושיווק תבלינים בע`מ,,,'יח,5,ל-100 גרם,false,1,8.90,1.78,false,1,
7290010003754,false,כמון טחון שקית 50 גרם,א.ל. ייצור ושיווק תבלינים בע`מ,,,'יח,5,ל-100 גרם,false,1,5.90,1.18,false,1,
7290010003792,false,מלח לימון שקית 100 גרם,א.ל. ייצור ושיווק תבלינים בע`מ,,,'יח,1,ל-100 גרם,false,1,5.90,5.90,false,1,
7290010003808,false,זעתר ושומשום שקית 80 גרם,א.ל. ייצור ושיווק תבלינים בע`מ,,,'יח,8,ל-100 גרם,false,1,5.90,0.74,false,1,
7290010003822,false,פפריקה חריפה שקית 80 גרם,א.ל. ייצור ושיווק תבלינים בע`מ,,,'יח,8,ל-100 גרם,false,1,5.90,0.74,false,1,
7290010116980,false,שוקולית אבקה להכנת משקה שוקו שקית 850,שטראוס גרופ בע`מ,,,'יח,8.50,ל-100 גרם,false,6,17.90,2.11,false,1,
7290010117864,false,חטיף דוריטוס חריף אש 70 גרם,שטראוס פריטו ליי בע`מ,,,'יח,0.70,ל-100 גרם,false,1,3.90,5.57,true,1,
7290010117970,false,סבבה בוטנים אמריקאים 50 גר`,שטראוס פריטו ליי בע`מ,,,'יח,0.50,ל-100 גרם,false,1,1.90,3.80,false,1,
7290010124503,false,שומן כבש קפוא ארוז 200גר,בלדי בע`מ,,,'יח,2,ל-100 גרם,false,30,11.90,5.95,false,1,
7290010154005,false,סחוג תימני 250 גרם,נטו מלינדה סחר בע`מ,,,'יח,2.50,ל-100 גרם,false,12,12.90,5.16,false,1,
7290010154036,false,עמבה 250 גר`,נטו מלינדה סחר בע`מ,,,'יח,2.50,ל-100 גרם,false,12,12.90,5.16,false,1,
7290010154050,false,ממרח שיפקה כבוש 250 גרם,נטו מלינדה סחר בע`מ,,,'יח,2.50,ל-100 גרם,false,12,12.90,5.16,false,1,
7290010154425,false,סחוג ירוק 130 גרם,נטו מלינדה סחר בע`מ,,,'יח,1.30,ל-100 גרם,false,12,7.90,6.08,false,1,
7290010161669,false,"אדם פריימר דאורדורנט ספריי לגבר 200 מ""",ש. שסטוביץ בע`מ,,,'יח,1,'יח,false,1,14.90,14.90,false,1,
7290010237531,false,פפסי קולה בקבוק 500 מ``ל,טמפו משקאות בע`מ,,,'יח,5,"ל-100 מ""ל",false,24,4.80,0.90,true,1,
7290010237548,false,פפסי מקס בקבוק 500 מ``ל,טמפו משקאות בע`מ,,,'יח,5,"ל-100 מ""ל",false,24,4.80,0.90,true,1,
7290010237586,false,משקה דיאט 7UP בקבוק 500 מ``ל,טמפו משקאות בע`מ,,,'יח,5,"ל-100 מ""ל",false,24,4.80,0.90,true,1,
7290010259366,false,אטריות ביצים מסולסלות 200 גרם,ג. וילי-פוד אינטרנשיונל בע`מ,,,'יח,2,ל-100 גרם,false,24,4.90,2.45,false,1,
7290010259823,false,מנת השף נודלס בטעם עוף 70 גרם,ג. וילי-פוד אינטרנשיונל בע`מ,,,'יח,7,ל-100 גרם,false,1,4.90,0.70,false,1,
7290010259830,false,מנת השף נודלס בסגנון סיני-פיקנטי 70ג,ג. וילי-פוד אינטרנשיונל בע`מ,,,'יח,7,ל-100 גרם,false,1,4.90,0.70,false,1,
7290010259991,false,צנימים 250 גרם,ג. וילי-פוד אינטרנשיונל בע`מ,,,'יח,2.50,ל-100 גרם,false,24,7.90,3.16,false,1,
7290010279227,false,זיקוק 15 ס`מ 6 יח`,שמחה זה אנחנו בע`מ,,,'יח,1,,false,1,19.90,19.90,false,1,
7290010328239,false,טחינה 500 גרם מתובלת,אחדות ביתחרושת לטחינה חלבה,,,'יח,5,ל-100 גרם,false,1,11.90,2.38,true,1,
7290010328246,false,טחינה משומשום מלא 500 גרם,אחדות ביתחרושת לטחינה חלבה,,,'יח,5,ל-100 גרם,false,1,10.90,2.18,true,1,
7290010328253,false,טחינה משומשום טבעי 500 גרם,אחדות ביתחרושת לטחינה חלבה,,,'יח,5,ל-100 גרם,false,1,10.90,2.18,true,1,
7290010328451,false,חלוה עם פולי קקאו במגש 400 גר`,אחדות ביתחרושת לטחינה חלבה,,,'יח,4,ל-100 גרם,false,1,12.90,3.23,false,1,
7290010471669,false,דנונה בר תות קורנפלקס 175מ`ל,שטראוס גרופ בע`מ,,,'יח,1.75,"ל-100 מ""ל",false,24,4.60,2.63,false,1,
7290010548514,false,עשבי תיבול לבישול איטלקי 70 גרם,קבוצת אסם סחר,,,'יח,0.70,ל-100 גרם,false,1,12.90,18.43,false,1,
7290010609727,false,שלוקים פופס קידס 70  יח`,דודו הדיל בעמ,,,'יח,1,,false,1,13.90,13.90,false,1,
7290010609871,false,קרטון טרופיות ענבים 18 יחידות,דודו הדיל בעמ,,,'יח,22.90,"ל-100 מ""ל",false,1,16.90,0.74,false,1,
7290010627004,false,טחינה ירושליים 500 גר`,תה ויסוצקי בע`מ,,,'יח,5,ל-100 גרם,false,1,15.90,3.18,true,1,
7290010627844,false,טחינה ירושליים 500 מלא,תה ויסוצקי בע`מ,,,'יח,5,ל-100 גרם,false,1,15.90,3.18,true,1,
7290010650033,false,בצלצלי שלוט מגשית 350 גר,ביכורי השדה הצפון בעמ` 1964,,,'יח,1,,false,1,12.90,12.90,false,1,
7290010650828,false,פטריות שי מג`י  לבן,ביכורי השדה הצפון בעמ` 1964,,,'יח,1,,false,1,11.90,11.90,false,1,
7290010711543,false,כף אשפה+גומי,ד.ג.ש ייבוא ושיווק בעמ,,,'יח,1,,false,1,5.90,5.90,false,1,
7290010711901,false,מיקרופייבר שלישייה לרצפה שייני,מ.א. יצור ויבוא מטליות בעמ`,,,'יח,1,,false,1,13.90,13.90,false,1,
7290010711918,false,מיקרופייבר חמישייה לניקוי כללי,מ.א. יצור ויבוא מטליות בעמ`,,,'יח,1,,false,1,7.90,7.90,true,1,
7290010757930,false,מלוואח ללא גלוטן 500 גרם,מאפית אריאל שיווק והפצה,,,'יח,5,ל-100 גרם,false,1,19.90,3.98,false,1,
7290010766949,false,ממרח תחתיות לארטישוק,תה ויסוצקי בע`מ,,,'יח,1.80,ל-100 גרם,false,12,13.90,7.72,true,1,
7290010766956,false,ממרח פלפלים קלויים,תה ויסוצקי בע`מ,,,'יח,1,,false,12,13.90,13.90,true,1,
7290010814695,false,חופשי שוקולד מריר ללא סוכר 85 גרם,כרמית תעשיות ממתקים בעמ,,,'יח,0.85,,false,1,5.90,6.94,false,1,
7290010838424,false,טואלט דאק נוזל לאסלה ירוק 2*750 מל,דנאגיס בעמ,,,'יח,1.50,לליטר,false,1,18.90,12.60,true,1,
7290010839865,false,רכז רימונים 320 גר`,ג. וילי-פוד אינטרנשיונל בע`מ,,,'יח,3.20,"ל-100 מ""ל",false,1,11.70,3.66,false,1,
7290010883042,false,סנובון נוזלי לאסלה תות 750 מל,החב. הדרומית לשיווק,,,'יח,7.50,"ל-100 מ""ל",false,12,10.90,1.45,true,1,
7290010883356,false,סושי כפפות אלוורה L,החב. הדרומית לשיווק,,,'יח,1,,false,1,10.90,10.90,false,1,
7290010883370,false,סושי כפפות אלוורה M,החב. הדרומית לשיווק,,,'יח,1,,false,12,10.90,10.90,false,1,
7290010922017,false,אננס קפוא 250 גר` shake i,בלדי בע`מ,,,'יח,2.50,ל-100 גרם,false,1,11.90,4.76,true,1,
7290010922857,false,מנגו קפוא 250 גר` shake it,בלדי בע`מ,,,'יח,2.50,ל-100 גרם,false,1,11.90,4.76,true,1,
7290010945450,false,גבינה לבנה רכה מהדרין %3 250 גרם,החברה המרכזית להפצה,,,'יח,2.50,ל-100 גרם,false,1,5,2,false,1,
7290011015862,false,סירופ דיאט לימונענע 750 מל פיקדון,החברה המרכזית להפצת משקאות בע`,,,'יח,7.50,"ל-100 מ""ל",false,6,21.90,2.88,false,1,
7290011015985,false,סירופ דיאט אננס 750 מל פיקדון,החברה המרכזית להפצת משקאות בע`,,,'יח,7.50,"ל-100 מ""ל",false,6,21.90,2.88,false,1,
7290011026066,false,סרקל שמפו ומרכך שיער לילדים 1 ליטר,"פישר תעשיות פרמצבטיות בע""מ",,,'יח,10,"ל-100 מ""ל",false,1,27.90,2.79,true,1,
7290011081690,false,קרמיסימו פרווה שוקו צ`יפ וניל צ`יפ1.,שטראוס גלידות,,,'יח,13.30,"ל-100 מ""ל",false,1,19.90,1.50,true,1,
7290011126957,false,תה ירוק ארל גריי 25שק`*1.5 גרם,תה ויסוצקי בע`מ,,,'יח,0.3750,ל-100 גרם,false,1,22.90,61.07,true,1,
7290011148362,false,כרוב אדום מהדרין,ביכורי השדה הצפון בעמ` 1964,,,'יח,1,,true,1,14.90,14.90,false,1,
7290011148447,false,מיקס בייבי,ביכורי השדה הצפון בעמ` 1964,,,'יח,1,'יח,false,1,14.90,14.90,false,1,
7290011194215,false,גבינה דניאלה בננה 5% 100 גרם,שטראוס גרופ בע`מ,,,'יח,1.50,"ל-100 מ""ל",false,24,4.30,2.87,false,1,
7290011194246,false,קוטג`שטראוס 5% 250 גרם,שטראוס גרופ בע`מ,,,'יח,2.50,ל-100 גרם,false,12,5.90,2.36,false,1,
7290011223038,false,עלים לקרמשניט 300 גרם,דנאגיס בעמ,,,'יח,3,ל-100 גרם,false,1,17.90,5.97,false,1,
7290011223045,false,בישקוטים 200 ג`ר,דנאגיס בעמ,,,'יח,2,ל-100 גרם,false,1,6.90,3.45,false,1,
7290011223243,false,טואלט דאק ג`ל לאסלה לבנדר 55 מל,דנאגיס בעמ,,,'יח,0.55,"ל-100 מ""ל",false,1,10.90,19.82,true,1,
7290011249250,false,גביעי גלידה אמריקה 24  יח`גילרו,מ.ד אטיאס סוכנויות מזון בע`מ,,,'יח,1,ל-100 גרם,false,1,8.90,8.90,false,1,
7290011435226,false,דבש טהור פרחי בר לחיץ 650גר,שטראוס גרופ בע`מ,,,'יח,6.50,ל-100 גרם,false,9,34.90,5.37,false,1,
7290011447267,false,מטרנה חלבי שלב 1 700 גרם,קבוצת אסם סחר,,,'יח,7,ל-100 גרם,false,1,54.90,7.84,false,1,
7290011447281,false,מטרנה חלבי שלב 2 700 גרם,קבוצת אסם סחר,,,'יח,7,ל-100 גרם,false,1,54.90,7.84,false,1,
7290011447304,false,מטרנה חלבי שלב 3 700 גרם,קבוצת אסם סחר,,,'יח,7,ל-100 גרם,false,1,54.90,7.84,false,1,
7290011447359,false,מטרנה מהדרין שלב 1 700 גרם,קבוצת אסם סחר,,,'יח,7,ל-100 גרם,false,1,54.90,7.84,false,1,
7290011447373,false,מטרנה מהדרין שלב 2 700 גרם,קבוצת אסם סחר,,,'יח,7,ל-100 גרם,false,1,54.90,7.84,false,1,
7290011447748,false,מזון לחתולים יבש עם דגי אוקיינוס וטונה ס,שחורי אריה ואנסטסיה,,,'יח,1.56,ל-100 גרם,false,1,49.90,31.99,false,1,
7290011499112,false,גבינה בולגרית 16% 250 גרם,מחלבות גד בעמ`,,,'יח,2.50,ל-100 גרם,false,1,24.70,9.88,false,1,
7290011499358,false,גבינת פטה עיזים 200 גרם,מחלבות גד בעמ`,,,'יח,2,ל-100 גרם,false,1,27.90,13.95,false,1,
7290011499419,false,גבינת ניו יורק לייט טבעי 5%,מחלבות גד בעמ`,,,'יח,2,ל-100 גרם,false,1,11.90,5.95,false,1,
7290011515911,false,שלגוני לייט ריבת חלב עם סירופ 6*52 גרם,נגה גלידות שותפות מוגבלת,,,'יח,0.52,ל-100 גרם,false,1,27.90,53.65,false,1,
7290011518561,false,דנונה Actimel בטעם תות שדה 14*100 מל,שטראוס גרופ בע`מ,,,'יח,1,ל-100 גרם,false,3,29.90,29.90,false,1,
7290011524548,false,גרגירי חומוס 800 גרם,ויטה פרי גליל (החדשה) בע`מ,,,'יח,8,ל-100 גרם,false,20,12.90,1.61,true,1,
7290011524555,false,שעועית לבנה מבושלת 800 גרם,ויטה פרי גליל (החדשה) בע`מ,,,'יח,8,ל-100 גרם,false,20,12.90,1.61,false,1,
7290011552022,false,פטס מנטרל ריחות טבעי 500 מל,שחורי אריה ואנסטסיה,,,'יח,5,ל-100 גרם,false,1,39.90,7.98,false,1,
7290011587758,false,נודלס 200  גר`דק,תומר ייבוא ושיווק מוצרי מזון [,,,'יח,2,ל-100 גרם,false,1,4.90,2.45,false,1,
7290011587765,false,נודלס 200  גר`עבה,תומר ייבוא ושיווק מוצרי מזון [,,,'יח,2,ל-100 גרם,false,1,4.90,2.45,false,1,
7290011598402,false,מרכך כביסה סנו מקסימה מאסק 4 ל,החב. הדרומית לשיווק,,,'יח,40,"ל-100 מ""ל",false,6,21.90,0.55,false,1,
7290011622817,false,ביסונים בטעם שוקולד 70 גרם,גורי מוצרי צריכה 1991 בע`מ,,,'יח,7,ל-100 גרם,false,1,16.90,2.41,false,1,
7290011622824,false,ביסונים במילויקרם שקדים בטעם בננה70גר,גורי מוצרי צריכה 1991 בע`מ,,,'יח,7,ל-100 גרם,false,1,16.90,2.41,false,1,
7290011765095,false,קרמה ג`ל גילוח לעור עדין 200 מל,החב. הדרומית לשיווק,,,'יח,2,"ל-100 מ""ל",false,12,11.90,5.95,false,1,
7290011765392,false,כיף בוב ספוג שמפו לילדים 750 מל,החב. הדרומית לשיווק,,,'יח,7.50,"ל-100 מ""ל",false,12,11.90,1.59,false,1,
7290011765408,false,כיף בוב ספוג שמפו 2ב1 לילדים 750 מל,החב. הדרומית לשיווק,,,'יח,7.50,"ל-100 מ""ל",false,1,11.90,1.59,false,1,
7290011800840,false,טחינה לבנה רפי 400 גר`בד`צ,קבוצת אסם סחר,,,'יח,4,ל-100 גרם,false,1,17.90,4.48,false,1,
7290011876388,false,קציצות עוף ובקר 600גר קפוא,תנובה מרכז שיתופי לשיווק תוצרת,,,'יח,6,ל-100 גרם,false,12,34.90,5.82,false,1,
7290011877088,false,נייר  כסף(זוגות),החב. הדרומית לשיווק,,,'יח,1,,false,12,14.90,14.90,false,1,
7290011877859,false,סנו אינסטלטור 200 גרם,החב. הדרומית לשיווק,,,'יח,2,ל-100 גרם,false,12,14.90,7.45,false,1,
7290011912642,false,שטיפת פה ליסטרין הגנה על השיניים והחני,שקד תבל בע`מ,,,'יח,5,"ל-100 מ""ל",false,1,14.90,2.98,false,1,
7290011964344,false,שום גבישי,תבליני טעם וריח,,,'יח,1,,false,1,9.90,9.90,true,1,
7290011996000,false,איטריות עגבניות 454 גר`אסיה,טחנת האבן קואופ בעמ,,,'יח,4.54,ל-100 גרם,false,1,9.90,2.18,false,1,
7290011996017,false,איטריות תרד 400 גר`אסיה,טחנת האבן קואופ בעמ,,,'יח,4.54,ל-100 גרם,false,1,9.90,2.18,false,1,
7290011996031,false,איטריות ביצים 454 גר`אסיה,טחנת האבן קואופ בעמ,,,'יח,4.54,ל-100 גרם,false,1,9.90,2.18,false,1,
7290011996062,false,אורז לסושי 1 קג,טחנת האבן קואופ בעמ,,,'יח,10,ל-100 גרם,false,1,13.90,1.39,false,1,
7290011996086,false,"רוטב צ`ילי חריף אסיה 700 מ""ל",טחנת האבן קואופ בעמ,,,'יח,7,ל-100 גרם,false,1,9.90,1.41,false,1,
7290011996109,false,רוטב צ`ילי מתוק,טחנת האבן קואופ בעמ,,,'יח,7,"ל-100 מ""ל",false,1,9.90,1.41,false,1,
7290011996123,false,אצות נורי גולד,טחנת האבן קואופ בעמ,,,'יח,10,"ל-100 מ""ל",false,1,10.90,1.09,false,1,
7290011996178,false,רוטב סויה יפני 300מ`ל,טחנת האבן קואופ בעמ,,,'יח,1.60,ל-100 גרם,false,1,10.20,6.38,false,1,
7290011996222,false,מי קוקוס 400מ`ל,טחנת האבן קואופ בעמ,,,'יח,4,ל-100 גרם,false,1,5.90,1.48,false,1,
7290011996277,false,מחצלת במבו,טחנת האבן קואופ בעמ,,,'יח,1,,false,1,4.90,4.90,false,1,
7290011996499,false,מקלוני אורז דק 400גר אסיה,טחנת האבן קואופ בעמ,,,'יח,4,ל-100 גרם,false,1,8.90,2.23,false,1,
7290011996529,false,מקלוני אורז 5 ממ 454גר אסיה,טחנת האבן קואופ בעמ,,,'יח,4.54,ל-100 גרם,false,1,7.90,1.74,false,1,
7290011996604,false,רוטב פד תאי 300מל,טחנת האבן קואופ בעמ,,,'יח,3,ל-100 גרם,false,1,12.90,4.30,false,1,
7290011996819,false,מקלוני אורז שעועית 250גר אסיה,טחנת האבן קואופ בעמ,,,'יח,2.50,ל-100 גרם,false,1,6.90,2.76,false,1,
7290011996888,false,רוטב טריאקי 300מל,טחנת האבן קואופ בעמ,,,'יח,3,ל-100 גרם,false,1,9.90,3.30,false,1,
7290012001994,false,חרדל דיז`ון עם גרעינים שלמים 350 גרם,דיפלומט מפיצים (1968) בע`מ,,,'יח,3.50,ל-100 גרם,false,12,12.90,3.69,false,1,
7290012019265,false,רסק תפו דיאט 4  יח`452 גרם,תומר ייבוא ושיווק מוצרי מזון [,,,'יח,4.52,ל-100 גרם,false,12,10.90,2.41,false,1,
7290012022203,false,פריכיות חיטה מלאה 60 גרם,דילייט 2005 בע`מ,,,'יח,0.60,ל-100 גרם,false,1,13.90,23.17,false,1,
7290012025495,false,"טחינה אסלי ק""ג",סלטי שמיר,,,'יח,10,ל-100 גרם,false,1,14.90,1.49,true,1,
7290012116537,false,סנו מקסימה מאסק 2.5,החב. הדרומית לשיווק,,,'יח,25,ל-100 גרם,false,6,24.90,1,false,1,
7290012117039,false,סנו 00 לאמבטיה 1 ליטר,החב. הדרומית לשיווק,,,'יח,10,"ל-100 מ""ל",false,12,7.90,0.79,false,1,
7290012117350,false,ריצפז פרש לבנדר 2 ליטר,החב. הדרומית לשיווק,,,'יח,20,"ל-100 מ""ל",false,8,17.90,0.90,true,1,
7290012117411,false,ג`ל רחצה במבוק,החב. הדרומית לשיווק,,,'יח,7,"ל-100 מ""ל",false,12,19.90,2.84,false,1,
7290012117565,false,סושי 100 כפפות לטקס S,החב. הדרומית לשיווק,,,'יח,1,,false,10,29.90,29.90,false,1,
7290012117572,false,סושי 100 כפפות לטקס M,החב. הדרומית לשיווק,,,'יח,1,,false,10,29.90,29.90,false,1,
7290012117589,false,סושי 100 כפפות לטקס L,החב. הדרומית לשיווק,,,'יח,1,,false,10,29.90,29.90,false,1,
7290012139598,false,חול קיטי 10 קג,שחורי אריה ואנסטסיה,,,'יח,100,ל-100 גרם,false,1,54.90,0.55,false,1,
7290012226021,false,סלמי מעושן פראג 400גר,נקניק זוגלובק נהריה,,,'יח,4,ל-100 גרם,false,1,22.40,5.60,false,1,
7290012226922,false,קבנוס זוגלובק שום 135 גרם,נקניק זוגלובק נהריה,,,'יח,1.35,ל-100 גרם,false,1,10.90,8.07,false,1,
7290012226939,false,קבנוס זוגלובק צ`ילי 135 גרם,נקניק זוגלובק נהריה,,,'יח,1.35,ל-100 גרם,false,1,10.90,8.07,false,1,
7290012226991,false,נקניקיות ג`מבו 1.5קג`,נקניק זוגלובק נהריה,,,'יח,15,ל-100 גרם,false,1,29.90,1.99,false,1,
7290012227172,false,פסטרמה כפרית חרמון 2יח*300גר,נקניק זוגלובק נהריה,,,'יח,8,ל-100 גרם,false,1,29.90,3.74,false,1,
7290012227912,false,קבנוס מעודן 110 גר`,נקניק זוגלובק נהריה,,,'יח,1.10,ל-100 גרם,false,1,10.90,9.91,false,1,
7290012245312,false,"צ`יפס אמריקאי גולד 1.5 ק""ג",קפוא זן תעשיות מזון בעמ,,,'יח,15,ל-100 גרם,false,1,19.90,1.33,false,1,
7290012245329,false,"צ`יפס קלאסי גולד 1.5 ק""ג",קפוא זן תעשיות מזון בעמ,,,'יח,15,ל-100 גרם,false,1,19.90,1.33,false,1,
7290012245336,false,"צ`יפס סטייק גולד 1.5 ק""ג",קפוא זן תעשיות מזון בעמ,,,'יח,15,ל-100 גרם,false,1,19.90,1.33,false,1,
7290012251610,false,קבנוס לכלב טעם אווז 120 גר,שחורי אריה ואנסטסיה,,,'יח,1.20,ל-100 גרם,false,1,15,12.50,false,1,
7290012251627,false,קבנוס לכלב טעם בקר 120 גר,שחורי אריה ואנסטסיה,,,'יח,1.20,ל-100 גרם,false,1,15,12.50,false,1,
7290012251634,false,קבנוס לכלב טעם כבש 120 גר,שחורי אריה ואנסטסיה,,,'יח,1.20,ל-100 גרם,false,1,15,12.50,false,1,
7290012251641,false,קבנוס לכלב טעם עוף 120 גר,שחורי אריה ואנסטסיה,,,'יח,1.20,ל-100 גרם,false,1,15,12.50,false,1,
7290012413643,false,תה ירוק קמומיל,תה ויסוצקי בע`מ,,,'יח,0.3750,ל-100 גרם,false,1,22.90,61.07,true,1,
7290012483233,false,אנשובי ארוך בשמן זית 80 גרם,ג. וילי-פוד אינטרנשיונל בע`מ,,,'יח,0.80,ל-100 גרם,false,1,15.90,19.88,false,1,
7290012561405,false,בצל חצי מטוגן,קבוצת אסם סחר,,,'יח,16,ל-100 גרם,false,1,10.90,0.68,false,1,
7290012642586,false,ערמונים קלופים 100 גר`,תומר ייבוא ושיווק מוצרי מזון [,,,'יח,8,'יח,false,1,5.90,0.74,true,1,
7290012645112,false,יוגורט עיזים בדלי 750 מ`ל,שטראוס גרופ בע`מ,,,'יח,7.50,ל-100 גרם,false,6,21.90,2.92,false,1,
7290012645389,false,יוגורט עיזים טבעי בבקבוק 1 ליטר,שטראוס גרופ בע`מ,,,'יח,10,ל-100 גרם,false,6,22.90,2.29,false,1,
7290012803215,false,וופל בלגי בטעם שוקולד 200 גר`,דנאגיס בעמ,,,'יח,2,ל-100 גרם,false,1,7.90,3.95,false,1,
7290012803451,false,טוסו  מר`שוקולד מריר 62% 100 גר`,דנאגיס בעמ,,,'יח,1,ל-100 גרם,false,1,10.90,10.90,false,1,
7290012803772,false,טוסו  מר`שוקולד חלב 100 גר`,דנאגיס בעמ,,,'יח,1,ל-100 גרם,false,1,10.90,10.90,false,1,
7290012803796,false,טוסו  מר`שוקולד חלב עם אגוזים 100 גר`,דנאגיס בעמ,,,'יח,1,ל-100 גרם,false,1,10.90,10.90,false,1,
7290012823251,false,כיף סבון נוזלי יסמין לבנר 1 ליטר,החב. הדרומית לשיווק,,,'יח,1,,false,12,12.90,12.90,false,1,
7290012823541,false,סנו ריצפז פרש מטליות לחות לריצפה,החב. הדרומית לשיווק,,,'יח,1,,false,12,12.90,12.90,false,1,
7290012823602,false,סופט 32 גלילים פרש לבן,החב. הדרומית לשיווק,,,'יח,25.50,ל-100 גרם,false,1,34.90,1.37,false,1,
7290012823916,false,סנו מקסימה ג`ל כביסה מרוכז 5  ל`נואר,החב. הדרומית לשיווק,,,'יח,50,"ל-100 מ""ל",false,4,44.90,0.90,false,1,
7290012850035,false,BELOVED מחית תפוח ואפרסק 190 גרם,שקד תבל בע`מ,,,'יח,1.90,ל-100 גרם,false,1,4.90,2.58,true,1,
7290012850073,false,BELOVED מחית סלט פירות 190 גרם,שקד תבל בע`מ,,,'יח,1.90,ל-100 גרם,false,1,4.90,2.58,true,1,
7290012864001,false,נבטי חמניה,ביכורי השדה הצפון בעמ` 1964,,,'יח,1,,false,1,8.90,8.90,false,1,
7290012884986,false,תפוגן בתנור עד 4% שומן 1.5 ק`ג,קבוצת אסם סחר,,,'יח,15,ל-100 גרם,false,1,24.90,1.66,false,1,
7290012911293,false,דפי אורז אסיה,טחנת האבן קואופ בעמ,,,'יח,5,ל-100 גרם,false,1,10.90,2.18,false,1,
7290012911422,false,ממרח קארי אדום 400 גר`אסיה,טחנת האבן קואופ בעמ,,,'יח,1,,false,1,16.90,16.90,false,1,
7290012911477,false,קרם קוקוס אסיה 400גר,טחנת האבן קואופ בעמ,,,'יח,4,"ל-100 מ""ל",false,1,7.90,1.98,false,1,
7290012911675,false,פיטריות שיטאקי 100 גר`,טחנת האבן קואופ בעמ,,,'יח,1,,false,1,16.90,16.90,false,1,
7290012911804,false,שמן שומשום 150 מל,טחנת האבן קואופ בעמ,,,'יח,1,,false,1,9.90,9.90,false,1,
7290012911866,false,דפי אורז אסיה,טחנת האבן קואופ בעמ,,,'יח,3,ל-100 גרם,false,1,10.90,3.63,false,1,
7290012911941,false,רוטב צ`ילי ללא סוכר 700מ`ל,טחנת האבן קואופ בעמ,,,'יח,7,"ל-100 מ""ל",false,1,13.90,1.99,false,1,
7290012911965,false,ג`ינג`ר לסושי ללא צבע 250גר,טחנת האבן קואופ בעמ,,,'יח,1,,false,1,7.90,7.90,false,1,
7290012931611,false,כריות ברזל שלישייה,מ.א. יצור ויבוא מטליות בעמ`,,,'יח,1,,false,1,7.40,7.40,false,1,
7290012936937,false,תבלין בהר`ט 40 גרם,א.ל. ייצור ושיווק תבלינים בע`מ,,,'יח,4,ל-100 גרם,false,1,11.90,2.98,false,1,
7290012938405,false,דיימונד עבה במיוחד 087,גורי ע.ע.ע. בע`מ,,,'יח,1,,false,24,14.90,14.90,true,1,
7290012938580,false,משחת שיניים סנסודין 75 מ`ל הלבנה עדינה,גורי ע.ע.ע. בע`מ,,,'יח,0.75,"ל-100 מ""ל",false,1,21.90,29.20,true,1,
7290012938597,false,סנסודיין רפיד רליפ 75 מ`ל,גורי ע.ע.ע. בע`מ,,,'יח,0.75,"ל-100 מ""ל",false,1,25.90,34.53,true,1,
7290012938740,false,משחת שיניים סנסודין מנטה 75 מ`ל ירוק,גורי ע.ע.ע. בע`מ,,,'יח,0.75,"ל-100 מ""ל",false,1,21.90,29.20,true,1,
7290013083685,false,מטרנה קייר שלב 3 700 גרם,קבוצת אסם סחר,,,'יח,7,ל-100 גרם,false,1,59.90,8.56,false,1,
7290013083944,false,לה קט מיקס עוף וכבד 400 גר,שחורי אריה ואנסטסיה,,,'יח,4,ל-100 גרם,false,1,7.90,1.98,false,1,
7290013083951,false,לה קט מיקס סלמון ופורל 400 גר,שחורי אריה ואנסטסיה,,,'יח,4,ל-100 גרם,false,1,7.90,1.98,false,1,
7290013083999,false,קריסטל יורוקיטי 3.8 ליטר,שחורי אריה ואנסטסיה,,,'יח,38,ל-100 גרם,false,1,24.90,0.66,false,1,
7290013117212,false,בורקס פילו גבינה 600גר קפוא,תנובה מרכז שיתופי לשיווק תוצרת,,,'יח,6,ל-100 גרם,false,10,19.90,3.32,true,1,
7290013117229,false,בורקס פילו תפו`א 600גר קפוא,תנובה מרכז שיתופי לשיווק תוצרת,,,'יח,6,ל-100 גרם,false,10,19.90,3.32,true,1,
7290013117236,false,בורקס פילו פיצה 600גר קפוא,תנובה מרכז שיתופי לשיווק תוצרת,,,'יח,6,ל-100 גרם,false,10,21.90,3.65,true,1,
7290013117243,false,בורקס פילו בולגרית 600גר קפוא,תנובה מרכז שיתופי לשיווק תוצרת,,,'יח,6,ל-100 גרם,false,10,21.90,3.65,true,1,
7290013117410,false,בצק פריך מתוק 900גר קפוא,תנובה מרכז שיתופי לשיווק תוצרת,,,'יח,9,ל-100 גרם,false,10,24.50,2.72,false,1,
7290013117526,false,בצק שמרים למאפים מתוקים 900גר קפוא,תנובה מרכז שיתופי לשיווק תוצרת,,,'יח,6,ל-100 גרם,false,9,21.90,3.65,false,1,
7290013144232,false,פודינג וניל 80 גרם,א.ל. ייצור ושיווק תבלינים בע`מ,,,'יח,8,ל-100 גרם,false,1,4.90,0.61,true,1,
7290013144249,false,פודינג שוקולד 95 גרם,א.ל. ייצור ושיווק תבלינים בע`מ,,,'יח,9.50,ל-100 גרם,false,1,4.90,0.52,true,1,
7290013144393,false,תמצית וניל 50 גרם,א.ל. ייצור ושיווק תבלינים בע`מ,,,'יח,5,ל-100 גרם,false,1,4.90,0.98,false,1,
7290013144416,false,תמצית שקדים 50 גרם,א.ל. ייצור ושיווק תבלינים בע`מ,,,'יח,5,ל-100 גרם,false,1,4.90,0.98,false,1,
7290013144508,false,תמצית ורדים 50 גרם,א.ל. ייצור ושיווק תבלינים בע`מ,,,'יח,5,ל-100 גרם,false,1,9.90,1.98,false,1,
7290013144539,false,צבע מאכל אדום 50 גרם,א.ל. ייצור ושיווק תבלינים בע`מ,,,'יח,5,ל-100 גרם,false,1,3.90,0.78,false,1,
7290013145024,false,אגוז מלך טחון 100 גרם,א.ל. ייצור ושיווק תבלינים בע`מ,,,'יח,1,ל-100 גרם,false,1,12.90,12.90,false,1,
7290013145031,false,ברס-אגוזי לוז מסוכרים 100 גרם,א.ל. ייצור ושיווק תבלינים בע`מ,,,'יח,1,ל-100 גרם,false,1,13.90,13.90,false,1,
7290013145055,false,פרג שלם 100 גרם,א.ל. ייצור ושיווק תבלינים בע`מ,,,'יח,1,ל-100 גרם,false,1,5.90,5.90,false,1,
7290013145123,false,שקד מולבן פרוס 100 גרם,א.ל. ייצור ושיווק תבלינים בע`מ,,,'יח,1,ל-100 גרם,false,1,12.90,12.90,true,1,
7290013145178,false,קוקוס טחון לבן 100 גרם,א.ל. ייצור ושיווק תבלינים בע`מ,,,'יח,1,ל-100 גרם,false,1,3.90,3.90,false,1,
7290013145192,false,שומשום 100 גרם,א.ל. ייצור ושיווק תבלינים בע`מ,,,'יח,1,ל-100 גרם,false,1,4.90,4.90,false,1,
7290013145390,false,שוקולד ציפס 250 גרם,א.ל. ייצור ושיווק תבלינים בע`מ,,,'יח,2.50,ל-100 גרם,false,1,7.90,3.16,false,1,
7290013145451,false,קקאו 150 בד`צ,א.ל. ייצור ושיווק תבלינים בע`מ,,,'יח,1.50,ל-100 גרם,false,1,7.90,5.27,false,1,
7290013145529,false,סוכריות צבעוניות לקישוט 90 גרם,א.ל. ייצור ושיווק תבלינים בע`מ,,,'יח,9,ל-100 גרם,false,1,4.90,0.54,false,1,
7290013145628,false,סוכריות צבעוניות לקישוט 200 גרם,א.ל. ייצור ושיווק תבלינים בע`מ,,,'יח,2,ל-100 גרם,false,1,8.90,4.45,false,1,
7290013145840,false,סוכר וניל 10  יח`בצלופן,א.ל. ייצור ושיווק תבלינים בע`מ,,,'יח,1,ל-100 גרם,false,1,1.90,1.90,false,1,
7290013145857,false,אבקת אפיה 10  יח`בצלופן,א.ל. ייצור ושיווק תבלינים בע`מ,,,'יח,1,ל-100 גרם,false,1,1.90,1.90,false,1,
7290013145871,false,שמרים יבשים 11*5,א.ל. ייצור ושיווק תבלינים בע`מ,,,'יח,3,ל-100 גרם,false,1,9.90,3.30,false,1,
7290013145901,false,סודה לשתיה 100 גרם,א.ל. ייצור ושיווק תבלינים בע`מ,,,'יח,1,ל-100 גרם,false,1,1.90,1.90,false,1,
7290013145918,false,אבקת סוכר 100 גרם,א.ל. ייצור ושיווק תבלינים בע`מ,,,'יח,1,ל-100 גרם,false,1,1.90,1.90,false,1,
7290013145956,false,שמרים יבשים בואקום 500 גר`,א.ל. ייצור ושיווק תבלינים בע`מ,,,'יח,5,ל-100 גרם,false,1,11.90,2.38,false,1,
7290013145963,false,שמרים יבשים בואקום 125 גר`,א.ל. ייצור ושיווק תבלינים בע`מ,,,'יח,1.25,ל-100 גרם,false,1,5.90,4.72,false,1,
7290013145970,false,קורנפלור 200 גרם,א.ל. ייצור ושיווק תבלינים בע`מ,,,'יח,2,ל-100 גרם,false,1,3.90,1.95,false,1,
7290013146724,false,אייס קפה 350 גרם מימונס,א.ל. ייצור ושיווק תבלינים בע`מ,,,'יח,3.50,ל-100 גרם,false,1,17.90,5.11,true,1,
7290013146854,false,קוקוס לבן 400 גרם,א.ל. ייצור ושיווק תבלינים בע`מ,,,'יח,4,ל-100 גרם,false,1,12.90,3.23,false,1,
7290013215017,false,פטריות דואט,ביכורי השדה הצפון בעמ` 1964,,,'יח,1,,false,1,16.90,16.90,false,1,
7290013215086,false,פטריות שיטאקי טריות,ביכורי השדה הצפון בעמ` 1964,,,'יח,0,'יח,false,1,14.90,14.90,false,1,
7290013267665,false,מאגדת מיני סולרו טרופי,שטראוס גלידות,,,'יח,3.54,ל-100 גרם,false,1,28.90,8.16,true,1,
7290013268884,false,ריצפז פרש מאסק 2 ליטר,החב. הדרומית לשיווק,,,'יח,20,"ל-100 מ""ל",false,8,17.90,0.90,true,1,
7290013269263,false,ג`ל כביסה סנו מקסימה 3 ל` קריסטל,החב. הדרומית לשיווק,,,'יח,3,"ל-100 מ""ל",false,1,29.90,9.97,true,1,
7290013269287,false,ג`ל כביסה סנו מקסימה 3 ל` מאסק,החב. הדרומית לשיווק,,,'יח,30,"ל-100 מ""ל",false,6,29.90,1,true,1,
7290013269300,false,סנו סושי ניילון נצמד 150 מטר,החב. הדרומית לשיווק,,,'יח,1,,false,12,21.90,21.90,false,1,
7290013269638,false,ספוג הפלא EXTRA,החב. הדרומית לשיווק,,,'יח,1,,false,12,11.90,11.90,false,1,
7290013269645,false,מטליות רצפז מאסק,החב. הדרומית לשיווק,,,'יח,1,,false,12,12.90,12.90,false,1,
7290013358356,false,מנה פירורי לחם 320 גרם,ש. שסטוביץ בע`מ,,,'יח,3.20,ל-100 גרם,false,1,6.90,2.16,false,1,
7290013358363,false,מנה פירורי לחם   יפני`פנקו`300גר,ש. שסטוביץ בע`מ,,,'יח,3,ל-100 גרם,false,1,10.90,3.63,false,1,
7290013358417,false,מנה אסייאתי רוטב טריאקי 300 מ`ל,ש. שסטוביץ בע`מ,,,'יח,3,"ל-100 מ""ל",false,1,11.90,3.97,false,1,
7290013358486,false,מנה פירורי לחם ללא צורך בביצה 300גר,ש. שסטוביץ בע`מ,,,'יח,3,ל-100 גרם,false,1,8.90,2.97,false,1,
7290013358493,false,מנה אסייאתי קרם קוקוס פחית 400 מ`ל,ש. שסטוביץ בע`מ,,,'יח,4,"ל-100 מ""ל",false,1,9.90,2.48,false,1,
7290013358530,false,מנה אסייאתי רוטב צ`ילי מתוק 700 מ`ל,ש. שסטוביץ בע`מ,,,'יח,7,"ל-100 מ""ל",false,1,13.90,1.99,true,1,
7290013358547,false,מנה אסייאתי רוטב צ`ילי חריף 700 מ`ל,ש. שסטוביץ בע`מ,,,'יח,7,"ל-100 מ""ל",false,1,13.90,1.99,true,1,
7290013358806,false,מנה מאגדת פריכיות אורז עם מלח 264 גר`,ש. שסטוביץ בע`מ,,,'יח,2.64,ל-100 גרם,false,1,12.90,4.89,true,1,
7290013366665,false,חסה גמביט,ביכורי השדה הצפון בעמ` 1964,,,'יח,1,,false,1,10.90,10.90,false,1,
7290013389145,false,ניוקי מיני 500 גר`,תומר ייבוא ושיווק מוצרי מזון [,,,'יח,5,ל-100 גרם,false,1,6.90,1.38,false,1,
7290013389374,false,קמח תירס פולנטה 500 גר`,תומר ייבוא ושיווק מוצרי מזון [,,,'יח,5,ל-100 גרם,false,10,6.90,1.38,false,1,
7290013472908,false,הבולגריה בקוביות 400 גרם,ג. וילי-פוד אינטרנשיונל בע`מ,,,'יח,4,ל-100 גרם,false,1,19.90,4.98,true,1,
7290013492005,false,תפודים למיקרו,ביכורי השדה הצפון בעמ` 1964,,,'יח,7,ל-100 גרם,false,1,7.90,1.13,false,1,
7290013531346,false,סירופ דיאט לימונענע 1 ל`,זנלכול יכין,,,'יח,1,,false,1,18.90,18.90,false,1,
7290013579508,false,קוקוס קפוא 250 גר` shake it,בלדי בע`מ,,,'יח,2.50,ל-100 גרם,false,1,11.90,4.76,true,1,
7290013579867,false,סינטה מוכשר,בלדי בע`מ,,,"ק""ג",1,"ק""ג",true,1,49.90,49.90,false,1,
7290013585233,false,ספרייט זירו פחית דקה 330 מל,החברה המרכזית להפצת משקאות בע`,,,'יח,3.30,"ל-100 מ""ל",false,24,4.20,1.18,true,1,
7290013585387,false,קוקה קולה 1  ל`ZERO פיקדון,החברה המרכזית להפצת משקאות בע`,,,'יח,10,"ל-100 מ""ל",false,12,6.80,0.65,true,1,
7290013608260,false,פרימור סחוט מיץ רימונים 1ל`,שטראוס גרופ בע`מ,,,'יח,10,"ל-100 מ""ל",false,6,22.20,2.19,false,1,
7290013724809,false,חטיף דגנים בתוספת אגוזים ושקדים,דין שיווק וקליה 2021 בעמ,,,'יח,1.25,ל-100 גרם,false,1,9.90,7.92,false,1,
7290013724946,false,שקדים בשוקולד מריר 140 גרם,דין שיווק וקליה 2021 בעמ,,,'יח,1.40,ל-100 גרם,false,1,9.90,7.07,false,1,
7290013724984,false,בוטנים בשוקולד מריר 160גר,דין שיווק וקליה 2021 בעמ,,,'יח,1.60,ל-100 גרם,false,1,9.90,6.19,false,1,
7290013724991,false,אגוזי לוז בשוקולד חלב 140 גרם,דין שיווק וקליה 2021 בעמ,,,'יח,1.40,ל-100 גרם,false,1,9.90,7.07,false,1,
7290013725820,false,אגוזי לוז בשוקולד מריר 140 גרם,דין שיווק וקליה 2021 בעמ,,,'יח,1.40,ל-100 גרם,false,1,9.90,7.07,false,1,
7290013861054,false,צימוקים בשוקולד חלב 140גר,דין שיווק וקליה 2021 בעמ,,,'יח,1.40,ל-100 גרם,false,1,9.90,7.07,false,1,
7290013861061,false,בוטנים בשוקולד חלב 160גר,דין שיווק וקליה 2021 בעמ,,,'יח,1.60,ל-100 גרם,false,1,9.90,6.19,false,1,
7290013883407,false,דזיטול מרסס,יעקב יעקבי ובניו בע`מ,,,'יח,5,"ל-100 מ""ל",false,1,14.90,2.98,false,1,
7290013906052,false,נקניקיות פרגיות 300 גרם,תנובה מרכז שיתופי לשיווק תוצרת,,,'יח,3,ל-100 גרם,false,1,13.90,4.63,false,1,
7290013906205,false,פסטרמה שום וצ`ילי 400 גרם,תנובה מרכז שיתופי לשיווק תוצרת,,,'יח,4,ל-100 גרם,false,1,26.90,6.73,true,1,
7290013906212,false,נקניקיות וינר 1קג`,תנובה מרכז שיתופי לשיווק תוצרת,,,'יח,10,ל-100 גרם,false,1,29.90,2.99,true,1,
7290013906441,false,קבנוס 120 גרם,תנובה מרכז שיתופי לשיווק תוצרת,,,'יח,1.20,ל-100 גרם,false,1,11.70,9.75,true,1,
7290013906687,false,צמד כפרית ברבקיו ודבש 2*300 גרם,תנובה מרכז שיתופי לשיווק תוצרת,,,'יח,6,ל-100 גרם,false,1,26.90,4.48,true,1,
7290013906694,false,"נקניקיות עוף טרי 1.5 ק""ג",תנובה מרכז שיתופי לשיווק תוצרת,,,'יח,15,ל-100 גרם,false,1,36.90,2.46,false,1,
7290013906700,false,"נקנקיות הודו 1.5 ק""ג",תנובה מרכז שיתופי לשיווק תוצרת,,,'יח,15,ל-100 גרם,false,1,38.90,2.59,false,1,
7290013927002,false,דקליות שוקו במגש 400 גרם,אחדות ביתחרושת לטחינה חלבה,,,'יח,4,ל-100 גרם,false,1,9.90,2.48,true,1,
7290013927019,false,דקליות קינמון במגש 400 גר`,אחדות ביתחרושת לטחינה חלבה,,,'יח,4,ל-100 גרם,false,1,9.90,2.48,true,1,
7290013927064,false,עוגיות גרנולה עם פירות יער במגש 400 גר,אחדות ביתחרושת לטחינה חלבה,,,'יח,4,ל-100 גרם,false,1,9.90,2.48,true,1,
7290014002203,false,תה הגן הקסום לימונית ולואיזה 25 יח `,תה ויסוצקי בע`מ,,,'יח,0.75,ל-100 גרם,false,1,19.90,26.53,true,1,
7290014002944,false,תה הגן הקסום חליטת פירות וצמחים חמדת ש,תה ויסוצקי בע`מ,,,'יח,0.50,ל-100 גרם,false,1,19.90,39.80,true,1,
7290014046016,false,פסטרמה של פעם 100% טבעית 250גר,מעדני יחיעם ( 1993 ) בע`מ,,,'יח,2.50,ל-100 גרם,false,1,29.90,11.96,true,1,
7290014046047,false,פסטרמת מעודנת ברביקיו 2יח*300גר,מעדני יחיעם ( 1993 ) בע`מ,,,'יח,65,ל-100 גרם,false,1,25.90,0.40,true,1,
7290014046474,false,נקניקיות עוף טריות 1.5 ק`ג,מעדני יחיעם ( 1993 ) בע`מ,,,'יח,15,ל-100 גרם,false,1,26.90,1.79,false,1,
7290014079236,false,פטריות פורטובלה מיני,ביכורי השדה הצפון בעמ` 1964,,,'יח,1,,false,1,8.90,8.90,false,1,
7290014083806,false,עוגיות חמאה בקופסא 350 גרם,ג. וילי-פוד אינטרנשיונל בע`מ,,,'יח,3.50,ל-100 גרם,false,12,10.90,3.11,false,1,
7290014083813,false,שפרוטים מעושנים בשמן 190גר,ג. וילי-פוד אינטרנשיונל בע`מ,,,'יח,1.90,ל-100 גרם,false,36,7.90,4.16,false,1,
7290014095861,false,שיבולת שועל דקה 500גר קוואקר,דין שיווק וקליה 2021 בעמ,,,'יח,5,ל-100 גרם,false,1,5.90,1.18,false,1,
7290014095960,false,שיבולת שועל עבה 500גר קוואקר,דין שיווק וקליה 2021 בעמ,,,'יח,5,ל-100 גרם,false,1,5.90,1.18,false,1,
7290014206953,false,"צלחת גדולה שקוף 20  יח`""שווה""",ח.כהן סוכנות מזון ומשקאות,,,'יח,1,'יח,false,1,13.90,13.90,false,1,
7290014218321,false,בורקס יפו גבינה 4*150גר,תנובה מרכז שיתופי לשיווק תוצרת,,,'יח,6,ל-100 גרם,false,12,18.90,3.15,false,1,
7290014256620,false,"קריניאנו BUZZ 750 מ""ל",אגודת הכורמים,,,'יח,7.50,"ל-100 מ""ל",false,1,27.90,3.68,true,1,
7290014288379,false,"ערמונים 100 גר` ""שווה""",ח.כהן סוכנות מזון ומשקאות,,,'יח,5.65,ל-100 גרם,false,1,5.90,1.04,true,1,
7290014397675,false,מרכך כביסה סנו חלב ודבש 4 ליטר,החב. הדרומית לשיווק,,,'יח,40,"ל-100 מ""ל",false,6,21.90,0.55,false,1,
7290014397774,false,רצפז פ.הום טבע 2 ל`,החב. הדרומית לשיווק,,,'יח,20,"ל-100 מ""ל",false,8,21.90,1.10,true,1,
7290014455320,false,כדור מוצרלה פרסקה,מחלבות גד בעמ`,,,'יח,2,ל-100 גרם,false,1,8.90,4.45,false,1,
7290014455467,false,מעדן שיבולת שועל וחלב 2% שומן 150 גר`,מחלבות גד בעמ`,,,'יח,1.60,"ל-100 מ""ל",false,1,5.90,3.69,true,1,
7290014459137,false,סטייק צ`יפס 1.5קג`,קבוצת אסם סחר,,,'יח,15,ל-100 גרם,false,1,25.90,1.73,false,1,
7290014471412,false,תערובת מיזלי עם אגוזים ושקדים 1 קג,דין שיווק וקליה 2021 בעמ,,,'יח,10,ל-100 גרם,false,1,21.90,2.19,false,1,
7290014471429,false,תערובת מיזלי עם פירות 1 קג,דין שיווק וקליה 2021 בעמ,,,'יח,10,ל-100 גרם,false,1,21.90,2.19,false,1,
7290014471443,false,תערובת מיזלי עם אגוזים 1 קג,דין שיווק וקליה 2021 בעמ,,,'יח,10,ל-100 גרם,false,1,21.90,2.19,false,1,
7290014525290,false,מרבה סלים דליס קריספי תות 125 גרם,ש. שסטוביץ בע`מ,,,'יח,1.25,ל-100 גרם,false,1,11.90,9.52,true,1,
7290014525306,false,מרבה סלים דליס קריספי אוכמניות 125 גרם,ש. שסטוביץ בע`מ,,,'יח,1.25,ל-100 גרם,false,1,11.90,9.52,true,1,
7290014534650,false,לה פסטה 55 צינור 400 גר`,תומר ייבוא ושיווק מוצרי מזון [,,,'יח,4,ל-100 גרם,false,1,3.90,0.98,true,1,
7290014534667,false,לה פסטה 53 קונכיה 400 גר`,תומר ייבוא ושיווק מוצרי מזון [,,,'יח,4,ל-100 גרם,false,1,3.90,0.98,true,1,
7290014534674,false,לה פסטה 81 פרפר 400 גר`,תומר ייבוא ושיווק מוצרי מזון [,,,'יח,4,ל-100 גרם,false,1,3.90,0.98,true,1,
7290014534681,false,לה פסטה 64 בורג 400 גר`,תומר ייבוא ושיווק מוצרי מזון [,,,'יח,4,ל-100 גרם,false,1,3.90,0.98,true,1,
7290014534698,false,לה פסטה 65 תלתל 400 גר`,תומר ייבוא ושיווק מוצרי מזון [,,,'יח,4,ל-100 גרם,false,1,3.90,0.98,true,1,
7290014534704,false,לה פסטה 25 אטריות מרק 400 גרם,תומר ייבוא ושיווק מוצרי מזון [,,,'יח,4,ל-100 גרם,false,1,3.90,0.98,true,1,
7290014673038,false,תערובת תיבול טוסקנה 120 גרם,א.ל. ייצור ושיווק תבלינים בע`מ,,,'יח,1.20,ל-100 גרם,false,1,11.90,9.92,true,1,
7290014673410,false,פלפל שחור טחון גרוס דק 250 גרם,א.ל. ייצור ושיווק תבלינים בע`מ,,,'יח,2.50,ל-100 גרם,false,1,27.90,11.16,false,1,
7290014692299,false,גבינת ברי 125  גר`CASTELLO,ג. וילי-פוד אינטרנשיונל בע`מ,,,'יח,1.25,ל-100 גרם,false,1,14.90,11.92,false,1,
7290014692541,false,צהובה מגורדת גולדן 500 גרם,ג. וילי-פוד אינטרנשיונל בע`מ,,,'יח,5,ל-100 גרם,false,1,19.90,3.98,false,1,
7290014692817,false,מוצרלה SAY CHEESE מגורדת 200גר בית יוס,ג. וילי-פוד אינטרנשיונל בע`מ,,,'יח,2,ל-100 גרם,false,1,10.90,5.45,false,1,
7290014758100,false,מאגדת 8 יוגורט ביו תנובה 3% 150 גר`,תנובה חלב,,,'יח,10,ל-100 גרם,false,1,16.50,1.65,false,1,
7290014758117,false,מאגדת 8 יוגורט ביו תנובה 1.5% 150 גר`,תנובה חלב,,,'יח,10,ל-100 גרם,false,1,16.90,1.69,false,1,
7290014758681,false,קוטג% `1תנובה בגביע 250 גר`,תנובה חלב,,,'יח,2.50,ל-100 גרם,false,1,5.60,2.24,false,1,
7290014759084,false,נפוליאון (16% סקיני),תנובה חלב,,,'יח,2.25,ל-100 גרם,false,1,12.90,5.73,false,1,
7290014759985,false,גבינת פרמזן פלח חדש 200 גר`,תנובה חלב,,,'יח,2,ל-100 גרם,false,1,26.70,13.35,false,1,
7290014760448,false,גבינת גלבוע 400 גר`,תנובה חלב,,,'יח,4,ל-100 גרם,false,1,23.90,5.98,false,1,
7290014762756,false,גבינת שמנת נפוליאון בטעם בצל 225 גרם,תנובה חלב,,,'יח,2.25,ל-100 גרם,false,1,12.90,5.73,false,1,
7290014762831,false,גבינת שמנת נפוליאון עם חלפיניו 225 גרם,תנובה חלב,,,'יח,2.25,ל-100 גרם,false,1,12.90,5.73,false,1,
7290014785069,false,מירין משובח 250מ`ל,טחנת האבן קואופ בעמ,,,'יח,1,,false,1,10.60,10.60,false,1,
7290014785076,false,קרם קוקוס ללא חומר משמר 430גר,טחנת האבן קואופ בעמ,,,'יח,4.30,ל-100 גרם,false,1,7.90,1.84,false,1,
7290014962521,false,משחת שיניים טפטפים לגילאי 2-6,גורי ע.ע.ע. בע`מ,,,'יח,0,ל-100 גרם,false,1,10.60,10.60,false,1,
7290014973329,false,פילה הרינג אדום צנצנת 200 גרם,ירין חזון שיווק ומזון,,,'יח,2,ל-100 גרם,false,1,16.90,8.45,false,1,
7290014973336,false,פילה הרינג כבוש צנצנת 200 גרם,מוסרי פלוס,,,'יח,2,ל-100 גרם,false,1,17.90,8.95,false,1,
7290014973374,false,פילה מקרל בשמן צנצנת 200 גרם,ירין חזון שיווק ומזון,,,'יח,2,ל-100 גרם,false,1,24.90,12.45,false,1,
7290014973411,false,פילה דג סלמון טרי מעושן 100 גר`,ירין חזון שיווק ומזון,,,'יח,1,ל-100 גרם,false,1,19.90,19.90,false,1,
7290014973664,false,איקרה אדומה 250 גרם,ירין חזון שיווק ומזון,,,'יח,2.50,ל-100 גרם,false,1,18.90,7.56,false,1,
7290015039253,false,עלי גפן במי מלח 620 גרם,ג. וילי-פוד אינטרנשיונל בע`מ,,,'יח,6.20,ל-100 גרם,false,12,9.90,1.60,false,1,
7290015150088,false,מחית עגבניות 700 גר` גראנד איטליה,תה ויסוצקי בע`מ,,,'יח,7,ל-100 גרם,false,1,13.80,1.97,false,1,
7290015150118,false,עגבניות גרנד איטליה חתוכות דק 400 גר`,תה ויסוצקי בע`מ,,,'יח,4,ל-100 גרם,false,1,16.90,4.23,true,1,
7290015155267,false,פרמיו כריות קטניפ לחתול 60ג,שחורי אריה ואנסטסיה,,,'יח,0.60,ל-100 גרם,false,1,14.90,24.83,false,1,
7290015155274,false,פרמיו כריות ביוטי לחתול 60ג,שחורי אריה ואנסטסיה,,,'יח,0.60,ל-100 גרם,false,1,14.90,24.83,false,1,
7290015155557,false,פרמיו מקלוני ברווז מובחרים 100ג,שחורי אריה ואנסטסיה,,,'יח,1,ל-100 גרם,false,1,16.90,16.90,false,1,
7290015155564,false,פרמיו חטיפי עוף מובחרים 100ג,שחורי אריה ואנסטסיה,,,'יח,1,ל-100 גרם,false,1,16.90,16.90,false,1,
7290015155793,false,פרמיו כריות מיקס,שחורי אריה ואנסטסיה,,,'יח,0.60,ל-100 גרם,false,1,14.90,24.83,false,1,
7290015155809,false,פרמיו כריות עוף,שחורי אריה ואנסטסיה,,,'יח,0.60,ל-100 גרם,false,1,14.90,24.83,false,1,
7290015155816,false,פרמיו כריות לגור חתול,שחורי אריה ואנסטסיה,,,'יח,0.60,ל-100 גרם,false,1,14.90,24.83,false,1,
7290015156202,false,פרמיו דנטל קוקי 500 גרם,שחורי אריה ואנסטסיה,,,'יח,5,ל-100 גרם,false,1,19.90,3.98,false,1,
7290015156455,false,עוגיות פרמיו 500 גרם,שחורי אריה ואנסטסיה,,,'יח,5,ל-100 גרם,false,1,19.90,3.98,false,1,
7290015156646,false,חטיף פרמיו דמבל ברווז 100 גרם,שחורי אריה ואנסטסיה,,,'יח,1,ל-100 גרם,false,1,16.90,16.90,false,1,
7290015156653,false,חטיף פרמיו אוהבי ברווז 100 גרם,שחורי אריה ואנסטסיה,,,'יח,1,ל-100 גרם,false,1,16.90,16.90,false,1,
7290015156660,false,חטיף פרמיו סנדויץ סלמון 100 גרם,שחורי אריה ואנסטסיה,,,'יח,1,ל-100 גרם,false,1,16.90,16.90,false,1,
7290015282581,false,חומוס אבו גוש עם חריף 200 גר`,סלטי שמיר,,,'יח,2,ל-100 גרם,false,1,10.90,5.45,true,1,
7290015282598,false,חומוס מסעדות 200 גר`,סלטי שמיר,,,'יח,2,ל-100 גרם,false,1,10.90,5.45,true,1,
7290015282604,false,טחינה מיוחדת 200 גר`,סלטי שמיר,,,'יח,2,ל-100 גרם,false,1,10.90,5.45,true,1,
7290015282635,false,חומוס מסבחה 200 גר`,סלטי שמיר,,,'יח,2,ל-100 גרם,false,1,10.90,5.45,true,1,
7290015282642,false,חומוס אבו גוש 200 גר`,סלטי שמיר,,,'יח,2,ל-100 גרם,false,1,10.90,5.45,true,1,
7290015282673,false,חציל במיונז ביתי 200 גר`,סלטי שמיר,,,'יח,2,ל-100 גרם,false,1,10.90,5.45,true,1,
7290015282697,false,כרוב אדום גורמה 200 גר`,סלטי שמיר,,,'יח,2,ל-100 גרם,false,1,10.90,5.45,true,1,
7290015320009,false,שוקולד מריר שלישייה 3*100 גרם,דין שיווק וקליה 2021 בעמ,,,'יח,1,,false,1,10.90,10.90,false,1,
7290015320047,false,עוגיות בטעם חמאה 114 גרם,יעד ממתקים בעמ,,,'יח,1.14,ל-100 גרם,false,1,5.90,5.18,false,1,
7290015320054,false,עוגיות בטעם חמאה 340 גרם,יעד ממתקים בעמ,,,'יח,3.34,ל-100 גרם,false,1,11.90,3.56,false,1,
7290015320481,false,שוקולד מריר 60% קקאו 100 גרם,יעד ממתקים בעמ,,,'יח,1,ל-100 גרם,false,1,4.90,4.90,false,1,
7290015324090,false,כמון טחון בשקית,תבליני טעם וריח,,,'יח,1,,false,1,5.90,5.90,false,1,
7290015324687,false,מטחנת לקט פלפל 50 גרם,תבליני טעם וריח,,,'יח,5,ל-100 גרם,false,1,10.90,2.18,false,1,
7290015324700,false,מטחנת מלח הימלאיה 100 גרם,תבליני טעם וריח,,,'יח,1,ל-100 גרם,false,1,9.90,9.90,false,1,
7290015366663,false,משחת שיניים אקווה פרש מנטה עדין 100 מ`,גורי ע.ע.ע. בע`מ,,,'יח,1,"ל-100 מ""ל",false,1,7.90,7.90,true,1,
7290015366670,false,"משחת שיניים אקווה פרש מנטה 100 מ""ל",גורי ע.ע.ע. בע`מ,,,'יח,1,"ל-100 מ""ל",false,1,6.90,6.90,true,1,
7290015652254,false,גרעיני חמניה קלויים 400 גרם,דין שיווק וקליה 2021 בעמ,,,'יח,4,ל-100 גרם,false,1,10,2.50,false,1,
7290015652278,false,תערובת פיצוחים 250 גרם,דין שיווק וקליה 2021 בעמ,,,'יח,2.50,ל-100 גרם,false,1,20,8,false,1,
7290015652292,false,קבוקים עם שומשום 400 גרם,דין שיווק וקליה 2021 בעמ,,,'יח,4,ל-100 גרם,false,1,10,2.50,false,1,
7290015652308,false,מנצ`ס 300 גרם,דין שיווק וקליה 2021 בעמ,,,'יח,3,ל-100 גרם,false,1,10,3.33,false,1,
7290015652315,false,חמוציות מסוכרות 300 גרם,דין שיווק וקליה 2021 בעמ,,,'יח,3,ל-100 גרם,false,1,10,3.33,false,1,
7290015652322,false,בוטנים אמריקאים מצופים 400 גרם,דין שיווק וקליה 2021 בעמ,,,'יח,4,ל-100 גרם,false,1,10,2.50,false,1,
7290015652407,false,פיסטוק קלוי 250 גר`,דין שיווק וקליה 2021 בעמ,,,'יח,3,ל-100 גרם,false,1,20,6.67,false,1,
7290015804394,false,רסק עגבניות BX22,ויטה פרי גליל (החדשה) בע`מ,,,'יח,2.60,ל-100 גרם,false,1,3.90,1.50,true,1,
7290015804400,false,עגבניות מרוסקות 260 גר`,ויטה פרי גליל (החדשה) בע`מ,,,'יח,2.60,ל-100 גרם,false,1,3.90,1.50,true,1,
7290016132137,false,דלי שטיפה איכותי,ד.ג.ש ייבוא ושיווק בעמ,,,'יח,1,,false,1,13.90,13.90,false,1,
7290016246018,false,בארכה מיקס פינוקיות חלבה 200 גרם,קבוצת אסם סחר,,,'יח,2,ל-100 גרם,false,1,12.90,6.45,false,1,
7290016276756,false,מעדן 4 פירות 100% רכיבי פרי ללא תוספת,דין שיווק וקליה 2021 בעמ,,,'יח,2.84,ל-100 גרם,false,1,9.90,3.49,false,1,
7290016276794,false,מעדן תפוז 100% רכיבי פרי ללא תוספת סוכ,דין שיווק וקליה 2021 בעמ,,,'יח,2.84,ל-100 גרם,false,1,9.90,3.49,false,1,
7290016296020,false,נפת קוסקוס,ד.ג.ש ייבוא ושיווק בעמ,,,'יח,1,,false,1,29.90,29.90,false,1,
7290016387339,false,2 מטליות מיקרופייבר ג`מבו לרצפה,מ.א. יצור ויבוא מטליות בעמ`,,,'יח,1,,false,1,12.90,12.90,true,1,
7290016401387,false,"פטריות חתוך שלישייה 290 גר` ""שווה""",ח.כהן סוכנות מזון ומשקאות,,,'יח,2.90,ל-100 גרם,false,1,10.90,3.76,true,1,
7290016440652,false,מעדני עופר תערובת פרוסות ירקות חמוצים,קפוא זן תעשיות מזון בעמ,,,'יח,2,ל-100 גרם,false,1,19.90,9.95,false,1,
7290016440911,false,מעדני עופר מלפפונים ביתיים כבושים,קפוא זן תעשיות מזון בעמ,,,'יח,0,ל-100 גרם,false,1,19.90,19.90,false,1,
7290016508185,false,אולטרה קט שימורים לחתול עוף הודו וירקות,שחורי אריה ואנסטסיה,,,'יח,4.15,ל-100 גרם,false,1,4,0.96,false,1,
7290016508192,false,אולטרה קט שימורים לחתול בקר וירקות 415גר,שחורי אריה ואנסטסיה,,,'יח,4.15,ל-100 גרם,false,1,4,0.96,false,1,
7290016508246,false,פרמייר שימורים לכלב בקר 415גר,שחורי אריה ואנסטסיה,,,'יח,4.15,ל-100 גרם,false,1,4,0.96,false,1,
7290016508253,false,פרמייר שימורים לכלב סלמון 415גר,שחורי אריה ואנסטסיה,,,'יח,4.15,ל-100 גרם,false,1,4,0.96,false,1,
7290016508260,false,פרמייר שימורים לכלב ברווז 415גר,שחורי אריה ואנסטסיה,,,'יח,4.15,ל-100 גרם,false,1,4,0.96,false,1,
7290016508512,false,אולטרה קט שימורים לחתול ברווז 415גר,שחורי אריה ואנסטסיה,,,'יח,4.15,ל-100 גרם,false,1,4,0.96,false,1,
7290016508529,false,אולטרה קט שימורים לחתול ארנבת 415גר,שחורי אריה ואנסטסיה,,,'יח,4.15,ל-100 גרם,false,1,4,0.96,false,1,
7290016508536,false,אולטרה קט שימורים לחתול טונה 415גר,שחורי אריה ואנסטסיה,,,'יח,4.15,ל-100 גרם,false,1,4,0.96,false,1,
7290016508543,false,אולטרה קט שימורים לחתול סלמון 415גר,שחורי אריה ואנסטסיה,,,'יח,4.15,ל-100 גרם,false,1,4,0.96,false,1,
7290016508789,false,פרמייר שימורים לכלב עוף 415גר,שחורי אריה ואנסטסיה,,,'יח,4.15,ל-100 גרם,false,1,4,0.96,false,1,
7290016867053,false,לחם קל כוסמין בתוספת מחמצת 450 גרם,המאפה של דר מארק,,,'יח,4.50,ל-100 גרם,false,1,18.90,4.20,false,1,
7290016867084,false,לחמניות כוסמין בתוספת סיביים 450 גרם,המאפה של דר מארק,,,'יח,4.50,ל-100 גרם,false,1,18.90,4.20,false,1,
7290016867091,false,פיתות כוסמין בתוספת סיביים 300 גרם,המאפה של דר מארק,,,'יח,3,ל-100 גרם,false,1,15.90,5.30,false,1,
7290016867114,false,לחם קל כוסמין 500 גרם,המאפה של דר מארק,,,'יח,5,ל-100 גרם,false,1,18.90,3.78,false,1,
7290016867152,false,פיתות קלות כוסמין 292 גרם,המאפה של דר מארק,,,'יח,2.92,ל-100 גרם,false,1,14.90,5.10,false,1,
7290016867176,false,לחמניות קלות כוסמין שומשום 300 גרם,המאפה של דר מארק,,,'יח,3,ל-100 גרם,false,1,14.90,4.97,false,1,
7290016867237,false,לחם קל כוסמין במתיקות מעודנת 400 גרם,המאפה של דר מארק,,,'יח,4,ל-100 גרם,false,1,18.90,4.73,false,1,
7290017275345,false,טחינה גולמית בבקבוק לחיץ 350 גרם,אחדות ביתחרושת לטחינה חלבה,,,'יח,3.50,ל-100 גרם,false,1,8.90,2.54,true,1,
7290017275420,false,מיני קצפיות בטעם תות 140 גרם,אחדות ביתחרושת לטחינה חלבה,,,'יח,1.40,ל-100 גרם,false,1,8.90,6.36,true,1,
7290017275499,false,סירופ לשתיה בטעם אננס 900 מל,אחדות ביתחרושת לטחינה חלבה,,,'יח,40,"ל-100 מ""ל",false,1,16.90,0.42,false,1,
7290017275505,false,סירופ לשתיה בטעם פטל 900 מל,אחדות ביתחרושת לטחינה חלבה,,,'יח,40,"ל-100 מ""ל",false,1,16.90,0.42,false,1,
7290017291338,false,שום סולו,ביכורי השדה הצפון בעמ` 1964,,,'יח,1,,false,1,10.90,10.90,false,1,
7290017297323,false,רסק עגבניות 22BX 100 גרם,ויטה פרי גליל (החדשה) בע`מ,,,'יח,1,ל-100 גרם,false,1,1.90,1.90,true,1,
7290017297644,false,ברוקלי 800 גר`,ויטה פרי גליל (החדשה) בע`מ,,,'יח,8,ל-100 גרם,false,12,14.90,1.86,false,1,
7290017297682,false,כרובית מוקפאת 800 גרם,ויטה פרי גליל (החדשה) בע`מ,,,'יח,8,ל-100 גרם,false,12,10.90,1.36,false,1,
7290017599229,false,סוכרלוז 200 טבליות,שטראוס גרופ בע`מ,,,'יח,1,,false,1,19.90,19.90,false,1,
7290017712000,false,פרמיו סלמון 100 ג,שחורי אריה ואנסטסיה,,,'יח,1,ל-100 גרם,false,1,4.90,4.90,false,1,
7290017712017,false,פרמיו סלמון ופורל 100 ג,שחורי אריה ואנסטסיה,,,'יח,1,ל-100 גרם,false,1,4.90,4.90,false,1,
7290017712024,false,פרמיו סטירליז עוף 100 ג,שחורי אריה ואנסטסיה,,,'יח,1,ל-100 גרם,false,1,4.90,4.90,false,1,
7290017712031,false,פרמיו בקר וכבד 100 ג,שחורי אריה ואנסטסיה,,,'יח,1,ל-100 גרם,false,1,4.90,4.90,false,1,
7290017712048,false,פרמיו כבש 100 ג,שחורי אריה ואנסטסיה,,,'יח,1,ל-100 גרם,false,1,4.90,4.90,false,1,
7290017712055,false,פרמיו גור עוף וכבד 100 ג,שחורי אריה ואנסטסיה,,,'יח,1,ל-100 גרם,false,1,4.90,4.90,false,1,
7290017712062,false,פרמיו גור בקר וכבד 100 ג,שחורי אריה ואנסטסיה,,,'יח,1,ל-100 גרם,false,1,4.90,4.90,false,1,
7290017712079,false,פרמיו מיני סניור 2קג,שחורי אריה ואנסטסיה,,,'יח,20,ל-100 גרם,false,1,49.90,2.50,false,1,
7290017712093,false,פרמיו מיני סנסיטיב 2 קג,שחורי אריה ואנסטסיה,,,'יח,20,ל-100 גרם,false,1,49.90,2.50,false,1,
7290017712116,false,פרמיו מיני עוף 2 קג,שחורי אריה ואנסטסיה,,,'יח,20,ל-100 גרם,false,1,49.90,2.50,false,1,
7290017712130,false,פרמיו מזון מלא פאוץ עם סלמון ברוטב לחתל,שחורי אריה ואנסטסיה,,,'יח,0.85,ל-100 גרם,false,1,4.90,5.76,false,1,
7290017712147,false,פרמיו מזון מלא פאוץ עם עוף ברוטב לחתלתו,שחורי אריה ואנסטסיה,,,'יח,0.85,ל-100 גרם,false,1,4.90,5.76,false,1,
7290017712154,false,פרמיו מזון מלא פאוץ עם עוף בגלי לחתול 8,שחורי אריה ואנסטסיה,,,'יח,0.85,ל-100 גרם,false,1,4.90,5.76,false,1,
7290017712161,false,פרמיו מזון מלא פאוץ עם סלמון בגלי לחתול,שחורי אריה ואנסטסיה,,,'יח,1,ל-100 גרם,false,1,4.90,4.90,false,1,
7290017712178,false,פרמיו מזון מלא פאוץ עם בקר ברוטב לחתול 8,שחורי אריה ואנסטסיה,,,'יח,0.85,ל-100 גרם,false,1,4.90,5.76,false,1,
7290017712185,false,פרמיו מזון מלא פאוץ עם כבד ברוטב לחתול,שחורי אריה ואנסטסיה,,,'יח,0.85,ל-100 גרם,false,1,4.90,5.76,false,1,
7290017712192,false,פרמיו שימורי מזון מלא עם נתחי פילה עוף,שחורי אריה ואנסטסיה,,,'יח,1,ל-100 גרם,false,1,4.90,4.90,false,1,
7290017712208,false,פרמיו נתחי פילה עוף וברווז ברוטב לחתול,שחורי אריה ואנסטסיה,,,'יח,1,ל-100 גרם,false,1,4.90,4.90,false,1,
7290017712215,false,פרמיו שימורי מזון מלא עם עוף לחתלתול ב,שחורי אריה ואנסטסיה,,,'יח,1,ל-100 גרם,false,1,4.90,4.90,false,1,
7290017712222,false,פרמיו שימורי מזון מלא עם דגי ים ברוטב,שחורי אריה ואנסטסיה,,,'יח,1,ל-100 גרם,false,1,4.90,4.90,false,1,
7290017712239,false,פרמיו שימורי מזון מלא עם עוף לכלב במרק,שחורי אריה ואנסטסיה,,,'יח,1,ל-100 גרם,false,1,5.90,5.90,false,1,
7290017712246,false,פרמיו שימורי מזון מלא עם בקר ולבבות לכ,שחורי אריה ואנסטסיה,,,'יח,1,ל-100 גרם,false,1,5.90,5.90,false,1,
7290017712260,false,פרמיו פטה סלמון לכלב 150 ג,שחורי אריה ואנסטסיה,,,'יח,1.50,ל-100 גרם,false,1,5.90,3.93,false,1,
7290017712277,false,פרמיו שימורי מזון מלא עם כבש במרקם פטה,שחורי אריה ואנסטסיה,,,'יח,1,ל-100 גרם,false,1,5.90,5.90,false,1,
7290017712284,false,חטיף פרמיו 150ג בקביקיו,שחורי אריה ואנסטסיה,,,'יח,1.50,ל-100 גרם,false,1,12.90,8.60,false,1,
7290017712291,false,חטיף פרמיו 150ג מעושן,שחורי אריה ואנסטסיה,,,'יח,1.50,ל-100 גרם,false,1,12.90,8.60,false,1,
7290017712307,false,חטיף פרמיו 150ג מיני,שחורי אריה ואנסטסיה,,,'יח,1.50,ל-100 גרם,false,1,12.90,8.60,false,1,
7290017712390,false,חטיף פרמיו סושי סלמון 100 גר,שחורי אריה ואנסטסיה,,,'יח,1,ל-100 גרם,false,1,16.90,16.90,false,1,
7290017712406,false,חטיף פרמיו סלמון טנדרס 100 גר,שחורי אריה ואנסטסיה,,,'יח,1,ל-100 גרם,false,1,16.90,16.90,false,1,
7290017712413,false,חטיף פרמיו רול סלמון 100 גר,שחורי אריה ואנסטסיה,,,'יח,1,ל-100 גרם,false,1,16.90,16.90,false,1,
7290017712468,false,פרמיו מיקס 9 קג לחתול,שחורי אריה ואנסטסיה,,,'יח,90,ל-100 גרם,false,1,139.90,1.55,false,1,
7290017712574,false,הוריזן עוף לחתלתול 85 ג,שחורי אריה ואנסטסיה,,,'יח,0.85,ל-100 גרם,false,1,5.90,6.94,false,1,
7290017712581,false,הוריזן עוף לחתול 85 ג,שחורי אריה ואנסטסיה,,,'יח,1,ל-100 גרם,false,1,5.90,5.90,false,1,
7290017712598,false,הוריזן סלמון לחתול 85 ג,שחורי אריה ואנסטסיה,,,'יח,0.85,ל-100 גרם,false,1,5.90,6.94,false,1,
7290017712604,false,הוריזן בקר לחתול 85 ג,שחורי אריה ואנסטסיה,,,'יח,0.85,ל-100 גרם,false,1,5.90,6.94,false,1,
7290017712611,false,הוריזן פאוץ עוף לחתול 85 ג,שחורי אריה ואנסטסיה,,,'יח,0.85,ל-100 גרם,false,1,4.90,5.76,false,1,
7290017712628,false,הוריזן פאוץ סלמון לחתול 85 ג,שחורי אריה ואנסטסיה,,,'יח,0.85,ל-100 גרם,false,1,4.90,5.76,false,1,
7290017712635,false,הוריזן פאוץ בקר ברוטב לחתול 85 ג,שחורי אריה ואנסטסיה,,,'יח,0.85,ל-100 גרם,false,1,4.90,5.76,false,1,
7290017712642,false,הוריז פאוץ ן עוף ברוטב לחתלתול 85 ג,שחורי אריה ואנסטסיה,,,'יח,0.85,ל-100 גרם,false,1,4.90,5.76,false,1,
7290017712659,false,הוריזן עוף לגור כלבים ננסי 100 ג,שחורי אריה ואנסטסיה,,,'יח,1,ל-100 גרם,false,1,4.90,4.90,false,1,
7290017712666,false,הוריזן בקר לכלב ננסי 100 ג,שחורי אריה ואנסטסיה,,,'יח,1,ל-100 גרם,false,1,4.90,4.90,false,1,
7290017712673,false,הוריזן בקר וכבד לכלב ננסי 100 ג,שחורי אריה ואנסטסיה,,,'יח,1,ל-100 גרם,false,1,4.90,4.90,false,1,
7290017712680,false,הוריזן עוף לכלב ננסי 100 ג,שחורי אריה ואנסטסיה,,,'יח,1,ל-100 גרם,false,1,4.90,4.90,false,1,
7290017712697,false,הוריזן בקר ולבבות לכלב בוגר 150 ג,שחורי אריה ואנסטסיה,,,'יח,1.50,ל-100 גרם,false,1,6.90,4.60,false,1,
7290017712703,false,הוריזן עוף לכלב בוגר 150 ג,שחורי אריה ואנסטסיה,,,'יח,0.85,ל-100 גרם,false,1,6.90,8.12,false,1,
7290017712710,false,הוריזן סלמון לכלב בוגר 150 ג,שחורי אריה ואנסטסיה,,,'יח,1.50,ל-100 גרם,false,1,6.90,4.60,false,1,
7290017712796,false,פרמיו סטריליז דג קוד 100 ג,שחורי אריה ואנסטסיה,,,'יח,1,ל-100 גרם,false,1,4.90,4.90,false,1,
7290017712871,false,פרמיו קוביות סלמון ועוף 100ג,שחורי אריה ואנסטסיה,,,'יח,1,ל-100 גרם,false,1,16.90,16.90,false,1,
7290017712932,false,פרמיו כריות בקר 60 ג,שחורי אריה ואנסטסיה,,,'יח,0.60,ל-100 גרם,false,1,14.90,24.83,false,1,
7290017712949,false,פרמיו כריות סטרילייז 60 ג,שחורי אריה ואנסטסיה,,,'יח,0.60,ל-100 גרם,false,1,14.90,24.83,false,1,
7290017712956,false,פרמיו כריות עוף וגבינה 60 ג,שחורי אריה ואנסטסיה,,,'יח,0.60,ל-100 גרם,false,1,14.90,24.83,false,1,
7290017724034,false,עוגיות סנדוויץ ריבה אקלר,אקלר,,,'יח,3,ל-100 גרם,false,1,22.90,7.63,false,1,
7290017724041,false,עוגיות תותי פרוטי אקלר,אקלר,,,'יח,3,ל-100 גרם,false,1,22.90,7.63,false,1,
7290017724058,false,עוגיות מעדן תמר אגוז אקלר,אקלר,,,'יח,3,ל-100 גרם,false,1,22.90,7.63,false,1,
7290017724089,false,עוגיות ואן גוך אקלר,אקלר,,,'יח,3,ל-100 גרם,false,1,22.90,7.63,false,1,
7290017724119,false,עוגיות אוזניים אקלר,אקלר,,,'יח,3,ל-100 גרם,false,1,22.90,7.63,false,1,
7290017724126,false,עוגיות טחינה אקלר,אקלר,,,'יח,3,ל-100 גרם,false,1,22.90,7.63,false,1,
7290017724218,false,עוגיות תמר אגוז ללא סוכר אקלר,אקלר,,,'יח,3,ל-100 גרם,false,1,22.90,7.63,false,1,
7290017724270,false,עוגיות אשכול בריאות ללא סוכר אקלר,אקלר,,,'יח,3,ל-100 גרם,false,1,22.90,7.63,false,1,
7290017724294,false,עוגיות גרנולה חמוציות ללא סוכר אקלר,אקלר,,,'יח,3,ל-100 גרם,false,1,22.90,7.63,false,1,
7290017842127,false,"ניירות סנדוויץ ""שווה"" 100 יח",ח.כהן סוכנות מזון ומשקאות,,,'יח,1,'יח,false,1,9.90,9.90,true,1,
7290017842141,false,"נייר אפייה איכותי אקולוגי, 40 יח  ""שווה",ח.כהן סוכנות מזון ומשקאות,,,'יח,1,'יח,false,1,8.90,8.90,true,1,
7290017842530,false,שקיות אוכל ריץ רץ קטנות שווה 15 יחידות,ח.כהן סוכנות מזון ומשקאות,,,'יח,200,'יח,false,1,6.90,0.03,true,1,
7290017842615,false,צלחת קטנה אריזת ענק 50 יח` מתכלה שווה,ח.כהן סוכנות מזון ומשקאות,,,'יח,1,,false,1,14.90,14.90,true,1,
7290017842622,false,צלחת גדולה אריזת ענק 50  יח`מתכלה שווה,ח.כהן סוכנות מזון ומשקאות,,,'יח,1,,false,1,19.90,19.90,false,1,
7290017873183,false,"תחליב רחצה לידים אשכוליות 500 מ""ל",דנאגיס בעמ,,,'יח,1,'יח,false,1,12.90,12.90,false,1,
7290017918143,false,לבבות קיסר,ביכורי השדה הצפון בעמ` 1964,,,'יח,1,,false,1,8.90,8.90,false,1,
7290017928098,false,מאיר בייגל שטוחלה מלח 300 גר`,דנאגיס בעמ,,,'יח,3,ל-100 גרם,false,1,11.90,3.97,true,1,
7290018098486,false,פיצה מרגריטה MILK FREE 350 גרם,גורי מוצרי צריכה 1991 בע`מ,,,'יח,3.50,ל-100 גרם,false,1,19.90,5.69,false,1,
7290018098493,false,פיצה זיתים MILK FREE 350 גרם,גורי מוצרי צריכה 1991 בע`מ,,,'יח,3.50,ל-100 גרם,false,1,19.90,5.69,false,1,
7290018194072,false,"סודה ספארק 250 מ""ל*12",בני פאוזי שמשום,,,'יח,2.50,"ל-100 מ""ל",false,1,24.90,8.52,true,1,
7290018194089,false,"סודה ספארק בטעם לימון 250 מ""ל*12",בני פאוזי שמשום,,,'יח,2.50,"ל-100 מ""ל",false,1,24.90,8.52,true,1,
7290018194256,false,"ערק ג`בלנא בטעם לימון 700 מ""ל",בני פאוזי שמשום,,,'יח,7,"ל-100 מ""ל",false,1,49.90,7.09,true,1,
7290018213216,false,סט שירותים אורבן,ד.ג.ש ייבוא ושיווק בעמ,,,'יח,1,,false,1,11.90,11.90,false,1,
7290018359938,false,רוטב עגבניות לשקשוקה יכין 400 גר`,זנלכול יכין,,,'יח,4,ל-100 גרם,false,1,11.90,2.98,true,1,
7290018359952,false,רוטב עגבניות לפסטה יכין 400 גר`,זנלכול יכין,,,'יח,4,ל-100 גרם,false,1,11.90,2.98,true,1,
7290018359969,false,רוטב עגבניות לפיצה יכין 400 גר`,זנלכול יכין,,,'יח,4,ל-100 גרם,false,1,11.90,2.98,true,1,
7290018380871,false,פטיסון כבוש שלם תומר 670 גרם,תומר ייבוא ושיווק מוצרי מזון [,,,'יח,6.70,ל-100 גרם,false,1,13.90,2.07,false,1,
7290018440254,false,תה צאי קרמל מלוח 25 שקיקים 50 גרם,תה ויסוצקי בע`מ,,,'יח,0.50,ל-100 גרם,false,1,19.90,39.80,true,1,
7290018440476,false,פליפז בייגלה מצופה בקרם עוגת גבינה ותו,תה ויסוצקי בע`מ,,,'יח,1,ל-100 גרם,false,1,8.90,8.90,true,1,
7290018440483,false,פליפז בייגלה מצופה בקרמל מלוח  140 גר`,תה ויסוצקי בע`מ,,,'יח,1.40,ל-100 גרם,false,1,8.90,6.36,true,1,
7290018440896,false,חליטת ג`ינג`ר וכורכום,תה ויסוצקי בע`מ,,,'יח,6,ל-100 גרם,false,1,19.90,3.32,false,1,
7290018441626,false,גלידת בן & ג`ריס 500 מל` מנטה עוגיות,מוצרי איכות אמריקאים,,,'יח,5,ל-100 גרם,false,1,19.90,3.98,true,1,
7290018468432,false,נקניק טבעוני בטעם מעושן 100 גרם,תנובה מרכז שיתופי לשיווק תוצרת,,,'יח,1,ל-100 גרם,false,1,17.90,17.90,false,1,
7290018471906,false,שוופס מוגז לימונדה ורודה 1.5 ל`,יפאורה - שותפות מוגבלת לשיווק,,,'יח,15,"ל-100 מ""ל",false,1,8.90,0.57,true,1,
7290018471913,false,שוופס מוגז פירות  תפוח  1.5 ל` פיקדון,יפאורה - שותפות מוגבלת לשיווק,,,'יח,15,"ל-100 מ""ל",false,1,8.90,0.57,true,1,
7290018471920,false,שוופס  מוגז פירות ענבים 1.5 ל`,יפאורה - שותפות מוגבלת לשיווק,,,'יח,15,"ל-100 מ""ל",false,1,8.90,0.57,true,1,
7290018471937,false,שוופס מוגז פירות תות ליים 1.5 ל` פיקדו,יפאורה - שותפות מוגבלת לשיווק,,,'יח,15,"ל-100 מ""ל",false,1,8.90,0.57,true,1,
7290018471944,false,שוופס מוגז לימונייד 1.5 ל` פיקדון,יפאורה - שותפות מוגבלת לשיווק,,,'יח,15,"ל-100 מ""ל",false,1,8.90,0.57,true,1,
7290018471951,false,שוופס FRUITS אשכולית אדומה 1.5 ל` פיקד,יפאורה - שותפות מוגבלת לשיווק,,,'יח,15,"ל-100 מ""ל",false,1,8.90,0.57,true,1,
7290018493977,false,קמיל מעושר בשיבול שועל 1 ליטר,"פישר תעשיות פרמצבטיות בע""מ",,,'יח,5,"ל-100 מ""ל",false,1,15.90,3.18,true,1,
7290018516041,false,פרמיו דליקט עוף 56 ג,שחורי אריה ואנסטסיה,,,'יח,0.56,ל-100 גרם,false,1,9.90,17.68,false,1,
7290018516058,false,פרמיו דליקט טונה ושרימפס 56 ג,שחורי אריה ואנסטסיה,,,'יח,0.56,ל-100 גרם,false,1,9.90,17.68,false,1,
7290018516065,false,פרמיו דליקט טונה וסלמון 56 ג,שחורי אריה ואנסטסיה,,,'יח,0.56,ל-100 גרם,false,1,9.90,17.68,false,1,
7290018516072,false,פרמיו דליקט טונה וצדפות 56 ג,שחורי אריה ואנסטסיה,,,'יח,0.56,ל-100 גרם,false,1,9.90,17.68,false,1,
7290018516089,false,פרמיו דליקט טונה דג קוד 56 ג,שחורי אריה ואנסטסיה,,,'יח,0.56,ל-100 גרם,false,1,9.90,17.68,false,1,
7290018516256,false,פרמיו גור עוף 150 ג,שחורי אריה ואנסטסיה,,,'יח,1.50,ל-100 גרם,false,1,5.90,3.93,false,1,
7290018516270,false,פרמיו פטה עוף לחתול 100 גרם,שחורי אריה ואנסטסיה,,,'יח,1,ל-100 גרם,false,1,4.90,4.90,false,1,
7290018516393,false,פרמיו מיקס לחתול 3 קג,שחורי אריה ואנסטסיה,,,'יח,30,ל-100 גרם,false,1,59.90,2,false,1,
7290018516546,false,פרמיו דליקט טונה 56 גר,שחורי אריה ואנסטסיה,,,'יח,0.56,ל-100 גרם,false,1,9.90,17.68,false,1,
7290018516553,false,פרמיו דליקט טונה וסרטנים 56 גר,שחורי אריה ואנסטסיה,,,'יח,0.56,ל-100 גרם,false,1,9.90,17.68,false,1,
7290018516560,false,פרמיו דליקט עוף וסרטנים 56 גר,שחורי אריה ואנסטסיה,,,'יח,0.56,ל-100 גרם,false,1,9.90,17.68,false,1,
7290018516577,false,פרמיו דליקט עוף לחתלתול 56 גר,שחורי אריה ואנסטסיה,,,'יח,0.56,ל-100 גרם,false,1,9.90,17.68,false,1,
7290018516584,false,פרמיו דליקט טונה לחתלתול 56 גר,שחורי אריה ואנסטסיה,,,'יח,0.56,ל-100 גרם,false,1,9.90,17.68,false,1,
7290018516591,false,הורייזן מחית בשר עוף 90 גרם,שחורי אריה ואנסטסיה,,,'יח,0.90,ל-100 גרם,false,1,9.90,11,false,1,
7290018516607,false,הורייזן מחית בשר טונה 90 גרם,שחורי אריה ואנסטסיה,,,'יח,0.90,ל-100 גרם,false,1,9.90,11,false,1,
7290018516614,false,הורייזן מחית בשר סלמון 90 גרם,שחורי אריה ואנסטסיה,,,'יח,0.90,ל-100 גרם,false,1,9.90,11,false,1,
7290018516621,false,הורייזן מחית בשר דג זהבון לחתלתול 90 גרם,שחורי אריה ואנסטסיה,,,'יח,0.90,ל-100 גרם,false,1,9.90,11,false,1,
7290018516737,false,פרמיו סופרים עוף וכבד לחתול בוגר 3קג,שחורי אריה ואנסטסיה,,,'יח,30,ל-100 גרם,false,1,59.90,2,false,1,
7290018516744,false,פרמיו סופרים עוף וסלמון לחתול בוגר 3קג,שחורי אריה ואנסטסיה,,,'יח,30,ל-100 גרם,false,1,59.90,2,false,1,
7290018516751,false,פרמיו סופרים עוף לחתלתול 3קג,שחורי אריה ואנסטסיה,,,'יח,30,ל-100 גרם,false,1,59.90,2,false,1,
7290018516928,false,פרמיו בקר וכבד במרקם פטה 300 גר,שחורי אריה ואנסטסיה,,,'יח,3,ל-100 גרם,false,1,12,4,false,1,
7290018516935,false,פרמיוו עוף במרקם פטה 300 גר,שחורי אריה ואנסטסיה,,,'יח,3,ל-100 גרם,false,1,12,4,false,1,
7290018516942,false,פרמיו סופרים מועשר בעוף לכלב בוגר 3קג,שחורי אריה ואנסטסיה,,,'יח,30,ל-100 גרם,false,1,49.90,1.66,false,1,
7290018516959,false,פרמיו סופרים מועשר בעוף לכלב מגזע ננסי 3,שחורי אריה ואנסטסיה,,,'יח,30,ל-100 גרם,false,1,49.90,1.66,false,1,
7290018516966,false,פרמיו סופרים עם בקר לכלב בוגר 3קג,שחורי אריה ואנסטסיה,,,'יח,30,ל-100 גרם,false,1,49.90,1.66,false,1,
7290018564622,false,שף  הטבע- שום כתוש בצנצנת 80 גר`,קפוא זן תעשיות מזון בעמ,,,'יח,8,ל-100 גרם,false,1,8.90,1.11,false,1,
7290018652213,false,מאגדת קראנץ בר,נגה גלידות שותפות מוגבלת,,,'יח,1,ל-100 גרם,false,1,26.90,26.90,false,1,
7290018652688,false,לה קרמריה פירות טרופיים ויער 1.4 ליטר,נגה גלידות שותפות מוגבלת,,,'יח,14,"ל-100 מ""ל",false,1,22.90,1.64,true,1,
7290018652886,false,מאגדת מצופה שוקו בננה 8*55 גרם,נגה גלידות שותפות מוגבלת,,,'יח,0.55,ל-100 גרם,false,1,23.90,43.45,false,1,
7290018652909,false,מאגדת אספרסו שוקולדחמישיה  *5 43 גרם,נגה גלידות שותפות מוגבלת,,,'יח,0.43,ל-100 גרם,false,1,29.90,69.53,false,1,
7290018652923,false,מאגדת תות עוגת גבינה חמישיה  *5 43 גרם,נגה גלידות שותפות מוגבלת,,,'יח,0.43,ל-100 גרם,false,1,29.90,69.53,false,1,
7290018893074,false,עוגה שכבות שוקולד 400 גר`,ש. שסטוביץ בע`מ,,,'יח,4,ל-100 גרם,false,6,11.90,2.98,false,1,
7290018893081,false,צ`וקוטה עוגות אישיות חלב מגולגלות,ש. שסטוביץ בע`מ,,,'יח,1,ל-100 גרם,false,20,8.90,8.90,true,1,
7290018893258,false,צ`וקוטה עוגות אישיות בטעם קרמל 300 גרם,ש. שסטוביץ בע`מ,,,'יח,3,ל-100 גרם,false,1,12.90,4.30,false,1,
7290018893265,false,צ`וקוטה עוגות אישיות מריר שכבות 240 גרם,ש. שסטוביץ בע`מ,,,'יח,0.40,ל-100 גרם,false,16,14.90,37.25,true,1,
7290018893289,false,צ`וקוטה עוגות אישיות קקאו מגולגלות,ש. שסטוביץ בע`מ,,,'יח,1,ל-100 גרם,false,1,8.90,8.90,true,1,
7290018893456,false,צ`וקוטה עוגות אישיות חלב 300 גרם,ש. שסטוביץ בע`מ,,,'יח,3,ל-100 גרם,false,1,12.90,4.30,false,1,
7290018893616,false,מארז שישייה שוקולד צ`וקטה 48%,ש. שסטוביץ בע`מ,,,'יח,1,,false,4,19.90,19.90,false,1,
7290018893807,false,שוקולד מריר 60% 300 גרם צוקטה,ש. שסטוביץ בע`מ,,,'יח,1,'יח,false,1,14.90,14.90,false,1,
7290018893814,false,מארז שוקולד *5 מריר צ`וקטה 48%,ש. שסטוביץ בע`מ,,,'יח,1,,false,4,19.90,19.90,true,1,
7290018893876,false,צ`וקוטה עוגות אישיות וניל מארז 8יח,ש. שסטוביץ בע`מ,,,'יח,1,ל-100 גרם,false,16,14.90,14.90,true,1,
7290018893937,false,לוקיטוס סוכריות ג`לי בטעמי פירות 300גר,ש. שסטוביץ בע`מ,,,'יח,3,ל-100 גרם,false,1,9.90,3.30,false,1,
7290018894019,false,עוגות אישיות מיקסמקס חלב 350 גרם,ש. שסטוביץ בע`מ,,,'יח,3.50,ל-100 גרם,false,1,14.90,4.26,true,1,
7290018894248,false,שוקולד חלב 3*100 גרם,ש. שסטוביץ בע`מ,,,'יח,1,'יח,false,1,12.90,12.90,false,1,
7290018894804,false,וופל אגוזי לוז בלקוני 175 גרם,ש. שסטוביץ בע`מ,,,'יח,1.75,ל-100 גרם,false,1,8.90,5.09,true,1,
7290018925065,false,פרימור סחוט תפוזים 2 ליטר,שטראוס גרופ בע`מ,,,'יח,20,"ל-100 מ""ל",false,4,26.80,1.33,false,1,
7290018989135,false,סירופ פטל 1 ליטר,זנלכול יכין,,,'יח,1,,false,1,18.90,18.90,false,1,
7290019056027,false,שוופס מוגז פירות NO SUGAR תפוח 1.5 ליטר,יפאורה - שותפות מוגבלת לשיווק,,,'יח,15,"ל-100 מ""ל",false,1,8.90,0.57,true,1,
7290019056041,false,שוופס מוגז פירות NO SUGAR למונייד 1.5ל,יפאורה - שותפות מוגבלת לשיווק,,,'יח,15,"ל-100 מ""ל",false,1,8.90,0.57,true,1,
7290019056065,false,שוופס מוגז עדין פירות יער 1.5 ליטר,יפאורה - שותפות מוגבלת לשיווק,,,'יח,15,"ל-100 מ""ל",false,1,8.90,0.57,true,1,
7290019056089,false,שוופס מוגז עדין ענבי ריזלינג 1.5 ליט,יפאורה - שותפות מוגבלת לשיווק,,,'יח,15,"ל-100 מ""ל",false,1,8.90,0.57,true,1,
7290019056096,false,שוופס מוגז עדין אפרסק 1.5 ליטר,יפאורה - שותפות מוגבלת לשיווק,,,'יח,15,"ל-100 מ""ל",false,1,8.90,0.57,true,1,
7290019056164,false,שוופס מי סודה 4*1.5 ליטר פיקדון,יפאורה - שותפות מוגבלת לשיווק,,,'יח,60,"ל-100 מ""ל",false,1,12.90,0.20,true,1,
7290019056171,false,שוופס מי סודה עם לימון 4*1.5 ליטר,יפאורה - שותפות מוגבלת לשיווק,,,'יח,60,"ל-100 מ""ל",false,1,12.90,0.20,true,1,
7290019056188,false,שוופס סודה נענע ליים רביעייה 1.5 ליטר,יפאורה - שותפות מוגבלת לשיווק,,,'יח,60,"ל-100 מ""ל",false,1,12.90,0.20,true,1,
7290019056201,false,שוופס סודה פירות יער רביעייה 1.5 ליטר,יפאורה - שותפות מוגבלת לשיווק,,,'יח,60,"ל-100 מ""ל",false,1,12.90,0.20,true,1,
7290019056232,false,שוופס ליים מוחיטו 1.5 ל` פיקדון,יפאורה - שותפות מוגבלת לשיווק,,,'יח,15,"ל-100 מ""ל",false,1,8.90,0.57,true,1,
7290019056249,false,שוופס WATER ענבים 1.5 ל` פיקדון,יפאורה - שותפות מוגבלת לשיווק,,,'יח,15,"ל-100 מ""ל",false,1,7.90,0.51,true,1,
7290019056256,false,שוופס WATER תפוח 1.5 ל` פיקדון,יפאורה - שותפות מוגבלת לשיווק,,,'יח,15,"ל-100 מ""ל",false,1,7.90,0.51,true,1,
7290019056263,false,שוופס WATER אפרסק 1.5 ל` פיקדון,יפאורה - שותפות מוגבלת לשיווק,,,'יח,15,"ל-100 מ""ל",false,1,7.90,0.51,true,1,
7290019056270,false,שוופס WATER פירות יער 1.5 ל` פיקדון,יפאורה - שותפות מוגבלת לשיווק,,,'יח,15,"ל-100 מ""ל",false,1,7.90,0.51,true,1,
7290019056287,false,שוופס WATER אפרסק 1.5 ל` פיקדון,יפאורה - שותפות מוגבלת לשיווק,,,'יח,15,"ל-100 מ""ל",false,1,7.90,0.51,true,1,
7290019056300,false,שוופס ביטר למון 1.5 ליטר פיקדון,יפאורה - שותפות מוגבלת לשיווק,,,'יח,15,"ל-100 מ""ל",false,1,12.90,0.84,false,1,
7290019056317,false,שוופס ראשן 1.5 ליטר,יפאורה - שותפות מוגבלת לשיווק,,,'יח,15,"ל-100 מ""ל",false,1,12.90,0.84,false,1,
7290019056324,false,שוופס טוניק 1.5 ליטר פיקדון,יפאורה - שותפות מוגבלת לשיווק,,,'יח,15,"ל-100 מ""ל",false,1,12.90,0.84,false,1,
7290019056331,false,שוופס טוניק NO 1.5 ליטר פיקדון,יפאורה - שותפות מוגבלת לשיווק,,,'יח,15,"ל-100 מ""ל",false,1,12.90,0.84,false,1,
7290019056362,false,תפוזינה משקה קל ענבים 1.5 ליטר,יפאורה - שותפות מוגבלת לשיווק,,,'יח,15,"ל-100 מ""ל",false,1,8.90,0.57,true,1,
7290019056379,false,תפוזינה תפוזים 1.5 ליטר,יפאורה - שותפות מוגבלת לשיווק,,,'יח,15,"ל-100 מ""ל",false,1,8.90,0.57,true,1,
7290019056409,false,תפוזינה משקה קל מנגו עסיסי1.5ליטר,יפאורה - שותפות מוגבלת לשיווק,,,'יח,15,"ל-100 מ""ל",false,1,8.90,0.57,true,1,
7290019056430,false,תפוזינה דיאט תפוזים 1.5 ליטר,יפאורה - שותפות מוגבלת לשיווק,,,'יח,15,"ל-100 מ""ל",false,1,7.90,0.51,true,1,
7290019056461,false,קולה RC שישיה 1.5 ליטר פיקדון,יפאורה - שותפות מוגבלת לשיווק,,,'יח,90,"ל-100 מ""ל",false,1,39.90,0.42,false,1,
7290019056478,false,תה קר Spring Tea אפרסק 1.5 ליטר,יפאורה - שותפות מוגבלת לשיווק,,,'יח,15,"ל-100 מ""ל",false,1,7.90,0.51,true,1,
7290019056485,false,תה קר Spring Tea לימון לואיזה 1.5 ל`,יפאורה - שותפות מוגבלת לשיווק,,,'יח,15,"ל-100 מ""ל",false,1,7.90,0.51,true,1,
7290019056492,false,ספרינג תה  מנגו  `1.5ל` פיקדון,יפאורה - שותפות מוגבלת לשיווק,,,'יח,15,"ל-100 מ""ל",false,1,7.90,0.51,true,1,
7290019056508,false,פרוט ווטר ענבים 1.5 ל`,יפאורה - שותפות מוגבלת לשיווק,,,'יח,15,"ל-100 מ""ל",false,1,8.90,0.57,true,1,
7290019056515,false,פרוט ווטר אפרסק 1.5 ל`,יפאורה - שותפות מוגבלת לשיווק,,,'יח,15,"ל-100 מ""ל",false,1,8.90,0.57,true,1,
7290019056522,false,פרוט ווטר תות 1.5 ל`,יפאורה - שותפות מוגבלת לשיווק,,,'יח,15,"ל-100 מ""ל",false,1,8.90,0.57,true,1,
7290019056546,false,פרוט ווטר אבטיח 1.5 ל`,יפאורה - שותפות מוגבלת לשיווק,,,'יח,15,"ל-100 מ""ל",false,1,8.90,0.57,true,1,
7290019056553,false,עין גדי מים מינרלים שישיה 2 ליטר,יפאורה - שותפות מוגבלת לשיווק,,,'יח,120,"ל-100 מ""ל",false,1,13.80,0.10,false,1,
7290019056560,false,עין גדי מים מינרלים בקבוק 2 ליטר,סימה,,,'יח,20,"ל-100 מ""ל",false,1,3.40,0.16,false,1,
7290019056577,false,ספרינג קל מנגו 1.5 ליטר פיקדון,יפאורה - שותפות מוגבלת לשיווק,,,'יח,15,"ל-100 מ""ל",false,1,8.90,0.57,true,1,
7290019056584,false,ספרינג תפוזים 1.5 ליטר פיקדון,יפאורה - שותפות מוגבלת לשיווק,,,'יח,15,"ל-100 מ""ל",false,1,8.90,0.57,true,1,
7290019056591,false,ספרינג ענבים 1.5 ליטר פיקדון,יפאורה - שותפות מוגבלת לשיווק,,,'יח,15,"ל-100 מ""ל",false,1,8.90,0.57,true,1,
7290019056607,false,ספרינג תפוחים 1.5 ליטר פיקדון,יפאורה - שותפות מוגבלת לשיווק,,,'יח,15,"ל-100 מ""ל",false,1,8.90,0.57,true,1,
7290019056621,false,ספרינג פירות טרופיים 1.5 ליטר פיקדון,יפאורה - שותפות מוגבלת לשיווק,,,'יח,15,"ל-100 מ""ל",false,1,8.90,0.57,true,1,
7290019056638,false,ספרינג משקה תות בננה 1.5 ליטר,יפאורה - שותפות מוגבלת לשיווק,,,'יח,15,"ל-100 מ""ל",false,1,8.90,0.57,true,1,
7290019056645,false,ספרינג אגס סברס תפוח 1.5 ליטר פיקדון,יפאורה - שותפות מוגבלת לשיווק,,,'יח,15,"ל-100 מ""ל",false,1,8.90,0.57,true,1,
7290019056652,false,ספרינג אננס בננה 1.5 ליטר פיקדון,יפאורה - שותפות מוגבלת לשיווק,,,'יח,15,"ל-100 מ""ל",false,1,8.90,0.57,true,1,
7290019056669,false,ספרינג תפוחים דיאט 1.5 ליטר פיקדון,יפאורה - שותפות מוגבלת לשיווק,,,'יח,15,"ל-100 מ""ל",false,1,7.90,0.51,true,1,
7290019056720,false,קריסטל ענבים 2 ליטר פיקדון,יפאורה - שותפות מוגבלת לשיווק,,,'יח,20,"ל-100 מ""ל",false,1,7.90,0.38,true,1,
7290019056737,false,קריסטל אשכולית 2 ליטר פיקדון,יפאורה - שותפות מוגבלת לשיווק,,,'יח,20,"ל-100 מ""ל",false,1,7.90,0.38,false,1,
7290019056744,false,קריסטל תפוזים 2 ליטר פיקדון,יפאורה - שותפות מוגבלת לשיווק,,,'יח,20,"ל-100 מ""ל",false,1,7.90,0.38,false,1,
7290019056768,false,קריסטל משקה קל מנגו 2 ליטר פיקדון,יפאורה - שותפות מוגבלת לשיווק,,,'יח,20,"ל-100 מ""ל",false,1,7.90,0.38,false,1,
7290019056775,false,קריסטל ענבים מוגז 2 ליטר פיקדון,יפאורה - שותפות מוגבלת לשיווק,,,'יח,20,"ל-100 מ""ל",false,1,7.90,0.38,true,1,
7290019056799,false,קריסטל מוגז אקזוטי 2 ליטר פיקדון,יפאורה - שותפות מוגבלת לשיווק,,,'יח,20,"ל-100 מ""ל",false,1,7.90,0.38,true,1,
7290019056805,false,קריסטל מוגז תפוח עץ 2 ליטר פיקדון,יפאורה - שותפות מוגבלת לשיווק,,,'יח,20,"ל-100 מ""ל",false,1,7.90,0.38,true,1,
7290019056812,false,קריסטל מנטה מוגז 2 ליטר פיקדון,יפאורה - שותפות מוגבלת לשיווק,,,'יח,20,"ל-100 מ""ל",false,1,7.90,0.38,true,1,
7290019056829,false,קריסטל אורנג` 2 ליטר פיקדון,יפאורה - שותפות מוגבלת לשיווק,,,'יח,20,"ל-100 מ""ל",false,1,7.90,0.38,true,1,
7290019056836,false,קריסטל תות מוגז 2 ליטר פיקדון,יפאורה - שותפות מוגבלת לשיווק,,,'יח,20,"ל-100 מ""ל",false,1,7.90,0.38,true,1,
7290019056850,false,תה קר Spring Tea דיאט אפרסק 1.5 ליטר,יפאורה - שותפות מוגבלת לשיווק,,,'יח,15,"ל-100 מ""ל",false,1,7.90,0.51,true,1,
7290019112808,false,אוכמניות,ביכורי השדה הצפון בעמ` 1964,,,"ק""ג",1,,false,1,13.90,13.90,false,1,
7290019153078,false,שוופס ביטר למון 1.5  לייט ליטר פיקדון,יפאורה - שותפות מוגבלת לשיווק,,,'יח,15,"ל-100 מ""ל",false,1,12.90,0.84,false,1,
7290019153085,false,שוופס ללא סוכר מוחיטו 1.5 ליטר,יפאורה - שותפות מוגבלת לשיווק,,,'יח,15,"ל-100 מ""ל",false,1,8.90,0.57,true,1,
7290019153252,false,שוופס מי סודה תפוח  4*1.5 ליטר,יפאורה - שותפות מוגבלת לשיווק,,,'יח,60,"ל-100 מ""ל",false,1,12.90,0.20,true,1,
7290019153269,false,שוופס מי סודה אננס  4*1.5 ליטר,יפאורה - שותפות מוגבלת לשיווק,,,'יח,60,"ל-100 מ""ל",false,1,12.90,0.20,true,1,
7290019153351,false,תפוזינה פינק אוזו 1.5 ליטר,יפאורה - שותפות מוגבלת לשיווק,,,'יח,15,"ל-100 מ""ל",false,1,8.90,0.57,true,1,
7290019153375,false,תפוזינה מוחיטו 1.5 ליטר,יפאורה - שותפות מוגבלת לשיווק,,,'יח,15,"ל-100 מ""ל",false,1,8.90,0.57,true,1,
7290019153535,false,רביעיית פחיות שוופס מוגז למונייד 330מל,יפאורה - שותפות מוגבלת לשיווק,,,'יח,1.32,"ל-100 מ""ל",false,1,13.10,9.02,true,1,
7290019167020,false,עוגת גבינה עם פירות יער לייט 82 גרם,תנובה חלב,,,'יח,8.20,ל-100 גרם,false,1,6.90,0.84,false,1,
7290019167037,false,תותים בקצפת 82 גרם,תנובה חלב,,,'יח,8.20,ל-100 גרם,false,1,6.90,0.84,false,1,
7290019167044,false,קצפת עם קרם בייגלה מתוק מלוח 82 גרם,תנובה חלב,,,'יח,8.20,ל-100 גרם,false,1,6.90,0.84,false,1,
7290019226314,false,פילה אמנון 7-9 80% עם עור,תומר ייבוא ושיווק מוצרי מזון [,,,"ק""ג",1,"ק""ג",true,1,29.90,29.90,true,1,
7290019232834,false,פליפז בייגלה מצופה קרם עוגיות ושוקולד,תה ויסוצקי בע`מ,,,'יח,1.44,ל-100 גרם,false,1,8.90,6.18,true,1,
7290019297161,false,טורטיה ראפ מקמח תירס 450 גרם,דין שיווק וקליה 2021 בעמ,,,'יח,4.50,ל-100 גרם,false,1,9.90,2.20,false,1,
7290019297413,false,מעדן אפרסק 100% רכיבי פרי ללא תוספת סו,דין שיווק וקליה 2021 בעמ,,,'יח,2.84,ל-100 גרם,false,1,9.90,3.49,false,1,
7290019297437,false,מעדן אוכמניות 100% רכיבי פרי ללא תוספת,דין שיווק וקליה 2021 בעמ,,,'יח,2.84,ל-100 גרם,false,1,9.90,3.49,false,1,
7290019297581,false,++++סוכריות גומי מצופות טעם בננה 300 גר`,דין שיווק וקליה 2021 בעמ,,,'יח,3,ל-100 גרם,false,1,9.90,3.30,false,1,
7290024481678,false,פרמיו ביף טנדר 750 גרם,שחורי אריה ואנסטסיה,,,'יח,7.50,ל-100 גרם,false,1,29.90,3.99,false,1,
7290100240144,false,בדין תרסיס למייבש הכביסה ורוד 500מל,יוניליוור ישראל שיווק בע`מ,,,'יח,5,"ל-100 מ""ל",false,1,18.10,3.62,false,1,
7290100240632,false,פתית 6 דגנים בדצ 250 גרם,יוניליוור ישראל שיווק בע`מ,,,'יח,2.50,ל-100 גרם,false,1,16.90,6.76,false,1,
7290100240656,false,פתית שיפון בדצ 300 גרם,יוניליוור ישראל שיווק בע`מ,,,'יח,3,ל-100 גרם,false,1,16.90,5.63,false,1,
7290100243671,false,בדין אקסטרא מרכך כחול 960 מל,יוניליוור ישראל שיווק בע`מ,,,'יח,96,"ל-100 מ""ל",false,1,15.90,0.17,true,1,
7290100245231,false,נמס בכוס ועוד טעם עוף 50 גרם,יוניליוור ישראל שיווק בע`מ,,,'יח,0.50,ל-100 גרם,false,1,6.40,12.80,true,1,
7290100335710,false,כדורגל הודו,קורניש חן (1987) בעמ,,,"ק""ג",1,,true,1,29.90,29.90,false,1,
7290100344941,false,עצם לחוצה 6 טבעי  חמישיה- 60,שחורי אריה ואנסטסיה,,,'יח,1,,false,1,19.90,19.90,false,1,
7290100344965,false,עצם לחוצה 8 טבעי  זוג- 72,שחורי אריה ואנסטסיה,,,'יח,1,,false,1,23.90,23.90,false,1,
7290100344989,false,עצם לחוצה טבעי 10 ארוז-84,שחורי אריה ואנסטסיה,,,'יח,1,,false,1,13.90,13.90,false,1,
7290100348260,false,קרטון גירוד ריבוס,שחורי אריה ואנסטסיה,,,'יח,1,,false,1,34.90,34.90,false,1,
7290100348796,false,כלי שתייה ריבוס 1015,שחורי אריה ואנסטסיה,,,'יח,1,,false,1,22.90,22.90,false,1,
7290100411254,false,מחית תפוח ובננה 190 גר`ללא סוכר,שקד תבל בע`מ,,,'יח,1.90,ל-100 גרם,false,1,4.90,2.58,true,1,
7290100680711,false,פירורית זהב 350 גרם,קבוצת אסם סחר,,,'יח,3.50,ל-100 גרם,false,1,7.90,2.26,true,1,
7290100680728,false,פירורית 350 גרם,קבוצת אסם סחר,,,'יח,3.50,ל-100 גרם,false,1,6.90,1.97,true,1,
7290100681138,false,אפרופו חטיף 3*50 גרם,קבוצת אסם סחר,,,'יח,1.50,ל-100 גרם,false,1,12.90,8.60,true,1,
7290100684139,false,פסטה אסם מקרוני 500 גרם,קבוצת אסם סחר,,,'יח,5,ל-100 גרם,false,1,5.90,1.18,true,1,
7290100684764,false,במבה יום הולדת על סרט 25 גרם,קבוצת אסם סחר,,,'יח,0.25,ל-100 גרם,false,1,2.40,9.60,false,1,
7290100685136,false,אסם מרק טעם עוף 1קג שקית,קבוצת אסם סחר,,,'יח,10,ל-100 גרם,false,1,14.90,1.49,true,1,
7290100685334,false,מרק עוף אמיתי רכיבים טבעיים 400 גרם,קבוצת אסם סחר,,,'יח,4,ל-100 גרם,false,1,23.90,5.98,true,1,
7290100685341,false,מרק בטעם עוף זך רכיבים טבעיים 400גרם,קבוצת אסם סחר,,,'יח,4,ל-100 גרם,false,6,16.90,4.23,true,1,
7290100686164,false,ביסלי ברביקיו מיני 6*35 גרם,קבוצת אסם סחר,,,'יח,2.10,ל-100 גרם,false,1,12.90,6.14,true,1,
7290100687109,false,במבה נוגט 60 גרם,קבוצת אסם סחר,,,'יח,0.60,ל-100 גרם,false,1,3.90,6.50,true,1,
7290100689301,false,אסם מרק זך-עדיף בטעם עוף 400 גרם,קבוצת אסם סחר,,,'יח,4,ל-100 גרם,false,1,15.90,3.98,true,1,
7290100700020,false,גריסי פנינה 500 גרם,סוגת,,,'יח,5,ל-100 גרם,false,1,5.90,1.18,false,1,
7290100700068,false,שעועית צבעונית 500 גר`,סוגת,,,'יח,5,ל-100 גרם,false,1,10.90,2.18,false,1,
7290100700075,false,פירורי לחם מוזהבים 200 גר*,סוגת,,,'יח,2,ל-100 גרם,false,1,3.90,1.95,true,1,
7290100700273,false,קינואה 500 גרם כשלפ,סוגת,,,'יח,5,ל-100 גרם,false,1,12.90,2.58,false,1,
7290100700297,false,עדשים שחורות סוגת 500 גרם,סוגת,,,'יח,5,ל-100 גרם,false,1,7.90,1.58,false,1,
7290100700310,false,כוסמת לא קלוי 1 קג,סוגת,,,'יח,10,ל-100 גרם,false,1,12.90,1.29,false,1,
7290100700389,false,סוגת אורז אדום 1 קג,סוגת,,,'יח,10,ל-100 גרם,false,1,14.90,1.49,false,1,
7290100700396,false,אורז יסמין קלאסי 1 קג,סוגת,,,'יח,10,ל-100 גרם,false,1,12.90,1.29,false,1,
7290100700402,false,חומוס ענק 1 קג,סוגת,,,'יח,10,ל-100 גרם,false,1,19.90,1.99,true,1,
7290100700587,false,בורגול 500 גר`,סוגת,,,'יח,5,ל-100 גרם,false,1,4.90,0.98,true,1,
7290100701126,false,שעועית מש 500 גר`,סוגת,,,'יח,5,ל-100 גרם,false,1,10.90,2.18,false,1,
7290100701157,false,אורז סושי 1 קג,סוגת,,,'יח,10,ל-100 גרם,false,1,9.90,0.99,false,1,
7290100701454,false,גרישה 500גר`,סוגת,,,'יח,5,ל-100 גרם,false,1,4.90,0.98,true,1,
7290100702260,false,קוסקוס דק 350 גר`,סוגת,,,'יח,3.50,ל-100 גרם,false,1,4.90,1.40,true,1,
7290100702277,false,קוסקוס עבה 350 גר`,סוגת,,,'יח,3.50,ל-100 גרם,false,1,4.90,1.40,true,1,
7290100702284,false,קוסקוס מלא 350 גר`,סוגת,,,'יח,3.50,ל-100 גרם,false,1,4.90,1.40,true,1,
7290100702314,false,שעועית שחורה 500 גרם,סוגת,,,'יח,5,ל-100 גרם,false,1,10.90,2.18,false,1,
7290100702611,false,פתיתים אפויים אורז 500 גר`,סוגת,,,'יח,5,ל-100 גרם,false,1,5.90,1.18,true,1,
7290100702628,false,פתיתים אפויים קוסקוס 500 גר`,סוגת,,,'יח,5,ל-100 גרם,false,1,5.90,1.18,true,1,
7290100702635,false,פתיתים אפויים כוכבים 500 גר`,סוגת,,,'יח,5,ל-100 גרם,false,1,5.90,1.18,true,1,
7290100702642,false,פתיתים אפויים טבעת 500 גר`,סוגת,,,'יח,5,ל-100 גרם,false,1,5.90,1.18,true,1,
7290100702673,false,פתיתים אפויים 3 צבעים 500 גר`,סוגת,,,'יח,5,ל-100 גרם,false,1,5.90,1.18,true,1,
7290100702987,false,פתיתי שיבולת שועל 500 גר`,סוגת,,,'יח,5,ל-100 גרם,false,1,5.90,1.18,true,1,
7290100703007,false,עדשים שחורות בלוגה 500 גרם,סוגת,,,'יח,5,ל-100 גרם,false,1,7.90,1.58,false,1,
7290100703458,false,כוסמת לא קלויה 500 גר`,סוגת,,,'יח,5,ל-100 גרם,false,1,7.90,1.58,false,1,
7290100703953,false,קוקוס 500 גרם,סוגת,,,'יח,5,ל-100 גרם,false,1,11.90,2.38,false,1,
7290100704066,false,עדשים צהובות סוגת 500 גרם,סוגת,,,'יח,5,ל-100 גרם,false,1,7.90,1.58,false,1,
7290100704141,false,סוגת אבקת סודה לשתיה 100 גר`,סוגת,,,'יח,10,ל-100 גרם,false,1,2.90,0.29,false,1,
7290100704660,false,קינואה מיקס 500 גר`,סוגת,,,'יח,5,ל-100 גרם,false,1,12.90,2.58,false,1,
7290100850909,false,חטיף דוריטוס נאצ`ו מקסיקני 70 גרם,שטראוס פריטו ליי בע`מ,,,'יח,0.70,ל-100 גרם,false,1,3.90,5.57,true,1,
7290100850916,false,חטיף דוריטוס חמוץ חריף 70 גרם,שטראוס פריטו ליי בע`מ,,,'יח,0.70,ל-100 גרם,false,1,4.20,6,true,1,
7290100850923,false,חטיף דוריטוס גריל 70 גרם,שטראוס פריטו ליי בע`מ,,,'יח,0.70,ל-100 גרם,false,1,4.20,6,true,1,
7290100850930,false,חטיף דוריטוס טבעי 70 גרם,שטראוס פריטו ליי בע`מ,,,'יח,0.70,ל-100 גרם,false,1,4.20,6,true,1,
7290100858592,false,עלית אבקת קקאו 150 גרם,שטראוס גרופ בע`מ,,,'יח,1.50,ל-100 גרם,false,1,9.90,6.60,false,1,
7290100858608,false,עלית אבקת קקאו כשלפ 500 גרם,שטראוס גרופ בע`מ,,,'יח,5,ל-100 גרם,false,10,24.90,4.98,false,1,
7290100921401,false,הוואי שמפו קרטין מחזק 700 מ`ל,הנקל סוד בע`מ,,,'יח,7,"ל-100 מ""ל",false,12,9.90,1.41,true,1,
7290100921418,false,הוואי מרכך קרטין מחזק 700 מ`ל,הנקל סוד בע`מ,,,'יח,7,"ל-100 מ""ל",false,12,9.90,1.41,true,1,
7290100922651,false,רביעיית סבון מוצק ההואי מי קוקוס,הנקל סוד בע`מ,,,'יח,4,ל-100 גרם,false,12,12.90,3.23,true,1,
7290100924457,false,סוד סבון אסלה*3יח בניחוח לימון,גורי שיווק,,,'יח,3,למארז,false,1,19.90,6.63,true,1,
7290100924464,false,סוד סבון אסלה*3יח בניחוח אקונומיקה,גורי שיווק,,,'יח,3,למארז,false,1,19.90,6.63,true,1,
7290100924631,false,מרכך כביסה סוד בייבי 900מ`ל,גורי שיווק,,,'יח,9,"ל-100 מ""ל",false,12,12.90,1.43,true,1,
7290100925669,false,קולור קאצ`ר 10 דפים,גורי שיווק,,,'יח,1,ל-100 גרם,false,1,9.90,9.90,true,1,
7290100926109,false,מרכך כביסה סוד האהבה 4 ליטר,גורי שיווק,,,'יח,40,"ל-100 מ""ל",false,1,17.90,0.45,false,1,
7290101112921,false,מאגדת גלידל פרי פירות טרופיים 8 יח`,פלקו בעמ חברה ישראלית,,,'יח,1,ל-100 גרם,false,1,19.90,19.90,false,1,
7290101113393,false,מאגדת יופלה יוגורט פירות יער 5 יח,פלקו בעמ חברה ישראלית,,,'יח,1,ל-100 גרם,false,1,21.90,21.90,true,1,
7290101113676,false,מאגדת קרח רמזור *6,פלקו בעמ חברה ישראלית,,,'יח,1,ל-100 גרם,false,1,10.90,10.90,true,1,
7290101113751,false,מאגדת 4 יחשלגון יולו קרמל שוקולד בלונד,פלקו בעמ חברה ישראלית,,,'יח,1,ל-100 גרם,false,1,19.90,19.90,false,1,
7290101113805,false,מאגדת 5 יח יופלה שייק תות 70% פרי,פלקו בעמ חברה ישראלית,,,'יח,1,ל-100 גרם,false,1,21.90,21.90,true,1,
7290101113829,false,מאגדת 5 יח יופלה שייק מנגו 70% פרי,פלקו בעמ חברה ישראלית,,,'יח,1,ל-100 גרם,false,1,21.90,21.90,true,1,
7290101113904,false,מנבו מוקה  12 יח`,פלקו בעמ חברה ישראלית,,,'יח,0,ל-100 גרם,false,1,22.90,22.90,false,1,
7290101455912,false,בקבוק נירוסטה מעוצב 500 מל`,שמחה זה אנחנו בע`מ,,,'יח,1,,false,1,22.90,22.90,false,1,
7290101488323,false,ליידי ספיד סטיק פרש ללא סימן 65.2ג,ש. שסטוביץ בע`מ,,,'יח,0.65,"ל-100 מ""ל",false,1,19.90,30.62,true,1,
7290101500025,false,עלי בייבי 300 גר`,ביכורי השדה הצפון בעמ` 1964,,,'יח,1,,false,1,10.90,10.90,false,1,
7290101500193,false,חסה רומית,ביכורי השדה הצפון בעמ` 1964,,,'יח,1,,false,1,8.90,8.90,false,1,
7290101500506,false,פטרוזיליה,ביכורי השדה הצפון בעמ` 1964,,,'יח,1,'יח,false,1,3.90,3.90,false,1,
7290101500513,false,שמיר,ביכורי השדה הצפון בעמ` 1964,,,'יח,1,,false,1,3.90,3.90,false,1,
7290101500520,false,ירק כוסברה,ביכורי השדה הצפון בעמ` 1964,,,'יח,1,,false,1,3.90,3.90,false,1,
7290101500537,false,נענע,ביכורי השדה הצפון בעמ` 1964,,,'יח,1,,false,1,3.90,3.90,false,1,
7290101500551,false,סלרי אמריקאי,ביכורי השדה הצפון בעמ` 1964,,,'יח,1,,false,1,5.90,5.90,false,1,
7290101500568,false,סלרי ראש,ביכורי השדה הצפון בעמ` 1964,,,'יח,1,,false,1,5.90,5.90,false,1,
7290101500926,false,תרד ירקר,ביכורי השדה הצפון בעמ` 1964,,,'יח,1,,false,1,10.90,10.90,false,1,
7290101501138,false,כרובית,ביכורי השדה הצפון בעמ` 1964,,,"ק""ג",1,,true,1,9.90,9.90,false,1,
7290101501176,false,פלפלונים,ביכורי השדה הצפון בעמ` 1964,,,'יח,1,,false,1,8.90,8.90,false,1,
7290101501183,false,פלפל צ`ילי,ביכורי השדה הצפון בעמ` 1964,,,'יח,1,,false,1,7.90,7.90,false,1,
7290101501305,false,מלפפונים קטנים,ביכורי השדה הצפון בעמ` 1964,,,'יח,1,,false,1,9.90,9.90,false,1,
7290101551027,false,קפסולות למכונות נספרסו כשל`פ,שטראוס גרופ בע`מ,,,'יח,0.50,ל-100 גרם,false,12,16.90,33.80,true,1,
7290101551263,false,סילאן טבעי צנצנת 700 גר`,שטראוס גרופ בע`מ,,,'יח,0.70,ל-100 גרם,false,6,21.90,31.29,true,1,
7290101551300,false,סילאן טבעי לחיץ 300 גרם,שטראוס גרופ בע`מ,,,'יח,0.38,ל-100 גרם,false,12,14.90,39.21,true,1,
7290101551584,false,מארז תפוצ`יפס קידס 10*20,שטראוס פריטו ליי בע`מ,,,'יח,2,ל-100 גרם,false,1,14.90,7.45,false,1,
7290101551638,false,צ`יטוס מארז כאפה 20*10,שטראוס פריטו ליי בע`מ,,,'יח,2,ל-100 גרם,false,1,13.90,6.95,false,1,
7290101551645,false,מארז ציטוס איקס עיגול 20*10,שטראוס פריטו ליי בע`מ,,,'יח,2,ל-100 גרם,false,1,13.90,6.95,false,1,
7290101863410,false,סיליט Bangניקוי כללי עם אקונומיקה7,תה ויסוצקי בע`מ,,,'יח,7.50,"ל-100 מ""ל",false,1,10.90,1.45,true,1,
7290101864127,false,קליה אוקסי ספריי 750 מ`ל,תה ויסוצקי בע`מ,,,'יח,7.50,"ל-100 מ""ל",false,1,16.90,2.25,true,1,
7290101865261,false,פיניש נוזל הברקה 800 מ`ל,תה ויסוצקי בע`מ,,,'יח,8,"ל-100 מ""ל",false,1,21.90,2.74,true,1,
7290101866633,false,קליה ג`ל 3 ל`,תה ויסוצקי בע`מ,,,'יח,30,"ל-100 מ""ל",false,1,29.90,1,true,1,
7290101866787,false,קליה 3  ל`WHITE,תה ויסוצקי בע`מ,,,'יח,30,"ל-100 מ""ל",false,1,29.90,1,true,1,
7290101868958,false,פיניש נוזל הברקה 800 מ`ל,תה ויסוצקי בע`מ,,,'יח,8,"ל-100 מ""ל",false,1,19.90,2.49,true,1,
7290101869702,false,פיניש ג`ל 600 AIO,תה ויסוצקי בע`מ,,,'יח,6,"ל-100 מ""ל",false,1,31.90,5.32,true,1,
7290101869726,false,פיניש ג`ל 1 ליטר מקס ALL IN ONE,תה ויסוצקי בע`מ,,,'יח,10,"ל-100 מ""ל",false,1,39.90,3.99,true,1,
7290101869788,false,מילוי מבשם אויר אוטומטי אואזיס,תה ויסוצקי בע`מ,,,'יח,2.50,"ל-100 מ""ל",false,1,14.90,5.96,true,1,
7290101869795,false,מילוי מבשם אויר אוטומטי חלום ליל קיץ,תה ויסוצקי בע`מ,,,'יח,2.50,"ל-100 מ""ל",false,1,14.90,5.96,true,1,
7290102030330,false,תפוצ`יפס אקסטרא מקסיקני 200 גרם +20 תו,שטראוס פריטו ליי בע`מ,,,'יח,2,ל-100 גרם,false,1,10.90,5.45,true,1,
7290102031276,false,דנונה Actimel בטעם תות בננה 8*100מל,שטראוס גרופ בע`מ,,,'יח,8,"ל-100 מ""ל",false,6,21.90,2.74,false,1,
7290102032334,false,קפה נמס וניל פחית 200 גרם,שטראוס גרופ בע`מ,,,'יח,2,ל-100 גרם,false,1,24.90,12.45,false,1,
7290102060993,false,מרידול משחת שיניים 100 מ`ל זוג כשל`פ,ש. שסטוביץ בע`מ,,,'יח,1,,false,1,32,32,false,1,
7290102300822,false,גבינה צ`דר אנגלית  200 גר`,א.סיימן סחר בעמ,,,'יח,2,ל-100 גרם,false,1,23.90,11.95,true,1,
7290102303878,false,חמאת אלוויר נורמנדי 200 גרם,א.סיימן סחר בעמ,,,'יח,2,ל-100 גרם,false,1,18.90,9.45,false,1,
7290102390427,false,מולר יוגורט עם קציפת תות 3% 150 מל,החברה המרכזית להפצה,,,'יח,1.50,"ל-100 מ""ל",false,1,5.50,3.67,false,1,
7290102390465,false,מולר יוגורט אפרסק פסיפלורה 3% 150מל,החברה המרכזית להפצה,,,'יח,1.50,"ל-100 מ""ל",false,1,5.50,3.67,false,1,
7290102391844,false,מולר פרופ יוגורט פירות יער 150מל,החברה המרכזית להפצה,,,'יח,1.50,"ל-100 מ""ל",false,1,5.50,3.67,false,1,
7290102392049,false,תבור גבינה לבנה לאפייה 5% 500גרם,החברה המרכזית להפצה,,,'יח,5,ל-100 גרם,false,1,27.90,5.58,true,1,
7290102392094,false,חלב עיזים מלא 3.7% 1 ליטר,החברה המרכזית להפצה,,,'יח,10,"ל-100 מ""ל",false,1,16.90,1.69,false,1,
7290102392889,false,מולר ביאנקו נטורל יוגורט טבעי 2.8% 200,החברה המרכזית להפצה,,,'יח,1.50,ל-100 גרם,false,1,4.10,2.73,false,1,
7290102393039,false,מולר מיקס יוגורט קרמי 150 גר`,החברה המרכזית להפצה,,,'יח,1.50,"ל-100 מ""ל",false,1,6,4,true,1,
7290102393060,false,מולר מיקס יוגורט קרמי 150 גר`,החברה המרכזית להפצה,,,'יח,1.50,"ל-100 מ""ל",false,1,6,4,true,1,
7290102393169,false,מולר סימפלי פרויט תות שדה,החברה המרכזית להפצה,,,'יח,1.50,ל-100 גרם,false,1,5.50,3.67,true,1,
7290102393176,false,מולר סימפלי פרויט אפרסק,החברה המרכזית להפצה,,,'יח,1.50,ל-100 גרם,false,1,5.50,3.67,true,1,
7290102393268,false,גבינה לבנה 750 גר`,החברה המרכזית להפצה,,,'יח,7.50,ל-100 גרם,false,1,14.90,1.99,true,1,
7290102393947,false,מולר סימפלי פרויט קיווי 150 גרם,החברה המרכזית להפצה,,,'יח,1.50,ל-100 גרם,false,1,5.50,3.67,true,1,
7290102394081,false,מולר מיקס יוגורט קרמי עשיר,החברה המרכזית להפצה,,,'יח,1.50,"ל-100 מ""ל",false,1,6,4,true,1,
7290102394258,false,מה עז 180  גר% `9שומן,החברה המרכזית להפצה,,,'יח,1.80,ל-100 גרם,false,1,25.90,14.39,false,1,
7290102394463,false,גבנצ ואקום 28% נעם 500  גר`פרוס,החברה המרכזית להפצה,,,'יח,5,ל-100 גרם,false,1,29.90,5.98,false,1,
7290102394821,false,גבנצ דק-דק פתיחה חוזרת נעם 28% 200 גרם,החברה המרכזית להפצה,,,'יח,2,ל-100 גרם,false,1,15.90,7.95,true,1,
7290102394845,false,גבנ`צ דק-דק פתיחה חוזרת נעם 9% 200 גר`,החברה המרכזית להפצה,,,'יח,2,ל-100 גרם,false,1,17.90,8.95,true,1,
7290102395217,false,מאגדת יוגורט שמינייה מתיקות מעודנת 2%,החברה המרכזית להפצה,,,'יח,9,ל-100 גרם,false,1,20.90,2.32,false,1,
7290102395224,false,מאגדת שמינייה מולר ביאנקו נטורל 1.7%,החברה המרכזית להפצה,,,'יח,8,ל-100 גרם,false,1,18.90,2.36,false,1,
7290102395231,false,מאגדת שמינייה מולר ביאנקו נטורל 2.8%,החברה המרכזית להפצה,,,'יח,8,ל-100 גרם,false,1,18.90,2.36,false,1,
7290102395262,false,מאגדת שמינייה תות אפרסק 8*150,החברה המרכזית להפצה,,,'יח,3.80,"ל-100 מ""ל",false,1,32.90,8.66,false,1,
7290102395446,false,מעדן מוו בטעם וניל עם קצפת 6.7% 123 גר,החברה המרכזית להפצה,,,'יח,1.23,ל-100 גרם,false,1,3,2.44,true,1,
7290102395521,false,שמנת לבישול 15% 500 מ`ל,החברה המרכזית להפצה,,,'יח,5,"ל-100 מ""ל",false,1,16.90,3.38,false,1,
7290102396399,false,מאגדת שמינייה-מעדן שוקולד 100 גר`,החברה המרכזית להפצה,,,'יח,1,ל-100 גרם,false,1,14.90,14.90,true,1,
7290102396405,false,מאגדת שמינייה-מעדן וניל 100 גר`,החברה המרכזית להפצה,,,'יח,8,ל-100 גרם,false,1,14.90,1.86,true,1,
7290102396597,false,מעדן מוו וניל ומוס שוקולד 118 גרם,החברה המרכזית להפצה,,,'יח,1.18,"ל-100 מ""ל",false,1,3,2.54,true,1,
7290102396665,false,צהובה פרוסות דקדק פתח סגור 15% 200 גר`,החברה המרכזית להפצה,,,'יח,2,ל-100 גרם,false,1,17.90,8.95,true,1,
7290102396672,false,גבנ`צ נעם דקדק 9% פתח סגור 360 גר`,החברה המרכזית להפצה,,,'יח,2.20,ל-100 גרם,false,1,26.90,12.23,false,1,
7290102397204,false,גבנ`צ דקדק פתח סגור 22% 200 גר`,החברה המרכזית להפצה,,,'יח,2.20,ל-100 גרם,false,1,17.90,8.14,true,1,
7290102397310,false,מאגדת שמינייה מיני מוו שוקולד קצפת,החברה המרכזית להפצה,,,'יח,8,ל-100 גרם,false,1,13.90,1.74,false,1,
7290102397334,false,בולגרית 5% 250  גר`בגביע,החברה המרכזית להפצה,,,'יח,2.50,ל-100 גרם,false,1,22.90,9.16,false,1,
7290102397341,false,בולגרית 24% 250  גר`בגביע,החברה המרכזית להפצה,,,'יח,2.50,ל-100 גרם,false,1,22.90,9.16,false,1,
7290102397600,false,מולר מיקס שקדים ובוטנים בקרמל,החברה המרכזית להפצה,,,'יח,1.50,"ל-100 מ""ל",false,1,6,4,true,1,
7290102397617,false,מולר מיקס קליק,החברה המרכזית להפצה,,,'יח,1.50,"ל-100 מ""ל",false,1,6,4,true,1,
7290102397679,false,קוטג וחצי 5% 375 גרם,החברה המרכזית להפצה,,,'יח,3.75,ל-100 גרם,false,1,7.90,2.11,false,1,
7290102397730,false,אמנטל ואקום 30% נעם 200 גרם,החברה המרכזית להפצה,,,'יח,2,ל-100 גרם,false,1,17.90,8.95,true,1,
7290102397747,false,גבינה מוצרלה פרוס 200 גרם,החברה המרכזית להפצה,,,'יח,2,ל-100 גרם,false,1,18.90,9.45,true,1,
7290102397891,false,גבינה ניו יורק מותכת %16 4*25 גרם,החברה המרכזית להפצה,,,'יח,0.25,ל-100 גרם,false,1,7.90,31.60,false,1,
7290102398065,false,חלב טרי 3% 2 ליטר,החברה המרכזית להפצה,,,'יח,2,"ל-100 מ""ל",false,1,11.90,5.95,false,1,
7290102398072,false,חלב בקרטון 3% 1 ליטר,החברה המרכזית להפצה,,,'יח,10,"ל-100 מ""ל",false,1,6.23,0.62,false,1,
7290102398560,false,שוקו טרה מעושר 1 ליטר,החברה המרכזית להפצה,,,'יח,10,"ל-100 מ""ל",false,1,11.90,1.19,true,1,
7290102398669,false,משקה חלב אייס קפוצינו  1 ליטר,החברה המרכזית להפצה,,,'יח,10,ל-100 גרם,false,1,11.90,1.19,true,1,
7290102398782,false,משקה סויה קלאסי צוריאל,החברה המרכזית להפצה,,,'יח,10,"ל-100 מ""ל",false,1,11.90,1.19,true,1,
7290102398799,false,משקה סויה במתיקות מופחתת צוריאל,החברה המרכזית להפצה,,,'יח,10,"ל-100 מ""ל",false,1,11.90,1.19,true,1,
7290102398805,false,משקה סויה בטעם וניל צוריאל,החברה המרכזית להפצה,,,'יח,10,"ל-100 מ""ל",false,1,11.90,1.19,true,1,
7290102398836,false,משקה שקדים קלאסי צוריאל,החברה המרכזית להפצה,,,'יח,10,"ל-100 מ""ל",false,1,12.90,1.29,true,1,
7290102399048,false,נעם פרוסות קשקבל 200 גרם,החברה המרכזית להפצה,,,'יח,2,ל-100 גרם,false,1,23.90,11.95,true,1,
7290102399796,false,יוגורט 25 גר` חלבון מולר אקטיב 200 גרם,החברה המרכזית להפצה,,,'יח,2,ל-100 גרם,false,1,5.90,2.95,true,1,
7290102399857,false,מולר אקטיב לייט יוגורט 20 גר` חלבון,החברה המרכזית להפצה,,,'יח,0.20,ל-100 גרם,false,1,5.90,29.50,true,1,
7290103124588,false,פלמוליב סבון נוזלי משאבה 750מ`ל,ש. שסטוביץ בע`מ,,,'יח,7.50,"ל-100 מ""ל",false,1,19.90,2.65,true,1,
7290103124601,false,פלמוליב סבון נוזלי משאבה חלב ודבש 750מ,ש. שסטוביץ בע`מ,,,'יח,7.50,"ל-100 מ""ל",false,1,19.90,2.65,true,1,
7290103126797,false,קולגייט משחת שיניים סנסטיב פרו ריליף 7,ש. שסטוביץ בע`מ,,,'יח,0.75,ל-100 גרם,false,1,22.90,30.53,false,1,
7290103129378,false,ספיד סטיק *5 ג`ל 85גרם,ש. שסטוביץ בע`מ,,,'יח,0.85,ל-100 גרם,false,1,25.90,30.47,true,1,
7290103214708,false,כלי אוכל 1267,שחורי אריה ואנסטסיה,,,'יח,1,,false,1,43.90,43.90,false,1,
7290103214791,false,כלי אוכל 1276,שחורי אריה ואנסטסיה,,,'יח,1,,false,1,39.90,39.90,false,1,
7290103216764,false,כלי שתייה 1242,שחורי אריה ואנסטסיה,,,'יח,1,,false,1,9.90,9.90,false,1,
7290103400194,false,כרוב לבן בדצ,ביכורי השדה הצפון בעמ` 1964,,,'יח,1,,false,1,10.90,10.90,false,1,
7290103401429,false,נס  קפה- קצב ברזילאי 200גר,שטראוס גרופ בע`מ,,,'יח,2,ל-100 גרם,false,6,27.90,13.95,true,1,
7290103408206,false,עלי חסה ערבית שטופים בקופסא,ביכורי השדה הצפון בעמ` 1964,,,'יח,1,,false,1,10.90,10.90,false,1,
7290103681173,false,יין אדום תבור הר קברנה סובניון,החברה המרכזית להפצת משקאות בע`,,,'יח,7.50,"ל-100 מ""ל",false,1,37.70,4.99,true,1,
7290103681180,false,יין אדום תבור הר מרלו,החברה המרכזית להפצת משקאות בע`,,,'יח,7.50,"ל-100 מ""ל",false,1,37.70,4.99,true,1,
7290104061417,false,חומוס טחינה אחלה 400 גרם,שטראוס גרופ בע`מ,,,'יח,4,ל-100 גרם,false,6,10.90,2.73,true,1,
7290104061424,false,חומוס זעתר אחלה 400 גרם,שטראוס גרופ בע`מ,,,'יח,4,ל-100 גרם,false,6,10.90,2.73,true,1,
7290104061431,false,חומוס צנובר אחלה 400 גרם,שטראוס גרופ בע`מ,,,'יח,4,ל-100 גרם,false,6,10.90,2.73,true,1,
7290104061448,false,חומוס חריף אחלה 400 גרם,שטראוס גרופ בע`מ,,,'יח,4,ל-100 גרם,false,6,10.90,2.73,true,1,
7290104064012,false,פסק זמן טו גוד לבן 36 גרם,שטראוס גרופ בע`מ,,,'יח,0.36,ל-100 גרם,false,1,4.90,13.61,false,1,
7290104065187,false,קפה נמס מוקה פחית 200 גרם,שטראוס גרופ בע`מ,,,'יח,2,ל-100 גרם,false,6,21.90,10.95,false,1,
7290104065934,false,עלי רוקט 150גר,ביכורי השדה הצפון בעמ` 1964,,,'יח,1,,false,1,10.90,10.90,false,1,
7290104067679,false,טחינה אחלה 400 גרם,שטראוס גרופ בע`מ,,,'יח,4,ל-100 גרם,false,6,10.90,2.73,true,1,
7290104068546,false,"מסטיק מאסט קולה לימון לל""ס  28 גרם",שטראוס גרופ בע`מ,,,'יח,0.28,ל-100 גרם,false,16,4.40,15.71,false,1,
7290104500572,false,אפרופו חטיף איטליאנו 50 גרם,קבוצת אסם סחר,,,'יח,0.50,ל-100 גרם,false,1,3.90,7.80,true,1,
7290104501661,false,פודינג בטעם וניל 80 גרם,קבוצת אסם סחר,,,'יח,0.80,ל-100 גרם,false,1,5.90,7.38,true,1,
7290104504228,false,דובונים 5יח*20גר,קבוצת אסם סחר,,,'יח,1,ל-100 גרם,false,1,12.90,12.90,true,1,
7290104508943,false,במבה רגילה 200גר`,קבוצת אסם סחר,,,'יח,2,ל-100 גרם,false,1,9.90,4.95,true,1,
7290104570162,false,תמרים ללא חרצנים בואקום 500 גרם,מ.ד אטיאס סוכנויות מזון בע`מ,,,'יח,5,ל-100 גרם,false,1,14.90,2.98,false,1,
7290104570636,false,ממרח תמרים 450 גרם,מ.ד אטיאס סוכנויות מזון בע`מ,,,'יח,4.50,ל-100 גרם,false,1,6.40,1.42,false,1,
7290104722530,false,תפוצ`יפס שמנת בצל 200 גר`,שטראוס פריטו ליי בע`מ,,,'יח,2,ל-100 גרם,false,1,10.90,5.45,true,1,
7290104726262,false,מארז דני לשתיה שוקולד בננה*4יח,שטראוס גרופ בע`מ,,,'יח,5,ל-100 גרם,false,6,10.90,2.18,false,1,
7290104726712,false,מילקי מארז 8יח *150גר,שטראוס גרופ בע`מ,,,'יח,4,ל-100 גרם,false,3,19.90,4.98,false,1,
7290104728310,false,שמנת מתוקה עמידה 38% 250 מל,שטראוס גרופ בע`מ,,,'יח,5,ל-100 גרם,false,24,6.47,1.29,true,1,
7290104729003,false,שמן זית יד מרדכי 750 מל`,שטראוס גרופ בע`מ,,,'יח,7.50,"ל-100 מ""ל",false,1,34.90,4.65,true,1,
7290104960239,false,נקה 7 ארומה תחליב רחצה לבן 750 מ`ל,החב. הדרומית לשיווק,,,'יח,7.50,לליטר,false,12,10.90,1.45,false,1,
7290104960246,false,נקה 7 ארומה תחליב רחצה ורד יסמין 750 מ,החב. הדרומית לשיווק,,,'יח,7,"ל-100 מ""ל",false,12,10.90,1.56,false,1,
7290104960253,false,נקה 7 ארומה תחליב רחצה לבנדר ענוג 750,החב. הדרומית לשיווק,,,'יח,7.50,ל-100 גרם,false,12,10.90,1.45,false,1,
7290104960352,false,נקה 7 ארומה תחליב רחצה וניל 750 מ`ל,החב. הדרומית לשיווק,,,'יח,7.50,ל-100 גרם,false,12,10.90,1.45,false,1,
7290104961243,false,תחליב רחצה מגע הקטיפה קוקוס ליים,החב. הדרומית לשיווק,,,'יח,7.50,לליטר,false,1,10.90,1.45,false,1,
7290104961878,false,קרטין אינטנס-שמפו לשיער,החב. הדרומית לשיווק,,,'יח,7.50,"ל-100 מ""ל",false,12,29.90,3.99,false,1,
7290104961885,false,קרטין אינטנס-מרכך לשיער,החב. הדרומית לשיווק,,,'יח,4,"ל-100 מ""ל",false,12,29.90,7.48,false,1,
7290104961892,false,קרטין אינטנס-מסכה לשיער,החב. הדרומית לשיווק,,,'יח,3.50,"ל-100 מ""ל",false,6,39.90,11.40,false,1,
7290104963001,false,סופטקר רביעית מגבונים בניחוח עדין,החב. הדרומית לשיווק,,,'יח,1,'יח,false,6,17.90,17.90,false,1,
7290104963018,false,סופטקר רביעית מגבונים ללא בישום,החב. הדרומית לשיווק,,,'יח,1,'יח,false,6,17.90,17.90,false,1,
7290104963216,false,סופטקר אלסבון עדין לתינוק 1מ`ל,החב. הדרומית לשיווק,,,'יח,10,"ל-100 מ""ל",false,12,14.90,1.49,false,1,
7290104963223,false,סופטקר אלסבון קלאסי לתינוק 1מ`ל,החב. הדרומית לשיווק,,,'יח,10,"ל-100 מ""ל",false,12,14.90,1.49,false,1,
7290104963650,false,סופטקר שמפו אלדמע 1מ`ל,החב. הדרומית לשיווק,,,'יח,10,"ל-100 מ""ל",false,1,14.90,1.49,false,1,
7290105360250,false,קפסולות צקיאטו למכונת אספרסו,שטראוס גרופ בע`מ,,,'יח,0.50,ל-100 גרם,false,12,16.90,33.80,true,1,
7290105360328,false,קפסולות אספרסו חזק למכונת אספרסו,שטראוס גרופ בע`מ,,,'יח,0.50,ל-100 גרם,false,12,16.90,33.80,true,1,
7290105362339,false,.שמנת לבישול 15% מהדרין,שטראוס גרופ בע`מ,,,'יח,2.50,ל-100 גרם,false,18,7.90,3.16,true,1,
7290105363602,false,כיף כף מקלות קלאסי 40גר`,שטראוס גרופ בע`מ,,,'יח,0.40,ל-100 גרם,false,8,4.90,12.25,true,1,
7290105364289,false,כיף כף מקלות פצפוצים 40גר`,שטראוס גרופ בע`מ,,,'יח,0.40,ל-100 גרם,false,8,4.90,12.25,true,1,
7290105364678,false,דנונה אקטיביה משקה יוגורט אפרסק,שטראוס גרופ בע`מ,,,'יח,2.50,"ל-100 מ""ל",false,12,5.20,2.08,true,1,
7290105366023,false,חציל בטעם כבד אחלה 400 גרם,שטראוס גרופ בע`מ,,,'יח,4,ל-100 גרם,false,6,16.90,4.23,true,1,
7290105366047,false,טחינה לבנה אחלה 400 גרם,שטראוס גרופ בע`מ,,,'יח,4,ל-100 גרם,false,6,16.90,4.23,true,1,
7290105366993,false,גבינת סימפוניה פלפל שיפקה חריף 200 גר`,שטראוס גרופ בע`מ,,,'יח,2,ל-100 גרם,false,12,11.90,5.95,true,1,
7290105368904,false,שמנת מתוקה להקצפה 38% 250 מל,שטראוס גרופ בע`מ,,,'יח,2.50,ל-100 גרם,false,1,8.20,3.28,true,1,
7290105369130,false,גבינת סימפוניה 5% בטעם בצל ירוק 200 גר,שטראוס גרופ בע`מ,,,'יח,2,ל-100 גרם,false,12,11.90,5.95,true,1,
7290105439499,false,מנה מיונז מאסטר שף 480 גר`,ש. שסטוביץ בע`מ,,,'יח,4.81,ל-100 גרם,false,1,10.90,2.27,false,1,
7290105439505,false,מנה קרם בטעם מיונז לייט מאסטר שף 479 ג,ש. שסטוביץ בע`מ,,,'יח,4.79,ל-100 גרם,false,1,10.90,2.28,false,1,
7290105439581,false,חרדל דיג`ון צרפתי מאסטר שף 370 גר`,ש. שסטוביץ בע`מ,,,'יח,3.70,ל-100 גרם,false,1,11.90,3.22,false,1,
7290105470645,false,סופרקט בקר וכבד 7 קג,שחורי אריה ואנסטסיה,,,'יח,70,ל-100 גרם,false,1,109.90,1.57,false,1,
7290105473950,false,יורוקיטי קופסה 5 קג,שחורי אריה ואנסטסיה,,,'יח,50,ל-100 גרם,false,1,34.90,0.70,false,1,
7290105474001,false,לה קט פטה בקר 100 גרם,שחורי אריה ואנסטסיה,,,'יח,1,ל-100 גרם,false,1,4.90,4.90,false,1,
7290105474018,false,לה קט פטה עוף 100 גרם,שחורי אריה ואנסטסיה,,,'יח,1,ל-100 גרם,false,1,4.90,4.90,false,1,
7290105474025,false,לה קט פטה סלמון 100 גרם,שחורי אריה ואנסטסיה,,,'יח,1,ל-100 גרם,false,1,4.90,4.90,false,1,
7290105474049,false,לה קט מוס עוף 155 גר,שחורי אריה ואנסטסיה,,,'יח,1.55,ל-100 גרם,false,1,5.90,3.81,false,1,
7290105474056,false,לה קט מוס סלמון 155 גר,שחורי אריה ואנסטסיה,,,'יח,1.55,ל-100 גרם,false,1,5.90,3.81,false,1,
7290105474063,false,לה קט מוס כבד 155 גר,שחורי אריה ואנסטסיה,,,'יח,1.55,ל-100 גרם,false,1,7.90,5.10,false,1,
7290105474070,false,לה קט מוס טונה 155 גר,שחורי אריה ואנסטסיה,,,'יח,1.55,ל-100 גרם,false,1,7.90,5.10,false,1,
7290105474124,false,מזון לכלבים בונזו מזון כלבים בשר 12 קג מ,שחורי אריה ואנסטסיה,,,'יח,120,ל-100 גרם,false,1,129.90,1.08,false,1,
7290105474148,false,מעדן בונזו גורמה עוף בקר וירקות 170גרם,שחורי אריה ואנסטסיה,,,'יח,1.70,ל-100 גרם,false,1,7.90,4.65,false,1,
7290105474179,false,מארז מען לה קט פטה מולטיפק 100 גר 4 יח,שחורי אריה ואנסטסיה,,,'יח,4,ל-100 גרם,false,1,12.90,3.23,false,1,
7290105477392,false,בונזו ג.קטן 7 קג,שחורי אריה ואנסטסיה,,,'יח,70,ל-100 גרם,false,1,119.90,1.71,false,1,
7290105478320,false,מולטיפק סלמון 4*100,שחורי אריה ואנסטסיה,,,'יח,4,ל-100 גרם,false,1,15.90,3.98,false,1,
7290105478337,false,פדים קרבון 32 יחידות,שחורי אריה ואנסטסיה,,,'יח,1,,false,1,39.90,39.90,false,1,
7290105478375,false,מיטת קומפורט ורוד M,שחורי אריה ואנסטסיה,,,'יח,1,,false,1,139.90,139.90,false,1,
7290105500151,false,וודקה פינלנדיה 700 מל`,מ. אקרמן,,,'יח,7,"ל-100 מ""ל",false,1,59.90,8.51,true,1,
7290105500236,false,גק דניאלס 700 מל`,מ. אקרמן,,,'יח,7,"ל-100 מ""ל",false,1,120.20,17.13,true,1,
7290105691224,false,חטיפי פריכונים טורטיה שום בצל 60גר כשל,קבוצת אסם סחר,,,'יח,0.60,ל-100 גרם,false,1,6.90,11.50,false,1,
7290105691712,false,עוגיות הפסקת קפה חיטה מלאה 230גר,קבוצת אסם סחר,,,'יח,2.30,ל-100 גרם,false,12,10.90,4.74,true,1,
7290105691934,false,קמח שמרים 1 ק`ג,קבוצת אסם סחר,,,'יח,10,ל-100 גרם,false,1,10.90,1.09,true,1,
7290105693341,false,במבה מארז 10  יח`25* גר`,קבוצת אסם סחר,,,'יח,2.50,ל-100 גרם,false,1,14.90,5.96,true,1,
7290105693952,false,פירורית זהב שומשום 200 גרם שקית,קבוצת אסם סחר,,,'יח,2,ל-100 גרם,false,1,5.90,2.95,true,1,
7290105694614,false,פסטה אוסם ספגטי מהיר הכנה 500 גרם,קבוצת אסם סחר,,,'יח,5,ל-100 גרם,false,1,5.90,1.18,true,1,
7290105695321,false,עוגת שבת בראוניס  פאדג`380גר,קבוצת אסם סחר,,,'יח,3.80,ל-100 גרם,false,1,17.10,4.50,false,1,
7290105962331,false,סחוג חריף מאד זהבי 220 גרם,שטראוס גרופ בע`מ,,,'יח,2.20,ל-100 גרם,false,12,11.90,5.41,false,1,
7290105962980,false,כרוב אדום 400 גרם,שטראוס גרופ בע`מ,,,'יח,4,ל-100 גרם,false,6,10.90,2.73,true,1,
7290105962997,false,חציל במיונז 400 גרם,שטראוס גרופ בע`מ,,,'יח,4,ל-100 גרם,false,6,10.90,2.73,true,1,
7290105963000,false,מטבוחה 400 גרם,שטראוס גרופ בע`מ,,,'יח,4,ל-100 גרם,false,6,10.90,2.73,true,1,
7290105964564,false,חומוס אחלה 400 גרם,שטראוס גרופ בע`מ,,,'יח,4,ל-100 גרם,false,6,9.90,2.48,true,1,
7290105965738,false,משקה בוקר תות בננה 267מ`ל,שטראוס גרופ בע`מ,,,'יח,2.67,"ל-100 מ""ל",false,12,4.90,1.84,true,1,
7290105966469,false,חומץ בלסמי יד מרדכי,שטראוס גרופ בע`מ,,,'יח,2.50,"ל-100 מ""ל",false,12,14.90,5.96,false,1,
7290105968098,false,קולסלאו 500 גרם,שטראוס גרופ בע`מ,,,'יח,5,ל-100 גרם,false,6,16.90,3.38,true,1,
7290105968654,false,רביולי בטטה פרווה 400 גרם,שטראוס גרופ בע`מ,,,'יח,4,ל-100 גרם,false,9,19.90,4.98,true,1,
7290105968777,false,פריכיות  אנרג`בשוקולד מריר 80 גרם,שטראוס גרופ בע`מ,,,'יח,0.80,ל-100 גרם,false,16,7.90,9.88,false,1,
7290106520066,false,רבע לשבע בד`צ 160גר,שטראוס גרופ בע`מ,,,'יח,1.60,ל-100 גרם,false,1,11.90,7.44,true,1,
7290106520288,false,דנונה פרו תות 150 גרם,שטראוס גרופ בע`מ,,,'יח,1.50,"ל-100 מ""ל",false,12,4.90,3.27,true,1,
7290106520912,false,שמנת לבישול 9%,שטראוס גרופ בע`מ,,,'יח,2.58,ל-100 גרם,false,18,7.90,3.06,true,1,
7290106521049,false,קוביות סלק 400 גר`,שטראוס גרופ בע`מ,,,'יח,4,ל-100 גרם,false,6,16.90,4.23,true,1,
7290106524439,false,תפוצ`יפס פופס 60 גר`,שטראוס פריטו ליי בע`מ,,,'יח,0.60,ל-100 גרם,false,1,3.90,6.50,true,1,
7290106526822,false,פריכיות  אנרג`תחתית חלב 70 גרם כשל`פ,שטראוס גרופ בע`מ,,,'יח,0.70,ל-100 גרם,false,16,7.90,11.29,false,1,
7290106528567,false,דוריטוס גריל 185 גר`,שטראוס פריטו ליי בע`מ,,,'יח,1.85,ל-100 גרם,false,1,8.50,4.59,false,1,
7290106528628,false,דוריטוס dippas טבעי 185 גר`,שטראוס פריטו ליי בע`מ,,,'יח,1.85,ל-100 גרם,false,1,8.50,4.59,false,1,
7290106528949,false,סלט ערוגות ירקות 450גר,ביכורי השדה הצפון בעמ` 1964,,,'יח,3,ל-100 גרם,false,1,12.90,4.30,false,1,
7290106570023,false,בייגלה שטוחים שומשום 250גר כשלפ,קבוצת אסם סחר,,,'יח,2.50,ל-100 גרם,false,1,11.90,4.76,false,1,
7290106571921,false,עוגיות פיטנס חמוציות 180 גרם,קבוצת אסם סחר,,,'יח,1.80,ל-100 גרם,false,1,10.90,6.06,false,1,
7290106572027,false,לחמית חמישת דגנים 190 גרם,קבוצת אסם סחר,,,'יח,1.90,ל-100 גרם,false,1,9.90,5.21,true,1,
7290106572065,false,חטיפי פריכונים טורטיה חמוץ מתוק 60גר,קבוצת אסם סחר,,,'יח,0.60,ל-100 גרם,false,1,6.90,11.50,false,1,
7290106572959,false,אפרופו חטיף קלאסי 5חי*25גר,קבוצת אסם סחר,,,'יח,1.25,ל-100 גרם,false,1,12.90,10.32,true,1,
7290106572997,false,"קמח שמרים לפיצה 1 ק""ג",קבוצת אסם סחר,,,'יח,10,ל-100 גרם,false,1,10.90,1.09,true,1,
7290106574953,false,בייגלה שטוחים עם שומשום 300גר,קבוצת אסם סחר,,,'יח,3,ל-100 גרם,false,1,10.90,3.63,true,1,
7290106574977,false,בייגלה שטוחים עם מלח 300 גרם,קבוצת אסם סחר,,,'יח,3,ל-100 גרם,false,1,10.90,3.63,true,1,
7290106575431,false,עוגת סופלה שוקו וניל 340 גרם,קבוצת אסם סחר,,,'יח,3.40,ל-100 גרם,false,1,12.90,3.79,false,1,
7290106576162,false,פנסי פיסט דגים מארז מעורב 6 8*85גרם,שחורי אריה ואנסטסיה,,,'יח,5.10,ל-100 גרם,false,1,39.90,7.82,false,1,
7290106576797,false,לה קרמריה וניל איטלקי כשל`פ 1.4 ליטר,נגה גלידות שותפות מוגבלת,,,'יח,14,"ל-100 מ""ל",false,1,19.90,1.42,true,1,
7290106576810,false,לה קרמריה ריבת חלב כשל`פ 1.4 ליטר,נגה גלידות שותפות מוגבלת,,,'יח,14,"ל-100 מ""ל",false,1,19.90,1.42,true,1,
7290106576834,false,לה קרמריה פונטש בננה כשל`פ 1.4 ליטר,נגה גלידות שותפות מוגבלת,,,'יח,14,"ל-100 מ""ל",false,1,19.90,1.42,true,1,
7290106576858,false,לה קרמריה תותים בשמנת כשל`פ 1.4 ליטר,נגה גלידות שותפות מוגבלת,,,'יח,14,"ל-100 מ""ל",false,1,19.90,1.42,true,1,
7290106576957,false,לה קרמריה שוקו וניל פליק כשל`פ 1.4 ליט,נגה גלידות שותפות מוגבלת,,,'יח,14,"ל-100 מ""ל",false,1,19.90,1.42,true,1,
7290106576971,false,לה קרמריה שוקולד בלגי כשל`פ 1.4 ליטר,נגה גלידות שותפות מוגבלת,,,'יח,14,"ל-100 מ""ל",false,1,19.90,1.42,true,1,
7290106576995,false,לה קרמריה סורבה לייט 1.4 ל`,נגה גלידות שותפות מוגבלת,,,'יח,14,"ל-100 מ""ל",false,1,19.90,1.42,true,1,
7290106577039,false,לה קרמריה וניל שוקו פליק כשל`פ 1.4 ליט,נגה גלידות שותפות מוגבלת,,,'יח,14,"ל-100 מ""ל",false,1,19.90,1.42,true,1,
7290106577282,false,סלט טחינה צבר 400 גרם,קבוצת אסם סחר,,,'יח,4,ל-100 גרם,false,1,12.90,3.23,false,1,
7290106577480,false,סלט חציל על האש בטחינה 400 גרם,קבוצת אסם סחר,,,'יח,4,ל-100 גרם,false,1,14.90,3.73,false,1,
7290106577541,false,סלט כרוב אדום 400 גרם,קבוצת אסם סחר,,,'יח,4,ל-100 גרם,false,1,12.90,3.23,false,1,
7290106577572,false,סלט מטבוחה 400 גרם,קבוצת אסם סחר,,,'יח,4,ל-100 גרם,false,1,12.90,3.23,false,1,
7290106578692,false,במבה ביסלי מיקס 80 גרם,קבוצת אסם סחר,,,'יח,0.80,ל-100 גרם,false,1,3.90,4.88,true,1,
7290106578821,false,עוגת שמרים שוקולד קלאסית 350 גרם,קבוצת אסם סחר,,,'יח,3.50,ל-100 גרם,false,1,15.90,4.54,false,1,
7290106662025,false,תפוצ`יפס מלח-פלפל 50 גר`,שטראוס פריטו ליי בע`מ,,,'יח,0.50,ל-100 גרם,false,1,3.90,7.80,true,1,
7290106663091,false,לאבנה 500גר 9%,שטראוס גרופ בע`מ,,,'יח,5,ל-100 גרם,false,1,19.20,3.84,false,1,
7290106663121,false,מילקי קייק עוגה בודדת,שטראוס גרופ בע`מ,,,'יח,1.30,"ל-100 מ""ל",false,24,3.10,2.38,false,1,
7290106663558,false,רוטב טריאקי רימון 280 מ`ל,שטראוס גרופ בע`מ,,,'יח,2.80,"ל-100 מ""ל",false,9,12.90,4.61,false,1,
7290106664067,false,לאבנה שמן זית וזעתר 10% שומן,שטראוס גרופ בע`מ,,,'יח,4,ל-100 גרם,false,12,13.90,3.48,false,1,
7290106664555,false,רוטב שמנת עם עגבניות 9%,שטראוס גרופ בע`מ,,,'יח,2.50,"ל-100 מ""ל",false,18,10.90,4.36,true,1,
7290106666788,false,.סוכריות נוסטלגיה דבש ממולאות,שטראוס גרופ בע`מ,,,'יח,1,,false,1,5.90,5.90,false,1,
7290106667266,false,דוריטוס חמוץ חריף 185 גר`,שטראוס פריטו ליי בע`מ,,,'יח,1.85,ל-100 גרם,false,1,8.50,4.59,false,1,
7290106668577,false,"מיץ לימון טבעי 250 מ""ל",שטראוס גרופ בע`מ,,,'יח,2.50,"ל-100 מ""ל",false,12,7.90,3.16,true,1,
7290106668713,false,דנונה פירות יער 3% 150 גרם,שטראוס גרופ בע`מ,,,'יח,1.50,"ל-100 מ""ל",false,24,3.90,2.60,true,1,
7290106669857,false,קפסולות אספרסו טעם וניל למכונת אספרסו,שטראוס גרופ בע`מ,,,'יח,0.50,ל-100 גרם,false,12,16.90,33.80,true,1,
7290106720626,false,צ`יטוס גבינה 80 גר`,שטראוס פריטו ליי בע`מ,,,'יח,0.80,ל-100 גרם,false,1,4.90,6.13,true,1,
7290106721807,false,חציל פיקנטי 400 גר`,שטראוס גרופ בע`מ,,,'יח,4,ל-100 גרם,false,6,10.90,2.73,true,1,
7290106721913,false,צנצנת ריח פה צ`יקלט,שטראוס גרופ בע`מ,,,'יח,0.66,ל-100 גרם,false,12,9.90,15,true,1,
7290106721920,false,צנצנת ספירמינט צ`יקלט,שטראוס גרופ בע`מ,,,'יח,1,,false,12,9.90,9.90,true,1,
7290106723689,false,עלי תרד בייבי שטראוס 200 גר,ביכורי השדה הצפון בעמ` 1964,,,'יח,2,ל-100 גרם,false,1,10.90,5.45,false,1,
7290106725867,false,סירופ מייפל טבעי 189 מ`ל,שטראוס גרופ בע`מ,,,'יח,0.18,"ל-100 מ""ל",false,1,29.90,166.11,true,1,
7290106726178,false,דנונה פרו פירות יער,שטראוס גרופ בע`מ,,,'יח,1.50,"ל-100 מ""ל",false,12,4.90,3.27,true,1,
7290107169646,false,ריוורד לחתול בטעם סלמון,שחורי אריה ואנסטסיה,,,'יח,1,,false,1,8.90,8.90,false,1,
7290107169660,false,ריוורד לחתול בטעם ברווז סנדוויץ,שחורי אריה ואנסטסיה,,,'יח,1,,false,1,8.90,8.90,false,1,
7290107280013,false,ליטופים חמישייה ל.מבושם,החב. הדרומית לשיווק,,,'יח,1,'יח,false,1,19.90,19.90,false,1,
7290107280020,false,סנו סושי 3 מטליות לחות,החב. הדרומית לשיווק,,,'יח,1,,false,8,19.90,19.90,false,1,
7290107280099,false,סנו סופט שלישיית מגבוני טואלט לחים,החב. הדרומית לשיווק,,,'יח,1,ל-100 גרם,false,1,16.90,16.90,false,1,
7290107280341,false,מטליות לחות לניקוי הרצפה בניחוח מלון מ,החב. הדרומית לשיווק,,,'יח,1,,false,1,12.90,12.90,false,1,
7290107280396,false,סנו ג`ט מרסס למטבח חדש,החב. הדרומית לשיווק,,,'יח,1,,false,12,12.90,12.90,true,1,
7290107280549,false,סנו 400-K קטן,החב. הדרומית לשיווק,,,'יח,1,,false,12,12.90,12.90,true,1,
7290107280563,false,סנו אוקסיג`ן ג`ל לכביסה בייבי 3 ל`,החב. הדרומית לשיווק,,,'יח,30,"ל-100 מ""ל",false,6,29.90,1,true,1,
7290107280570,false,ג`ל כביסה סנו מקסימה 3 ל` מיקס אנד ראש,החב. הדרומית לשיווק,,,'יח,30,"ל-100 מ""ל",false,6,29.90,1,true,1,
7290107280716,false,סנו ספארק מלח למדיח 2 ק`ג,החב. הדרומית לשיווק,,,'יח,20,"ל-100 מ""ל",false,6,11.90,0.60,false,1,
7290107280723,false,סנו ספארק 700 מ`ל לימון,החב. הדרומית לשיווק,,,'יח,7,"ל-100 מ""ל",false,12,8.90,1.27,false,1,
7290107280730,false,סנו ספארק נוזל כלים לבנדר 700 מ`ל,החב. הדרומית לשיווק,,,'יח,7,"ל-100 מ""ל",false,12,8.90,1.27,false,1,
7290107280747,false,סנו ספארק 700 מ`ל קלאסי,החב. הדרומית לשיווק,,,'יח,7,"ל-100 מ""ל",false,12,8.90,1.27,false,1,
7290107280754,false,סנו ספארק נוזל כלים היפואלרגני 700 מ`ל,החב. הדרומית לשיווק,,,'יח,7,"ל-100 מ""ל",false,12,8.90,1.27,false,1,
7290107280761,false,סנו ספארק 1 ל`+משאבה,החב. הדרומית לשיווק,,,'יח,10,"ל-100 מ""ל",false,1,12.90,1.29,false,1,
7290107280822,false,רצפז פ.הום ספא מרגיעה 2 ל`,החב. הדרומית לשיווק,,,'יח,20,"ל-100 מ""ל",false,8,21.90,1.10,true,1,
7290107644488,false,בייגלה שמיניות מלח 255 גר`,יוניליוור ישראל שיווק בע`מ,,,'יח,2.55,ל-100 גרם,false,1,5.90,2.31,true,1,
7290107645591,false,מרק בטעם עוף רכיבים טבעיים 400 גרם,יוניליוור ישראל שיווק בע`מ,,,'יח,4,ל-100 גרם,false,1,15.90,3.98,false,1,
7290107646062,false,קנור מרק בצל 400  גר`רכיבים טבעיים,יוניליוור ישראל שיווק בע`מ,,,'יח,4,ל-100 גרם,false,1,24.90,6.23,false,1,
7290107646147,false,שוגי חטיף דגנים 8*21 גרם,יוניליוור ישראל שיווק בע`מ,,,'יח,1.56,ל-100 גרם,false,1,12.90,8.27,true,1,
7290107646154,false,שוגי חטיף דגנים 8*21 גרם,יוניליוור ישראל שיווק בע`מ,,,'יח,1.56,ל-100 גרם,false,1,12.90,8.27,true,1,
7290107646826,false,שוגי חטיף דגנים 8*21 גרם,יוניליוור ישראל שיווק בע`מ,,,'יח,1.56,ל-100 גרם,false,1,12.90,8.27,true,1,
7290107646833,false,קוקומן Go חטיף דגנים 8*21 גרם,יוניליוור ישראל שיווק בע`מ,,,'יח,1.56,ל-100 גרם,false,1,12.90,8.27,true,1,
7290107646895,false,רוטב נפוליטנה קנור,יוניליוור ישראל שיווק בע`מ,,,'יח,4.15,ל-100 גרם,false,1,11.90,2.87,false,1,
7290107646918,false,רוטב שקשוקה קנור,יוניליוור ישראל שיווק בע`מ,,,'יח,4.15,ל-100 גרם,false,1,11.90,2.87,false,1,
7290107646925,false,ברנפלקס אקסטראה פייבר 410 גרם,יוניליוור ישראל שיווק בע`מ,,,'יח,4.10,ל-100 גרם,false,1,22.90,5.59,true,1,
7290107646963,false,מיונז מתובל עם פלפל צ`ילי 250 גרם,יוניליוור ישראל שיווק בע`מ,,,'יח,2.50,ל-100 גרם,false,1,7.90,3.16,false,1,
7290107647731,false,קוקומן חום לבן 375 גרם,יוניליוור ישראל שיווק בע`מ,,,'יח,3.75,ל-100 גרם,false,1,19.90,5.31,true,1,
7290107647854,false,שוגי 500 גרם,יוניליוור ישראל שיווק בע`מ,,,'יח,5,ל-100 גרם,false,1,19.90,3.98,true,1,
7290107648974,false,רוטב עגבניות ביזילקום,יוניליוור ישראל שיווק בע`מ,,,'יח,4.15,ל-100 גרם,false,1,11.90,2.87,false,1,
7290107648981,false,רוטב פומודור,יוניליוור ישראל שיווק בע`מ,,,'יח,1,,false,1,11.90,11.90,false,1,
7290107649100,false,בייגלה טבעות שומשום 300 גר`,יוניליוור ישראל שיווק בע`מ,,,'יח,3,ל-100 גרם,false,1,9.90,3.30,true,1,
7290107871990,false,פסטה אסם צינורות 500 גרם,קבוצת אסם סחר,,,'יח,5,ל-100 גרם,false,1,5.90,1.18,true,1,
7290107874502,false,ביסלי גריל מארז 4*55 גר`,קבוצת אסם סחר,,,'יח,2.01,ל-100 גרם,false,1,12.90,6.42,true,1,
7290107875158,false,מארז במבה 4*,קבוצת אסם סחר,,,'יח,2.40,ל-100 גרם,false,1,11.90,4.96,true,1,
7290107875271,false,ביסלי ברבקיו מארז 4*55 גר`,קבוצת אסם סחר,,,'יח,2.01,ל-100 גרם,false,1,12.90,6.42,true,1,
7290107875400,false,לה קרמריה פיסטוק פרווה 1.4 ל`,נגה גלידות שותפות מוגבלת,,,'יח,14,ל-100 גרם,false,1,19.90,1.42,true,1,
7290107877619,false,במבה קרם נוגט 5יח*30גר כשלפ,קבוצת אסם סחר,,,'יח,1.50,ל-100 גרם,false,1,12.90,8.60,true,1,
7290107879132,false,פיטנס מיני פריכיות שוקולד חלב 22*18,קבוצת אסם סחר,,,'יח,0.22,ל-100 גרם,false,40,4.90,22.27,false,1,
7290107908467,false,קופסא לסנדוויץ לנקניק,ד.ג.ש ייבוא ושיווק בעמ,,,'יח,1,,false,1,9.90,9.90,false,1,
7290107931397,false,כיף כף פצפצים 40גר`,שטראוס גרופ בע`מ,,,'יח,0.40,ל-100 גרם,false,12,4.90,12.25,true,1,
7290107932080,false,חלב   בבקבוק%3 מועשר,שטראוס גרופ בע`מ,,,'יח,10,"ל-100 מ""ל",false,12,7.70,0.77,false,1,
7290107934473,false,מארז מיוחד אקטיביה 1.5% 8*150 ג,שטראוס גרופ בע`מ,,,'יח,1.50,"ל-100 מ""ל",false,3,20.90,13.93,false,1,
7290107936309,false,דנונה יווני לבן 130 גר`,שטראוס גרופ בע`מ,,,'יח,1.30,ל-100 גרם,false,24,3.60,2.77,false,1,
7290107936958,false,ביסקוויט עד חצות אצבעות,שטראוס גרופ בע`מ,,,'יח,1.25,ל-100 גרם,false,12,9.90,7.92,false,1,
7290107937542,false,דנונה אקטיביה תות %1.2 265 ג`,שטראוס גרופ בע`מ,,,'יח,1.20,"ל-100 מ""ל",false,12,5.20,4.33,true,1,
7290107937627,false,צנצנת קוביות ספירמינט 58 גר`,שטראוס גרופ בע`מ,,,'יח,0.58,ל-100 גרם,false,12,9.90,17.07,true,1,
7290107937634,false,צנצנת קוביות מנטה 58 גר`,שטראוס גרופ בע`מ,,,'יח,0.58,ל-100 גרם,false,12,9.90,17.07,true,1,
7290107937641,false,צנצנת קוביות בזוקה 58 גר`,שטראוס גרופ בע`מ,,,'יח,1,,false,12,9.90,9.90,true,1,
7290107937856,false,קפסולות עלית מס` 11 למכונת נספרסו,שטראוס גרופ בע`מ,,,'יח,0.50,ל-100 גרם,false,12,16.90,33.80,true,1,
7290107938396,false,דנונה Actimel בנים בטעם תות 8*100מל,שטראוס גרופ בע`מ,,,'יח,8,"ל-100 מ""ל",false,6,20.90,2.61,false,1,
7290107941266,false,שעועית אדומה מבושלת,ביכורי השדה הצפון בעמ` 1964,,,'יח,1,,false,1,12.90,12.90,false,1,
7290107941273,false,חומוס מבושל,ביכורי השדה הצפון בעמ` 1964,,,'יח,1,,false,1,12.90,12.90,false,1,
7290107943369,false,שיבולת שועל קוואקר ללא גלוטן 511 גר`,שטראוס פריטו ליי בע`מ,,,'יח,5.11,ל-100 גרם,false,1,19.90,3.89,false,1,
7290107944472,false,גבינת סימפוניה 5% שום שמיר 200גרם,שטראוס גרופ בע`מ,,,'יח,2,ל-100 גרם,false,12,10.90,5.45,true,1,
7290107945165,false,קונפיטורת משמש 340 גרם,שטראוס גרופ בע`מ,,,'יח,3.40,ל-100 גרם,false,6,14.90,4.38,true,1,
7290107950190,false,מעדן דיאט שוקולד מריר 130 גר`,שטראוס גרופ בע`מ,,,'יח,1.30,ל-100 גרם,false,24,3.50,2.69,false,1,
7290107950206,false,מעדן דיאט שוקולד % 0 130 גר`,שטראוס גרופ בע`מ,,,'יח,1.30,ל-100 גרם,false,24,3.50,2.69,false,1,
7290107951104,false,בפלות שוקולד 200 גרם,שטראוס גרופ בע`מ,,,'יח,2,ל-100 גרם,false,27,4.90,2.45,false,1,
7290107951715,false,צנצנת קוביות ענבים 58 גר`,שטראוס גרופ בע`מ,,,'יח,0.58,ל-100 גרם,false,12,9.90,17.07,true,1,
7290107953559,false,קפה טורקי דרך 24*,שטראוס גרופ בע`מ,,,'יח,1.40,ל-100 גרם,false,8,18.90,13.50,false,1,
7290107954709,false,קונפיטורת פירות היער 340 גרם,שטראוס גרופ בע`מ,,,'יח,3.40,ל-100 גרם,false,6,14.90,4.38,true,1,
7290107954976,false,משקה יטבתה פרו קפה 350 מל`,שטראוס גרופ בע`מ,,,'יח,3.50,"ל-100 מ""ל",false,6,6.40,1.83,false,1,
7290107956895,false,קפסולות אספרסו למכונת אספרסו,שטראוס גרופ בע`מ,,,'יח,0.50,ל-100 גרם,false,12,16.90,33.80,true,1,
7290107956901,false,קפסולות טעם אגוזים למכונת אספרסו,שטראוס גרופ בע`מ,,,'יח,0.50,ל-100 גרם,false,12,16.90,33.80,true,1,
7290107956925,false,קפסולות ברזיל 06 למכונת אספרסו,שטראוס גרופ בע`מ,,,'יח,0.50,ל-100 גרם,false,12,16.90,33.80,true,1,
7290107956932,false,קפסולות אספרסו למכונת אספרסו,שטראוס גרופ בע`מ,,,'יח,0.50,ל-100 גרם,false,12,16.90,33.80,true,1,
7290107957991,false,מילקי קייק *9,שטראוס גרופ בע`מ,,,'יח,1.44,ל-100 גרם,false,6,14.90,10.35,true,1,
7290107958035,false,יוגורט במתיקות מעודנת 2% 150 גרם *8,שטראוס גרופ בע`מ,,,'יח,1.20,ל-100 גרם,false,1,18.50,15.42,false,1,
7290107973861,false,מנה מארז שלישייה עגבניות מרוסקות,ש. שסטוביץ בע`מ,,,'יח,1.20,ל-100 גרם,false,1,16.90,14.08,true,1,
7290107974066,false,מנה עלי טורטיה קמח מלא 320 גר`,ש. שסטוביץ בע`מ,,,'יח,3.20,ל-100 גרם,false,1,9.90,3.09,false,1,
7290107974073,false,מנה עלי טורטיה קמח לבן 320 גר`,ש. שסטוביץ בע`מ,,,'יח,3.20,ל-100 גרם,false,1,9.90,3.09,false,1,
7290107974080,false,מנה עלי טורטיה קמח לבן 840 גר`,ש. שסטוביץ בע`מ,,,'יח,8.40,ל-100 גרם,false,1,15.90,1.89,false,1,
7290107974820,false,מנה ממרח מתובל ספייסי 252גר`,ש. שסטוביץ בע`מ,,,'יח,2.53,ל-100 גרם,false,1,8.90,3.52,true,1,
7290107975360,false,ליידי ספיד סטיק פיור פרנש ג`ל,ש. שסטוביץ בע`מ,,,'יח,0.50,"ל-100 מ""ל",false,1,19.90,39.80,true,1,
7290107976848,false,פלמוליב סבון מוצק לבן 4*125 גרם,ש. שסטוביץ בע`מ,,,'יח,3.60,ל-100 גרם,false,1,16.90,4.69,false,1,
7290107978330,false,מאסטר שף איטריות דקות 400 גר`,ש. שסטוביץ בע`מ,,,'יח,4,ל-100 גרם,false,1,6.90,1.73,true,1,
7290107978347,false,מאסטר שף איטריות בינוניות 400 גר`,ש. שסטוביץ בע`מ,,,'יח,4,ל-100 גרם,false,1,6.90,1.73,true,1,
7290108193787,false,מדבקות ג`ל/בלונים/יצירה,השלושה טריימארט בעמ,,,'יח,1,,false,1,6.90,6.90,false,1,
7290108195385,false,מארז 10 עטים,השלושה טריימארט בעמ,,,'יח,1,,false,1,6.90,6.90,false,1,
7290108201864,false,קולון ג`ל קפסולות 28 יח,תה ויסוצקי בע`מ,,,'יח,28,ל-100 גרם,false,1,24.90,0.89,true,1,
7290108350128,false,סנו סושי 40 שקיות אשפה חזקות במיוחד,החב. הדרומית לשיווק,,,'יח,1,,false,12,23.90,23.90,false,1,
7290108350142,false,סנו סושי 270 שקיות רב שימושיות,החב. הדרומית לשיווק,,,'יח,1,,false,24,13.90,13.90,false,1,
7290108350180,false,סנו סופט מפיות מודפסות 100 יח`,החב. הדרומית לשיווק,,,'יח,1,,false,30,9.60,9.60,false,1,
7290108350210,false,סנו סושי 30 שקיות אשפה XL,החב. הדרומית לשיווק,,,'יח,30,ל-100 גרם,false,10,24.90,0.83,false,1,
7290108350548,false,סנו ספארק נוזל לניקוי כלים עם משאבה לב,החב. הדרומית לשיווק,,,'יח,10,"ל-100 מ""ל",false,12,12.90,1.29,false,1,
7290108350555,false,סנו ספארק נוזל לניקוי כלים עם משאבה שק,החב. הדרומית לשיווק,,,'יח,10,"ל-100 מ""ל",false,1,12.90,1.29,false,1,
7290108350623,false,מרכך כביסה מקסימה סופר מרוכז 1 ל` סופט,החב. הדרומית לשיווק,,,'יח,10,"ל-100 מ""ל",false,12,18.90,1.89,true,1,
7290108350715,false,סנו פורטה פלוס FREE 750,החב. הדרומית לשיווק,,,'יח,7.50,"ל-100 מ""ל",false,12,14.90,1.99,false,1,
7290108351149,false,סנו ג`ט פלוס לניקוי כללי ורצפות,החב. הדרומית לשיווק,,,'יח,1.50,לליטר,false,12,13.90,9.27,true,1,
7290108351156,false,ג`יל לניקוי כללי JET 1.5 ליטר,החב. הדרומית לשיווק,,,'יח,1.50,לליטר,false,12,13.90,9.27,true,1,
7290108351507,false,מרכך כביסה סנו מקסימה סופט סילק 4 ליטר,החב. הדרומית לשיווק,,,'יח,40,"ל-100 מ""ל",false,1,21.90,0.55,false,1,
7290108351514,false,מרכך כביסה סנו מקסימה סופט סילק 4 ליטר,החב. הדרומית לשיווק,,,'יח,40,"ל-100 מ""ל",false,1,21.90,0.55,false,1,
7290108351521,false,סנו מקסימה ג`ל כביסה מרוכז 5  ל`מאסק,החב. הדרומית לשיווק,,,'יח,50,"ל-100 מ""ל",false,4,44.90,0.90,false,1,
7290108351552,false,סנו ג`ט מרסס לניקוי כללי +חומץ טיבעי,החב. הדרומית לשיווק,,,'יח,7.50,"ל-100 מ""ל",false,12,13.90,1.85,true,1,
7290108351699,false,מגבונים ג`ט לניקוי מארז,החב. הדרומית לשיווק,,,'יח,1,,false,8,19.90,19.90,false,1,
7290108351705,false,פניני בישום fresh linen,החב. הדרומית לשיווק,,,'יח,1,ל-100 גרם,false,1,19.90,19.90,false,1,
7290108351712,false,פניני בישום lovely,החב. הדרומית לשיווק,,,'יח,5,ל-100 גרם,false,1,19.90,3.98,false,1,
7290108351781,false,ג`ט לניקוי אסלות 750 מל`,החב. הדרומית לשיווק,,,'יח,1,,false,12,10.90,10.90,true,1,
7290108351804,false,מרכך כביסה מקסימה סופר מרוכז 1 ל`,החב. הדרומית לשיווק,,,'יח,10,"ל-100 מ""ל",false,12,18.90,1.89,true,1,
7290108351811,false,מרכך כביסה מקסימה סופר מרוכז 1 ל`,החב. הדרומית לשיווק,,,'יח,10,"ל-100 מ""ל",false,12,18.90,1.89,true,1,
7290108351835,false,מרכך כביסה סנו מקסימה פלורל  טאצ` 4 ל,החב. הדרומית לשיווק,,,'יח,40,"ל-100 מ""ל",false,6,21.90,0.55,false,1,
7290108352009,false,ספארק קפסולות למדיח כלים 50 יח`,החב. הדרומית לשיווק,,,'יח,1,,false,1,39.90,39.90,false,1,
7290108352153,false,"סנובון נוזלי לאסלה לוטוס וסחלב 750 מ""ל",החב. הדרומית לשיווק,,,'יח,7.50,"ל-100 מ""ל",false,12,10.90,1.45,true,1,
7290108352207,false,מקסימה 40 קפסולות לכביסה ורוד,החב. הדרומית לשיווק,,,'יח,12,ל-100 גרם,false,1,34.90,2.91,false,1,
7290108352214,false,מקסימה 40 קפסולות לכביסה ירוק,החב. הדרומית לשיווק,,,'יח,12,ל-100 גרם,false,1,34.90,2.91,false,1,
7290108352252,false,סנו ספארק נוזל לניקוי כלים קלאסי 1 ל`,החב. הדרומית לשיווק,,,'יח,10,"ל-100 מ""ל",false,1,12.90,1.29,false,1,
7290108352320,false,"פרש הום מלון בוטיק  350 מ""ל",החב. הדרומית לשיווק,,,'יח,3.50,ל-100 גרם,false,12,11.90,3.40,false,1,
7290108352399,false,סנו ריצפז פרש הום 2 ליטר,החב. הדרומית לשיווק,,,'יח,20,"ל-100 מ""ל",false,8,21.90,1.10,true,1,
7290108352450,false,רצפז פרש הום בניחוח בלו בלוסום,החב. הדרומית לשיווק,,,'יח,1,,false,1,21.90,21.90,true,1,
7290108352535,false,דפי בישום לחים למייבש כביסה מקסימה,החב. הדרומית לשיווק,,,'יח,1,ל-100 גרם,false,1,12.90,12.90,false,1,
7290108352566,false,מרכך כביסה סנו מקסימה ג`וי 4 ליטר,החב. הדרומית לשיווק,,,'יח,40,"ל-100 מ""ל",false,6,19.90,0.50,false,1,
7290108352573,false,.מרכך כביסה סנו מקסימה CALM 4 ליטר,החב. הדרומית לשיווק,,,'יח,40,"ל-100 מ""ל",false,6,21.90,0.55,false,1,
7290108352641,false,סנו סושי מטלית הפלא לניקוי כללי במארז,החב. הדרומית לשיווק,,,'יח,1,,false,12,14.90,14.90,false,1,
7290108352672,false,סנו סושי מטלית הפלא לרצפה צמד,החב. הדרומית לשיווק,,,'יח,1,,false,12,19.90,19.90,false,1,
7290108352689,false,כריות קרצוף ללכלוך קשה 9 יח`,החב. הדרומית לשיווק,,,'יח,1,,false,1,11.90,11.90,false,1,
7290108352795,false,שקיות זיפר 50  יח`במידה M סנו סושי,החב. הדרומית לשיווק,,,'יח,7.50,"ל-100 מ""ל",false,1,11.90,1.59,false,1,
7290108352825,false,ספוג הפלא נירוסטה *3,החב. הדרומית לשיווק,,,'יח,1,,false,12,11.90,11.90,false,1,
7290108352900,false,סנו סושי מגבות נייר בגליל כפול 6 ג`,החב. הדרומית לשיווק,,,'יח,25.50,ל-100 גרם,false,1,23.90,0.94,false,1,
7290108353006,false,שקיות אוכל נקשרות 250 יח XL,החב. הדרומית לשיווק,,,'יח,1,,false,24,11.90,11.90,false,1,
7290108353075,false,מפיות אירוח איכותיות 50 יח`,החב. הדרומית לשיווק,,,'יח,1,,false,1,11.90,11.90,false,1,
7290108353099,false,ממחטות אף דו שכבתיות נשלפות אחד אח,החב. הדרומית לשיווק,,,'יח,1,ל-100 גרם,false,1,14.90,14.90,false,1,
7290108353334,false,כיף שמפו למניעת קשקשים עם שמן עץ התה,החב. הדרומית לשיווק,,,'יח,7,"ל-100 מ""ל",false,1,12.90,1.84,true,1,
7290108353341,false,כיף מרכך למניעת קשקשים עם שמן עץ התה,החב. הדרומית לשיווק,,,'יח,7,"ל-100 מ""ל",false,1,12.90,1.84,true,1,
7290108353372,false,מברשת שיניים אורביטל סיבי פחם,החב. הדרומית לשיווק,,,'יח,1,ל-100 גרם,false,1,29.90,29.90,false,1,
7290108353532,false,שקיות אשפה בגליל 100  יח`L,החב. הדרומית לשיווק,,,'יח,1,,false,1,29.90,29.90,false,1,
7290108353549,false,נייר אפייה 100 דפים,החב. הדרומית לשיווק,,,'יח,1,,false,1,22.90,22.90,false,1,
7290108353556,false,נייר טואלט סופט 32  גל`3 שכבות,החב. הדרומית לשיווק,,,'יח,1,ל-100 גרם,false,1,47.90,47.90,false,1,
7290108354270,false,מרכך כביסה סנו מקסימה 1 ליטר CALM,החב. הדרומית לשיווק,,,'יח,10,"ל-100 מ""ל",false,6,19.90,1.99,true,1,
7290108354430,false,"כיף שמפו לשיקום והזנה 700 מ""ל",החב. הדרומית לשיווק,,,'יח,7,"ל-100 מ""ל",false,1,12.90,1.84,true,1,
7290108354447,false,"כיף מרכך  לשיקום והזנה 700 מ""ל",החב. הדרומית לשיווק,,,'יח,7,"ל-100 מ""ל",false,1,12.90,1.84,true,1,
7290108354591,false,נקה 7 ביו תחליב רחצה 750 מל,החב. הדרומית לשיווק,,,'יח,7.50,"ל-100 מ""ל",false,1,11.90,1.59,false,1,
7290108354751,false,סנו ג`ט מרסס לניקוי כללי +חומץ טיבעי,החב. הדרומית לשיווק,,,'יח,7.50,"ל-100 מ""ל",false,12,13.90,1.85,true,1,
7290108355154,false,נקה 7 שמפו לשיער שמני הזנה 750 מל,החב. הדרומית לשיווק,,,'יח,7.50,"ל-100 מ""ל",false,12,11.90,1.59,true,1,
7290108355192,false,קרטין אינטנס-מרכך לשיער,החב. הדרומית לשיווק,,,'יח,7,"ל-100 מ""ל",false,12,29.90,4.27,false,1,
7290108356113,false,תחליב רחצה דבש 700 מל`,החב. הדרומית לשיווק,,,'יח,7,"ל-100 מ""ל",false,12,12.90,1.84,true,1,
7290108356489,false,"כיף תחליב רחצה אפרסק 700 מ""ל",החב. הדרומית לשיווק,,,'יח,7,"ל-100 מ""ל",false,12,12.90,1.84,false,1,
7290108356526,false,"שמפו 10 לשיער יבש קרליין 700 מ""ל",החב. הדרומית לשיווק,,,'יח,7,"ל-100 מ""ל",false,1,12.90,1.84,true,1,
7290108356533,false,"קרליין שמפו 10 לשיער מתולתל 700 מ""ל",החב. הדרומית לשיווק,,,'יח,7,"ל-100 מ""ל",false,1,12.90,1.84,true,1,
7290108356540,false,"קרליין שמפו 10 לשיער צבוע 700 מ""ל",החב. הדרומית לשיווק,,,'יח,7,"ל-100 מ""ל",false,1,12.90,1.84,true,1,
7290108356588,false,"קרליין מרכך 10 לשיער מתולתל 700 מ""ל",החב. הדרומית לשיווק,,,'יח,7,"ל-100 מ""ל",false,1,12.90,1.84,true,1,
7290108356809,false,"כיף סבון ידיים בוטני ורד ומרווה 500 מ""",החב. הדרומית לשיווק,,,'יח,1,'יח,false,1,14.90,14.90,false,1,
7290108356854,false,מגבוני בייבי כיף חמישייה בניחוח עדין,החב. הדרומית לשיווק,,,'יח,1,'יח,false,1,19.90,19.90,false,1,
7290108357011,false,"כיף מרכך  ורד ושמן קוקוי 700 מ""ל",החב. הדרומית לשיווק,,,'יח,7,"ל-100 מ""ל",false,1,12.90,1.84,false,1,
7290108357189,false,מבשם ומרכך למייבש כביסה פלורל טאצ`,החב. הדרומית לשיווק,,,'יח,7.50,"ל-100 מ""ל",false,1,17.90,2.39,true,1,
7290108357202,false,סנוקליר בניחוח בלו בלוסום 1 ל`,החב. הדרומית לשיווק,,,'יח,10,"ל-100 מ""ל",false,12,10.90,1.09,false,1,
7290108357257,false,פרש אוטומטיק מכשיר לבישום בתוספת מילוי,החב. הדרומית לשיווק,,,'יח,1,,false,6,39.90,39.90,false,1,
7290108357288,false,סנו ג`אוול אקונומיקה בריח פריחה לב 4 ליט,החב. הדרומית לשיווק,,,'יח,40,"ל-100 מ""ל",false,6,16.90,0.42,false,1,
7290108357295,false,סנו אוקסיג`ן מרסס מסיר כתמים קשים 750 מ,החב. הדרומית לשיווק,,,'יח,7.50,"ל-100 מ""ל",false,12,17.90,2.39,true,1,
7290108357394,false,"תחליב רחצה קרמה חלב ודבש 700 מ""ל",החב. הדרומית לשיווק,,,'יח,7,"ל-100 מ""ל",false,1,17.90,2.56,false,1,
7290108357417,false,קרמה קרם גוף קרמה ורד ווניל  500 מל,החב. הדרומית לשיווק,,,'יח,5,"ל-100 מ""ל",false,12,24.90,4.98,false,1,
7290108357653,false,סנובון ג`ל אסלה אוקיינוס שלישיה,החב. הדרומית לשיווק,,,'יח,1,'יח,false,1,14.90,14.90,false,1,
7290108357714,false,כיף שמפו לשיער רגיל -רימונים ושמן ארגן,החב. הדרומית לשיווק,,,'יח,7,"ל-100 מ""ל",false,12,12.90,1.84,true,1,
7290108357745,false,כיף שמפו ומרכך 2+1 תאנה ומנטה 700 מ`ל,החב. הדרומית לשיווק,,,'יח,7,"ל-100 מ""ל",false,1,12.90,1.84,true,1,
7290108357769,false,כיף מרכך לשיער רגיל -תפוח זרעי צ`יה 70,החב. הדרומית לשיווק,,,'יח,7,"ל-100 מ""ל",false,1,12.90,1.84,true,1,
7290108358070,false,"תחליב רחצה קרמה קלאסי  700 מ""ל",החב. הדרומית לשיווק,,,'יח,7,"ל-100 מ""ל",false,1,17.90,2.56,false,1,
7290108359015,false,שקיות זיפר 20  יח`M רב פעמיות סנו,החב. הדרומית לשיווק,,,'יח,1,'יח,false,1,14.90,14.90,false,1,
7290108359046,false,שקיות אשפה EXTRA חזקות במיוחד L סנו,החב. הדרומית לשיווק,,,'יח,1,'יח,false,1,24.90,24.90,false,1,
7290108359831,false,שמן גוף בייבי כיף 500 מל`,החב. הדרומית לשיווק,,,'יח,5,"ל-100 מ""ל",false,12,24.90,4.98,false,1,
7290108359879,false,אלסבון בייבי כיף 750 מל`,החב. הדרומית לשיווק,,,'יח,7.50,"ל-100 מ""ל",false,1,17.90,2.39,false,1,
7290108359985,false,סנו Javel קצף ניקוי פריחה לבנה 1 ליטר,החב. הדרומית לשיווק,,,'יח,10,"ל-100 מ""ל",false,12,18.90,1.89,true,1,
7290108465662,false,שלישיית גרביים לגבר,הום פרפקט ק.ד.מ בעמ,,,'יח,1,,false,1,14.90,14.90,true,1,
7290108500677,false,כבד דג שיבוט בשמן דג 115גר,ג. וילי-פוד אינטרנשיונל בע`מ,,,'יח,1.15,ל-100 גרם,false,12,9.90,8.61,false,1,
7290108501346,false,גבינה גאודה מגורדת 500  גר`28%,ג. וילי-פוד אינטרנשיונל בע`מ,,,'יח,5,ל-100 גרם,false,1,24.90,4.98,false,1,
7290108501353,false,פילה אנשובי אמיתי ארוך בשמן 50 גרם,ג. וילי-פוד אינטרנשיונל בע`מ,,,'יח,0.50,ל-100 גרם,false,1,7.60,15.20,false,1,
7290108501360,false,גבינת צ`דר בשלה 200 גר`,ג. וילי-פוד אינטרנשיונל בע`מ,,,'יח,2,ל-100 גרם,false,1,17.90,8.95,false,1,
7290108501391,false,גבינת חצי קשה מחלב עיזים פרוסות 150 גר`,ג. וילי-פוד אינטרנשיונל בע`מ,,,'יח,1.50,ל-100 גרם,false,1,22.90,15.27,false,1,
7290108501650,false,חתיכות אננס בסירופ קל *4,ג. וילי-פוד אינטרנשיונל בע`מ,,,'יח,4,ל-100 גרם,false,12,11.90,2.98,false,1,
7290108501827,false,קדאיף שערות בצק 450 גרם,ג. וילי-פוד אינטרנשיונל בע`מ,,,'יח,4.50,ל-100 גרם,false,1,19.90,4.42,false,1,
7290108502268,false,קרקר במליחות עדינה 250 גר`,ג. וילי-פוד אינטרנשיונל בע`מ,,,'יח,0.25,ל-100 גרם,false,20,6.90,27.60,false,1,
7290108502305,false,גבינה גרנה פדנו משולש 150 גר`,ג. וילי-פוד אינטרנשיונל בע`מ,,,'יח,1.50,ל-100 גרם,false,1,19.90,13.27,false,1,
7290108502329,false,רביעית נתחי טונה בשמן זית 160 גר`,ג. וילי-פוד אינטרנשיונל בע`מ,,,'יח,1.60,ל-100 גרם,false,12,29.90,18.69,false,1,
7290108502725,false,גבינת גאודה פרוסות 400 גר`,ג. וילי-פוד אינטרנשיונל בע`מ,,,'יח,4,ל-100 גרם,false,1,19.90,4.98,false,1,
7290108503043,false,מארז תפוחנים,ג. וילי-פוד אינטרנשיונל בע`מ,,,'יח,0.35,ל-100 גרם,false,36,14.90,42.57,false,1,
7290108503067,false,פרמז`נו משולש 150 גר`,ג. וילי-פוד אינטרנשיונל בע`מ,,,'יח,1.50,ל-100 גרם,false,1,15.90,10.60,false,1,
7290108503692,false,פיצה מרגריטה   385 גר`,ג. וילי-פוד אינטרנשיונל בע`מ,,,'יח,0,ל-100 גרם,false,1,14.90,14.90,false,1,
7290108503708,false,פיצה עם פטריות  385 גר`,ג. וילי-פוד אינטרנשיונל בע`מ,,,'יח,0,ל-100 גרם,false,1,14.90,14.90,false,1,
7290108503715,false,פיצה עם זיתים 385 גר`,ג. וילי-פוד אינטרנשיונל בע`מ,,,'יח,0,ל-100 גרם,false,1,14.90,14.90,false,1,
7290108503982,false,פרוסות גבינה בטעם צ`דר לכריכי 9% 150 גר`,ג. וילי-פוד אינטרנשיונל בע`מ,,,'יח,1.50,ל-100 גרם,false,1,9.90,6.60,true,1,
7290108503999,false,פרוסות גבינה בטעם גאודה לכריכים9% 150 ג,ג. וילי-פוד אינטרנשיונל בע`מ,,,'יח,1.50,ל-100 גרם,false,1,9.90,6.60,true,1,
7290108505153,false,יוגורט בטעם טבעי   150 גר` 10%,ג. וילי-פוד אינטרנשיונל בע`מ,,,'יח,1.50,ל-100 גרם,false,1,5.90,3.93,true,1,
7290108505160,false,יוגורט עם אגס 150 גר` 0%,ג. וילי-פוד אינטרנשיונל בע`מ,,,'יח,1.50,ל-100 גרם,false,1,5.90,3.93,true,1,
7290108505177,false,יוגורט עם אננס  150 גר` 0%,ג. וילי-פוד אינטרנשיונל בע`מ,,,'יח,1.50,ל-100 גרם,false,1,5.90,3.93,true,1,
7290108505184,false,יוגורט עם קוקוס  150 גר` 5%,ג. וילי-פוד אינטרנשיונל בע`מ,,,'יח,1.50,ל-100 גרם,false,1,5.90,3.93,true,1,
7290108505191,false,יוגורט עם פצפוצי שוקולד 150 גר` 5%,ג. וילי-פוד אינטרנשיונל בע`מ,,,'יח,1.50,ל-100 גרם,false,1,5.90,3.93,true,1,
7290108505207,false,יוגורט עם אוכמניות  150 גר` 0%,ג. וילי-פוד אינטרנשיונל בע`מ,,,'יח,1.50,ל-100 גרם,false,1,5.90,3.93,true,1,
7290108505214,false,יוגורט עם אפרסק 150 גר` 0%,ג. וילי-פוד אינטרנשיונל בע`מ,,,'יח,1.50,ל-100 גרם,false,1,5.90,3.93,true,1,
7290108505719,false,גבינת מוצרלה חצי קשה 25% 200 גר`,ג. וילי-פוד אינטרנשיונל בע`מ,,,'יח,2,ל-100 גרם,false,1,13.90,6.95,false,1,
7290108505726,false,אצבעות גבינה חצי קשה 25% 200 גר`,ג. וילי-פוד אינטרנשיונל בע`מ,,,'יח,2,ל-100 גרם,false,1,13.90,6.95,false,1,
7290108505740,false,גבינת קשקבל חצי קשה 25% 200 גר`,ג. וילי-פוד אינטרנשיונל בע`מ,,,'יח,2,ל-100 גרם,false,1,13.90,6.95,false,1,
7290108506037,false,יוגורט בטעם טבעי   150 גר` 5%,ג. וילי-פוד אינטרנשיונל בע`מ,,,'יח,1.50,ל-100 גרם,false,1,5.90,3.93,true,1,
7290108506495,false,כנאפה קפוא 192.5 גר`,ג. וילי-פוד אינטרנשיונל בע`מ,,,'יח,1.9250,ל-100 גרם,false,1,13.90,7.22,true,1,
7290108506501,false,אצבעות פילו ממולאות גבינה 500 גרם,ג. וילי-פוד אינטרנשיונל בע`מ,,,'יח,5,ל-100 גרם,false,12,16.90,3.38,true,1,
7290108506518,false,אצבעות פילו ממולאות גבינה ותרד 500 גרם,ג. וילי-פוד אינטרנשיונל בע`מ,,,'יח,5,ל-100 גרם,false,12,16.90,3.38,true,1,
7290108506532,false,גליליות וופל במילוי אגוזי לוז  400 גר`,ג. וילי-פוד אינטרנשיונל בע`מ,,,'יח,4,ל-100 גרם,false,1,13.90,3.48,false,1,
7290108506709,false,גבינת פרמגיאנו 150 גר`,ג. וילי-פוד אינטרנשיונל בע`מ,,,'יח,1.50,ל-100 גרם,false,1,23.90,15.93,false,1,
7290108507010,false,מאפה בורקס מים תורכי תרד וגבינה 300 ג,ג. וילי-פוד אינטרנשיונל בע`מ,,,'יח,3,ל-100 גרם,false,1,14.90,4.97,true,1,
7290108507287,false,סלק מבושל,ביכורי השדה הצפון בעמ` 1964,,,'יח,0.45,ל-100 גרם,false,1,9.90,22,false,1,
7290108508031,false,אננס שלם 830 גרם,ג. וילי-פוד אינטרנשיונל בע`מ,,,'יח,8.30,ל-100 גרם,false,1,10.90,1.31,false,1,
7290108508499,false,"משקה יוגורט איירן בסגנון טורקי 293 מ""ל",ג. וילי-פוד אינטרנשיונל בע`מ,,,'יח,2.93,"ל-100 מ""ל",false,1,4.90,1.67,true,1,
7290108508765,false,קונכיות פתיתים 400 גר`,ג. וילי-פוד אינטרנשיונל בע`מ,,,'יח,4,ל-100 גרם,false,1,5.90,1.48,false,1,
7290108508772,false,קונכיות פתיתים עם תרד 400 גרם,ג. וילי-פוד אינטרנשיונל בע`מ,,,'יח,4,ל-100 גרם,false,1,5.90,1.48,false,1,
7290108508901,false,יוגורט עם דובדבנים ושקדים 150 גר` 0.6%,ג. וילי-פוד אינטרנשיונל בע`מ,,,'יח,1.50,ל-100 גרם,false,1,5.90,3.93,true,1,
7290108509090,false,גבינה מותכת חצי שמנה 14% 200 גרם,ג. וילי-פוד אינטרנשיונל בע`מ,,,'יח,2,ל-100 גרם,false,1,13.90,6.95,false,1,
7290108509106,false,גבינה בולגרית מעודנת 200 גר` 13% שומן,ג. וילי-פוד אינטרנשיונל בע`מ,,,'יח,2,ל-100 גרם,false,1,10.90,5.45,false,1,
7290108509113,false,גבינה בולגרית מעודנת 250 גר` 18% שומן,ג. וילי-פוד אינטרנשיונל בע`מ,,,'יח,2.50,ל-100 גרם,false,1,10.90,4.36,false,1,
7290108509397,false,עלי בצק פילו משולשים 360 גר`,ג. וילי-פוד אינטרנשיונל בע`מ,,,'יח,4,ל-100 גרם,false,1,9.90,2.48,false,1,
7290108509700,false,"אורז פרסי DAAWAT 1 ק""ג",ג. וילי-פוד אינטרנשיונל בע`מ,,,'יח,10,ל-100 גרם,false,1,9.90,0.99,false,1,
7290108509762,false,חמאת בוטנים 340 גר`,ג. וילי-פוד אינטרנשיונל בע`מ,,,'יח,3.40,ל-100 גרם,false,1,9.90,2.91,false,1,
7290108509939,false,פרוסות פילה טונה 120 גר`,ג. וילי-פוד אינטרנשיונל בע`מ,,,'יח,1.20,ל-100 גרם,false,1,12.90,10.75,true,1,
7290109352091,false,בייגלה אסם שמיניות 700 גר`,קבוצת אסם סחר,,,'יח,7,ל-100 גרם,false,1,13.80,1.97,false,1,
7290109354101,false,לחמית ללא גלוטן 200 גר`,קבוצת אסם סחר,,,'יח,2,ל-100 גרם,false,1,9.90,4.95,true,1,
7290109354972,false,פתי בר ללא גלוטן קלאסי 200 גר`,קבוצת אסם סחר,,,'יח,2,ל-100 גרם,false,1,9.90,4.95,false,1,
7290109358260,false,טבעול נקניקיות עם חלבון 600 גר`,קבוצת אסם סחר,,,'יח,6,ל-100 גרם,false,1,29.90,4.98,true,1,
7290109358284,false,שניצל תירס טבועל עם חלבון,קבוצת אסם סחר,,,'יח,6.6440,ל-100 גרם,false,1,29.90,4.50,true,1,
7290109358482,false,קרמוגית אסם במילוי חלווה,קבוצת אסם סחר,,,'יח,2,ל-100 גרם,false,1,10.90,5.45,true,1,
7290109358765,false,קראנץ רולס 450 גר`,קבוצת אסם סחר,,,'יח,4.50,ל-100 גרם,false,1,19.90,4.42,true,1,
7290109492414,false,סכיני מטבח שישייה,הום פרפקט ק.ד.מ בעמ,,,'יח,1,,false,1,14.90,14.90,true,1,
7290109580043,false,"שניצל תירס 1.75 ק""ג",נקניק זוגלובק נהריה,,,'יח,17.50,ל-100 גרם,false,1,49.90,2.85,false,1,
7290109580050,false,נקניקיות צ`וריסוס 226 גר`,זוגלובק וונדרס,,,'יח,2.26,ל-100 גרם,false,1,29.90,13.23,true,1,
7290109580098,false,קבנוס זוגלובק סרירצ`ה 135 גרם,נקניק זוגלובק נהריה,,,'יח,1.35,ל-100 גרם,false,1,11.90,8.81,false,1,
7290109580432,false,פסטרמה חזה הודו מעושן 120 גר` דק דק,נקניק זוגלובק נהריה,,,'יח,1.20,ל-100 גרם,false,1,14.90,12.42,true,1,
7290109640631,false,משומשו לאבנה טבעונית 9% שומן 200 גר,קפוא זן תעשיות מזון בעמ,,,'יח,2,ל-100 גרם,false,1,15.90,7.95,false,1,
7290110110369,false,"בירה קרלסברג LUMA שישייה 330 מ""ל",החברה המרכזית להפצת משקאות בע`,,,'יח,19.80,"ל-100 מ""ל",false,1,39.90,1.92,true,1,
7290110110574,false,פחית ק`ק סילק 330 מ`ל,החברה המרכזית להפצת משקאות בע`,,,'יח,3.30,"ל-100 מ""ל",false,24,4.90,1.39,true,1,
7290110110659,false,דיאט ספרייט פחית סליק 330 מל,החברה המרכזית להפצת משקאות בע`,,,'יח,3.30,"ל-100 מ""ל",false,24,4.90,1.39,true,1,
7290110113261,false,אושן ספריי רימונים,החברה המרכזית להפצת משקאות בע`,,,'יח,10,"ל-100 מ""ל",false,15,12.20,1.19,true,1,
7290110114787,false,נביעות מים מינרלים תפוח1.5 ל פיקדון,החברה המרכזית להפצת משקאות בע`,,,'יח,15,"ל-100 מ""ל",false,12,9.90,0.64,true,1,
7290110114794,false,נביעות מים מינרליים אפרסק 1.5ל פיקדון,החברה המרכזית להפצת משקאות בע`,,,'יח,15,"ל-100 מ""ל",false,12,9.90,0.64,true,1,
7290110114800,false,נביעות מים מינרליים ענבים1.5 ל` פיקדון,החברה המרכזית להפצת משקאות בע`,,,'יח,15,"ל-100 מ""ל",false,12,9.90,0.64,true,1,
7290110114855,false,נביעות שישייה מים מינרלים שקט 1.5 ל`,החברה המרכזית להפצת משקאות בע`,,,'יח,90,"ל-100 מ""ל",false,1,12.90,0.12,false,1,
7290110114886,false,פריגת סחוט קלמנטינות 2 ליטר,החברה המרכזית להפצה,,,'יח,20,"ל-100 מ""ל",false,1,28.90,1.43,false,1,
7290110114893,false,מיץ תפוזים מפוסטר סחוט 2 ליטר,החברה המרכזית להפצה,,,'יח,20,"ל-100 מ""ל",false,1,28.90,1.43,true,1,
7290110114954,false,מיץ תפוז מתקתק 100% 2 ליטר,החברה המרכזית להפצה,,,'יח,4,"ל-100 מ""ל",false,1,21.90,5.40,true,1,
7290110114961,false,פריגת משקה תפוזים 1.5 ליטר פיקדון,החברה המרכזית להפצת משקאות בע`,,,'יח,15,"ל-100 מ""ל",false,12,9.50,0.61,true,1,
7290110114985,false,פריגת משקה אשכוליות 1.5 ליטר פיקדון,החברה המרכזית להפצת משקאות בע`,,,'יח,15,"ל-100 מ""ל",false,12,9.50,0.61,true,1,
7290110114992,false,פריגת דיאט אשכוליות 1.5 ליטר פיקדון,החברה המרכזית להפצת משקאות בע`,,,'יח,15,"ל-100 מ""ל",false,12,8.90,0.57,true,1,
7290110115005,false,פריגת משקה ענבים 1.5 ליטר פיקדון,החברה המרכזית להפצת משקאות בע`,,,'יח,15,"ל-100 מ""ל",false,12,9.50,0.61,true,1,
7290110115036,false,פריגת משקה מנגו 1.5 ליטר פיקדון,החברה המרכזית להפצת משקאות בע`,,,'יח,15,"ל-100 מ""ל",false,12,9.50,0.61,true,1,
7290110115043,false,פריגת לימונענע 1.5 ליטר פיקדון,החברה המרכזית להפצת משקאות בע`,,,'יח,15,"ל-100 מ""ל",false,12,9.50,0.61,true,1,
7290110115050,false,פריגת מיקס תות בננה 1.5 ליטר פיקדון,החברה המרכזית להפצת משקאות בע`,,,'יח,15,"ל-100 מ""ל",false,12,9.50,0.61,true,1,
7290110115104,false,פריגת צלול אפרסק 1.5 ל` פיקדון,החברה המרכזית להפצת משקאות בע`,,,'יח,15,"ל-100 מ""ל",false,1,7.90,0.51,true,1,
7290110115111,false,פריגת צלול אננס 1.5 ל` פיקדון,החברה המרכזית להפצת משקאות בע`,,,'יח,15,"ל-100 מ""ל",false,12,7.90,0.51,true,1,
7290110115203,false,קוקה קולה 1.5 ליטר פיקדון,החברה המרכזית להפצת משקאות בע`,,,'יח,15,"ל-100 מ""ל",false,12,8.90,0.57,false,1,
7290110115210,false,קוקה קולה דיאט 1.5 ליטר פיקדון,החברה המרכזית להפצת משקאות בע`,,,'יח,10,"ל-100 מ""ל",false,12,8.40,0.81,false,1,
7290110115227,false,קוקה קולה Zero בקבוק 1.5 ליטר פיקדון,החברה המרכזית להפצת משקאות בע`,,,'יח,15,"ל-100 מ""ל",false,1,8.40,0.54,false,1,
7290110115234,false,קוקה קולה דיאט זירו 1.5 ליטר פיקדון,החברה המרכזית להפצת משקאות בע`,,,'יח,15,"ל-100 מ""ל",false,12,8.40,0.54,false,1,
7290110115241,false,קוקה קולה דיאט לימון 1.5 ליטר פיקדון,החברה המרכזית להפצת משקאות בע`,,,'יח,15,"ל-100 מ""ל",false,12,8.40,0.54,false,1,
7290110115258,false,קוקה קולה זירו מנגו  1.5 ליטר פיקדון,החברה המרכזית להפצת משקאות בע`,,,'יח,15,"ל-100 מ""ל",false,12,8.40,0.54,false,1,
7290110115265,false,ספרייט 1.5 ליטר פיקדון,החברה המרכזית להפצת משקאות בע`,,,'יח,15,"ל-100 מ""ל",false,12,8.90,0.57,true,1,
7290110115272,false,ספרייט זירו 1.5 ליטר,החברה המרכזית להפצת משקאות בע`,,,'יח,15,"ל-100 מ""ל",false,12,8.80,0.57,true,1,
7290110115289,false,ספרייט 19 קל` לימון נענע  1.5 ליטר פי,החברה המרכזית להפצת משקאות בע`,,,'יח,15,"ל-100 מ""ל",false,12,8.90,0.57,true,1,
7290110115296,false,גזוז בטעם תפוז פאנטה 1.5 ליטר פיקדון,החברה המרכזית להפצת משקאות בע`,,,'יח,15,"ל-100 מ""ל",false,12,8.90,0.57,true,1,
7290110115302,false,פאנטה ZERO אורנג`  1.5 ליטר פיקדון,החברה המרכזית להפצת משקאות בע`,,,'יח,15,"ל-100 מ""ל",false,12,8.40,0.54,true,1,
7290110115319,false,פאנטה אקזוטי פירות טרופיים 1.5ל פיקדון,החברה המרכזית להפצת משקאות בע`,,,'יח,15,"ל-100 מ""ל",false,12,8.90,0.57,true,1,
7290110115326,false,פאנטה אורנג`מנגו מוגז 1.5 ליטר פיקדון,החברה המרכזית להפצת משקאות בע`,,,'יח,15,"ל-100 מ""ל",false,12,8.90,0.57,true,1,
7290110115333,false,גזוז בטעם תות פאנטה 1.5 ליטר פיקדון,החברה המרכזית להפצת משקאות בע`,,,'יח,15,"ל-100 מ""ל",false,1,8.90,0.57,true,1,
7290110115357,false,קינלי סודה 1.5 ליטר פיקדון,החברה המרכזית להפצת משקאות בע`,,,'יח,15,"ל-100 מ""ל",false,12,4.20,0.26,false,1,
7290110115364,false,קוקה קולה שישיה 1.5 ליטר פיקדון,החברה המרכזית להפצת משקאות בע`,,,'יח,90,"ל-100 מ""ל",false,1,51.90,0.56,false,1,
7290110115388,false,ספרייט ליים שישייה 1.5 ליטר פיקדון,החברה המרכזית להפצת משקאות בע`,,,'יח,90,"ל-100 מ""ל",false,1,51.90,0.56,false,1,
7290110115395,false,ספרייט זירו שישיות 1.5 ליטר פיקדון,החברה המרכזית להפצת משקאות בע`,,,'יח,90,"ל-100 מ""ל",false,1,49.90,0.53,false,1,
7290110115401,false,קינלי סודה 6*1.5 ליטר פיקדון,החברה המרכזית להפצת משקאות בע`,,,'יח,90,"ל-100 מ""ל",false,1,15.90,0.16,false,1,
7290110115418,false,קוקה קולה Zero בקבוק 6*1.5 ליטר פיקדון,החברה המרכזית להפצת משקאות בע`,,,'יח,90,"ל-100 מ""ל",false,1,49.90,0.53,false,1,
7290110115425,false,פיוז-טי לימון נענע 1.5 ליטר,החברה המרכזית להפצת משקאות בע`,,,'יח,15,"ל-100 מ""ל",false,12,9.20,0.59,true,1,
7290110115449,false,פיוז-טי תה מנגו אננס 1.5 ליטר פיקדון,החברה המרכזית להפצת משקאות בע`,,,'יח,15,"ל-100 מ""ל",false,12,9.20,0.59,true,1,
7290110115456,false,פיוז-טי תה אפרסק 1.5 ליטר 19 קל פיקדון,החברה המרכזית להפצת משקאות בע`,,,'יח,15,"ל-100 מ""ל",false,12,8.60,0.55,true,1,
7290110115463,false,פיוז-טי תה אפרסק  1.5 ליטר פיקדון,החברה המרכזית להפצת משקאות בע`,,,'יח,15,"ל-100 מ""ל",false,12,8.90,0.57,true,1,
7290110115494,false,פיוז-טי תה ענבים 1.5 ליטר פיקדון,החברה המרכזית להפצת משקאות בע`,,,'יח,15,"ל-100 מ""ל",false,12,8.90,0.57,true,1,
7290110115623,false,פיוז-טי תה אפרסק זירו  1.5 ליטר פיקדון,החברה המרכזית להפצת משקאות בע`,,,'יח,15,"ל-100 מ""ל",false,12,8.90,0.57,true,1,
7290110116064,false,פאנטה זירו בטעם פירות ירוק 1.5 ל פיקדון,החברה המרכזית להפצת משקאות בע`,,,'יח,15,"ל-100 מ""ל",false,12,8.90,0.57,false,1,
7290110116132,false,"סירופ פריגת בטעם לימון 750 מ""ל פיקדון",החברה המרכזית להפצת משקאות בע`,,,'יח,7.50,"ל-100 מ""ל",false,1,24.90,3.28,true,1,
7290110116194,false,נביעות+ לימון  1.5 ל` 0 קלוריות,החברה המרכזית להפצת משקאות בע`,,,'יח,15,"ל-100 מ""ל",false,12,9.90,0.64,false,1,
7290110116217,false,נביעות+ אשכוליות  1.5 ל` 0 קלוריות,החברה המרכזית להפצת משקאות בע`,,,'יח,15,"ל-100 מ""ל",false,12,9.90,0.64,false,1,
7290110116316,false,קוקה קולה שישיה 1.5 ליטר פיקדון כשלפ,החברה המרכזית להפצת משקאות בע`,,,'יח,90,"ל-100 מ""ל",false,1,51.90,0.56,false,1,
7290110116323,false,קוקה קולה Zero בקבוק 6*1.5 ליטר כשלפ,החברה המרכזית להפצת משקאות בע`,,,'יח,90,"ל-100 מ""ל",false,1,49.90,0.53,false,1,
7290110116484,false,פריגת מיקס תות 1 ליטר,החברה המרכזית להפצה,,,'יח,1,לליטר,false,1,17.90,17.90,false,1,
7290110116491,false,פריגת מיקס אפרסק 1 ליטר,החברה המרכזית להפצה,,,'יח,1,לליטר,false,1,17.90,17.90,false,1,
7290110116507,false,פריגת מיקס אננס 1 ליטר,החברה המרכזית להפצה,,,'יח,1,לליטר,false,1,17.90,17.90,false,1,
7290110116514,false,"פריגת מיקס תות 400 מ""ל",החברה המרכזית להפצה,,,'יח,4,"ל-100 מ""ל",false,1,9.90,2.40,false,1,
7290110116521,false,"פריגת מיקס 400 מ""ל",החברה המרכזית להפצה,,,'יח,4,"ל-100 מ""ל",false,1,9.90,2.40,false,1,
7290110116552,false,ספרייט 1.5 ליטר LEMON HIT פיקדון,החברה המרכזית להפצת משקאות בע`,,,'יח,15,"ל-100 מ""ל",false,12,8.90,0.57,true,1,
7290110116569,false,ספרייט זירו 1.5 ליטר LEMON HIT פיקדון,החברה המרכזית להפצת משקאות בע`,,,'יח,15,"ל-100 מ""ל",false,12,8.80,0.57,true,1,
7290110320850,false,פתיתי גבינת עמק 200 גר,תנובה חלב,,,'יח,2,ל-100 גרם,false,1,15.20,7.60,false,1,
7290110320867,false,פתיתי גבינת עמק למאפים 500 גר,תנובה חלב,,,'יח,2,ל-100 גרם,false,1,34.90,17.45,false,1,
7290110321277,false,קוט`ג 5% 80 גר`,תנובה חלב,,,'יח,0.80,ל-100 גרם,false,1,2.50,3.13,false,1,
7290110321284,false,קוט`ג בקטנה 5% 80 גר`,תנובה חלב,,,'יח,0.80,ל-100 גרם,false,1,2.50,3.13,false,1,
7290110321680,false,יופלה GO תות,תנובה חלב,,,'יח,2,ל-100 גרם,false,1,5.90,2.95,false,1,
7290110321697,false,יופלה GO אפרסק 200 מל`,תנובה חלב,,,'יח,2,ל-100 גרם,false,1,5.90,2.95,false,1,
7290110321703,false,יופלה GO פירות היער,תנובה חלב,,,'יח,1.50,ל-100 גרם,false,1,5.90,3.93,false,1,
7290110321826,false,קוטג% `7250 גר`,תנובה חלב,,,'יח,2.50,ל-100 גרם,false,1,5.60,2.24,false,1,
7290110322014,false,טופו טבעי 300 גר`,תנובה חלב,,,'יח,3,ל-100 גרם,false,1,12.90,4.30,true,1,
7290110322021,false,טופו בזיליקום 300 גר`,תנובה חלב,,,'יח,3,ל-100 גרם,false,1,12.90,4.30,true,1,
7290110322038,false,טופו פיקנטי 300 גר`,תנובה חלב,,,'יח,3,ל-100 גרם,false,1,12.90,4.30,true,1,
7290110323073,false,יוגורט משקה מעושר בחלבון תות ופטל,תנובה חלב,,,'יח,2.50,"ל-100 מ""ל",false,1,6.50,2.60,false,1,
7290110323585,false,יופלה GO לייט דובדבן,תנובה חלב,,,'יח,2,ל-100 גרם,false,1,5.90,2.95,false,1,
7290110323592,false,יופלה GO לייט פירות היער,תנובה חלב,,,'יח,2,ל-100 גרם,false,1,5.90,2.95,false,1,
7290110324353,false,יופלה GO לייט בטעם אננס,תנובה חלב,,,'יח,1.70,ל-100 גרם,false,1,5.90,3.47,false,1,
7290110324551,false,יופלה טיוב יוגורט במרקם חלק תות,תנובה חלב,,,'יח,3.48,"ל-100 מ""ל",false,1,12.90,3.71,true,1,
7290110324872,false,גבינת צהובה גלבוע 5% 200 גר`,תנובה חלב,,,'יח,2,ל-100 גרם,false,1,17.90,8.95,false,1,
7290110324926,false,משקה סויה מועשר ללא סוכר  1 ליטר,תנובה חלב,,,'יח,10,"ל-100 מ""ל",false,1,10.90,1.09,false,1,
7290110325114,false,משקה יוגורט גו לייט תות בננה,תנובה חלב,,,'יח,2.50,"ל-100 מ""ל",false,1,6.50,2.60,false,1,
7290110325619,false,משקה שיבולת שועל 1 ליטר,תנובה חלב,,,'יח,10,"ל-100 מ""ל",false,1,11.90,1.19,false,1,
7290110325879,false,פתיתי  גאודה 200 גר`,תנובה חלב,,,'יח,2,ל-100 גרם,false,1,16.90,8.45,false,1,
7290110325893,false,משקה GO חלב אייס קפה  27  גר`חלבון,תנובה חלב,,,'יח,3.50,"ל-100 מ""ל",false,1,7.90,2.26,false,1,
7290110326227,false,יופלה און טופ קורנפלקס   157 גר`,תנובה חלב,,,'יח,1.57,"ל-100 מ""ל",false,1,5.50,3.50,false,1,
7290110326234,false,יופלה און טופ כוכבים  157 גר`,תנובה חלב,,,'יח,1.57,"ל-100 מ""ל",false,1,5.50,3.50,false,1,
7290110326241,false,יופלה און טופ גרנולה 157 גר`,תנובה חלב,,,'יח,1.57,"ל-100 מ""ל",false,1,5.50,3.50,false,1,
7290110327033,false,משקה סויה GO במתיקות מופחתת 1 ליטר,תנובה חלב,,,'יח,10,"ל-100 מ""ל",false,1,12.90,1.29,false,1,
7290110327514,false,משקה שיבולת שועל בטעם אגוזי לוז 1 ליט,תנובה חלב,,,'יח,10,"ל-100 מ""ל",false,1,11.90,1.19,false,1,
7290110327545,false,יופלה און טופ תות עם פיצפוצים 157 גר`,תנובה חלב,,,'יח,1.57,"ל-100 מ""ל",false,1,5.50,3.50,false,1,
7290110327798,false,חטיף חלבון GO בטעם שוקולד בודד,שקד תבל בע`מ,,,'יח,1,ל-100 גרם,false,1,11.90,11.90,false,1,
7290110327804,false,חטיף חלבון GO בטעם עוגיות בודד,שקד תבל בע`מ,,,'יח,1,ל-100 גרם,false,1,11.90,11.90,false,1,
7290110328627,false,יוגורט גו סמיך 0% בננה קרמל  200 גר`,תנובה חלב,,,'יח,2,ל-100 גרם,false,1,5.90,2.95,false,1,
7290110328764,false,יוגורט גו סמיך 0% תות 200 גרם,תנובה חלב,,,'יח,2,ל-100 גרם,false,1,5.90,2.95,false,1,
7290110328771,false,יוגורט גו סמיך 0% פירות יער 200 גר`,תנובה חלב,,,'יח,2,ל-100 גרם,false,1,5.90,2.95,false,1,
7290110328788,false,יוגורט גו סמיך 0% אפרסק 200 גר`,תנובה חלב,,,'יח,2,ל-100 גרם,false,1,5.90,2.95,false,1,
7290110329136,false,מעדן חלב GO בטעם שוקולד 12 גר חלבון,תנובה חלב,,,'יח,1.50,ל-100 גרם,false,1,4.90,3.27,false,1,
7290110329143,false,מעדן חלב GO וניל 12 גר חלבון,תנובה חלב,,,'יח,1.50,ל-100 גרם,false,1,4.90,3.27,false,1,
7290110329686,false,משקה GO חלב בטעם עוגיות  27  גר`חלבון,תנובה חלב,,,'יח,3.50,"ל-100 מ""ל",false,1,7.90,2.26,false,1,
7290110329792,false,מעדן סויה ביו אפרסק ALTERNATIVE 150 גר,תנובה חלב,,,'יח,1.50,ל-100 גרם,false,1,4.90,3.27,false,1,
7290110329808,false,מעדן סויה ביו תות ALTERNATIVE 150 גרם,תנובה חלב,,,'יח,1.50,ל-100 גרם,false,1,4.90,3.27,false,1,
7290110329815,false,סויה ביו במתיקות מעודנת 150 גרם,תנובה חלב,,,'יח,1.50,ל-100 גרם,false,1,4.90,3.27,false,1,
7290110329846,false,מעדן סויה ביו טבעי ALTERNATIVE 150 גר,תנובה חלב,,,'יח,1.50,ל-100 גרם,false,1,4.90,3.27,false,1,
7290110335199,false,מטריה מתהפכת מחוזקת,ד.ג.ש ייבוא ושיווק בעמ,,,'יח,1,,false,1,39.90,39.90,false,1,
7290110552220,false,דנונה פרו תות ללא סוכר 200 גר`,שטראוס גרופ בע`מ,,,'יח,1.55,"ל-100 מ""ל",false,12,5.90,3.81,false,1,
7290110552237,false,דנונה פרו אפרסק מנגו 200 גר`,שטראוס גרופ בע`מ,,,'יח,1.55,"ל-100 מ""ל",false,12,5.90,3.81,false,1,
7290110552817,false,צנצנת מאסט בטעם גלידה לימון 58 גרם,שטראוס גרופ בע`מ,,,'יח,1,'יח,false,12,9.90,9.90,false,1,
7290110553210,false,סבבה בוטנים הוט באפלו ווינגס 50 גר`,שטראוס פריטו ליי בע`מ,,,'יח,0.50,ל-100 גרם,false,1,1.90,3.80,false,1,
7290110553623,false,צ`יטוס צ`דר חלפיניו 80 גר`,שטראוס פריטו ליי בע`מ,,,'יח,0.80,ל-100 גרם,false,1,4.90,6.13,true,1,
7290110554101,false,"סירופ מייפל טבעי בפאוץ 125 מ""ל",שטראוס גרופ בע`מ,,,'יח,1.25,"ל-100 מ""ל",false,1,15.90,12.72,true,1,
7290110554583,false,צ`יטוס מארז פאפאס גבינה  20*10,שטראוס פריטו ליי בע`מ,,,'יח,2,ל-100 גרם,false,1,13.90,6.95,false,1,
7290110554699,false,קפסולות קפה עולה אספרסו NESPRESO,שטראוס גרופ בע`מ,,,'יח,1,'יח,false,1,17.90,17.90,true,1,
7290110554705,false,קפסולות קפה אספרסו יוניקו NESPRESO,שטראוס גרופ בע`מ,,,'יח,1,'יח,false,1,17.90,17.90,true,1,
7290110554729,false,קפסולות אספרסו חזק למכונת אספרסו 04,שטראוס גרופ בע`מ,,,'יח,0.50,ל-100 גרם,false,12,16.90,33.80,true,1,
7290110556242,false,שוקולד פרה מריר,שטראוס גרופ בע`מ,,,'יח,1,ל-100 גרם,false,1,5.90,5.90,true,1,
7290110557027,false,אחלה חומוס 50% בתוספת טחינה 400 גר`,שטראוס גרופ בע`מ,,,'יח,4,ל-100 גרם,false,6,14.90,3.73,false,1,
7290110557102,false,מעדן פרו עם שוקולד 11 גר` חלבון 150 גר,שטראוס גרופ בע`מ,,,'יח,1.50,ל-100 גרם,false,24,5.90,3.93,true,1,
7290110557133,false,מעדן הגולן וניל  125 גר`,שטראוס גרופ בע`מ,,,'יח,1.25,ל-100 גרם,false,1,2.90,2.32,true,1,
7290110557478,false,חומוס גלילי 600 גרם,שטראוס גרופ בע`מ,,,'יח,6,ל-100 גרם,false,1,12.90,2.15,true,1,
7290110558222,false,דנונה בנופי WOW,שטראוס גרופ בע`מ,,,'יח,1.50,"ל-100 מ""ל",false,12,4.90,3.27,true,1,
7290110558284,false,דנונה ביו מולטי 200 גרם,שטראוס גרופ בע`מ,,,'יח,2,ל-100 גרם,false,3,4.90,2.45,false,1,
7290110558314,false,"דנונה פרו 20 פיסטוק 200  גר`לל""ס",שטראוס גרופ בע`מ,,,'יח,1.50,"ל-100 מ""ל",false,12,5.90,3.93,false,1,
7290110559762,false,ריל מאגדת אגוזים תמרים וקוקוס 3*35 גרם,שטראוס גרופ בע`מ,,,'יח,1,ל-100 גרם,false,1,13.90,13.90,true,1,
7290110560300,false,פריכיות משולשות פלפל שחור,שטראוס גרופ בע`מ,,,'יח,0.30,ל-100 גרם,false,24,4.90,16.33,false,1,
7290110560317,false,פריכיות משולשות מלח ים,שטראוס גרופ בע`מ,,,'יח,0.30,ל-100 גרם,false,24,4.90,16.33,false,1,
7290110560324,false,פריכיות משולשות אפונה ירוקה,שטראוס גרופ בע`מ,,,'יח,0.30,ל-100 גרם,false,24,4.90,16.33,false,1,
7290110561352,false,דנונה דל לקטוז 3%,שטראוס גרופ בע`מ,,,'יח,2,"ל-100 מ""ל",false,24,3.70,1.85,false,1,
7290110561604,false,מארז שמינייה גמדים,שטראוס גרופ בע`מ,,,'יח,8,ל-100 גרם,false,6,19.90,2.49,false,1,
7290110563431,false,משקה קפה קר בסגנון קלאסי 1.6% שומן,שטראוס גרופ בע`מ,,,'יח,2.30,"ל-100 מ""ל",false,1,7.90,3.43,true,1,
7290110563448,false,משקה קפה קר בסגנון מועדן 1.6% שומן,שטראוס גרופ בע`מ,,,'יח,2.30,"ל-100 מ""ל",false,1,7.90,3.43,true,1,
7290110564339,false,אחלה חומוס 30% בתוספת טחינה 400 גר`,שטראוס גרופ בע`מ,,,'יח,4,ל-100 גרם,false,6,14.90,3.73,false,1,
7290110564360,false,אחלה חומוס 40% בתוספת טחינה 400 גר`,שטראוס גרופ בע`מ,,,'יח,4,ל-100 גרם,false,6,14.90,3.73,false,1,
7290110565435,false,לימבו פטל 125 גרם בגביע,שטראוס גרופ בע`מ,,,'יח,1.25,ל-100 גרם,false,24,2.20,1.76,true,1,
7290110565527,false,דנונה פרו עשיר בחלבון 200 גר`,שטראוס גרופ בע`מ,,,'יח,1.50,"ל-100 מ""ל",false,12,5.90,3.93,false,1,
7290110565572,false,קפה טורקי דרך עם הל  24*,שטראוס גרופ בע`מ,,,'יח,1.40,ל-100 גרם,false,8,17.90,12.79,false,1,
7290110566975,false,דנונה פרו תות 200 גר`,שטראוס גרופ בע`מ,,,'יח,1.55,"ל-100 מ""ל",false,12,5.90,3.81,false,1,
7290110568238,false,קצפת צמחית 21%,שטראוס גרופ בע`מ,,,'יח,2.50,"ל-100 מ""ל",false,18,7.90,3.16,false,1,
7290110568276,false,משקה יטבתה פרו וניל 350 מל`,שטראוס גרופ בע`מ,,,'יח,3.50,"ל-100 מ""ל",false,6,6.40,1.83,false,1,
7290110571382,false,מעדן פרו בטעם וניל 11 גר` חלבון 150 גר,שטראוס גרופ בע`מ,,,'יח,1.50,ל-100 גרם,false,24,5.90,3.93,true,1,
7290110571399,false,צנצנת מאסט בטעם גלידה תות 58 גרם,שטראוס גרופ בע`מ,,,'יח,1,'יח,false,12,9.90,9.90,false,1,
7290110571405,false,מיני פינוקיות בגביע פסק זמן 180 גרם,שטראוס גרופ בע`מ,,,'יח,1.80,ל-100 גרם,false,1,9.90,5.50,false,1,
7290110571412,false,מיני פינוקיות בגביע  פאדג`180 גרם,שטראוס גרופ בע`מ,,,'יח,1.80,ל-100 גרם,false,1,9.90,5.50,false,1,
7290110571474,false,רבע לשבע טבעוני פופקורן,שטראוס גרופ בע`מ,,,'יח,1.20,ל-100 גרם,false,1,11.90,9.92,true,1,
7290110572976,false,כיף כף פצפצים קרם לבן 135 גר`,שטראוס גרופ בע`מ,,,'יח,1.35,ל-100 גרם,false,24,9.90,7.33,true,1,
7290110576318,false,מאגדת שלישייה שוקולד לבן עם אגוזי לוז,שטראוס גרופ בע`מ,,,'יח,3,ל-100 גרם,false,1,21.90,7.30,true,1,
7290110576356,false,ספלנדיד שוקולד מריר פרו 64%,שטראוס גרופ בע`מ,,,'יח,1,,false,1,8.90,8.90,true,1,
7290110576363,false,ספלנדיד שוקולד מריר אוגנדה 80%,שטראוס גרופ בע`מ,,,'יח,1,,false,1,8.90,8.90,true,1,
7290110576370,false,מאגדת שלישייה שוקולד מריר עם אגוזי לוז,שטראוס גרופ בע`מ,,,'יח,3,ל-100 גרם,false,1,21.90,7.30,true,1,
7290110576387,false,מאגדת שלישייה שוקולד חלב עם אגוזי לוז,שטראוס גרופ בע`מ,,,'יח,3,ל-100 גרם,false,1,21.90,7.30,true,1,
7290111097041,false,בייביסיטר שמינייה בבישום עדין,שקד תבל בע`מ,,,'יח,1,'יח,false,1,19.90,19.90,false,1,
7290111289453,false,סט משאבה עם בלונים כוח פי ג`י,שמחה זה אנחנו בע`מ,,,'יח,1,,false,1,18.90,18.90,false,1,
7290111303746,false,מטריה סילקון אוטומטית,ד.ג.ש ייבוא ושיווק בעמ,,,'יח,1,,false,1,39.90,39.90,false,1,
7290111340178,false,ניקול מטליות לחות לניקוי כללי דוחה אבק,חוגלה קימברלי שיווק בע`מ,,,'יח,1,,false,12,10.90,10.90,true,1,
7290111340185,false,ניקול מטליות לחות לניקוי רצפה בניחוח מ,חוגלה קימברלי שיווק בע`מ,,,'יח,1,,false,12,10.90,10.90,true,1,
7290111340956,false,ניקול מטליות לחות לרצפה בניחוח מרכך,חוגלה קימברלי שיווק בע`מ,,,'יח,1,,false,1,11.90,11.90,true,1,
7290111341366,false,ניקול מפיות 30*30 150 דף,חוגלה קימברלי שיווק בע`מ,,,'יח,1,,false,14,8.90,8.90,true,1,
7290111341984,false,נייר טואלט לילי לח מארז רביעייה,חוגלה קימברלי שיווק בע`מ,,,'יח,1,ל-100 גרם,false,1,19.90,19.90,false,1,
7290111342059,false,מטליות לחות  אנטיבקטריאלי,חוגלה קימברלי שיווק בע`מ,,,'יח,1,,false,1,10.90,10.90,true,1,
7290111342738,false,נייר טואלט לילי לח מארז רביעייה-kids,חוגלה קימברלי שיווק בע`מ,,,'יח,1,ל-100 גרם,false,1,19.90,19.90,false,1,
7290111343117,false,קלינקס לושן סופט פק זוגות 140 דף,חוגלה קימברלי שיווק בע`מ,,,'יח,1,ל-100 גרם,false,1,13.90,13.90,true,1,
7290111344206,false,מגבוני האגיס NATURAL CARE,חוגלה קימברלי שיווק בע`מ,,,'יח,1,'יח,false,6,19.90,19.90,false,1,
7290111344701,false,ניקול שקיות אוכל סנדוויצון מיניונים,חוגלה קימברלי שיווק בע`מ,,,'יח,1,'יח,false,1,12.90,12.90,false,1,
7290111344732,false,קלינקס אלרג`י קומפורט,חוגלה קימברלי שיווק בע`מ,,,'יח,1,ל-100 גרם,false,1,10.90,10.90,false,1,
7290111344930,false,ניקול מטליות לחות לרצפה בניחוח מרכך,חוגלה קימברלי שיווק בע`מ,,,'יח,1,,false,1,11.90,11.90,true,1,
7290111346088,false,נייר טואלט מולט 30 גלילים,חוגלה קימברלי שיווק בע`מ,,,'יח,1,ל-100 גרם,false,1,29.90,29.90,true,1,
7290111346125,false,מגבוני האגיס דיילי קר ללא בישום 56*3,חוגלה קימברלי שיווק בע`מ,,,'יח,1,'יח,false,1,16.90,16.90,true,1,
7290111346293,false,מגבת נייר שישייה ניקול,חוגלה קימברלי שיווק בע`מ,,,'יח,1,ל-100 גרם,false,1,11.90,11.90,true,1,
7290111346347,false,טישו קליניק חמישיה,חוגלה קימברלי שיווק בע`מ,,,'יח,1,'יח,false,1,15.90,15.90,false,1,
7290111350047,false,תמרים מזן מג`הול ללא חרצנים,ליימן שליסל בע`מ,,,'יח,5,ל-100 גרם,false,1,14.90,2.98,true,1,
7290111353055,false,גומי בטעם דובדבן 200 גרם,ליימן שליסל בע`מ,,,'יח,0.20,ל-100 גרם,false,18,8.90,44.50,true,1,
7290111353093,false,נ סוכריות טופי בטעמי פירות מקלות 600 גר`,ליימן שליסל בע`מ,,,'יח,6,ל-100 גרם,false,1,14.90,2.48,true,1,
7290111353239,false,גומי טעם פירות 200 גר`,ליימן שליסל בע`מ,,,'יח,0.20,ל-100 גרם,false,18,8.90,44.50,true,1,
7290111353475,false,שטיחים חמוצים יוגטה 200 גר`,ליימן שליסל בע`מ,,,'יח,2,ל-100 גרם,false,1,7.90,3.95,true,1,
7290111353482,false,מקלות חמוצים בטעמי פירות יוגטה 200 גר`,ליימן שליסל בע`מ,,,'יח,2,ל-100 גרם,false,1,7.90,3.95,true,1,
7290111353567,false,ממרח שקדים טבעי 300 גרם,ליימן שליסל בע`מ,,,'יח,3,ל-100 גרם,false,1,33.90,11.30,false,1,
7290111560910,false,אוסם וופל טעם שוקולד אקסרט מילוי 200 ג,קבוצת אסם סחר,,,'יח,2,ל-100 גרם,false,1,4.40,2.20,true,1,
7290111563492,false,סלט צבר מטבוחה 400 גר`,קבוצת אסם סחר,,,'יח,4,ל-100 גרם,false,1,12.90,3.23,false,1,
7290111564277,false,פיטנס פריכיות 3 דגנים דקות 120 גר`,קבוצת אסם סחר,,,'יח,1.20,ל-100 גרם,false,1,9.90,8.25,false,1,
7290111564291,false,פיטנס פריכיות 3 דקות עם קינואה 120 גר`,קבוצת אסם סחר,,,'יח,1.20,ל-100 גרם,false,1,9.90,8.25,false,1,
7290111564727,false,קרמוגית אסם במילוי קרם אגוזים,קבוצת אסם סחר,,,'יח,2,ל-100 גרם,false,1,10.90,5.45,true,1,
7290111564956,false,במבה ביסלי מיקס 200 גר`,קבוצת אסם סחר,,,'יח,2,ל-100 גרם,false,1,9.90,4.95,true,1,
7290111565038,false,לה קרמריה וניל קוקילידה 1.4 ל`,נגה גלידות שותפות מוגבלת,,,'יח,14,"ל-100 מ""ל",false,1,19.90,1.42,true,1,
7290111566271,false,טבעול חטיפי תירס 657 גרם קפוא,קבוצת אסם סחר,,,'יח,6.57,ל-100 גרם,false,1,26.90,4.09,true,1,
7290111566318,false,טבעול שניצל דק מן הצומח 564 גר`,קבוצת אסם סחר,,,'יח,5.64,ל-100 גרם,false,1,27.90,4.95,true,1,
7290111566417,false,טבעול טחון צמחוני 500 גר`,קבוצת אסם סחר,,,'יח,5,ל-100 גרם,false,1,27.90,5.58,true,1,
7290111566547,false,טבעול חזה בגריל צמחוני 99 קל` 560 גר`,קבוצת אסם סחר,,,'יח,5.60,ל-100 גרם,false,1,27.90,4.98,true,1,
7290111566585,false,טבעול שניצל צמחוני 99 קלוריות 650 גר`,קבוצת אסם סחר,,,'יח,6.50,ל-100 גרם,false,1,27.90,4.29,true,1,
7290111566660,false,טבעול קציצות עדשים כתומות 530 גר`,קבוצת אסם סחר,,,'יח,5.30,ל-100 גרם,false,1,27.90,5.26,true,1,
7290111566691,false,טבעול שניצל תרד 99 קלוריות 693 גר`,קבוצת אסם סחר,,,'יח,6.93,ל-100 גרם,false,1,27.90,4.03,true,1,
7290111566752,false,טבעול שניצל תירס 99 קלוריות 693 גר`,קבוצת אסם סחר,,,'יח,6.93,ל-100 גרם,false,1,27.90,4.03,true,1,
7290111566776,false,טבעול נקנקיות קוקטייל צמחוני 680 גר`,קבוצת אסם סחר,,,'יח,6.80,ל-100 גרם,false,1,27.90,4.10,true,1,
7290111568206,false,ביסלי פארטי מיקס 150 גר`,קבוצת אסם סחר,,,'יח,1.50,ל-100 גרם,false,1,7.90,5.27,true,1,
7290111568275,false,נודלס אטריות אורז רחבות 300 גרם,קבוצת אסם סחר,,,'יח,3,ל-100 גרם,false,1,9.90,3.30,true,1,
7290111568466,false,רוטב אסיאתי למוקפץ 290 מל`,קבוצת אסם סחר,,,'יח,2.90,"ל-100 מ""ל",false,1,12.90,4.45,true,1,
7290111568961,false,אסם בייגלה טבעות מלוח 400 גר`,קבוצת אסם סחר,,,'יח,4,ל-100 גרם,false,1,9.90,2.48,true,1,
7290111736889,false,סט שלישיית גרבי נשים,הום פרפקט ק.ד.מ בעמ,,,'יח,1,,false,1,14.90,14.90,true,1,
7290111930898,false,פוף כוכבים גריל 40 גר`,ש. שסטוביץ בע`מ,,,'יח,0.40,ל-100 גרם,false,1,3.90,9.75,true,1,
7290111930904,false,פוף כוכבים בצל 40 גר`,ש. שסטוביץ בע`מ,,,'יח,0.40,ל-100 גרם,false,1,3.90,9.75,true,1,
7290111930911,false,פוף לבבות קלאסי 40 גר`,ש. שסטוביץ בע`מ,,,'יח,0.40,ל-100 גרם,false,1,3.90,9.75,true,1,
7290111930928,false,פוף לבבות גריל 40 גר`,ש. שסטוביץ בע`מ,,,'יח,0.40,ל-100 גרם,false,1,3.90,9.75,true,1,
7290111930935,false,פוף טבעות קלאסי 40 גר`,ש. שסטוביץ בע`מ,,,'יח,0.40,ל-100 גרם,false,1,3.90,9.75,true,1,
7290111933554,false,מנה מארז שלישייה עגבניות מרוסקות,ש. שסטוביץ בע`מ,,,'יח,1.20,ל-100 גרם,false,1,16.90,14.08,true,1,
7290111933561,false,מנה תערובת ציפוי נגטס 250 גר`,ש. שסטוביץ בע`מ,,,'יח,2.50,ל-100 גרם,false,1,7.90,3.16,false,1,
7290111935527,false,קולגייט טוטל קלין מינט כשל`פ זוג 100 מ,ש. שסטוביץ בע`מ,,,'יח,1,"ל-100 מ""ל",false,1,34.90,34.90,true,1,
7290111935923,false,מאסטר שף זיתים חרוזית 350 גר`,ש. שסטוביץ בע`מ,,,'יח,3.50,ל-100 גרם,false,1,8.90,2.54,true,1,
7290111938481,false,"מאזטר שף רוטב סויה בהירה 300 מ""ל",ש. שסטוביץ בע`מ,,,'יח,3,"ל-100 מ""ל",false,1,9.90,3.30,false,1,
7290112001023,false,אירוויק מילוי פרשמטיק תענוגות האביב,תה ויסוצקי בע`מ,,,'יח,2.50,"ל-100 מ""ל",false,1,14.90,5.96,true,1,
7290112001030,false,איירוויק מילוי פרשמטיק פיור פריחת הדוב,תה ויסוצקי בע`מ,,,'יח,2.50,"ל-100 מ""ל",false,1,14.90,5.96,true,1,
7290112001122,false,פיניש 52 טבליות מונו קופסא AIO,תה ויסוצקי בע`מ,,,'יח,1,,false,1,34.90,34.90,true,1,
7290112001436,false,פיניש מנקה ומחדש בניחוח לימון,תה ויסוצקי בע`מ,,,'יח,1,,false,1,14.90,14.90,true,1,
7290112002099,false,קולון ג`ל כחול רגיל 2.5 ליטר,תה ויסוצקי בע`מ,,,'יח,25,"ל-100 מ""ל",false,1,24.90,1,true,1,
7290112002112,false,קולון ג`ל בניחוח ורדים ורוד 2.5 ליטר,תה ויסוצקי בע`מ,,,'יח,25,"ל-100 מ""ל",false,1,24.90,1,true,1,
7290112002136,false,קולון ג`ל רגיל כחול 4 ליטר,תה ויסוצקי בע`מ,,,'יח,40,"ל-100 מ""ל",false,1,34.90,0.87,true,1,
7290112002150,false,ג`ל כביסה קולון 4 ל` בניחוח ורדים,תה ויסוצקי בע`מ,,,'יח,40,"ל-100 מ""ל",false,1,34.90,0.87,true,1,
7290112002167,false,ג`ל כביסה קולון 4 ל` ירוק בניחוח מרענן,תה ויסוצקי בע`מ,,,'יח,40,"ל-100 מ""ל",false,1,34.90,0.87,true,1,
7290112003478,false,"אירוויק ספריי אננס ורוזמרין  236 מ""ל",תה ויסוצקי בע`מ,,,'יח,2.36,"ל-100 מ""ל",false,1,19.90,8.43,false,1,
7290112003980,false,וניש גולד אבקה 1.35 ק`ג לבנה,תה ויסוצקי בע`מ,,,'יח,1.35,ל-100 גרם,false,1,34.90,25.85,true,1,
7290112004161,false,אירוויק מילוי פרשמטיק פיור עשבי בר,תה ויסוצקי בע`מ,,,'יח,2.50,"ל-100 מ""ל",false,1,14.90,5.96,true,1,
7290112004413,false,קליה אוקסי ספריי להסרת כתמים 750 מ`ל,תה ויסוצקי בע`מ,,,'יח,7.50,"ל-100 מ""ל",false,1,16.90,2.25,true,1,
7290112197238,false,מיני כריות בציפוי שוקולד חלב 65 גרםללג,גורי מוצרי צריכה 1991 בע`מ,,,'יח,0.65,ל-100 גרם,false,1,7.90,12.15,true,1,
7290112197702,false,"פיצה משפחתית מרגריטה לל""ג 330 גרם",גורי מוצרי צריכה 1991 בע`מ,,,'יח,3.30,ל-100 גרם,false,1,29.90,9.06,false,1,
7290112197719,false,"פיצה משפחתית זיתים לל""ג 330 גרם",גורי מוצרי צריכה 1991 בע`מ,,,'יח,3.30,ל-100 גרם,false,1,29.90,9.06,false,1,
7290112330352,false,דנונה פרו וניל 200 גר` 0%,שטראוס גרופ בע`מ,,,'יח,2,"ל-100 מ""ל",false,12,5.90,2.95,false,1,
7290112330390,false,דנונה פרו פירות יער 200 גר`,שטראוס גרופ בע`מ,,,'יח,2,"ל-100 מ""ל",false,12,5.90,2.95,false,1,
7290112332585,false,פריכיות תפוא אורז בתיבול סלק ומלח ים,שטראוס גרופ בע`מ,,,'יח,0.30,ל-100 גרם,false,24,4.90,16.33,false,1,
7290112332691,false,עוגיית קרם פסק זמן אגוזים 200 גרם,שטראוס גרופ בע`מ,,,'יח,2,ל-100 גרם,false,1,9.90,4.95,true,1,
7290112332899,false,צנצנת בזוקה פופים  58 גר`,שטראוס גרופ בע`מ,,,'יח,0.66,ל-100 גרם,false,12,9.90,15,true,1,
7290112335111,false,מאסט קוביות בטעם בזוקה 86 גר`,שטראוס גרופ בע`מ,,,'יח,0.86,ל-100 גרם,false,1,14.90,17.33,false,1,
7290112335487,false,פריכיות טעימות קצח ודגנים 135 גר`,שטראוס גרופ בע`מ,,,'יח,1.35,ל-100 גרם,false,1,11.90,8.81,false,1,
7290112335494,false,פריכיות טעימות פוטטוס 135 גר`,שטראוס גרופ בע`מ,,,'יח,1.35,ל-100 גרם,false,1,11.90,8.81,false,1,
7290112335500,false,פריכיות טעימות חלבון 135 גר`,שטראוס גרופ בע`מ,,,'יח,1.35,ל-100 גרם,false,1,11.90,8.81,false,1,
7290112336637,false,סוכריות Must ללא סוכר יוגורט תות אוכמניו,שטראוס גרופ בע`מ,,,'יח,0.80,ל-100 גרם,false,12,7.90,9.88,false,1,
7290112336651,false,סוכריות Must ללא סוכר ריבת חלב   80 גר`,שטראוס גרופ בע`מ,,,'יח,0.80,ל-100 גרם,false,12,7.90,9.88,false,1,
7290112336712,false,דנונה פרו 21 גר` חלבון 0% שומן,שטראוס גרופ בע`מ,,,'יח,2,"ל-100 מ""ל",false,12,5.90,2.95,false,1,
7290112337474,false,סוכריות Must ללא סוכר פטל לימון 80 גר`,שטראוס גרופ בע`מ,,,'יח,0.80,ל-100 גרם,false,12,7.90,9.88,false,1,
7290112337481,false,סוכריות Must ללא סוכר קפוצינו  80 גר`,שטראוס גרופ בע`מ,,,'יח,0.80,ל-100 גרם,false,12,7.90,9.88,false,1,
7290112339867,false,גמדים סקוויז לשתיה בטעם תות,שטראוס גרופ בע`מ,,,'יח,1,ל-100 גרם,false,7,5.90,5.90,false,1,
7290112339874,false,.גמדים סקוויז לשתיה בטעם תות בננה,שטראוס גרופ בע`מ,,,'יח,2,ל-100 גרם,false,7,5.90,2.95,false,1,
7290112340122,false,פריכיות טעימות 3 דגנים 135 גר`,שטראוס גרופ בע`מ,,,'יח,1.35,ל-100 גרם,false,1,11.90,8.81,false,1,
7290112340245,false,3צנצנת מאסט בטעם דובדבן,שטראוס גרופ בע`מ,,,'יח,0.58,ל-100 גרם,false,1,9.90,17.07,true,1,
7290112340252,false,צנצנת מאסט בטעם אבטיח מלון,שטראוס גרופ בע`מ,,,'יח,0.58,ל-100 גרם,false,1,9.90,17.07,true,1,
7290112340900,false,קפה האג טורקי שקית נטול  200 ג,שטראוס גרופ בע`מ,,,'יח,2,ל-100 גרם,false,24,25.90,12.95,false,1,
7290112341686,false,מארז אקטיביה 3% 150 גר`,שטראוס גרופ בע`מ,,,'יח,1.50,ל-100 גרם,false,3,23.50,15.67,false,1,
7290112342102,false,גבינת סימפוניה 5% בצל מקורמל  200גרם,שטראוס גרופ בע`מ,,,'יח,2,ל-100 גרם,false,12,10.90,5.45,true,1,
7290112342508,false,חטיף דוריטוס צ`יזי טוויסט  70 גרם,שטראוס פריטו ליי בע`מ,,,'יח,0.70,ל-100 גרם,false,1,3.90,5.57,true,1,
7290112343260,false,רוטב שמנת קלאסי 9%,שטראוס גרופ בע`מ,,,'יח,2.50,"ל-100 מ""ל",false,18,10.90,4.36,true,1,
7290112343499,false,צ`יטוס PUFFS 55 גרם,שטראוס פריטו ליי בע`מ,,,'יח,0.55,ל-100 גרם,false,1,3.90,7.09,true,1,
7290112344724,false,מילקי בטעם שוקולד בלונדי,שטראוס גרופ בע`מ,,,'יח,1.35,ל-100 גרם,false,1,4,2.96,false,1,
7290112344755,false,מילקי טעם שוקולד 26% פחות סוכר,שטראוס גרופ בע`מ,,,'יח,1.30,"ל-100 מ""ל",false,24,2.90,2.23,false,1,
7290112346360,false,בפלות אחת אחת בציפוי שוקולד חלב,שטראוס גרופ בע`מ,,,'יח,1.25,ל-100 גרם,false,1,11.90,9.52,true,1,
7290112346537,false,פינוקיות טורטית 200 גרם,שטראוס גרופ בע`מ,,,'יח,2,ל-100 גרם,false,1,9.90,4.95,true,1,
7290112346629,false,דנונה בר קרונפלקס חלב ולבן  183 מ`ל,שטראוס גרופ בע`מ,,,'יח,1.83,"ל-100 מ""ל",false,24,4.60,2.51,false,1,
7290112348999,false,פריכיות טעימות תירס דקות 135 גר`,שטראוס גרופ בע`מ,,,'יח,1.35,ל-100 גרם,false,1,11.90,8.81,false,1,
7290112349316,false,מסטיק בזוקה ביג פופים בטעם תות 86 גר`,שטראוס גרופ בע`מ,,,'יח,0.86,ל-100 גרם,false,1,14.90,17.33,false,1,
7290112349606,false,מעדן דניאלה תות בננה 88 גרם,שטראוס גרופ בע`מ,,,'יח,0.88,"ל-100 מ""ל",false,1,4.30,4.89,false,1,
7290112349736,false,בזיליקום-רוטב עגבניות לפסטה 350 גר`,שטראוס גרופ בע`מ,,,'יח,3.50,ל-100 גרם,false,1,10.90,3.11,true,1,
7290112349750,false,פיצה -רוטב עגבניות לפיצה  350 גרם,שטראוס גרופ בע`מ,,,'יח,3.50,ל-100 גרם,false,1,10.90,3.11,true,1,
7290112349897,false,מאסט קוביות בטעם מנטה  86 גר`,שטראוס גרופ בע`מ,,,'יח,0.80,ל-100 גרם,false,1,14.90,18.63,false,1,
7290112349903,false,רוטב שמנת עם גרגירי וניל 260 גרם 9%,שטראוס גרופ בע`מ,,,'יח,2.60,"ל-100 מ""ל",false,1,11.70,4.50,false,1,
7290112350275,false,קפסולות לונגו  למכונת נספרסו 12 יח`,שטראוס גרופ בע`מ,,,'יח,0.50,ל-100 גרם,false,1,16.90,33.80,true,1,
7290112350312,false,קפסולות ברזיל 15 למכונת אספרסו,שטראוס גרופ בע`מ,,,'יח,0.50,ל-100 גרם,false,12,16.90,33.80,true,1,
7290112351258,false,פינוקיות שחור לבן,קבוצת אסם סחר,,,'יח,2,ל-100 גרם,false,1,9.90,4.95,true,1,
7290112351463,false,שלישיית סוכריות FRESH פטל לימון 45 גר`,שטראוס גרופ בע`מ,,,'יח,0.45,ל-100 גרם,false,1,7.90,17.56,false,1,
7290112351470,false,שלישיית סוכריות FRESH רימון תות 45 גר`,שטראוס גרופ בע`מ,,,'יח,0.45,ל-100 גרם,false,1,7.90,17.56,false,1,
7290112353412,false,פריכיות משולשות תירס אפונה מלח סלק,שטראוס גרופ בע`מ,,,'יח,0.30,ל-100 גרם,false,24,4.90,16.33,false,1,
7290112354969,false,תפוציפס טבעי WAVY 200 גרם,שטראוס פריטו ליי בע`מ,,,'יח,2,ל-100 גרם,false,1,10.90,5.45,true,1,
7290112355027,false,דנונה פרו 20 גר` קרמל מלוח 200 גר`,שטראוס גרופ בע`מ,,,'יח,2,"ל-100 מ""ל",false,12,5.90,2.95,false,1,
7290112355102,false,.גמדים סקוויז לשתיה בטעם פירות,שטראוס גרופ בע`מ,,,'יח,2,ל-100 גרם,false,7,5.90,2.95,false,1,
7290112355386,false,רוטב שמנת בטעם קרמל מלוח 260 גרם 9%,שטראוס גרופ בע`מ,,,'יח,2.60,"ל-100 מ""ל",false,1,11.70,4.50,false,1,
7290112355775,false,גבינת סימפוניה 5% עירית 200גרם,שטראוס גרופ בע`מ,,,'יח,2,ל-100 גרם,false,12,11.90,5.95,true,1,
7290112356536,false,עלית אבקת קקאו 150 גרם%+10,שטראוס גרופ בע`מ,,,'יח,1.50,ל-100 גרם,false,1,9.90,6.60,false,1,
7290112357106,false,שעועית אדומה  טעם הטבע 380 גר`,שטראוס גרופ בע`מ,,,'יח,3.80,ל-100 גרם,false,1,6.90,1.82,true,1,
7290112357113,false,גרגרי חומוס טעם הטבע 380 גרם,שטראוס גרופ בע`מ,,,'יח,3.80,ל-100 גרם,false,1,6.90,1.82,true,1,
7290112357175,false,קפסולות בוסט למכונת נספרסו 12 יח`,שטראוס גרופ בע`מ,,,'יח,0.50,ל-100 גרם,false,1,16.90,33.80,true,1,
7290112358004,false,פסק זמן  קראנץ`32 גר`,שטראוס גרופ בע`מ,,,'יח,0.32,ל-100 גרם,false,24,5.30,16.56,false,1,
7290112358240,false,רוטב לגריל 300 גר`,שטראוס גרופ בע`מ,,,'יח,3,"ל-100 מ""ל",false,1,12.90,4.30,false,1,
7290112358431,false,עד חצות דאבל 200 גר`,שטראוס גרופ בע`מ,,,'יח,2,ל-100 גרם,false,1,11.90,5.95,false,1,
7290112359353,false,קפה טורקי אלדין 200 גרם,שטראוס גרופ בע`מ,,,'יח,2,ל-100 גרם,false,1,20.90,10.45,false,1,
7290112490209,false,נמס בכוס עגבניות 56 גרם,יוניליוור ישראל שיווק בע`מ,,,'יח,0.64,ל-100 גרם,false,1,6.40,10,true,1,
7290112490230,false,נמס בכוס מרק אפונה 50 גרם,יוניליוור ישראל שיווק בע`מ,,,'יח,0.64,ל-100 גרם,false,1,6.40,10,true,1,
7290112490599,false,חרדל צרפתי עם גרגרים,יוניליוור ישראל שיווק בע`מ,,,'יח,0.54,ל-100 גרם,false,1,14.90,27.59,false,1,
7290112490650,false,778 קונפיטורה תות שדה 340 גר`,יוניליוור ישראל שיווק בע`מ,,,'יח,3.40,ל-100 גרם,false,1,13.90,4.09,false,1,
7290112490674,false,778 קונפיטורה דובדבנים 340 גר`,יוניליוור ישראל שיווק בע`מ,,,'יח,3.40,ל-100 גרם,false,1,13.90,4.09,false,1,
7290112490698,false,778 מעדן פרי תות לייט 250 גר`,יוניליוור ישראל שיווק בע`מ,,,'יח,0.90,ל-100 גרם,false,1,13.90,15.44,false,1,
7290112490728,false,מרק עשיר ירקות בורגול,יוניליוור ישראל שיווק בע`מ,,,'יח,10,ל-100 גרם,false,1,12.90,1.29,true,1,
7290112490742,false,מרק עשיר פטריות גריסים ר. טבעי,יוניליוור ישראל שיווק בע`מ,,,'יח,10,ל-100 גרם,false,1,12.90,1.29,true,1,
7290112490896,false,קנור רוטב צילי חריף 370 גרם,יוניליוור ישראל שיווק בע`מ,,,'יח,3.70,ל-100 גרם,false,1,12.90,3.49,true,1,
7290112491701,false,ברנפלקס חלבון 375 גרם,יוניליוור ישראל שיווק בע`מ,,,'יח,3.75,ל-100 גרם,false,1,22.90,6.11,true,1,
7290112491770,false,דקים דקים עם מלח ים 300 גרם,יוניליוור ישראל שיווק בע`מ,,,'יח,3,ל-100 גרם,false,1,9.90,3.30,true,1,
7290112491787,false,דקים דקים עם שומשום 300 גרם,יוניליוור ישראל שיווק בע`מ,,,'יח,3,ל-100 גרם,false,1,9.90,3.30,true,1,
7290112491794,false,דקים דקים טעם שמנת ובצל 300 גרם,יוניליוור ישראל שיווק בע`מ,,,'יח,3,ל-100 גרם,false,1,9.90,3.30,true,1,
7290112492456,false,"שמפו לשיער יבש ופגום 700 מ""ל",יוניליוור ישראל שיווק בע`מ,,,'יח,7,"ל-100 מ""ל",false,1,11.90,1.70,true,1,
7290112492463,false,שמפו פינוק 2 ב-1 רגיל  700 מל`,יוניליוור ישראל שיווק בע`מ,,,'יח,7,"ל-100 מ""ל",false,1,11.90,1.70,true,1,
7290112492470,false,שמפו פינוק 2 ב-1 יבש  700 מל`,יוניליוור ישראל שיווק בע`מ,,,'יח,7,"ל-100 מ""ל",false,1,11.90,1.70,true,1,
7290112492487,false,"שמפו פינוק שמן מרוקאי 700 מ""ל",יוניליוור ישראל שיווק בע`מ,,,'יח,7,"ל-100 מ""ל",false,1,11.90,1.70,true,1,
7290112492500,false,פינוק שמפו שמן קוקוס700 מל`,יוניליוור ישראל שיווק בע`מ,,,'יח,7,"ל-100 מ""ל",false,1,11.90,1.70,true,1,
7290112492531,false,"מרכך פינוק שיער רגיל 700 מ""ל",יוניליוור ישראל שיווק בע`מ,,,'יח,7,"ל-100 מ""ל",false,1,11.90,1.70,true,1,
7290112492548,false,"שמפו מרכך שיער יבש 700 מ""ל",יוניליוור ישראל שיווק בע`מ,,,'יח,7,"ל-100 מ""ל",false,1,11.90,1.70,true,1,
7290112492579,false,"מרכך פינוק שמן קוקוס  700 מ""ל",יוניליוור ישראל שיווק בע`מ,,,'יח,7,"ל-100 מ""ל",false,1,11.90,1.70,true,1,
7290112492593,false,פינוק תחליב רחצה קלאסי 700 מל`,יוניליוור ישראל שיווק בע`מ,,,'יח,7,"ל-100 מ""ל",false,1,10.90,1.56,true,1,
7290112492609,false,פינוק תחליב רחצה לבנדר  700 מל`,יוניליוור ישראל שיווק בע`מ,,,'יח,7,"ל-100 מ""ל",false,1,10.90,1.56,true,1,
7290112492647,false,"פינוק לגבר 3 ב-1 ספורט 700 מ""ל",יוניליוור ישראל שיווק בע`מ,,,'יח,7,"ל-100 מ""ל",false,1,11.90,1.70,true,1,
7290112492999,false,קנור מרק טעם עוף 400 גרם בד`צ,יוניליוור ישראל שיווק בע`מ,,,'יח,4,ל-100 גרם,false,1,11.90,2.98,true,1,
7290112493088,false,נמס בכוס עדשים 100% רכיביים טבעי,יוניליוור ישראל שיווק בע`מ,,,'יח,0.64,ל-100 גרם,false,1,6.40,10,true,1,
7290112493293,false,נמס בכוס ירקות 100 % רכיביים טבעיים,יוניליוור ישראל שיווק בע`מ,,,'יח,0.64,ל-100 גרם,false,1,6.40,10,true,1,
7290112493927,false,גלידת קרמיסימו ריבת חלב 1.33 ליטר,שטראוס גלידות,,,'יח,13.30,"ל-100 מ""ל",false,1,19.90,1.50,true,1,
7290112493934,false,גלידה קרמיסימו וניל צרפתי  1.33 ליטר,שטראוס גלידות,,,'יח,13.30,"ל-100 מ""ל",false,1,19.90,1.50,true,1,
7290112494153,false,תיבוליות ניחוח צלי 72 גרם,יוניליוור ישראל שיווק בע`מ,,,'יח,1,,false,1,8.90,8.90,false,1,
7290112494238,false,קליק כדורים 65 גרם,יוניליוור ישראל שיווק בע`מ,,,'יח,0.65,ל-100 גרם,false,1,5.90,9.08,true,1,
7290112494276,false,קליק כריות 65 גרם,יוניליוור ישראל שיווק בע`מ,,,'יח,0.65,ל-100 גרם,false,1,5.90,9.08,true,1,
7290112494283,false,קליק חום לבן 65 גרם,יוניליוור ישראל שיווק בע`מ,,,'יח,0.65,ל-100 גרם,false,1,5.90,9.08,true,1,
7290112494313,false,קליק קורנפלקס 65 גרם,יוניליוור ישראל שיווק בע`מ,,,'יח,0.65,ל-100 גרם,false,1,5.90,9.08,true,1,
7290112494344,false,תלמה קרונפלקס של אלופים 850 גרם,יוניליוור ישראל שיווק בע`מ,,,'יח,8.50,ל-100 גרם,false,1,18.90,2.22,false,1,
7290112494351,false,תלמה קרונפלקס של אלופים 850 גרם,יוניליוור ישראל שיווק בע`מ,,,'יח,8.50,ל-100 גרם,false,1,18.90,2.22,false,1,
7290112494382,false,"פירה בטעם ביתי260  גר`בד""צ",יוניליוור ישראל שיווק בע`מ,,,'יח,2.60,ל-100 גרם,false,1,12.90,4.96,false,1,
7290112494610,false,רוטב פיקנטי לדג,יוניליוור ישראל שיווק בע`מ,,,'יח,1,,false,1,11.90,11.90,false,1,
7290112494825,false,דאב תרחיץ פנים לעור רגיש 180מ`ל,יוניליוור ישראל שיווק בע`מ,,,'יח,1.80,"ל-100 מ""ל",false,1,17.90,9.94,false,1,
7290112494993,false,כריות דגנים במילוי וניל בדצ 686 גרם,יוניליוור ישראל שיווק בע`מ,,,'יח,6.86,ל-100 גרם,false,1,24.90,3.63,true,1,
7290112495006,false,כריות דגנים במילוי נוגט בדצ 686 גרם,יוניליוור ישראל שיווק בע`מ,,,'יח,6.86,ל-100 גרם,false,1,24.90,3.63,false,1,
7290112495020,false,כריות צ`וקולדה 686 גרם,יוניליוור ישראל שיווק בע`מ,,,'יח,6.86,ל-100 גרם,false,1,24.90,3.63,true,1,
7290112495037,false,קוקומן כדורים 375 גרם בד`ץ,יוניליוור ישראל שיווק בע`מ,,,'יח,3.75,ל-100 גרם,false,1,19.90,5.31,true,1,
7290112495044,false,קוקומן פצפיצי שוקולד 375 גרם,יוניליוור ישראל שיווק בע`מ,,,'יח,3.75,ל-100 גרם,false,1,19.90,5.31,true,1,
7290112495105,false,נשנושים חטיף בטעם שמנת בצל 260 גרם,יוניליוור ישראל שיווק בע`מ,,,'יח,2.60,ל-100 גרם,false,1,12.90,4.96,true,1,
7290112495150,false,נשנושי קרקר עיגולים מלוחים 300גרם,יוניליוור ישראל שיווק בע`מ,,,'יח,3,ל-100 גרם,false,1,12.90,4.30,true,1,
7290112495167,false,נשנושי קרקר משולשי שומשום 300גרם,יוניליוור ישראל שיווק בע`מ,,,'יח,3,ל-100 גרם,false,1,12.90,4.30,true,1,
7290112495174,false,נשנושי קרקר קוקטייל שומשום 350 גרם,יוניליוור ישראל שיווק בע`מ,,,'יח,3,ל-100 גרם,false,1,12.90,4.30,true,1,
7290112495280,false,ריבועי ברנפלקס קינמון 400 גרם בדצ,יוניליוור ישראל שיווק בע`מ,,,'יח,4,ל-100 גרם,false,1,23.50,5.88,true,1,
7290112495433,false,דגני בוקר דליפקאן 400 גרם בד`צ,יוניליוור ישראל שיווק בע`מ,,,'יח,4,ל-100 גרם,false,1,21.90,5.48,false,1,
7290112495747,false,קנור רוטב צ`ילי מתוק 70% פחות סוכר 300,יוניליוור ישראל שיווק בע`מ,,,'יח,3,"ל-100 מ""ל",false,1,11.90,3.97,true,1,
7290112495754,false,"רוטב הלמנס אלף האיים כשל""פ",יוניליוור ישראל שיווק בע`מ,,,'יח,3,"ל-100 מ""ל",false,1,10.90,3.63,true,1,
7290112495785,false,רוטב הלמנס לסלט שום 300 גרם,יוניליוור ישראל שיווק בע`מ,,,'יח,3,ל-100 גרם,false,1,10.90,3.63,true,1,
7290112495792,false,רוטב הלמנס שום לייט לסלט 305גר כשלפ,יוניליוור ישראל שיווק בע`מ,,,'יח,3,ל-100 גרם,false,1,11.90,3.97,true,1,
7290112495808,false,רוטב הלמנס חרדל ודבש,יוניליוור ישראל שיווק בע`מ,,,'יח,3.05,ל-100 גרם,false,1,10.90,3.57,true,1,
7290112495822,false,כריות בלאק 686 גרם,יוניליוור ישראל שיווק בע`מ,,,'יח,6.86,ל-100 גרם,false,1,24.90,3.63,true,1,
7290112496027,false,סירופ שוקולד 600 מל כשלפ,יוניליוור ישראל שיווק בע`מ,,,'יח,6,"ל-100 מ""ל",false,1,15.90,2.65,false,1,
7290112496218,false,טריאקי פחות 50% סוכר ונתרן 340 גרם,יוניליוור ישראל שיווק בע`מ,,,'יח,3.40,ל-100 גרם,false,1,11.90,3.50,true,1,
7290112496270,false,"פתית צ`יפס תפו""א בתוספת עגבניות ועשבים",יוניליוור ישראל שיווק בע`מ,,,'יח,1,ל-100 גרם,false,1,4.90,4.90,false,1,
7290112496287,false,פתית צ`יפס בטטה בטעם טבעי,יוניליוור ישראל שיווק בע`מ,,,'יח,1,ל-100 גרם,false,1,4.90,4.90,false,1,
7290112496294,false,פתית צ`יפס אפונה בתוספת צ`ילי,יוניליוור ישראל שיווק בע`מ,,,'יח,1,ל-100 גרם,false,1,4.90,4.90,false,1,
7290112496430,false,נמס בכוס אקסטרה עגבניות 37 גרם,יוניליוור ישראל שיווק בע`מ,,,'יח,0.37,ל-100 גרם,false,1,4.20,11.35,false,1,
7290112496447,false,נמס בכוס אקסטרה טעם עוף 27 גר`,יוניליוור ישראל שיווק בע`מ,,,'יח,0.39,ל-100 גרם,false,1,4.20,10.77,false,1,
7290112496461,false,נמס בכוס אקסטרה ירקות 32 גרם,יוניליוור ישראל שיווק בע`מ,,,'יח,0.39,ל-100 גרם,false,1,4.20,10.77,false,1,
7290112496584,false,קליק כריות בלאק לבן  65 גרם,יוניליוור ישראל שיווק בע`מ,,,'יח,0.65,ל-100 גרם,false,1,5.90,9.08,true,1,
7290112497369,false,דאב רול טלק  0 אלומיניום   50 מ`ל,יוניליוור ישראל שיווק בע`מ,,,'יח,0.50,"ל-100 מ""ל",false,1,15.90,31.80,true,1,
7290112497727,false,"אל סבון פינוק בייבי 700 מ""ל",יוניליוור ישראל שיווק בע`מ,,,'יח,7,"ל-100 מ""ל",false,1,15.90,2.27,false,1,
7290112498007,false,גרנולה פרוטאין שקדים וחמוציות 300 גר`,יוניליוור ישראל שיווק בע`מ,,,'יח,3,ל-100 גרם,false,1,15.90,5.30,false,1,
7290112498083,false,שמפו פינוק שמן חוחובה 700 גרם,יוניליוור ישראל שיווק בע`מ,,,'יח,7,"ל-100 מ""ל",false,1,11.90,1.70,true,1,
7290112498267,false,"אל סבון ידיים פינוק קלאסי 950 מ""ל",יוניליוור ישראל שיווק בע`מ,,,'יח,1,'יח,false,1,11.90,11.90,true,1,
7290112498281,false,"אל סבון ידיים בתוספת שמן קוקוס 950 מ""ל",יוניליוור ישראל שיווק בע`מ,,,'יח,1,'יח,false,1,11.90,11.90,true,1,
7290112498298,false,אל סבון ידיים בתוספת שמן מרוקאי 950 מל,יוניליוור ישראל שיווק בע`מ,,,'יח,1,'יח,false,1,11.90,11.90,true,1,
7290112498441,false,"רוטב אסיאתי למוקפץ 300 מ""ל",יוניליוור ישראל שיווק בע`מ,,,'יח,3,"ל-100 מ""ל",false,1,11.90,3.97,true,1,
7290112498526,false,פתית צ`יפס בטטה סגולה 21 גר`,יוניליוור ישראל שיווק בע`מ,,,'יח,0.21,ל-100 גרם,false,1,4.90,23.33,false,1,
7290112498915,false,מיני מגנום שקדים מובחרים  מאגדת 5 יח`,שטראוס גלידות,,,'יח,1,ל-100 גרם,false,1,26.90,26.90,true,1,
7290112498922,false,מיני מגנום שוקולד לבן מאגדת 5 יח`,שטראוס גלידות,,,'יח,1,ל-100 גרם,false,1,26.90,26.90,true,1,
7290112499097,false,מיני מגנום שוקולד מריר מאגדת 5 יח`,שטראוס גלידות,,,'יח,1,ל-100 גרם,false,1,26.90,26.90,true,1,
7290112499219,false,מאגדת מיני גודיז פיסטוק 235 גרם,שטראוס גלידות,,,'יח,2.35,ל-100 גרם,false,1,29.90,12.72,true,1,
7290112499455,false,פינוק תחליב רחצה שמן מרוקאי 700 מל`,יוניליוור ישראל שיווק בע`מ,,,'יח,7,"ל-100 מ""ל",false,1,10.90,1.56,true,1,
7290112499462,false,פינוק תחליב רחצה שמן קוקוס 700 מל`,יוניליוור ישראל שיווק בע`מ,,,'יח,7,"ל-100 מ""ל",false,1,10.90,1.56,true,1,
7290112499479,false,"שמפו פינוק בתוספת קרטין  700 מ""ל",יוניליוור ישראל שיווק בע`מ,,,'יח,7,"ל-100 מ""ל",false,1,11.90,1.70,true,1,
7290112499776,false,מאגדת גודיז שלושה שוקולדים,שטראוס גלידות,,,'יח,3.30,ל-100 גרם,false,1,29.90,9.06,true,1,
7290112499844,false,מיני מגנום דואט שוקולד עם נוגט  1/5,שטראוס גלידות,,,'יח,1,ל-100 גרם,false,1,26.90,26.90,true,1,
7290112499943,false,מיני מגנום קלאסיק שווקולד 250 גר1/5,שטראוס גלידות,,,'יח,2.50,ל-100 גרם,false,1,26.90,10.76,true,1,
7290112705488,false,כוס במבוק,שמחה זה אנחנו בע`מ,,,'יח,1,,false,1,7.90,7.90,false,1,
7290112961266,false,בייגלה כפיות פיזור איטלקי 300 גר`,קבוצת אסם סחר,,,'יח,3,ל-100 גרם,false,1,9.90,3.30,true,1,
7290112961327,false,בייגלה כפיות פיזור כפרי 300 גר`,קבוצת אסם סחר,,,'יח,3,ל-100 גרם,false,1,9.90,3.30,true,1,
7290112961440,false,פיטנס בר פריכיות שוקולד מריר  84 גר`,קבוצת אסם סחר,,,'יח,0.84,ל-100 גרם,false,1,13.80,16.43,false,1,
7290112961754,false,עוגיות שוקוצ`יפס קרם אגוזים 220 גר`,קבוצת אסם סחר,,,'יח,2.20,ל-100 גרם,false,1,10.90,4.95,true,1,
7290112962737,false,טבעול שניצל מן הצומח עם חלבון,קבוצת אסם סחר,,,'יח,6,ל-100 גרם,false,1,29.90,4.98,true,1,
7290112963321,false,גרטיפי בייגלה שטוח הכל ללא גלוטן 300 גר`,קבוצת אסם סחר,,,'יח,3,ל-100 גרם,false,1,14.90,4.97,false,1,
7290112963918,false,פיטנס קרקר דק רוזמרין  234 גר`,קבוצת אסם סחר,,,'יח,1.40,ל-100 גרם,false,1,11.90,8.50,true,1,
7290112964052,false,פרפקטו פסטה וזוביטו 500 גר`,קבוצת אסם סחר,,,'יח,5,ל-100 גרם,false,1,10,2,false,1,
7290112964410,false,רוטב אלף האיים לסלט חדש,קבוצת אסם סחר,,,'יח,2.90,"ל-100 מ""ל",false,1,10.90,3.76,true,1,
7290112964458,false,רוטב ויניגרט קלאסי לסלט  290 מל,קבוצת אסם סחר,,,'יח,2.90,"ל-100 מ""ל",false,1,10.90,3.76,true,1,
7290112964564,false,רוטב אלף האיים לייט לסלט,קבוצת אסם סחר,,,'יח,2.90,"ל-100 מ""ל",false,1,10.90,3.76,true,1,
7290112964601,false,"רוטב בנוסח סצו`אן 290 מ""ל",קבוצת אסם סחר,,,'יח,2.90,"ל-100 מ""ל",false,1,12.90,4.45,true,1,
7290112964625,false,רוטב שום לייט לסלט,קבוצת אסם סחר,,,'יח,2.90,"ל-100 מ""ל",false,1,10.90,3.76,true,1,
7290112964724,false,טבעול המבורגר טבעוניות 580 גר`,קבוצת אסם סחר,,,'יח,5.80,ל-100 גרם,false,1,27.90,4.81,true,1,
7290112965165,false,מרק נמס סוף פטריות 2*24גר`,קבוצת אסם סחר,,,'יח,1.20,ל-100 גרם,false,1,5.90,4.92,true,1,
7290112965264,false,מרק נמס סוף אפונה 2*26גר,קבוצת אסם סחר,,,'יח,1.20,ל-100 גרם,false,1,5.90,4.92,true,1,
7290112965288,false,מרק נמס בכוס ירקות 15*2,קבוצת אסם סחר,,,'יח,1.20,ל-100 גרם,false,1,5.90,4.92,true,1,
7290112965301,false,מרק נמס בטעם עוף בדץ 2*26גר,קבוצת אסם סחר,,,'יח,1.20,ל-100 גרם,false,1,5.90,4.92,true,1,
7290112965660,false,פיטנס חטיף מולטיגריין מלח פלפל 25 גר`,קבוצת אסם סחר,,,'יח,0.25,ל-100 גרם,false,1,4.90,19.60,false,1,
7290112965707,false,פיטנס חטיף מולטיגריין צילי מעודן  25 גר`,קבוצת אסם סחר,,,'יח,0.25,ל-100 גרם,false,1,4.90,19.60,false,1,
7290112965868,false,קרם קרקר במליחות מועדנת 250גר`,קבוצת אסם סחר,,,'יח,2.50,ל-100 גרם,false,1,9.90,3.96,true,1,
7290112965905,false,אסם בייגלה שמיניות במליחות מועדנת 400 גר,קבוצת אסם סחר,,,'יח,4,ל-100 גרם,false,1,9.90,2.48,true,1,
7290112966025,false,בייגלה כפיות כפרי טוגו 60 גר`,קבוצת אסם סחר,,,'יח,0.60,ל-100 גרם,false,1,3.10,5.17,false,1,
7290112966247,false,לחמית כוסמין  200 גר`,קבוצת אסם סחר,,,'יח,2,ל-100 גרם,false,1,9.90,4.95,true,1,
7290112966445,false,במבה מתוקה אריזה גדולה 100 גר`,קבוצת אסם סחר,,,'יח,1,ל-100 גרם,false,1,7.90,7.90,true,1,
7290112966841,false,פודינג בטעם שוקולד מריר 90 גר`,קבוצת אסם סחר,,,'יח,0.95,ל-100 גרם,false,1,5.90,6.21,true,1,
7290112967114,false,פיטנס חטיפי פריכיות קטניות ופלפל  60,קבוצת אסם סחר,,,'יח,0.60,ל-100 גרם,false,1,7.90,13.17,false,1,
7290112967138,false,בייגלה שמיניות ללא גלוטן 250גר,קבוצת אסם סחר,,,'יח,2.50,ל-100 גרם,false,1,12.90,5.16,false,1,
7290112967381,false,פיטנס חטיפי פריכיות קטניות ומלח ים 60 גר,קבוצת אסם סחר,,,'יח,0.60,ל-100 גרם,false,1,7.90,13.17,false,1,
7290112968203,false,צבר סלט טחינה באלדי  250 גר`,קבוצת אסם סחר,,,'יח,2.50,ל-100 גרם,false,1,12.90,5.16,false,1,
7290112968784,false,טבעול חטיפי כרובית 450 גר`,קבוצת אסם סחר,,,'יח,4.50,ל-100 גרם,false,1,32,7.11,true,1,
7290112968807,false,פיטנס קרקר דק סלק  140 גר`,קבוצת אסם סחר,,,'יח,1.40,ל-100 גרם,false,1,11.90,8.50,true,1,
7290112968821,false,פיטנס קרקר דק בטטה  140 גר`,קבוצת אסם סחר,,,'יח,1.40,ל-100 גרם,false,1,11.90,8.50,true,1,
7290112969286,false,בישולים רוטב חרדל ודבש 330 גר`,קבוצת אסם סחר,,,'יח,3.30,ל-100 גרם,false,1,12.90,3.91,true,1,
7290113191907,false,טורטיה בסיס פיצה,דין שיווק וקליה 2021 בעמ,,,'יח,1,ל-100 גרם,false,1,9.90,9.90,false,1,
7290113191921,false,"תרכיז מלבי 750 מ""ל שקדיה",דין שיווק וקליה 2021 בעמ,,,'יח,7.50,"ל-100 מ""ל",false,1,14.90,1.99,false,1,
7290113191938,false,"סירופ רוזטה בטעם שקדיה 750 מ""ל",דין שיווק וקליה 2021 בעמ,,,'יח,7.50,"ל-100 מ""ל",false,1,14.90,1.99,false,1,
7290113192300,false,חרוזית זית שחור ללא גלעין 560 גרם,קבוצת אסם סחר,,,'יח,5.60,ל-100 גרם,false,1,10.90,1.95,false,1,
7290113192331,false,זיתים ירוקים גדולים 560 גרם,קבוצת אסם סחר,,,'יח,5.60,ל-100 גרם,false,1,10.90,1.95,false,1,
7290113192348,false,זיתים ירוקים בטעם שום גדול מאד 560 גרם,קבוצת אסם סחר,,,'יח,5.60,ל-100 גרם,false,1,9.90,1.77,false,1,
7290113192355,false,חרוזית זיתים ירוקים ללא חרצנים 550 גרם,קבוצת אסם סחר,,,'יח,5.50,ל-100 גרם,false,1,10.90,1.98,false,1,
7290113192362,false,טבעות זיתים ירוקים 560 גרם,קבוצת אסם סחר,,,'יח,5.60,ל-100 גרם,false,1,11.90,2.13,false,1,
7290113192386,false,זיתים סורי ירוקים מבוקע 560 גרם,קבוצת אסם סחר,,,'יח,5.60,ל-100 גרם,false,1,11.90,2.13,false,1,
7290113192478,false,מלפפונים במלח בינוני 10-12 560 גרם,קבוצת אסם סחר,,,'יח,5.60,ל-100 גרם,false,1,8.90,1.59,false,1,
7290113192485,false,מלפפונים בחומץ בינוני 10-12 560 גרם,קבוצת אסם סחר,,,'יח,5.60,ל-100 גרם,false,1,8.90,1.59,false,1,
7290113192492,false,מלפפונים בחומץ קטנים 13-17 560 גרם,קבוצת אסם סחר,,,'יח,5.60,ל-100 גרם,false,1,11.90,2.13,false,1,
7290113192508,false,מלפפונים במלח קטן 13-17 320 גרם,קבוצת אסם סחר,,,'יח,3.20,ל-100 גרם,false,1,11.90,3.72,false,1,
7290113192515,false,מלפפונים במלח קטן מאוד 18-25 560 גרם,קבוצת אסם סחר,,,'יח,5.60,ל-100 גרם,false,1,12.90,2.30,false,1,
7290113192522,false,מלפפונים בחומץ קטן מאוד 18-25 560 ג`,קבוצת אסם סחר,,,'יח,5.60,ל-100 גרם,false,1,12.90,2.30,false,1,
7290113192539,false,מלפפונים במלח גדול 7-9 560 גרם,קבוצת אסם סחר,,,'יח,5.60,ל-100 גרם,false,1,7.50,1.34,false,1,
7290113192546,false,מלפפונים בחומץ גדול 7-9 560 גרם,קבוצת אסם סחר,,,'יח,5.60,ל-100 גרם,false,1,7.50,1.34,false,1,
7290113192560,false,פלפל שיפקה חריף כבוש 340 גרם,קבוצת אסם סחר,,,'יח,5.60,ל-100 גרם,false,1,7.90,1.41,true,1,
7290113192577,false,כרוב כבוש חתוך 560 גרם,קבוצת אסם סחר,,,'יח,5.60,ל-100 גרם,false,1,8.90,1.59,false,1,
7290113192881,false,טורטיה חיטה מופחת קלוריות,דין שיווק וקליה 2021 בעמ,,,'יח,1,ל-100 גרם,false,1,9.90,9.90,false,1,
7290113193000,false,בית השיטה פלפל שיפקונית 230 גר`,קבוצת אסם סחר,,,'יח,2.30,ל-100 גרם,false,1,11.90,5.17,false,1,
7290113193017,false,בית השיטה חרוזית קוקטייל זיתים 275 גר`,קבוצת אסם סחר,,,'יח,2.75,ל-100 גרם,false,1,14.90,5.42,false,1,
7290113193031,false,בית השיטה חרוזית קלמטה 275 גר`,קבוצת אסם סחר,,,'יח,2.75,ל-100 גרם,false,1,11.90,4.33,false,1,
7290113193321,false,"בית השיטה שמן זית כתית מעולה 750 מ""ל",קבוצת אסם סחר,,,'יח,7.50,"ל-100 מ""ל",false,1,29.90,3.99,false,1,
7290113193888,false,בית השיטה חצילים מוחמצים 320 גר`,קבוצת אסם סחר,,,'יח,3.20,ל-100 גרם,false,1,10.90,3.41,false,1,
7290113194090,false,בית השיטה טבעות קלמטה 280 גר`,קבוצת אסם סחר,,,'יח,2.80,ל-100 גרם,false,1,14.90,5.32,false,1,
7290113194649,false,בית השיטה מלפפונים במלח קוביות 320 גר`,קבוצת אסם סחר,,,'יח,3.20,ל-100 גרם,false,1,10.90,3.41,false,1,
7290113196414,false,"אורז בסמטי 1 ק""ג -שקדיה",דין שיווק וקליה 2021 בעמ,,,'יח,10,ל-100 גרם,false,1,10.90,1.09,true,1,
7290113196490,false,פירכיות כוסמת בתוספת זרעי ציה 150 גר,דין שיווק וקליה 2021 בעמ,,,'יח,1.50,ל-100 גרם,false,1,9.90,6.60,false,1,
7290113196506,false,פירכיות כוסמת ללא מלח 150 גרם,דין שיווק וקליה 2021 בעמ,,,'יח,1.50,ל-100 גרם,false,1,10.90,7.27,false,1,
7290113196513,false,פירכיות כוסמת בתוספת שקדים 150 גר,דין שיווק וקליה 2021 בעמ,,,'יח,1.50,ל-100 גרם,false,1,9.90,6.60,false,1,
7290113197817,false,בית השיטה חציל קלוי 670 גר`,קבוצת אסם סחר,,,'יח,6.70,ל-100 גרם,false,1,11.90,1.78,false,1,
7290113197855,false,תירס גמדי 230 גרם בית השיטה,קבוצת אסם סחר,,,'יח,2.30,ל-100 גרם,false,1,9.90,4.30,true,1,
7290113198562,false,סוכריות גומי בטעם תות שדה 200 גרם,דין שיווק וקליה 2021 בעמ,,,'יח,2,ל-100 גרם,false,1,9.90,4.95,false,1,
7290113199781,false,ממרח 100% אגוזים בוטנים  200 גר`,דין שיווק וקליה 2021 בעמ,,,'יח,2,ל-100 גרם,false,1,15.90,7.95,false,1,
7290113199910,false,סוכריות חמצוצים בטעם קולה 180 גרם,דין שיווק וקליה 2021 בעמ,,,'יח,1.80,ל-100 גרם,false,1,9.90,5.50,false,1,
7290113300194,false,פאוצ נתחוני לה קט עם עוף ברוטב,שחורי אריה ואנסטסיה,,,'יח,0.85,ל-100 גרם,false,1,4.90,5.76,false,1,
7290113300200,false,פאוצ נתחוני לה קט עם סלמון ברוטב סטריליי,שחורי אריה ואנסטסיה,,,'יח,0.85,ל-100 גרם,false,1,4.90,5.76,false,1,
7290113300217,false,פאוצ נתחוני לה קט עם בקר ברוטב,שחורי אריה ואנסטסיה,,,'יח,0.85,ל-100 גרם,false,1,4.90,5.76,false,1,
7290113300224,false,פאוצ נתחוני לה קט עם סלמון ברוטב,שחורי אריה ואנסטסיה,,,'יח,0.85,ל-100 גרם,false,1,4.90,5.76,false,1,
7290113300231,false,פאוצ נתחוני לה קט עם בקר בגלי,שחורי אריה ואנסטסיה,,,'יח,0.85,ל-100 גרם,false,1,4.90,5.76,false,1,
7290113300248,false,פאוצ נתחוני לה קט עם עוף בגלי,שחורי אריה ואנסטסיה,,,'יח,0.85,ל-100 גרם,false,1,4.90,5.76,false,1,
7290113300255,false,פאוצ נתחוני לה קט עם דג פורל בגלי,שחורי אריה ואנסטסיה,,,'יח,0.85,ל-100 גרם,false,1,4.90,5.76,false,1,
7290113300330,false,לה קט כבש סטיק 30 גרם,שחורי אריה ואנסטסיה,,,'יח,0.30,ל-100 גרם,false,1,9.90,33,false,1,
7290113300347,false,לה קט סלמון סטיק 30 גרם,שחורי אריה ואנסטסיה,,,'יח,0.30,ל-100 גרם,false,1,9.90,33,false,1,
7290113300354,false,לה קט סטיק עוף 30 גרם,שחורי אריה ואנסטסיה,,,'יח,0.30,ל-100 גרם,false,1,9.90,33,false,1,
7290113301856,false,עצם בקר ענקית,שחורי אריה ואנסטסיה,,,'יח,1,,false,1,49.90,49.90,false,1,
7290113302259,false,חטיף בונזו נאגטס בקר ודג 80 גר,שחורי אריה ואנסטסיה,,,'יח,0.80,ל-100 גרם,false,1,12.90,16.13,false,1,
7290113302266,false,חטיף בונזו סטריפים בקר ודג 80 גר,שחורי אריה ואנסטסיה,,,'יח,0.80,ל-100 גרם,false,1,12.90,16.13,false,1,
7290113302273,false,חטיף בונזו עצם קלציום עוף 80 גר,שחורי אריה ואנסטסיה,,,'יח,0.80,ל-100 גרם,false,1,12.90,16.13,false,1,
7290113302280,false,חטיף בונזו צורת נקניקייה 80 גר,שחורי אריה ואנסטסיה,,,'יח,0.80,ל-100 גרם,false,1,12.90,16.13,false,1,
7290113302297,false,חטיף אנרגיה בונזו עוף ותפוח 80 גר,שחורי אריה ואנסטסיה,,,'יח,0.80,ל-100 גרם,false,1,12.90,16.13,false,1,
7290113302303,false,חטיף בונזו סטיקים תרד ותרד 80 גר,שחורי אריה ואנסטסיה,,,'יח,0.80,ל-100 גרם,false,1,12.90,16.13,false,1,
7290113302310,false,בונזו בטטה רול 80 גרם,שחורי אריה ואנסטסיה,,,'יח,0.80,ל-100 גרם,false,1,12.90,16.13,false,1,
7290113302327,false,חטיף בונזו טבעות עוף 80 גר,שחורי אריה ואנסטסיה,,,'יח,0.80,ל-100 גרם,false,1,12.90,16.13,false,1,
7290113302334,false,חטיפי עוף פריכים בצורת עצם 85 גר,שחורי אריה ואנסטסיה,,,'יח,0.85,ל-100 גרם,false,1,12.90,15.18,false,1,
7290113302341,false,חטיפי בנוזו עוף ואורז 80 גר,שחורי אריה ואנסטסיה,,,'יח,0.80,ל-100 גרם,false,1,12.90,16.13,false,1,
7290113302358,false,חטיפי בנוזו עוף צורת סושי 80 גר,שחורי אריה ואנסטסיה,,,'יח,0.80,ל-100 גרם,false,1,12.90,16.13,false,1,
7290113302365,false,חטיפי בנוזו ברווז צורת סושי 80 גר,שחורי אריה ואנסטסיה,,,'יח,0.80,ל-100 גרם,false,1,12.90,16.13,false,1,
7290113302372,false,חטיפי בנוזו סנדויץ במילוי אווז 80 גר,שחורי אריה ואנסטסיה,,,'יח,0.80,ל-100 גרם,false,1,12.90,16.13,false,1,
7290113302389,false,שיפוד סלמון ודג בקלה 80 גר,שחורי אריה ואנסטסיה,,,'יח,0.80,ל-100 גרם,false,1,12.90,16.13,false,1,
7290113302396,false,שיפוד כבש ודג בקלה 80 גר,שחורי אריה ואנסטסיה,,,'יח,0.80,ל-100 גרם,false,1,12.90,16.13,false,1,
7290113303591,false,חטיף בונזו סוויצוני עוף 80 גר,שחורי אריה ואנסטסיה,,,'יח,0.80,ל-100 גרם,false,1,12.90,16.13,false,1,
7290113303607,false,חטיף בונזו חטיפי עוף 80 גר,שחורי אריה ואנסטסיה,,,'יח,0.80,ל-100 גרם,false,1,12.90,16.13,false,1,
7290113303614,false,חטיף בונזו ברווז 80 גר,שחורי אריה ואנסטסיה,,,'יח,0.80,ל-100 גרם,false,1,12.90,16.13,false,1,
7290113304772,false,מגרדת קרטון טום,שחורי אריה ואנסטסיה,,,'יח,1,,false,1,25.90,25.90,false,1,
7290113304789,false,מגרדת קרטון דאבל,שחורי אריה ואנסטסיה,,,'יח,1,,false,1,49.90,49.90,false,1,
7290113304796,false,מגרדת קרטון רחבה,שחורי אריה ואנסטסיה,,,'יח,1,,false,1,35.90,35.90,false,1,
7290113304802,false,מגרדת קרטון גל,שחורי אריה ואנסטסיה,,,'יח,1,,false,1,39.90,39.90,false,1,
7290113305809,false,סופרים עוף לכלב 400 גרם,שחורי אריה ואנסטסיה,,,'יח,4,ל-100 גרם,false,1,4,1,false,1,
7290113305816,false,סופרים סלמון לכלב 400 גרם,שחורי אריה ואנסטסיה,,,'יח,4,ל-100 גרם,false,1,4,1,false,1,
7290113305823,false,סופרים כבש לכלב 400 גרם,שחורי אריה ואנסטסיה,,,'יח,4,ל-100 גרם,false,1,4,1,false,1,
7290113305830,false,סופרים עוף לחתול 400 גרם,שחורי אריה ואנסטסיה,,,'יח,4,ל-100 גרם,false,1,4,1,false,1,
7290113305847,false,סופרים סלמון לחתול 400 גרם,שחורי אריה ואנסטסיה,,,'יח,4,ל-100 גרם,false,1,4,1,false,1,
7290113305854,false,סופרים בקר לחתול 400 גרם,שחורי אריה ואנסטסיה,,,'יח,4,ל-100 גרם,false,1,4,1,false,1,
7290114310215,false,"שמנת מתוקה 38% בבקבוק 250 מ""ל",החברה המרכזית להפצה,,,'יח,2.50,"ל-100 מ""ל",false,1,6.40,2.56,false,1,
7290114310338,false,גבינה צפתית מעודנת צוריאל %5 225 ג,החברה המרכזית להפצה,,,'יח,2.50,ל-100 גרם,false,1,18.90,7.56,true,1,
7290114310536,false,יוגורט 25 גר` חלבון מולר וניל  200 ג,החברה המרכזית להפצה,,,'יח,2,ל-100 גרם,false,1,5.90,2.95,true,1,
7290114310550,false,פטה עיזים מעודנת 5% 200 גר`,החברה המרכזית להפצה,,,'יח,2,ל-100 גרם,false,1,26.90,13.45,false,1,
7290114310628,false,משקה חלב וניל עוגיות 1 ל`,החברה המרכזית להפצה,,,'יח,10,"ל-100 מ""ל",false,1,11.90,1.19,true,1,
7290114310895,false,מאגדת שמינייה תות מנגו 15%,החברה המרכזית להפצה,,,'יח,3.80,"ל-100 מ""ל",false,1,32.90,8.66,false,1,
7290114310901,false,גבינה לבנה 5% 250 גרם,החברה המרכזית להפצה,,,'יח,2.50,ל-100 גרם,false,1,4.98,1.99,false,1,
7290114310918,false,קוטג`טרה 5% מועשר 250 גרם,החברה המרכזית להפצה,,,'יח,2.50,ל-100 גרם,false,1,5.50,2.20,false,1,
7290114311069,false,יוגורט 25 גר` חלבון מולר אקטיב0% 200,החברה המרכזית להפצה,,,'יח,2,ל-100 גרם,false,1,5.90,2.95,true,1,
7290114311298,false,מולר יוגורט עם קציפת תות בננה  3% 150ג,החברה המרכזית להפצה,,,'יח,1.50,"ל-100 מ""ל",false,1,5.20,3.47,false,1,
7290114311304,false,מולר יוגורט עם קציפת מנגו פסיפלורה בננה,החברה המרכזית להפצה,,,'יח,1.50,"ל-100 מ""ל",false,1,5.20,3.47,false,1,
7290114311359,false,מולר יוגורט עם קציפת מנגו 3% 150 גרם,החברה המרכזית להפצה,,,'יח,1.50,"ל-100 מ""ל",false,1,5.20,3.47,false,1,
7290114311526,false,מולר יוגורט עם קציפת תפוז גי`נג`ר 150ג,החברה המרכזית להפצה,,,'יח,1.50,"ל-100 מ""ל",false,1,5.50,3.67,false,1,
7290114311533,false,מולר יוגורט עם קציפת פרי בטעם סנגריה,החברה המרכזית להפצה,,,'יח,1.50,"ל-100 מ""ל",false,1,5.50,3.67,false,1,
7290114311557,false,יוגורט  מולר+ נטורל עם גרנולה ומייפל,החברה המרכזית להפצה,,,'יח,1,ל-100 גרם,false,1,6.90,6.90,false,1,
7290114600927,false,מאסטר שף עלי טורטיה חיטה מלאה 320 גר`,ש. שסטוביץ בע`מ,,,'יח,3.20,ל-100 גרם,false,1,9.90,3.09,false,1,
7290114600941,false,מאסטר שף מיונז לחיץ 435 גרם,ש. שסטוביץ בע`מ,,,'יח,4.35,ל-100 גרם,false,1,13.90,3.20,false,1,
7290114600996,false,מאסטר שף רוטב שום 256 גרם,ש. שסטוביץ בע`מ,,,'יח,2.50,ל-100 גרם,false,1,9.90,3.96,false,1,
7290114603034,false,פריי גרנולה אגוזים צימוקים וחמוציות,ש. שסטוביץ בע`מ,,,'יח,1.25,ל-100 גרם,false,1,15.90,12.72,false,1,
7290114603768,false,"אג`קס שירותים 750 מ""ל מארז זוגות",ש. שסטוביץ בע`מ,,,'יח,7.50,"ל-100 מ""ל",false,1,29.90,3.99,false,1,
7290114604895,false,מאסטר שף מיונז ספייסי לחיץ 446 גרם,ש. שסטוביץ בע`מ,,,'יח,4.35,ל-100 גרם,false,1,13.90,3.20,false,1,
7290114604901,false,מאסטר שף ממרח שום לחיץ 444 גר`,ש. שסטוביץ בע`מ,,,'יח,4.35,ל-100 גרם,false,1,13.90,3.20,false,1,
7290114604932,false,מאסטר שף רוטב ברביקיו דבש 524 גר`,ש. שסטוביץ בע`מ,,,'יח,5.24,ל-100 גרם,false,1,12.90,2.46,true,1,
7290114604949,false,מאסטר שף רוטב ברביקיו 524 גר`,ש. שסטוביץ בע`מ,,,'יח,5.24,ל-100 גרם,false,1,12.90,2.46,true,1,
7290114604963,false,מנה פירורי לחם מתובלים 230 גר`,ש. שסטוביץ בע`מ,,,'יח,2.30,ל-100 גרם,false,1,6.90,3,false,1,
7290114606530,false,מאסטר שף רוטב בטעם מיונז וקטשופ 515 גר,ש. שסטוביץ בע`מ,,,'יח,4.35,ל-100 גרם,false,1,13.90,3.20,false,1,
7290114606554,false,מאסטר שף מיונז לייט  470 גר,ש. שסטוביץ בע`מ,,,'יח,4.35,ל-100 גרם,false,1,13.90,3.20,false,1,
7290114606561,false,איטריות אורז דקות 400 גרם מאסטר שף,ש. שסטוביץ בע`מ,,,'יח,4,"ל-100 מ""ל",false,1,8.90,2.23,false,1,
7290114606578,false,שקדי מרק 400 גרם מאסטר שף,ש. שסטוביץ בע`מ,,,'יח,4,ל-100 גרם,false,1,9.90,2.48,false,1,
7290114608695,false,מאסטר שף מיונז עם ווסאבי 241 גרם,ש. שסטוביץ בע`מ,,,'יח,2.41,ל-100 גרם,false,1,13.90,5.77,false,1,
7290115073676,false,"מסכה לפנים חד""פ 50  יח`צבעוני",שמחה זה אנחנו בע`מ,,,'יח,0,'יח,false,1,7.90,7.90,false,1,
7290115200003,false,פתי בר פינוקי וניל 220 גר`,קבוצת אסם סחר,,,'יח,2.20,ל-100 גרם,false,1,10.90,4.95,true,1,
7290115200027,false,פתי בר פינוקי שוקו 220 גר`,קבוצת אסם סחר,,,'יח,2.20,ל-100 גרם,false,1,10.90,4.95,true,1,
7290115200676,false,קרמעוגית קרמל מלוח 200 גר`,קבוצת אסם סחר,,,'יח,2,ל-100 גרם,false,1,10.90,5.45,true,1,
7290115200713,false,במבה קלאסי מארז אחיד 5*50 גר`,קבוצת אסם סחר,,,'יח,2.50,ל-100 גרם,false,1,11.90,4.76,true,1,
7290115201031,false,פתי בר דובי שוקולד  220 גר`,קבוצת אסם סחר,,,'יח,2.20,ל-100 גרם,false,1,10.90,4.95,true,1,
7290115201680,false,ביסלי ברביקיו 70 גר`,קבוצת אסם סחר,,,'יח,0.70,ל-100 גרם,false,1,3.90,5.57,true,1,
7290115201727,false,ביסלי בצל גדול 200 גר`,קבוצת אסם סחר,,,'יח,2,ל-100 גרם,false,1,7.90,3.95,true,1,
7290115202748,false,"קטשופ על האש 710 מ""ל",קבוצת אסם סחר,,,'יח,7.50,ל-100 גרם,false,1,11.90,1.59,true,1,
7290115202786,false,מנה חמה פאוצ` בקר 70 גר`,קבוצת אסם סחר,,,'יח,7,ל-100 גרם,false,1,4.90,0.70,true,1,
7290115202847,false,מנה חמה פאוצ` ספייסי 70 גר`,קבוצת אסם סחר,,,'יח,7,ל-100 גרם,false,1,4.90,0.70,true,1,
7290115202939,false,מנה חמה רייס נודלס עוף פטריות 50 גרם,קבוצת אסם סחר,,,'יח,5,ל-100 גרם,false,1,7.90,1.58,true,1,
7290115203134,false,פופקו פופקורן במבה 80 גר`,קבוצת אסם סחר,,,'יח,0.80,ל-100 גרם,false,1,3.90,4.88,true,1,
7290115203172,false,במבה אסם פרו 80 גרם,קבוצת אסם סחר,,,'יח,0.80,ל-100 גרם,false,1,4.50,5.63,true,1,
7290115203295,false,פרפקטו פסטה ריציאולי 500 גרם,קבוצת אסם סחר,,,'יח,5,ל-100 גרם,false,1,10,2,false,1,
7290115204056,false,קטשופ אסם מופחת סוכר כשלפ 750 מל`,קבוצת אסם סחר,,,'יח,7.50,ל-100 גרם,false,1,11.90,1.59,true,1,
7290115204995,false,לחמית ים תיכונית 160 גרם,קבוצת אסם סחר,,,'יח,1.60,ל-100 גרם,false,1,8.90,5.56,true,1,
7290115205312,false,פיטנס קרקר זיתים 140 גרם,קבוצת אסם סחר,,,'יח,1.40,ל-100 גרם,false,1,11.90,8.50,true,1,
7290115205527,false,פיטנס חטיף מולטיגריין עדשים 25 גר`,קבוצת אסם סחר,,,'יח,0.25,ל-100 גרם,false,1,4.90,19.60,false,1,
7290115205978,false,פתי בר אצבעות שוקולד אוסם 180 גר`,קבוצת אסם סחר,,,'יח,1.80,ל-100 גרם,false,1,10.90,6.06,false,1,
7290115207361,false,פתי בר-פיסטוק 500 גרם,קבוצת אסם סחר,,,'יח,5,ל-100 גרם,false,1,11.90,2.38,true,1,
7290115207507,false,סלט טורקי צבר 360 גרם,קבוצת אסם סחר,,,'יח,3.60,ל-100 גרם,false,1,16.90,4.69,false,1,
7290115207682,false,"רוטב סויה סיני 290 מ""ל",קבוצת אסם סחר,,,'יח,2.90,"ל-100 מ""ל",false,1,10.90,3.76,false,1,
7290115207880,false,ויטמינציק פטל 2 ליטר,קבוצת אסם סחר,,,'יח,1,,false,1,39.90,39.90,true,1,
7290115207941,false,ויטמינציק אננס 1 ליטר,קבוצת אסם סחר,,,'יח,10,"ל-100 מ""ל",false,1,20.90,2.09,true,1,
7290115207965,false,ויטמינציק מנגו אפרסק 1 ליטר,קבוצת אסם סחר,,,'יח,10,"ל-100 מ""ל",false,1,20.90,2.09,true,1,
7290115207989,false,ויטמינציק לימון  1 ליטר,קבוצת אסם סחר,,,'יח,10,"ל-100 מ""ל",false,1,20.90,2.09,true,1,
7290115208009,false,ויטמינציק ענבים 1 ליטר,קבוצת אסם סחר,,,'יח,10,"ל-100 מ""ל",false,1,20.90,2.09,true,1,
7290115208047,false,ויטמינציק פטל 1 ליטר,קבוצת אסם סחר,,,'יח,10,"ל-100 מ""ל",false,1,20.90,2.09,true,1,
7290115208061,false,ויטמינציק תפוח 1 ליטר,קבוצת אסם סחר,,,'יח,10,"ל-100 מ""ל",false,1,20.90,2.09,true,1,
7290115208566,false,קרמוגית במילוי קרם בייגלה 200 גרם אסם,קבוצת אסם סחר,,,'יח,2,ל-100 גרם,false,1,10.90,5.45,true,1,
7290115208597,false,קרמעוגית קרמל מלוח 200 גר`,קבוצת אסם סחר,,,'יח,2,ל-100 גרם,false,1,10.90,5.45,true,1,
7290115209174,false,במבה אוורירית 60 גרם,קבוצת אסם סחר,,,'יח,6,ל-100 גרם,false,1,3.90,0.65,true,1,
7290115209235,false,פתי בר-קפה 500 גר`,קבוצת אסם סחר,,,'יח,5,ל-100 גרם,false,1,11.90,2.38,true,1,
7290115480009,false,מרכך כביסה פרש קונטרול ירוק,גורי שיווק,,,'יח,9,"ל-100 מ""ל",false,12,12.90,1.43,true,1,
7290115480016,false,קפסולות 3+1 26 יח סוד,גורי שיווק,,,'יח,1,ל-100 גרם,false,1,29.90,29.90,true,1,
7290115670677,false,גרנולה פירות טרופיים  400 גר`,שטראוס גרופ בע`מ,,,'יח,4,ל-100 גרם,false,1,11.90,2.98,false,1,
7290115670684,false,גרנולה אגוזים 400 גר`,שטראוס גרופ בע`מ,,,'יח,4,ל-100 גרם,false,1,11.90,2.98,false,1,
7290115671223,false,מאסט פאן אבטיח מנגו 58 גרם,שטראוס גרופ בע`מ,,,'יח,1,,false,12,9.90,9.90,true,1,
7290115671339,false,מיני פינוקיות בראוניז בייגל בוטן 180 גר,שטראוס גרופ בע`מ,,,'יח,2,ל-100 גרם,false,1,9.90,4.95,true,1,
7290115676082,false,משקה דנונה פרו 20 חלבון תות 225 גר`,שטראוס גרופ בע`מ,,,'יח,2.25,ל-100 גרם,false,1,6.90,3.07,true,1,
7290115676099,false,משקה דנונה פרו 20 חלבון וניל 225 גר`,שטראוס גרופ בע`מ,,,'יח,2.25,ל-100 גרם,false,1,6.90,3.07,true,1,
7290115677362,false,דלישס נודלס טריאקי 350 גרם,קפוא זן תעשיות מזון בעמ,,,'יח,3.50,ל-100 גרם,false,1,26.90,7.69,false,1,
7290115678376,false,מעדן הגולן שוקולד 125 גר`,שטראוס גרופ בע`מ,,,'יח,1.25,ל-100 גרם,false,1,2.90,2.32,true,1,
7290115678383,false,מעדן הגולן שוקולד מריר  125 גר`,שטראוס גרופ בע`מ,,,'יח,1.25,ל-100 גרם,false,1,2.90,2.32,true,1,
7290115736977,false,משטח לייבוש כלים משובח,ד.ג.ש ייבוא ושיווק בעמ,,,'יח,1,,false,1,12.90,12.90,false,1,
7290116530000,false,דאב תרחיץ פנים מלפפונים 180מ`ל,יוניליוור ישראל שיווק בע`מ,,,'יח,1.80,"ל-100 מ""ל",false,1,17.90,9.94,false,1,
7290116530062,false,רוטב הלמנס לסלט וינגרט  295גר,יוניליוור ישראל שיווק בע`מ,,,'יח,3,ל-100 גרם,false,1,10.90,3.63,true,1,
7290116530161,false,פינוק תחליב רחצה שייק אננס מלון 700 מ,יוניליוור ישראל שיווק בע`מ,,,'יח,7,"ל-100 מ""ל",false,1,10.90,1.56,true,1,
7290116530185,false,דגני בוקר דלישקד קרמל מלוח 400 גרם,יוניליוור ישראל שיווק בע`מ,,,'יח,4,ל-100 גרם,false,1,21.90,5.48,false,1,
7290116530482,false,מאגדת קורנפלקס אלופים 5*30 גרם,יוניליוור ישראל שיווק בע`מ,,,'יח,1.50,ל-100 גרם,false,1,11.90,7.93,true,1,
7290116530888,false,ג`ל לכביסה לבנה וצבעונית פינוק כחול,יוניליוור ישראל שיווק בע`מ,,,'יח,25,"ל-100 מ""ל",false,1,29.90,1.20,false,1,
7290116531069,false,מרק  בצל רכיבים טבעיים 225 גר`,יוניליוור ישראל שיווק בע`מ,,,'יח,2.25,ל-100 גרם,false,1,17.90,7.96,false,1,
7290116531083,false,ברנפלקס שקדים ודבש 375 גרם,יוניליוור ישראל שיווק בע`מ,,,'יח,3.75,ל-100 גרם,false,1,23.50,6.27,false,1,
7290116531557,false,פריכיות עם תירס מלא 150 גרם כשלפ,יוניליוור ישראל שיווק בע`מ,,,'יח,1.50,ל-100 גרם,false,1,10.90,7.27,false,1,
7290116531564,false,פריכיות  פתית+ קינואה 150 גרם,יוניליוור ישראל שיווק בע`מ,,,'יח,1.50,ל-100 גרם,false,1,10.90,7.27,false,1,
7290116531656,false,מרכך פינוק לשיער בניחוח תפוח 700 גרם,יוניליוור ישראל שיווק בע`מ,,,'יח,7,"ל-100 מ""ל",false,1,11.90,1.70,true,1,
7290116531663,false,פינוק תחליב רחצה בניחוח תפוח 700 מל`,יוניליוור ישראל שיווק בע`מ,,,'יח,7,"ל-100 מ""ל",false,1,10.90,1.56,true,1,
7290116531793,false,רוטב הלמנס לסלט קיסר 295 גרם,יוניליוור ישראל שיווק בע`מ,,,'יח,2.95,ל-100 גרם,false,1,10.90,3.69,true,1,
7290116532011,false,קליק חטיף נוגט 35 גרם,יוניליוור ישראל שיווק בע`מ,,,'יח,0.35,ל-100 גרם,false,1,4.80,13.71,false,1,
7290116532387,false,"אל סבון ידיים פינוק חמאת שיאה 950 מ""ל",יוניליוור ישראל שיווק בע`מ,,,'יח,1,'יח,false,1,11.90,11.90,true,1,
7290116532585,false,ברנפלקס קרנצ`ים 375 גרם,יוניליוור ישראל שיווק בע`מ,,,'יח,3.75,ל-100 גרם,false,1,22.90,6.11,false,1,
7290116532615,false,שמפו בתוספת תמצית גוג`י ברי,יוניליוור ישראל שיווק בע`מ,,,'יח,7,"ל-100 מ""ל",false,1,11.90,1.70,true,1,
7290116532622,false,פינוק מרכך בתוספת תמצית גוג`י ברי,יוניליוור ישראל שיווק בע`מ,,,'יח,7,"ל-100 מ""ל",false,1,11.90,1.70,true,1,
7290116532769,false,גרנולה פרוטאין תפוח קינמון 300 גרם,יוניליוור ישראל שיווק בע`מ,,,'יח,3,ל-100 גרם,false,1,15.90,5.30,false,1,
7290116532875,false,"אל סבון פינוק בייבי 900 מ""ל",יוניליוור ישראל שיווק בע`מ,,,'יח,9,"ל-100 מ""ל",false,1,19.90,2.21,false,1,
7290116532882,false,נשנושים בצל 155 גרם,יוניליוור ישראל שיווק בע`מ,,,'יח,1.55,ל-100 גרם,false,1,12.90,8.32,true,1,
7290116532899,false,נשנושים איירביס פלאפל  155 גרם,יוניליוור ישראל שיווק בע`מ,,,'יח,1.55,ל-100 גרם,false,1,12.90,8.32,true,1,
7290116532905,false,נשנושים איירביס ברביקיו 155 גרם,יוניליוור ישראל שיווק בע`מ,,,'יח,1.55,ל-100 גרם,false,1,12.90,8.32,true,1,
7290116533094,false,"פינוק שמפו בניחוח ורדים 700 מ""ל",יוניליוור ישראל שיווק בע`מ,,,'יח,7,"ל-100 מ""ל",false,1,12.90,1.84,true,1,
7290116533117,false,פינוק תחליב רחצה ורדים 700 מל`,יוניליוור ישראל שיווק בע`מ,,,'יח,7,"ל-100 מ""ל",false,1,10.90,1.56,true,1,
7290116533230,false,דגני בוקר דליאגוז 400 גרם,יוניליוור ישראל שיווק בע`מ,,,'יח,4,ל-100 גרם,false,1,21.90,5.48,false,1,
7290116930282,false,ארוחה בקטנה לאבנה עם קרקרים 150 גר`,תנובה חלב,,,'יח,2.10,"ל-100 מ""ל",false,1,7.90,3.76,false,1,
7290116930435,false,יוגורט גו סמיך 0% תות 200 גרם,תנובה חלב,,,'יח,2,ל-100 גרם,false,1,5.90,2.95,false,1,
7290116930442,false,"יופלה שייק בננה,מנגו,תפוז,גזר,וצ 230 מ""ל",תנובה חלב,,,'יח,1.20,ל-100 גרם,false,1,7.90,6.58,true,1,
7290116930459,false,"יופלה שייק בננה,אננס,קוקוס 230 מ""ל",תנובה חלב,,,'יח,1.20,ל-100 גרם,false,1,7.90,6.58,true,1,
7290116930466,false,"יופלה שייק מנגו,בננה,פסיפלורה 230 מ""ל",תנובה חלב,,,'יח,1.20,ל-100 גרם,false,1,7.90,6.58,true,1,
7290116930480,false,"יופלה שייק בננה,קיווי,תפוח 230 מ""ל",תנובה חלב,,,'יח,1.20,ל-100 גרם,false,1,7.90,6.58,true,1,
7290116930626,false,ארוחה בקטנה ציזיקי עם קרקרים 150 גרם,תנובה חלב,,,'יח,2.10,"ל-100 מ""ל",false,1,7.90,3.76,false,1,
7290116930701,false,מעדן חלב GO בטעם קרמל מלוח 120 גרם,תנובה חלב,,,'יח,1.20,ל-100 גרם,false,1,4.90,4.08,false,1,
7290116930718,false,מעדן תנובה דיאט שוקולוקרמל 0% 150 גרם,תנובה חלב,,,'יח,1.50,"ל-100 מ""ל",false,1,4.20,2.80,false,1,
7290116931074,false,פרוסות טל העמק 32% 300 גרם,תנובה חלב,,,'יח,3,ל-100 גרם,false,1,25.90,8.63,false,1,
7290116931104,false,יופלה גו במרקם סמיך עם אננס 0% שומן,תנובה חלב,,,'יח,2,ל-100 גרם,false,1,5.90,2.95,false,1,
7290117030363,false,"כוסות מעוטרות ""האומן"" 40 יח ""שווה""",ח.כהן סוכנות מזון ומשקאות,,,'יח,1,'יח,false,1,11.90,11.90,true,1,
7290117030554,false,תבניות זהב 10 יח + מכסה מרובע,ח.כהן סוכנות מזון ומשקאות,,,'יח,1,'יח,false,1,12.90,12.90,true,1,
7290117030615,false,תבניות  שחור זהב 4 יח  אינגליש גבוהה,ח.כהן סוכנות מזון ומשקאות,,,'יח,1,'יח,false,1,12.90,12.90,true,1,
7290117030752,false,"תבניות ארוז *7 R31 (105) ""שווה""",ח.כהן סוכנות מזון ומשקאות,,,'יח,1,'יח,false,1,8.90,8.90,true,1,
7290117030769,false,"תבניות ארוז *7 R2 (90) ""שווה""",ח.כהן סוכנות מזון ומשקאות,,,'יח,1,'יח,false,1,8.90,8.90,true,1,
7290117030776,false,"תבניות ארוז מלבן עמוק *7 ""שווה""",ח.כהן סוכנות מזון ומשקאות,,,'יח,1,'יח,false,1,8.90,8.90,true,1,
7290117030783,false,"תבניות ארוז *7 R99 (210) ""שווה""",ח.כהן סוכנות מזון ומשקאות,,,'יח,1,'יח,false,1,8.90,8.90,true,1,
7290117030790,false,"תבניות ארוז *10 R88 אינגליש ""שווה""",ח.כהן סוכנות מזון ומשקאות,,,'יח,1,'יח,false,1,8.90,8.90,true,1,
7290117030806,false,"תבניות ארוז *10 R29 טוסטר ""שווה""",ח.כהן סוכנות מזון ומשקאות,,,'יח,1,'יח,false,1,8.90,8.90,true,1,
7290117030813,false,"תבניות ארוז *4 C60 עגול עמוק ""שווה""",ח.כהן סוכנות מזון ומשקאות,,,'יח,1,'יח,false,1,8.90,8.90,true,1,
7290117031506,false,כוסות קרטון שתיה חמה B-8 שווה,ח.כהן סוכנות מזון ומשקאות,,,'יח,1,,false,1,8.90,8.90,true,1,
7290117032008,false,"מזלגות איכותי 40 יח קרם  ""שווה""",ח.כהן סוכנות מזון ומשקאות,,,'יח,1,'יח,false,1,5.90,5.90,true,1,
7290117032060,false,"כפות איכותי 40 יח קרם  ""שווה""",ח.כהן סוכנות מזון ומשקאות,,,'יח,1,'יח,false,1,5.90,5.90,true,1,
7290117032077,false,"כפות איכותי 40 יח שקוף  ""שווה""",ח.כהן סוכנות מזון ומשקאות,,,'יח,1,'יח,false,1,5.90,5.90,true,1,
7290117032091,false,"כפיות איכותי 40 יח קרם  ""שווה""",ח.כהן סוכנות מזון ומשקאות,,,'יח,1,'יח,false,1,5.90,5.90,true,1,
7290117032541,false,צלחת קטנה משפחתי 75 יח` שווה לבן,ח.כהן סוכנות מזון ומשקאות,,,'יח,1,,false,1,24.90,24.90,true,1,
7290117032589,false,"צלחות גדולות 60 יח לבן ""שווה""",ח.כהן סוכנות מזון ומשקאות,,,'יח,1,'יח,false,1,24.90,24.90,true,1,
7290117032596,false,"צלחות גדולות 60 יח אריזה משפחתית ""שווה",ח.כהן סוכנות מזון ומשקאות,,,'יח,1,'יח,false,1,24.90,24.90,true,1,
7290117032602,false,צלחת ענקית משפחתי 35  יח`שווה,ח.כהן סוכנות מזון ומשקאות,,,'יח,1,,false,1,24.90,24.90,true,1,
7290117032619,false,צלחת ענקית משפחתי 35  יח`שווה קרם,ח.כהן סוכנות מזון ומשקאות,,,'יח,1,,false,1,24.90,24.90,true,1,
7290117033005,false,"פופקורן למיקרו מלח 5*100 גרם ""שווה""",ח.כהן סוכנות מזון ומשקאות,,,'יח,5,ל-100 גרם,false,1,10.90,2.18,true,1,
7290117033012,false,"פופקורן למיקרו חמאה 5*100 גרם ""שווה""",ח.כהן סוכנות מזון ומשקאות,,,'יח,5,ל-100 גרם,false,1,10.90,2.18,true,1,
7290117033029,false,"פופקורן למיקרו לייט 5*85 גרם ""שווה""",ח.כהן סוכנות מזון ומשקאות,,,'יח,4,ל-100 גרם,false,1,10.90,2.73,true,1,
7290117132685,false,כבל טייפ-סי MOMA,הום פרפקט ק.ד.מ בעמ,,,'יח,1,,false,1,14.90,14.90,true,1,
7290117260074,false,שעועית ירוקה חתוכה 800 גרם,ג. וילי-פוד אינטרנשיונל בע`מ,,,'יח,8,ל-100 גרם,false,1,6.90,0.86,false,1,
7290117260449,false,גבינה בולגרית מעודנת למריחה טבעי 200 ג,ג. וילי-פוד אינטרנשיונל בע`מ,,,'יח,2,ל-100 גרם,false,1,10.90,5.45,false,1,
7290117260470,false,גבינה בולגרית מעודנת למריחה שום 200 ג,ג. וילי-פוד אינטרנשיונל בע`מ,,,'יח,2,ל-100 גרם,false,1,10.90,5.45,false,1,
7290117260562,false,חמאה בגביע 225 גרם,ג. וילי-פוד אינטרנשיונל בע`מ,,,'יח,2.25,ל-100 גרם,false,1,16.90,7.51,false,1,
7290117260593,false,חטיף קראנצ`י על בסיס קמח עדשים צ`דר 80,ג. וילי-פוד אינטרנשיונל בע`מ,,,'יח,0.80,ל-100 גרם,false,1,9.90,12.38,true,1,
7290117260975,false,זיתי קלמטה מגולענים במי מלח 300 גרם,ג. וילי-פוד אינטרנשיונל בע`מ,,,'יח,3,ל-100 גרם,false,1,8.90,2.97,false,1,
7290117261033,false,זיתים שחורים מיובשים טאטוס 200 גרם,ג. וילי-פוד אינטרנשיונל בע`מ,,,'יח,2,ל-100 גרם,false,1,8.90,4.45,true,1,
7290117261415,false,יוגורט פרוביוטי 2.7% שומן 125 גרם,ג. וילי-פוד אינטרנשיונל בע`מ,,,'יח,1.25,ל-100 גרם,false,1,2.90,2.32,false,1,
7290117261422,false,יוגורט פרוביוטי 2.7% שומן תות שד 125 גרם,ג. וילי-פוד אינטרנשיונל בע`מ,,,'יח,1.25,ל-100 גרם,false,1,2.90,2.32,false,1,
7290117261439,false,יוגורט פרוביוטי 2.7% שומן פירות יער,ג. וילי-פוד אינטרנשיונל בע`מ,,,'יח,1.25,ל-100 גרם,false,1,2.90,2.32,false,1,
7290117261446,false,יוגורט פרוביוטי 2.7% שומן אפרסק ומשמש,ג. וילי-פוד אינטרנשיונל בע`מ,,,'יח,1.25,ל-100 גרם,false,1,2.90,2.32,false,1,
7290117261521,false,סלמון אטלנטי בשמן קנולה 120 גרם,ג. וילי-פוד אינטרנשיונל בע`מ,,,'יח,1.20,ל-100 גרם,false,1,11.90,9.92,true,1,
7290117261583,false,סרדינים בריסלינג מעושנים בשמן קנולה,ג. וילי-פוד אינטרנשיונל בע`מ,,,'יח,1,ל-100 גרם,false,1,13.90,13.90,false,1,
7290117261903,false,גבינת עיזים רכה 29% שומן,ג. וילי-פוד אינטרנשיונל בע`מ,,,'יח,1.10,ל-100 גרם,false,1,14.90,13.55,false,1,
7290117262221,false,"משקה יוגורט עם אננס 200 מ""ל 2.3%",ג. וילי-פוד אינטרנשיונל בע`מ,,,'יח,1.50,ל-100 גרם,false,1,4.90,3.27,true,1,
7290117262245,false,"משקה יוגורט עם אפרסק ומשמש 200 מ""ל 2.3",ג. וילי-פוד אינטרנשיונל בע`מ,,,'יח,1.50,ל-100 גרם,false,1,4.90,3.27,true,1,
7290117380147,false,מאסטר שף רוטב שום חרדל ודבש 260 גרם,ש. שסטוביץ בע`מ,,,'יח,2.60,ל-100 גרם,false,1,9.90,3.81,false,1,
7290117381229,false,פוף פריכיות מצופות שוקולד חלב 70 גרם,ש. שסטוביץ בע`מ,,,'יח,0.70,ל-100 גרם,false,1,7.90,11.29,true,1,
7290117381243,false,פוף פריכיות מצופות שוקולד חלב ותות 70ג,ש. שסטוביץ בע`מ,,,'יח,0.70,ל-100 גרם,false,1,7.90,11.29,true,1,
7290117381922,false,מארז רביעייה קולגייט טריפל אקשן 75 מל,ש. שסטוביץ בע`מ,,,'יח,7.50,ל-100 גרם,false,1,26.90,3.59,true,1,
7290117860038,false,הוואי תחליב יוגורט אוכמניות 700 מל`,הנקל סוד בע`מ,,,'יח,7,"ל-100 מ""ל",false,1,14.90,2.13,true,1,
7290117860045,false,הוואי שמפו לשיער רגיל 700 מ`ל,הנקל סוד בע`מ,,,'יח,7,"ל-100 מ""ל",false,1,14.90,2.13,true,1,
7290117860083,false,הוואי תחליב רחצה קרם דבש 700 מל`,הנקל סוד בע`מ,,,'יח,0.70,"ל-100 מ""ל",false,1,14.90,21.29,true,1,
7290117860090,false,הוואי מרכך לשיער רגיל 700 מ`ל,הנקל סוד בע`מ,,,'יח,7,"ל-100 מ""ל",false,1,14.90,2.13,true,1,
7290117860137,false,הוואי תחליב בניחוח פרח הקמליה 700 מל`,הנקל סוד בע`מ,,,'יח,1.50,לליטר,false,1,14.90,9.93,true,1,
7290117860144,false,הוואי שמפו נגד קשקשים 700 מ`ל,הנקל סוד בע`מ,,,'יח,7,"ל-100 מ""ל",false,1,14.90,2.13,true,1,
7290117860182,false,הוואי תחליב רחצה לגבר פיג`י 700 מל`,הנקל סוד בע`מ,,,'יח,0.70,"ל-100 מ""ל",false,1,14.90,21.29,true,1,
7290117860199,false,הוואי שמפו לשיער יבש ומסולסל 700 מ`ל,הנקל סוד בע`מ,,,'יח,7,"ל-100 מ""ל",false,1,14.90,2.13,true,1,
7290117860236,false,הוואי תחליב רחצה ויולה ורודה 700 מל`,הנקל סוד בע`מ,,,'יח,0.70,"ל-100 מ""ל",false,1,14.90,21.29,true,1,
7290117860243,false,הוואי מרכך לשיער יבש ומסולסל 700מ`ל,הנקל סוד בע`מ,,,'יח,7,"ל-100 מ""ל",false,1,14.90,2.13,true,1,
7290117860281,false,הוואי תחליב רחצה לגבר איריססטבל 700 מל,הנקל סוד בע`מ,,,'יח,0.70,"ל-100 מ""ל",false,1,14.90,21.29,true,1,
7290117860298,false,הוואי שמפו קרטין מחזק 700 מ`ל,הנקל סוד בע`מ,,,'יח,7,"ל-100 מ""ל",false,1,14.90,2.13,true,1,
7290117860335,false,הוואי תחליב רחצה לגבר 700 מל`,הנקל סוד בע`מ,,,'יח,0.70,"ל-100 מ""ל",false,1,14.90,21.29,true,1,
7290117860342,false,הוואי מרכך קרטין מחזק 700 מ`ל,הנקל סוד בע`מ,,,'יח,7,"ל-100 מ""ל",false,1,14.90,2.13,true,1,
7290117860380,false,הוואי תחליב יוגורט אלוורה 700 מל`,הנקל סוד בע`מ,,,'יח,7,"ל-100 מ""ל",false,1,14.90,2.13,true,1,
7290117860397,false,הוואי שמפו פריחת הדודבן 700 מ`ל,הנקל סוד בע`מ,,,'יח,7,"ל-100 מ""ל",false,1,14.90,2.13,true,1,
7290117860441,false,הוואי מרכך פריחת הדובדבן 700 מ`ל,הנקל סוד בע`מ,,,'יח,7,"ל-100 מ""ל",false,1,14.90,2.13,true,1,
7290117860496,false,הוואי שמפו+מרכך לגבר 700 מ`ל,הנקל סוד בע`מ,,,'יח,7,"ל-100 מ""ל",false,1,14.90,2.13,true,1,
7290117860540,false,הוואי שמפו לילדים 700 מ`ל,הנקל סוד בע`מ,,,'יח,7,"ל-100 מ""ל",false,1,14.90,2.13,true,1,
7290117860595,false,הוואי מרכך שיער לילדים 700 מ`ל,הנקל סוד בע`מ,,,'יח,7,"ל-100 מ""ל",false,1,14.90,2.13,true,1,
7290117860649,false,הוואי שמפו ללא סולפטים 700 מ`ל,הנקל סוד בע`מ,,,'יח,7,"ל-100 מ""ל",false,1,14.90,2.13,true,1,
7290117860694,false,הוואי מרכך שיער ללא סולפטים 700 מ`ל,הנקל סוד בע`מ,,,'יח,7,"ל-100 מ""ל",false,1,14.90,2.13,true,1,
7290117860748,false,"הוואי שמפו מעניק נפח 700 מ""ל",הנקל סוד בע`מ,,,'יח,7,"ל-100 מ""ל",false,1,14.90,2.13,true,1,
7290117860793,false,הוואי מרכך שיער מעניק נפח 700 מ`ל,הנקל סוד בע`מ,,,'יח,7,"ל-100 מ""ל",false,1,14.90,2.13,true,1,
7290117860847,false,הוואי שמפו 4ב1 לגבר רעננות קרירה 700 מ,הנקל סוד בע`מ,,,'יח,7,"ל-100 מ""ל",false,1,14.90,2.13,true,1,
7290117860892,false,הוואי תחליב רחצה וניל ודבש 700 מל`,הנקל סוד בע`מ,,,'יח,1.50,לליטר,false,1,14.90,9.93,true,1,
7290117860946,false,הוואי תחליב רחצה יוגורט 700 מל`,הנקל סוד בע`מ,,,'יח,0.70,"ל-100 מ""ל",false,1,14.90,21.29,true,1,
7290117860991,false,הוואי תחליב רחצה יוגורט שקדים 700 מל`,הנקל סוד בע`מ,,,'יח,0.70,"ל-100 מ""ל",false,1,14.90,21.29,true,1,
7290117900932,false,גרעיני אבטיח קלויים 130 גרם,דין שיווק וקליה 2021 בעמ,,,'יח,2.50,ל-100 גרם,false,1,10,4,false,1,
7290117900963,false,בוטנים קלויים 270 גרם,דין שיווק וקליה 2021 בעמ,,,'יח,2.70,ל-100 גרם,false,1,10,3.70,false,1,
7290117900970,false,שקדים קלויים 180 גרם,דין שיווק וקליה 2021 בעמ,,,'יח,1.80,ל-100 גרם,false,1,15,8.33,false,1,
7290117900987,false,אגוז פאקן קלוף 140 גרם,דין שיווק וקליה 2021 בעמ,,,'יח,1.40,ל-100 גרם,false,1,15,10.71,false,1,
7290117900994,false,פאקן סיני מסוכר 140 גרם,דין שיווק וקליה 2021 בעמ,,,'יח,1.40,ל-100 גרם,false,1,15,10.71,false,1,
7290117901014,false,קשיו קלוי 160 גרם,דין שיווק וקליה 2021 בעמ,,,'יח,1.60,ל-100 גרם,false,1,15,9.38,false,1,
7290117901038,false,אגוזי מלך קלופים 190 גרם,דין שיווק וקליה 2021 בעמ,,,'יח,8.30,ל-100 גרם,false,1,15,1.81,false,1,
7290117901045,false,בוטן רביולי 200 גרם,דין שיווק וקליה 2021 בעמ,,,'יח,2,ל-100 גרם,false,1,15,7.50,false,1,
7290117901052,false,שקדים קלופים 180 גרם,דין שיווק וקליה 2021 בעמ,,,'יח,1.80,ל-100 גרם,false,1,15,8.33,false,1,
7290117901175,false,שקדים קלופים 250 גר`,דין שיווק וקליה 2021 בעמ,,,'יח,2.50,ל-100 גרם,false,1,20,8,false,1,
7290117901182,false,בוטן קליפה קלוי 350 גר`,דין שיווק וקליה 2021 בעמ,,,'יח,5,ל-100 גרם,false,1,10,2,false,1,
7290117901199,false,טורטיה על גחלים,דין שיווק וקליה 2021 בעמ,,,'יח,3.60,ל-100 גרם,false,1,10.90,3.03,false,1,
7290117901205,false,טורטיה דגנים בתוספת שומשום ופשתן,דין שיווק וקליה 2021 בעמ,,,'יח,3.60,ל-100 גרם,false,1,10.90,3.03,false,1,
7290118430452,false,כוס מאג מילאנו,ד.ג.ש ייבוא ושיווק בעמ,,,'יח,1,,false,1,5.90,5.90,false,1,
7290118430490,false,כוס מאג מילאנו,ד.ג.ש ייבוא ושיווק בעמ,,,'יח,1,,false,1,5.90,5.90,false,1,
7291044081244,false,נורת LED איכותית,ד.ג.ש ייבוא ושיווק בעמ,,,'יח,1,,false,1,9.90,9.90,false,1,
7291044089943,false,שלישיית נורות LED משובחות,ד.ג.ש ייבוא ושיווק בעמ,,,'יח,1,,false,1,22.90,22.90,false,1,
7291988019150,false,בקבוק למילוי,ד.ג.ש ייבוא ושיווק בעמ,,,'יח,1,,false,1,12.90,12.90,false,1,
7291988022020,false,אלמוגית אקרילית רחבת סירה,ד.ג.ש ייבוא ושיווק בעמ,,,'יח,1,,false,1,9.90,9.90,false,1,
7291988030575,false,אלמוגית אקרילית בינונית,ד.ג.ש ייבוא ושיווק בעמ,,,'יח,1,,false,1,14.90,14.90,false,1,
7291988035990,false,מתקן כוסות כפול,ד.ג.ש ייבוא ושיווק בעמ,,,'יח,1,,false,1,14.90,14.90,false,1,
7291988043377,false,כובע גומי רחצה שקוף,ד.ג.ש ייבוא ושיווק בעמ,,,'יח,1,,false,1,9.90,9.90,false,1,
7291988045470,false,תחתית סיר חרסינה צבעונית,ד.ג.ש ייבוא ושיווק בעמ,,,'יח,1,,false,1,19.90,19.90,false,1,
7295682698567,false,גרביי אלגנט,הום פרפקט ק.ד.מ בעמ,,,'יח,1,,false,1,12.90,12.90,true,1,
7296021133718,false,מטרפה ידית שחורה,ד.ג.ש ייבוא ושיווק בעמ,,,'יח,0,'יח,false,1,24.90,24.90,false,1,
7296058110010,false,פריכיות אורז פרח 110 גר`,מ.ד אטיאס סוכנויות מזון בע`מ,,,'יח,1.10,ל-100 גרם,false,1,4.90,4.45,false,1,
7296073377214,false,לבבות קיסר,ביכורי השדה הצפון בעמ` 1964,,,'יח,1,,false,1,9.90,9.90,false,1,
7296073397328,false,מברשת ניקוי,ד.ג.ש ייבוא ושיווק בעמ,,,'יח,1,,false,1,6,6,false,1,
7296073397373,false,פומפה,ד.ג.ש ייבוא ושיווק בעמ,,,'יח,1,,false,1,10,10,false,1,
7296073397403,false,מקל מטאטא מחוזק,ד.ג.ש ייבוא ושיווק בעמ,,,'יח,1,'יח,false,1,6.90,6.90,false,1,
7296073398912,false,דלי איכותי,ד.ג.ש ייבוא ושיווק בעמ,,,'יח,1,,false,1,11.90,11.90,false,1,
7296073400097,false,מטאטא איטלקי משובח,ד.ג.ש ייבוא ושיווק בעמ,,,'יח,1,,false,1,19.90,19.90,false,1,
7296073413363,false,מנקה שרותים יסמין,ד.ג.ש ייבוא ושיווק בעמ,,,'יח,1,'יח,false,1,14.90,14.90,false,1,
7296102107577,false,סט קופסאות מרובע,הום פרפקט ק.ד.מ בעמ,,,'יח,1,,false,1,9.90,9.90,false,1,
7296102133583,false,מנגל נירוסטה,הום פרפקט ק.ד.מ בעמ,,,'יח,1,,false,1,119,119,true,1,
7296102521748,false,סט קופסאות ריבוע 4 יח`,הום פרפקט ק.ד.מ בעמ,,,'יח,1,,false,1,12.90,12.90,true,1,
7296102521762,false,סט קופסאות מלבן,הום פרפקט ק.ד.מ בעמ,,,'יח,1,,false,1,9.90,9.90,false,1,
7297029069191,false,גרביי אלגנט,הום פרפקט ק.ד.מ בעמ,,,'יח,1,,false,1,12.90,12.90,true,1,
7297029070012,false,גרביי עקביות לגבר,הום פרפקט ק.ד.מ בעמ,,,'יח,1,,false,1,12.90,12.90,true,1,
7297029070029,false,גרבי נשים,הום פרפקט ק.ד.מ בעמ,,,'יח,1,,false,1,12.90,12.90,true,1,
7297331912123,false,קולר בייסיק S,שחורי אריה ואנסטסיה,,,'יח,1,,false,1,20,20,false,1,
7297331912130,false,קולר בייסיק M,שחורי אריה ואנסטסיה,,,'יח,1,,false,1,25,25,false,1,
7297331912147,false,קולר בייסיק L,שחורי אריה ואנסטסיה,,,'יח,1,,false,1,29,29,false,1,
7297331912338,false,רצועה בייסיק S,שחורי אריה ואנסטסיה,,,'יח,1,,false,1,20,20,false,1,
7297331912345,false,רצועה בייסיק M,שחורי אריה ואנסטסיה,,,'יח,1,,false,1,25,25,false,1,
7297331912352,false,רצועה בייסיק L,שחורי אריה ואנסטסיה,,,'יח,1,,false,1,29,29,false,1,
7297331970222,false,רצועה קלועה S,שחורי אריה ואנסטסיה,,,'יח,1,,false,1,59.90,59.90,false,1,
7297391161615,false,גופיית חורף,הום פרפקט ק.ד.מ בעמ,,,'יח,1,,false,1,19.90,19.90,false,1,
7297461004408,false,שמיכה פליז כרבולית,הום פרפקט ק.ד.מ בעמ,,,'יח,1,,false,1,14.90,14.90,true,1,
7297588030496,false,מטריה אוטומטית משובצת,ד.ג.ש ייבוא ושיווק בעמ,,,'יח,1,,false,1,39.90,39.90,false,1,
7297588030960,false,מטריה חצי אוטומטית נקודות,ד.ג.ש ייבוא ושיווק בעמ,,,'יח,1,,false,1,39.90,39.90,false,1,
7501013122190,false,נקטר ג`מקס תפוחים 1ל` קרטונית,טמפו משקאות בע`מ,,,'יח,10,"ל-100 מ""ל",false,1,9.90,0.99,true,1,
7501013122992,false,נקטר ג`מקס קוקוס אננס 1ל` קרטונית,טמפו משקאות בע`מ,,,'יח,10,"ל-100 מ""ל",false,1,9.90,0.99,true,1,
7501013138047,false,יונקו פרסקו משקה רימונים  קרטונית 1 לי,טמפו משקאות בע`מ,,,'יח,10,"ל-100 מ""ל",false,1,11.90,1.19,false,1,
7501049936945,false,"בירה סול שישייה 330 מ""ל",טמפו משקאות בע`מ,,,'יח,19.80,"ל-100 מ""ל",false,1,34.90,1.67,true,1,
7501064191398,false,שישייה בירה קורונה,תימקו בירה בעמ`,,,'יח,19.80,"ל-100 מ""ל",false,1,34.90,1.67,true,1,
7509546666846,false,"משחת שיניים קולגייט טוטאל פחם 75 מ""ל",ש. שסטוביץ בע`מ,,,'יח,0.75,"ל-100 מ""ל",false,1,19.90,26.53,false,1,
7610113011652,false,בקרדי בריזר תפוח 275 מל,טמפו משקאות בע`מ,,,'יח,2.75,"ל-100 מ""ל",false,24,13.90,4.95,true,1,
7613032045753,false,פיטנס דגנים מחיטה מלאה שוקולד 375גרם,קבוצת אסם סחר,,,'יח,3.75,ל-100 גרם,false,1,19.90,5.31,true,1,
7613033548192,false,פיטנס שוקולד מריר 375 גרם,קבוצת אסם סחר,,,'יח,3.75,ל-100 גרם,false,1,19.90,5.31,true,1,
7613033635571,false,ONE חתול סטרילייז סלמון800גרם,שחורי אריה ואנסטסיה,,,'יח,8,ל-100 גרם,false,1,39.90,4.99,false,1,
7613034146502,false,ONE מיני אקטיב עוף 1.5קג,שחורי אריה ואנסטסיה,,,'יח,15,ל-100 גרם,false,1,59.90,3.99,false,1,
7613034146656,false,ONE מיני אקטיב בקר 1.5קג,שחורי אריה ואנסטסיה,,,'יח,15,ל-100 גרם,false,1,59.90,3.99,false,1,
7613034146823,false,ONE כלב מיני בוגר בקר 800ג,שחורי אריה ואנסטסיה,,,'יח,8,ל-100 גרם,false,1,39.90,4.99,false,1,
7613034147486,false,ONE כלב מיני אקטיב עוף 800ג,שחורי אריה ואנסטסיה,,,'יח,8,ל-100 גרם,false,1,39.90,4.99,false,1,
7613035027022,false,ONE כלב מיני גור עוף 800גרם,שחורי אריה ואנסטסיה,,,'יח,8,ל-100 גרם,false,1,29.90,3.74,false,1,
7613035514430,false,ONE חתול בוגר סלמון 3קג,שחורי אריה ואנסטסיה,,,'יח,30,ל-100 גרם,false,1,119.90,4,false,1,
7613035514560,false,ONE חתול סטרילייז בקר 3קג,שחורי אריה ואנסטסיה,,,'יח,30,ל-100 גרם,false,1,119.90,4,false,1,
7613035614482,false,ONE חתול גור800גרם,שחורי אריה ואנסטסיה,,,'יח,8,ל-100 גרם,false,1,39.90,4.99,false,1,
7613035618794,false,ONE 3קג חתול בוגר עוף,שחורי אריה ואנסטסיה,,,'יח,30,ל-100 גרם,false,1,119.90,4,false,1,
7613035807778,false,פרפקטו רוטב עגבניות לבולונז 400 גר`,קבוצת אסם סחר,,,'יח,4,ל-100 גרם,false,1,8.90,2.23,true,1,
7613035809109,false,פרפקטו רוטב עגבניות ובזיליקום 400 גר`,קבוצת אסם סחר,,,'יח,4,ל-100 גרם,false,1,8.90,2.23,true,1,
7613035809123,false,פרפקטו רוטב עגבניות עם פלפלים 400 גר`,קבוצת אסם סחר,,,'יח,4,ל-100 גרם,false,1,8.90,2.23,true,1,
7613035809857,false,פרפקטו רוטב עגבניות לבישול 400 גר`,קבוצת אסם סחר,,,'יח,4,ל-100 גרם,false,1,8.90,2.23,true,1,
7613036105545,false,דוגלי גזע קטן 3 קג,שחורי אריה ואנסטסיה,,,'יח,30,ל-100 גרם,false,1,49.90,1.66,false,1,
7613036105576,false,דוגלי בוגר עוף 3 קג,שחורי אריה ואנסטסיה,,,'יח,30,ל-100 גרם,false,1,49.90,1.66,false,1,
7613036105606,false,דוגלי בוגר בקר 3 קג,שחורי אריה ואנסטסיה,,,'יח,30,ל-100 גרם,false,1,49.90,1.66,false,1,
7613036105637,false,דוגלי בוגר עוף 12 קג,שחורי אריה ואנסטסיה,,,'יח,120,ל-100 גרם,false,1,119.90,1,false,1,
7613036105651,false,דוגלי בוגר בקר 12 קג,שחורי אריה ואנסטסיה,,,'יח,30,ל-100 גרם,false,1,119.90,4,false,1,
7613036118651,false,ONE גור מידמקסי עוף 2.5קג,שחורי אריה ואנסטסיה,,,'יח,25,ל-100 גרם,false,1,89.90,3.60,false,1,
7613036120395,false,ONE כלב מידמקסי בקר 2.5קג,שחורי אריה ואנסטסיה,,,'יח,25,ל-100 גרם,false,1,89.90,3.60,false,1,
7613036251389,false,דוגלי אקטיב 12 קג,שחורי אריה ואנסטסיה,,,'יח,120,ל-100 גרם,false,1,129.90,1.08,false,1,
7613036307390,false,ONE מידמקסי עוף 2.5קג,שחורי אריה ואנסטסיה,,,'יח,25,ל-100 גרם,false,1,89.90,3.60,false,1,
7613036725286,false,דנטלייף חתול סלמון 40 גרם,שחורי אריה ואנסטסיה,,,'יח,0.40,ל-100 גרם,false,1,9.90,24.75,false,1,
7613036725309,false,דנטלייף חתול עוף 40 גרם,שחורי אריה ואנסטסיה,,,'יח,0.40,ל-100 גרם,false,1,9.90,24.75,false,1,
7613036737623,false,קראנץ מקס 410 גר`,קבוצת אסם סחר,,,'יח,4.10,ל-100 גרם,false,1,19.90,4.85,true,1,
7613036976657,false,פאוץ פריסקיז הודו 85גר,שחורי אריה ואנסטסיה,,,'יח,0.85,ל-100 גרם,false,1,4.90,5.76,false,1,
7613036976671,false,פאוץ פריסקיז עוף 85 גר,שחורי אריה ואנסטסיה,,,'יח,0.85,ל-100 גרם,false,1,4.90,5.76,false,1,
7613036976695,false,פאוץ פריסקיז בקר 85 גר,שחורי אריה ואנסטסיה,,,'יח,0.85,ל-100 גרם,false,1,4.90,5.76,false,1,
7613036976718,false,פאוץ פריסקיז ברווז 85 גר,שחורי אריה ואנסטסיה,,,'יח,0.85,ל-100 גרם,false,1,4.90,5.76,false,1,
7613036976732,false,פאוץ פריסקיז סלומון 85גר,שחורי אריה ואנסטסיה,,,'יח,0.85,ל-100 גרם,false,1,4.90,5.76,false,1,
7613037686906,false,פיטנס דגני בוקר שקדים ודבש 355גר,קבוצת אסם סחר,,,'יח,3.55,ל-100 גרם,false,1,19.90,5.61,true,1,
7613039770450,false,טבעול בורגר צמחוני סנסשיונל 226 גר`,קבוצת אסם סחר,,,'יח,2.26,ל-100 גרם,false,1,34.90,15.44,true,1,
7613287182425,false,מחית ויטמינציק בננה תפוח תות 110 גר`,קבוצת אסם סחר,,,'יח,1.10,ל-100 גרם,false,1,5.90,5.36,true,1,
7613287476678,false,סינימיניס צ`ורוס 360 גר`,קבוצת אסם סחר,,,'יח,3.60,ל-100 גרם,false,1,19.90,5.53,true,1,
7613287821348,false,טבעול נתחוני עוף טבעוני סנסשיונל 350 ג,קבוצת אסם סחר,,,'יח,3.50,ל-100 גרם,false,1,31.90,9.11,false,1,
7622010001858,false,עוגיות סנדביץ אוראו 176 גרם,דיפלומט מפיצים (1968) בע`מ,,,'יח,1.76,ל-100 גרם,false,1,8.90,5.06,true,1,
7622201050757,false,מילקה שוקולד חלב במילוי קרם קרמל 100 ג,דיפלומט מפיצים (1968) בע`מ,,,'יח,1,,false,23,5.90,5.90,false,1,
7622201120931,false,מילקה אוראו לבן 100 גרם,דיפלומט מפיצים (1968) בע`מ,,,'יח,1,,false,24,5.90,5.90,false,1,
7622201139278,false,גבינת שמנת פילדלפיה 150 גר`,נטו מלינדה סחר בע`מ,,,'יח,1.50,ל-100 גרם,false,1,13.90,9.27,true,1,
7622201400972,false,ממרח שוקולד מילקה 600 גר`,דיפלומט מפיצים (1968) בע`מ,,,'יח,6,ל-100 גרם,false,1,24.90,4.15,false,1,
7622201401900,false,עוגיות מילקה סנסיישן אוראו 156 גר`,דיפלומט מפיצים (1968) בע`מ,,,'יח,2,ל-100 גרם,false,16,10.90,5.45,false,1,
7622201521493,false,גבינת שמנת פילדלפיה 150 גר`,נטו מלינדה סחר בע`מ,,,'יח,1.50,ל-100 גרם,false,1,13.90,9.27,true,1,
7622201798154,false,גבינת שמנת פילדלפיה לייט 150 גרם,נטו מלינדה סחר בע`מ,,,'יח,1.50,ל-100 גרם,false,1,13.90,9.27,true,1,
7622201801809,false,.מילקה שוקולד חלב עם אגוזים 100 גרם,דיפלומט מפיצים (1968) בע`מ,,,'יח,1,'יח,false,22,5.90,5.90,false,1,
7622201802363,false,מילקה שוקולד חלב עם צימוקים ואגוזים 10,דיפלומט מפיצים (1968) בע`מ,,,'יח,1,,false,22,5.90,5.90,false,1,
7622201802394,false,מילקה שוקולד חלב 100 גרם,דיפלומט מפיצים (1968) בע`מ,,,'יח,1,,false,24,5.90,5.90,false,1,
7622201809188,false,מילקה ביסקויט 150 גר`,דיפלומט מפיצים (1968) בע`מ,,,'יח,1.50,ל-100 גרם,false,14,11.90,7.93,false,1,
7622201813390,false,מילקה וופל במילוי קרם קקאו 150גר,דיפלומט מפיצים (1968) בע`מ,,,'יח,2,ל-100 גרם,false,14,10.90,5.45,false,1,
7622201823733,false,עוגיות מילקה ת`ינס דקות 151 גרם,דיפלומט מפיצים (1968) בע`מ,,,'יח,1.51,ל-100 גרם,false,14,10.90,7.22,false,1,
7622210078131,false,שוקולד מילקה חלב עם דיים 100 גר`,דיפלומט מפיצים (1968) בע`מ,,,'יח,1,,false,22,5.90,5.90,false,1,
7622210163899,false,מילקה שוקולד חלב עם עדשים 100 גר`,דיפלומט מפיצים (1968) בע`מ,,,'יח,1,,false,22,5.90,5.90,false,1,
7622210406354,false,מילקה אצבעות ביסקוויט 112 גר`,דיפלומט מפיצים (1968) בע`מ,,,'יח,1.12,ל-100 גרם,false,20,10.90,9.73,false,1,
7622210453327,false,מילקה סנסיישן 156 גר,דיפלומט מפיצים (1968) בע`מ,,,'יח,1.56,ל-100 גרם,false,1,10.90,6.99,false,1,
7622210635105,false,אוראו תות 154 גר`,דיפלומט מפיצים (1968) בע`מ,,,'יח,1.54,ל-100 גרם,false,1,8.90,5.78,false,1,
7622210826053,false,מילקה שוקולד אוראו סנדוויץ  100 גרם,דיפלומט מפיצים (1968) בע`מ,,,'יח,1,,false,22,5.90,5.90,false,1,
7622210835338,false,עוגיות סנדביץ אוראו בראוניז 176 גרם,דיפלומט מפיצים (1968) בע`מ,,,'יח,0.1760,ל-100 גרם,false,12,8.90,50.57,true,1,
7622300489427,false,אוראו פאדג` שוקולד חלב 246 גר`,דיפלומט מפיצים (1968) בע`מ,,,'יח,0.2460,ל-100 גרם,false,10,17.90,72.76,true,1,
7622300489434,false,אוראו פאדג` שוקולד חלב 246 גר`,דיפלומט מפיצים (1968) בע`מ,,,'יח,0.2460,ל-100 גרם,false,10,17.90,72.76,true,1,
7622300503079,false,מילקה ביסקוויט מצופה שוקולד חלב 200גר,דיפלומט מפיצים (1968) בע`מ,,,'יח,2,ל-100 גרם,false,16,10.90,5.45,false,1,
7622300617820,false,מילקה שוקולד אוראו 100 גרם,דיפלומט מפיצים (1968) בע`מ,,,'יח,1,,false,22,5.90,5.90,false,1,
7622400005190,false,מילקה שוקולד חלב במילוי קרם קרמל 100 ג,דיפלומט מפיצים (1968) בע`מ,,,'יח,1,,false,1,5.90,5.90,false,1,
7630477891639,false,קפסולות סטארבקס ורונה 12 יח`,קבוצת אסם סחר,,,'יח,0.57,ל-100 גרם,false,1,21.90,38.42,true,1,
7702018271788,false,דאו קיר ג`ל 70 מ`ל,דיפלומט מפיצים (1986) בע`מ,,,'יח,1,,false,1,26.70,26.70,false,1,
7702018607518,false,גילט פיוז`ן ידית +6סכינים,דיפלומט מפיצים (1986) בע`מ,,,'יח,1,'יח,false,1,109.90,109.90,false,1,
7702024074625,false,פיטנס חטיפי קרקר 234 גר`,קבוצת אסם סחר,,,'יח,0.2340,ל-100 גרם,false,1,11.90,50.85,true,1,
7702024258322,false,פיטנס חטיפי קרקר עם ציה וזרעי פש 234 ג,קבוצת אסם סחר,,,'יח,0.2340,ל-100 גרם,false,1,11.90,50.85,false,1,
7702174066631,false,סוכריות לקקנים בטעם פין פופ 216 גרם,ליימן שליסל בע`מ,,,'יח,1.80,ל-100 גרם,false,20,7.90,4.39,true,1,
7702174068833,false,סוכריות לקקן יוגטה גלידה 12יח 216 גר`,ליימן שליסל בע`מ,,,'יח,2.16,ל-100 גרם,false,1,10.90,5.05,false,1,
7702174073783,false,סוכריות לקקן פין פופ בטעם קולה 10 יח`,ליימן שליסל בע`מ,,,'יח,1,,false,20,7.90,7.90,true,1,
7777445600180,false,פותחן מאסטרו מקצועי,ד.ג.ש ייבוא ושיווק בעמ,,,'יח,1,,false,1,29.90,29.90,false,1,
7777555501070,false,מוצרי ספא מפנקים,ד.ג.ש ייבוא ושיווק בעמ,,,'יח,0,'יח,false,1,8,8,false,1,
7777555502091,false,מצקת,ד.ג.ש ייבוא ושיווק בעמ,,,'יח,1,,false,1,15,15,false,1,
7777555503647,false,ספוג צבעוני תות בננה,ד.ג.ש ייבוא ושיווק בעמ,,,'יח,1,,false,1,6,6,false,1,
7777555507843,false,מסננת ידית ברזל 20 סמ,ד.ג.ש ייבוא ושיווק בעמ,,,'יח,1,,false,1,16,16,false,1,
7777555508109,false,מארז סיכות ביטחון,ד.ג.ש ייבוא ושיווק בעמ,,,'יח,1,,false,1,5.90,5.90,false,1,
7777555508406,false,מברשת לניקוי מגהץ,ד.ג.ש ייבוא ושיווק בעמ,,,'יח,1,,false,1,6,6,false,1,
7777555510546,false,פינג`אן גדול איכותי,ד.ג.ש ייבוא ושיווק בעמ,,,'יח,1,,false,1,34.90,34.90,false,1,
7777555510836,false,סט 3 קופסאות אחסון,ד.ג.ש ייבוא ושיווק בעמ,,,'יח,1,,false,1,19.90,19.90,false,1,
7777555515305,false,מלחייה מעוצבת,ד.ג.ש ייבוא ושיווק בעמ,,,'יח,1,,false,1,7.90,7.90,false,1,
7777884400105,false,קערת נירוסטה S,ד.ג.ש ייבוא ושיווק בעמ,,,'יח,1,,false,1,10,10,false,1,
7777886600015,false,סט תפירה,ד.ג.ש ייבוא ושיווק בעמ,,,'יח,0,'יח,false,1,6.90,6.90,false,1,
7777886600091,false,שישיית כפיות,ד.ג.ש ייבוא ושיווק בעמ,,,'יח,1,,false,1,7.90,7.90,false,1,
7777886600121,false,מסנן כיור פרפר,ד.ג.ש ייבוא ושיווק בעמ,,,'יח,0,'יח,false,1,4.90,4.90,false,1,
7777886601234,false,מגב חלון איכותית,ד.ג.ש ייבוא ושיווק בעמ,,,'יח,1,,false,1,8,8,false,1,
7777886602026,false,כותש שום איכותי אלומיניום,ד.ג.ש ייבוא ושיווק בעמ,,,'יח,1,,false,1,19.90,19.90,false,1,
7777886602149,false,קוצצים לציפורניים שלישייה,ד.ג.ש ייבוא ושיווק בעמ,,,'יח,0,ל-100 גרם,false,1,14.90,14.90,false,1,
7777886602194,false,אטבי כביסה סופר מילניום,ד.ג.ש ייבוא ושיווק בעמ,,,'יח,1,,false,1,19.90,19.90,false,1,
7777886603221,false,אטבי כביסה עץ,ד.ג.ש ייבוא ושיווק בעמ,,,'יח,1,,false,1,9.90,9.90,false,1,
7777886604914,false,מחבת יציקה איכותית 28 wood editrion,ד.ג.ש ייבוא ושיווק בעמ,,,'יח,1,,false,1,64.90,64.90,false,1,
7777886605768,false,יעה פס גומי,ד.ג.ש ייבוא ושיווק בעמ,,,'יח,1,,false,1,5.90,5.90,false,1,
7777886605775,false,מגביר זרם,ד.ג.ש ייבוא ושיווק בעמ,,,'יח,1,,false,1,39.90,39.90,false,1,
7777886605881,false,צינור אמבט גמיש מחוזק 1.5 מ`,ד.ג.ש ייבוא ושיווק בעמ,,,'יח,1,,false,1,24.90,24.90,false,1,
7777886605942,false,מתלי מגבות נדבקים,ד.ג.ש ייבוא ושיווק בעמ,,,'יח,1,,false,1,5.90,5.90,false,1,
7777886605959,false,6 מתלי מגבות נדבקים,ד.ג.ש ייבוא ושיווק בעמ,,,'יח,0,'יח,false,1,9.90,9.90,false,1,
7777886700272,false,סט 4 קערות קש,ד.ג.ש ייבוא ושיווק בעמ,,,'יח,1,,false,1,9.90,9.90,false,1,
7777999910636,false,מברשת לניקוי מעוצבת,ד.ג.ש ייבוא ושיווק בעמ,,,'יח,1,,false,1,6,6,false,1,
7778999900948,false,כללי טקסטיל,ד.ג.ש ייבוא ושיווק בעמ,,,'יח,1,,false,1,14.90,14.90,false,1,
7778999901778,false,כללי טקסטיל,ד.ג.ש ייבוא ושיווק בעמ,,,'יח,1,,false,1,19.90,19.90,false,1,
7778999902379,false,בקבוק תרמי פרימיום,ד.ג.ש ייבוא ושיווק בעמ,,,'יח,1,,false,1,59.90,59.90,false,1,
7792860006218,false,סוכריות על מקל בייבי דול רביעייה,משה סידס ובנו בעמ,,,'יח,1,'יח,false,1,2,2,false,1,
7798092421232,false,אוכמניות,ביכורי השדה הצפון בעמ` 1964,,,"ק""ג",1,,false,1,13.90,13.90,true,1,
7798132550014,false,אוכמניות,ביכורי השדה הצפון בעמ` 1964,,,'יח,1,,false,1,13.90,13.90,true,1,
7798304600011,false,אוכמניות,ביכורי השדה הצפון בעמ` 1964,,,'יח,1,,false,1,13.90,13.90,true,1,
7798304600042,false,אוכמניות,ביכורי השדה הצפון בעמ` 1964,,,'יח,1,,false,1,13.90,13.90,true,1,
7804651030026,false,אוכמניות,ביכורי השדה הצפון בעמ` 1964,,,"ק""ג",1,,false,1,13.90,13.90,true,1,
7891024030974,false,קולגייט משחת שיניים טריפל אקשן,ש. שסטוביץ בע`מ,,,'יח,0.75,"ל-100 מ""ל",false,1,26.90,35.87,true,1,
8000380003723,false,וופלים גרנד פטיסרי במילוי קרם אגוזים 100,ליימן שליסל בע`מ,,,'יח,1,ל-100 גרם,false,18,12.90,12.90,true,1,
8000380004676,false,וופל ממולא קרם בטעם וניל 200 גרם,ליימן שליסל בע`מ,,,'יח,2,ל-100 גרם,false,18,12.90,6.45,true,1,
8000380004911,false,וופל קואדרטיני בטעם אגוזים 250 גרם,ליימן שליסל בע`מ,,,'יח,2.50,ל-100 גרם,false,18,14.90,5.96,true,1,
8000380004966,false,וופל קואדרטיני בטעם קקאו 250 גרם,ליימן שליסל בע`מ,,,'יח,2.50,ל-100 גרם,false,1,14.90,5.96,true,1,
8000380007219,false,וופל לואקר ממולא קרם אגוזים 175 גרם,ליימן שליסל בע`מ,,,'יח,1.75,ל-100 גרם,false,18,10.90,6.23,true,1,
8000380007257,false,וופל גרדנה במילוי קרם אגוזים מצופה,ליימן שליסל בע`מ,,,'יח,2,ל-100 גרם,false,10,14.90,7.45,true,1,
8000380007264,false,וופל לואקר ממולא קרם קקאו 175 גרם,ליימן שליסל בע`מ,,,'יח,1.75,ל-100 גרם,false,18,10.90,6.23,true,1,
8000380106028,false,לואקר טורטינה חלב 6*21 גרם,ליימן שליסל בע`מ,,,'יח,1.25,ל-100 גרם,false,24,16.90,13.52,true,1,
8000380157570,false,לואקר אגוז 262 גר`,ליימן שליסל בע`מ,,,'יח,2.62,ל-100 גרם,false,1,13.90,5.31,true,1,
8000380157587,false,לואקר שוקולד 262 גר`,ליימן שליסל בע`מ,,,'יח,2.62,ל-100 גרם,false,1,13.90,5.31,true,1,
8000380192199,false,וופל לואקר דאבל שוקולד 175 גרם,ליימן שליסל בע`מ,,,'יח,1.75,ל-100 גרם,false,1,10.90,6.23,true,1,
8000380192243,false,לואקר מקסי בטעם אגוז 200 גר`,ליימן שליסל בע`מ,,,'יח,2,ל-100 גרם,false,1,13.90,6.95,true,1,
8000380192250,false,לואקר מקסי בטעם שוקולד 200 גרם,ליימן שליסל בע`מ,,,'יח,2,ל-100 גרם,false,1,13.90,6.95,true,1,
8000380205523,false,וופל לואקר ממולא חמאת בוטנים 175 גרם,ליימן שליסל בע`מ,,,'יח,1.75,ל-100 גרם,false,18,10.90,6.23,true,1,
8000500023624,false,קינדר Happy Hippo ופל במילוי קרם 5יח,פרימיום חברה לדברי מתיקה ולמסח,,,'יח,1.30,ל-100 גרם,false,1,12.90,9.92,false,1,
8000500026731,false,ביצת קינדר JOY,פרימיום חברה לדברי מתיקה ולמסח,,,'יח,0.60,ל-100 גרם,false,1,14.90,24.83,false,1,
8000500029350,false,חטיף קינדר בואנו שוקולד*3יח 43 גרם,פרימיום חברה לדברי מתיקה ולמסח,,,'יח,0.43,ל-100 גרם,false,1,10.90,25.35,true,1,
8000500071083,false,אצבעות שוקולד קינדר 16 יח 200 גרם,פרימיום חברה לדברי מתיקה ולמסח,,,'יח,2,ל-100 גרם,false,1,11.90,5.95,true,1,
8000500075708,false,ביצת קינדר Joy עם הפתעה כחול 3*20 גרם,פרימיום חברה לדברי מתיקה ולמסח,,,'יח,0.60,ל-100 גרם,false,1,14.90,24.83,true,1,
8000500121436,false,חטיף קינדר בואנו לבן*3יח 43 גרם,פרימיום חברה לדברי מתיקה ולמסח,,,'יח,1.29,ל-100 גרם,false,1,10.90,8.45,true,1,
8000500126325,false,ביצת קינדר Joy עם הפתעה ורוד 3*20 גרם,פרימיום חברה לדברי מתיקה ולמסח,,,'יח,0.60,ל-100 גרם,false,1,14.90,24.83,true,1,
8000500127728,false,קינדר מילק סלייס עוגת ספוג 112 גר`,תנובה חלב,,,'יח,0.30,ל-100 גרם,false,1,13.90,46.33,true,1,
8000500227848,false,נוטלה B-READY,פרימיום חברה לדברי מתיקה ולמסח,,,'יח,1.32,ל-100 גרם,false,1,11.90,9.02,true,1,
8000500249352,false,קינדר בואנו מיני מיקס,פרימיום חברה לדברי מתיקה ולמסח,,,'יח,0,ל-100 גרם,false,1,18.90,18.90,false,1,
8000500269169,false,קינדר קארדס חמישיה  *5 25.6 גרם,פרימיום חברה לדברי מתיקה ולמסח,,,'יח,12.80,ל-100 גרם,false,1,12.90,1.01,false,1,
8000500328750,false,פררו רונדנואר 141 גר`,פרימיום חברה לדברי מתיקה ולמסח,,,'יח,1.41,ל-100 גרם,false,1,25.90,18.37,true,1,
8000500386941,false,נוטלה 900 גרם,פרימיום חברה לדברי מתיקה ולמסח,,,'יח,10,ל-100 גרם,false,1,30.90,3.09,true,1,
8000700000050,false,סבון DOVE מוצק לבן רביעיה 4*100 גרם,יוניליוור ישראל שיווק בע`מ,,,'יח,4,ל-100 גרם,false,1,17.90,4.48,true,1,
8001090206855,false,"מרכך לנור כחול 750 מ""ל",איינשטיין צור-יבוא-יצוא וסחר ב,,,'יח,7.50,"ל-100 מ""ל",false,1,12.90,1.72,true,1,
8001090206930,false,"מרכך לנור לבן 750 מ""ל",איינשטיין צור-יבוא-יצוא וסחר ב,,,'יח,7.50,"ל-100 מ""ל",false,1,12.90,1.72,true,1,
8001090458353,false,פיירי אנטי בקטריאלי 515 מל`,דיפלומט מפיצים (1986) בע`מ,,,'יח,5.15,"ל-100 מ""ל",false,1,10.90,2.12,true,1,
8001090721099,false,.אריאל קפסולות לכביסה רגיל 24 יח`,דיפלומט מפיצים (1986) בע`מ,,,'יח,1,ל-100 גרם,false,3,34.90,34.90,false,1,
8001090721129,false,אריאל קפסולות לכביסה קולור 24 יח`,דיפלומט מפיצים (1986) בע`מ,,,'יח,1,ל-100 גרם,false,3,34.90,34.90,false,1,
8001090734044,false,מגן תחתון אולוויז מגה פק  לארג`פרש 62 יח,דיפלומט מפיצים (1986) בע`מ,,,'יח,1,ל-100 גרם,false,1,19.90,19.90,true,1,
8001090740717,false,מגן תחתון אולוויז מגה פק  לארג`פרש 78יח`,דיפלומט מפיצים (1986) בע`מ,,,'יח,1,ל-100 גרם,false,1,19.90,19.90,true,1,
8001090745903,false,טייד אלפיין 4 ק`ג,דיפלומט מפיצים (1986) בע`מ,,,'יח,40,"ל-100 מ""ל",false,3,29.90,0.75,false,1,
8001090832450,false,"פנטן שמפו נוסחה קלאסית 660 מ""ל",דיפלומט מפיצים (1986) בע`מ,,,'יח,6.60,"ל-100 מ""ל",false,6,18.90,2.86,true,1,
8001090832535,false,"פנטן שמפו שמן מרוקאי משקם 660 מ""ל",דיפלומט מפיצים (1986) בע`מ,,,'יח,6.60,"ל-100 מ""ל",false,6,18.90,2.86,true,1,
8001090832610,false,"פנטן שמפו למגע רך כמשי 660 מ""ל",דיפלומט מפיצים (1986) בע`מ,,,'יח,6.60,"ל-100 מ""ל",false,6,18.90,2.86,true,1,
8001090832818,false,"פנטן מרכך נוסחה קלאסית 660 מ""ל",דיפלומט מפיצים (1986) בע`מ,,,'יח,6.60,"ל-100 מ""ל",false,6,18.90,2.86,true,1,
8001090832931,false,"פנטן מרכך למגע רך כמשי 660 מ""ל",דיפלומט מפיצים (1986) בע`מ,,,'יח,6.60,"ל-100 מ""ל",false,6,18.90,2.86,true,1,
8001090832979,false,"פנטן מרכך לתלתלים מושלמים 660 מ""ל",דיפלומט מפיצים (1986) בע`מ,,,'יח,6.60,"ל-100 מ""ל",false,6,18.90,2.86,true,1,
8001090833136,false,אריאל נוזל כביסה בייבי 2.275,דיפלומט מפיצים (1986) בע`מ,,,'יח,2.2250,"ל-100 מ""ל",false,4,29.90,13.44,false,1,
8001090833198,false,אריאל ג`ל 2.47 ל`בניחוח מרענן,דיפלומט מפיצים (1986) בע`מ,,,'יח,2.3650,"ל-100 מ""ל",false,4,29.90,12.64,false,1,
8001090833228,false,אריאל ג`ל כביסה קולור 2.365 ל`,דיפלומט מפיצים (1986) בע`מ,,,'יח,2.3650,"ל-100 מ""ל",false,4,29.90,12.64,false,1,
8001090886460,false,לנור כדוריות הבושם בניחוח אביבי  140 גר,דיפלומט מפיצים (1986) בע`מ,,,'יח,1.40,ל-100 גרם,false,1,24.90,17.79,false,1,
8001090899224,false,אולוויז פלטינום לונג 20 יח`,דיפלומט מפיצים (1986) בע`מ,,,'יח,1,ל-100 גרם,false,1,19.90,19.90,true,1,
8001090899255,false,אולוויז פלטינום לילה 16 יח`,דיפלומט מפיצים (1986) בע`מ,,,'יח,1,ל-100 גרם,false,1,19.90,19.90,true,1,
8001090899286,false,אולוויז פלטינום לילה בטוח 14יח`,דיפלומט מפיצים (1986) בע`מ,,,'יח,1,ל-100 גרם,false,1,19.90,19.90,true,1,
8001160001786,false,"גטורייד ספורט כחול 500 מ""ל",טמפו משקאות בע`מ,,,'יח,5,"ל-100 מ""ל",false,1,9.90,1.92,false,1,
8001160001892,false,"גטורייד ספורט תפוז אדום 500 מ""ל",טמפו משקאות בע`מ,,,'יח,5,"ל-100 מ""ל",false,1,9.90,1.92,false,1,
8001244002555,false,מתקן כביסה מתכת,הום פרפקט ק.ד.מ בעמ,,,'יח,1,,false,1,59.90,59.90,false,1,
8001541003040,false,בסקוויט קירה ביסקו 500 גרם,שחורי אריה ואנסטסיה,,,'יח,5,ל-100 גרם,false,1,24.90,4.98,false,1,
8001541003064,false,בסקוויט קירה רולר 500 גרם,שחורי אריה ואנסטסיה,,,'יח,5,ל-100 גרם,false,1,24.90,4.98,false,1,
8001541004023,false,בסקוויט קירה טריז 500 גרם,שחורי אריה ואנסטסיה,,,'יח,5,ל-100 גרם,false,1,24.90,4.98,false,1,
8001541004450,false,בסקוויט קירה פרולי 500 גרם,שחורי אריה ואנסטסיה,,,'יח,5,ל-100 גרם,false,1,24.90,4.98,false,1,
8001541004467,false,בסקוויט קירה מיני 500 גרם,שחורי אריה ואנסטסיה,,,'יח,5,ל-100 גרם,false,1,24.90,4.98,false,1,
8001620015629,false,"סן בנדטותפוז ותפוז אדום  400 מ""ל",טמפו משקאות בע`מ,,,'יח,4,"ל-100 מ""ל",false,1,5.90,1.40,false,1,
8001620015636,false,"סן בנדטו מיקס פירות  400 מ""ל",טמפו משקאות בע`מ,,,'יח,4,"ל-100 מ""ל",false,1,5.90,1.40,false,1,
8001841375762,false,"מרכך לנור גולד 750 מ""ל",איינשטיין צור-יבוא-יצוא וסחר ב,,,'יח,7.50,"ל-100 מ""ל",false,1,12.90,1.72,true,1,
8001841375809,false,"מרכך לנור סגול 750 מ""ל",איינשטיין צור-יבוא-יצוא וסחר ב,,,'יח,7.50,"ל-100 מ""ל",false,1,12.90,1.72,true,1,
8001841376042,false,"מרכך לנור שחור 750 מ""ל",איינשטיין צור-יבוא-יצוא וסחר ב,,,'יח,7.50,"ל-100 מ""ל",false,1,12.90,1.72,true,1,
8001841427126,false,מגן תחתון אולוויז מגה פק נורמל 64 יח`,דיפלומט מפיצים (1986) בע`מ,,,'יח,1,ל-100 גרם,false,1,19.90,19.90,true,1,
8001841625461,false,"פיירי פלטינום אורגינל החדש 515 מ""ל",דיפלומט מפיצים (1986) בע`מ,,,'יח,5.15,"ל-100 מ""ל",false,1,10.90,2.12,true,1,
8001841716596,false,"שולדרס ג`ל רחצה ושמפו מרענן  360 מ""ל",דיפלומט מפיצים (1986) בע`מ,,,'יח,5,"ל-100 מ""ל",false,6,19.90,3.98,false,1,
8001841893990,false,טבליות למדיח פלטינום פלוס 30 טבליות,דיפלומט מפיצים (1986) בע`מ,,,'יח,1,,false,4,34.90,34.90,false,1,
8001841941929,false,אלוויז תחבושות לילה 16 יח`,דיפלומט מפיצים (1986) בע`מ,,,'יח,1,ל-100 גרם,false,1,19.90,19.90,true,1,
8001841958460,false,פיירי טבליות למדיח פלטינום 48 יח`,דיפלומט מפיצים (1986) בע`מ,,,'יח,1,,false,4,34.90,34.90,false,1,
8002205319835,false,ONE חתול בוגר סלמון 800,שחורי אריה ואנסטסיה,,,'יח,8,ל-100 גרם,false,1,39.90,4.99,false,1,
8002205319903,false,ONE חתול בוגר עוף 800גרם,שחורי אריה ואנסטסיה,,,'יח,8,ל-100 גרם,false,1,39.90,4.99,false,1,
8002270866524,false,סאן פלגרינו 1ל,טמפו משקאות בע`מ,,,'יח,10,"ל-100 מ""ל",false,6,8.90,0.86,false,1,
8003507975866,false,שירותים סגורים קטי,שחורי אריה ואנסטסיה,,,'יח,1,,false,1,99.90,99.90,false,1,
8004030102033,false,טונה ריו בשמן זית עם לימון ופלפל 3יח*8,ש. שסטוביץ בע`מ,,,'יח,2.40,ל-100 גרם,false,1,25.90,10.79,false,1,
8005110002243,false,רכז עגבניות בשפורפרת מוטי 185 גר`,רסטרטו יבוא ושיווק בעמ,,,'יח,1.85,ל-100 גרם,false,1,7.90,4.27,false,1,
8005110170300,false,מוטי עגבניות שלישייה חתוכות 400 גרם,רסטרטו יבוא ושיווק בעמ,,,'יח,4,ל-100 גרם,false,1,16.90,4.23,false,1,
8005110171215,false,עגבניות חתוכות 690 גרם מוטי,רסטרטו יבוא ושיווק בעמ,,,'יח,6.90,ל-100 גרם,false,1,13.90,2.01,false,1,
8005110191015,false,רסק עגבניות ובזיליקום 700 גר` מוטי,רסטרטו יבוא ושיווק בעמ,,,'יח,7,ל-100 גרם,false,1,11.90,1.70,false,1,
8005110550508,false,עגבניות שרי MUTTI 400 גרם,רסטרטו יבוא ושיווק בעמ,,,'יח,4,ל-100 גרם,false,1,9.90,2.48,false,1,
8005110551253,false,רוטב לפיצה MUTTI 400 גרם,רסטרטו יבוא ושיווק בעמ,,,'יח,1,'יח,false,1,8.90,8.90,false,1,
8005200286584,false,תה קר נסטי מנגו אננס 1.5 ליטר פיקדון,טמפו משקאות בע`מ,,,'יח,15,"ל-100 מ""ל",false,6,7.90,0.51,true,1,
8005200316588,false,תה קר נסטי אפרסק דיאט 1.5 ליטר פיקדון,טמפו משקאות בע`מ,,,'יח,15,"ל-100 מ""ל",false,12,7.90,0.51,true,1,
8006540091906,false,לנור כדוריות הבושם בניחוח אריאל 140 גר,דיפלומט מפיצים (1986) בע`מ,,,'יח,1.40,ל-100 גרם,false,1,24.90,17.79,false,1,
8006540112793,false,"לנור מרכך מרוכז בניחוח יסמין 900 מ""",דיפלומט מפיצים (1986) בע`מ,,,'יח,9,"ל-100 מ""ל",false,1,16.90,1.88,true,1,
8006540383018,false,פיירי טבליות פלטינום פלוס דפי קלין 23 יח,דיפלומט מפיצים (1986) בע`מ,,,'יח,1,,false,4,34.90,34.90,false,1,
8006540404850,false,אולוויז תחבושות דיסקרט נורמל 10 יח`,דיפלומט מפיצים (1986) בע`מ,,,'יח,1,,false,5,19.90,19.90,false,1,
8006540404935,false,אולוויז תחבושות דיסקרט נורמל 12 יח`,דיפלומט מפיצים (1986) בע`מ,,,'יח,1,,false,1,19.90,19.90,false,1,
8006540425930,false,אריאל קפסולות לכמים קשים 24 יח,דיפלומט מפיצים (1986) בע`מ,,,'יח,1,ל-100 גרם,false,3,34.90,34.90,false,1,
8006540491539,false,"פיירי פלטינום 780 מ""ל",דיפלומט מפיצים (1986) בע`מ,,,'יח,7.80,"ל-100 מ""ל",false,1,12.90,1.65,true,1,
8006540566701,false,אריאל ג`ל כתמים קשים 1.925 ק,דיפלומט מפיצים (1986) בע`מ,,,'יח,2.2250,"ל-100 מ""ל",false,4,29.90,13.44,false,1,
8007520013017,false,מור ש.מעדן חתול סלמון 100 גר`,שחורי אריה ואנסטסיה,,,'יח,1,ל-100 גרם,false,1,5.90,5.90,false,1,
8007520013024,false,מור ש.מעדן חתול כבש וכבד 100 גר`,שחורי אריה ואנסטסיה,,,'יח,1,ל-100 גרם,false,1,5.90,5.90,false,1,
8007520013031,false,מור ש.מעדן חתול צייד 100 גר`,שחורי אריה ואנסטסיה,,,'יח,1,ל-100 גרם,false,1,5.90,5.90,false,1,
8007520013055,false,מור ש.מעדן חתול עוף וארנבת 100 גר`,שחורי אריה ואנסטסיה,,,'יח,1,ל-100 גרם,false,1,5.90,5.90,false,1,
8007520013062,false,מור ש.מעדן חתול בקר ולב 100 גר`,שחורי אריה ואנסטסיה,,,'יח,1,ל-100 גרם,false,1,5.90,5.90,false,1,
8007520014014,false,מור.נתחים בקר וגזר לחתול פאוץ 100ג`,שחורי אריה ואנסטסיה,,,'יח,1,ל-100 גרם,false,1,4.90,4.90,false,1,
8007520014021,false,מור.נתחים עוף והודו לחתול פאוץ 100ג`,שחורי אריה ואנסטסיה,,,'יח,1,ל-100 גרם,false,1,4.90,4.90,false,1,
8007520014038,false,מור.נתחים סלמון וטונה לחתול פאוץ 100ג`,שחורי אריה ואנסטסיה,,,'יח,1,ל-100 גרם,false,1,4.90,4.90,false,1,
8007520014519,false,מיגליורגטו עוף חזיר חתול מסורס 100ג`(צהו,שחורי אריה ואנסטסיה,,,'יח,1,ל-100 גרם,false,1,5.90,5.90,false,1,
8007520014526,false,"מיגליורגטו עוף,כבש וירקות חתול מסורס 100",שחורי אריה ואנסטסיה,,,'יח,1,ל-100 גרם,false,1,5.90,5.90,false,1,
8007520014533,false,"מיגליורגטו בקר,כבד וגזר חתול מסורס 100ג`",שחורי אריה ואנסטסיה,,,'יח,1,ל-100 גרם,false,1,5.90,5.90,false,1,
8007520014540,false,מיגליורגטו סלמון ואורז לחתול מסורס 100ג`,שחורי אריה ואנסטסיה,,,'יח,1,ל-100 גרם,false,1,5.90,5.90,false,1,
8007520014557,false,מיגליורגטו דגים ושרימפס לחתול מסורס 100ג,שחורי אריה ואנסטסיה,,,'יח,1,ל-100 גרם,false,1,5.90,5.90,false,1,
8007520014571,false,מור.חתול מסורס 100  ג`מארז שישיה 3 טעמים,שחורי אריה ואנסטסיה,,,'יח,1,ל-100 גרם,false,1,29.90,29.90,false,1,
8007520024402,false,מור. יוניקו מונופרוטאין הודו לכלב 150 גר,שחורי אריה ואנסטסיה,,,'יח,1.50,ל-100 גרם,false,1,5.90,3.93,false,1,
8007520024419,false,מור. יוניקו מונופרוטאין חזיר לכלב 150 גר,שחורי אריה ואנסטסיה,,,'יח,1.50,ל-100 גרם,false,1,5.90,3.93,false,1,
8007520024426,false,מור. יוניקו מונופרוטאין עגל לכלב 150 גרם,שחורי אריה ואנסטסיה,,,'יח,1.50,ל-100 גרם,false,1,5.90,3.93,false,1,
8007520024501,false,פאוץ מיגליאור כבש 100 גרם,שחורי אריה ואנסטסיה,,,'יח,1,ל-100 גרם,false,1,4.90,4.90,false,1,
8007520024532,false,פאוץ מיגליאור הודו 100 גרם,שחורי אריה ואנסטסיה,,,'יח,1,ל-100 גרם,false,1,4.90,4.90,false,1,
8007520096003,false,מורנדו 4 קג לכלב(ירוק),שחורי אריה ואנסטסיה,,,'יח,40,ל-100 גרם,false,1,49.90,1.25,false,1,
8007520096027,false,מור.פרופ כ קרוקט בקר 4 קג,שחורי אריה ואנסטסיה,,,'יח,40,ל-100 גרם,false,1,49.90,1.25,false,1,
8007520098038,false,מורנדו בוגר מיני עוף 1.5 קג,שחורי אריה ואנסטסיה,,,'יח,15,ל-100 גרם,false,1,29.90,1.99,false,1,
8007520098045,false,מורנדו בוגר מיני בקר 1.5 קג,שחורי אריה ואנסטסיה,,,'יח,15,ל-100 גרם,false,1,29.90,1.99,false,1,
8008245004861,false,ממרח אגוזי לוז וחלב 300 גר`,א.סיימן סחר בעמ,,,'יח,3,ל-100 גרם,false,1,13.90,4.63,true,1,
8008660210038,false,מעדן תות שדה 300 גר`,תה ויסוצקי בע`מ,,,'יח,3,ל-100 גרם,false,1,15.90,5.30,true,1,
8008857200194,false,פסטה רג`ייה ספגטי,תומר ייבוא ושיווק מוצרי מזון [,,,'יח,5,ל-100 גרם,false,1,4.90,0.98,true,1,
8009470009010,false,סימבה לכלב בקר 415 גרם,שחורי אריה ואנסטסיה,,,'יח,4.15,ל-100 גרם,false,1,4,0.96,false,1,
8009470009027,false,סימבה לכלב עוף והודו 415 גרם,שחורי אריה ואנסטסיה,,,'יח,4.15,ל-100 גרם,false,1,4,0.96,false,1,
8009470009041,false,סימבה בקר לחתול 2 קג,שחורי אריה ואנסטסיה,,,'יח,20,ל-100 גרם,false,1,35.90,1.80,false,1,
8009470009072,false,סימבה לחתול עוף 415 גרם,שחורי אריה ואנסטסיה,,,'יח,4.15,ל-100 גרם,false,1,4,0.96,false,1,
8009470009089,false,סימבה לחתול ארנב 415 גרם,שחורי אריה ואנסטסיה,,,'יח,4.15,ל-100 גרם,false,1,4,0.96,false,1,
8009470009096,false,סימבה לחתול טונה 415 גרם,שחורי אריה ואנסטסיה,,,'יח,4.15,ל-100 גרם,false,1,4,0.96,false,1,
8009470009164,false,סימבה לכלב כבש 415 גרם,שחורי אריה ואנסטסיה,,,'יח,4.15,ל-100 גרם,false,1,4,0.96,false,1,
8009470009171,false,סימבה לכלב צייד 415 גרם,שחורי אריה ואנסטסיה,,,'יח,4.15,ל-100 גרם,false,1,4,0.96,false,1,
8009470009515,false,סימבה לחתול פנינית 415 גרם,שחורי אריה ואנסטסיה,,,'יח,4.15,ל-100 גרם,false,1,4,0.96,false,1,
8009470009522,false,סימבה לחתול הודו 415 גרם,שחורי אריה ואנסטסיה,,,'יח,4.15,ל-100 גרם,false,1,4,0.96,false,1,
8009470009539,false,סימבה לחתול צייד 415 גרם,שחורי אריה ואנסטסיה,,,'יח,4.15,ל-100 גרם,false,1,4,0.96,false,1,
8009470009546,false,סימבה לחתול כבש 415 גרם,שחורי אריה ואנסטסיה,,,'יח,4.15,ל-100 גרם,false,1,4,0.96,false,1,
8009470009553,false,סימבה לחתול בשר 415 גרם,שחורי אריה ואנסטסיה,,,'יח,4.15,ל-100 גרם,false,1,4,0.96,false,1,
8009470009560,false,סימבה בקר לכלב 4 קג,שחורי אריה ואנסטסיה,,,'יח,40,ל-100 גרם,false,1,49.90,1.25,false,1,
8009470009607,false,שימור סימבה בקר לחתול 400 גרם,שחורי אריה ואנסטסיה,,,'יח,4,ל-100 גרם,false,1,4,1,false,1,
8009470009812,false,סימבה עוף לכלב 4 קג,שחורי אריה ואנסטסיה,,,'יח,40,ל-100 גרם,false,1,49.90,1.25,false,1,
8009470009843,false,סימבה לכלב עוף 10 קג,שחורי אריה ואנסטסיה,,,'יח,4.15,ל-100 גרם,false,1,99.90,24.07,false,1,
8009470009850,false,סימבה בקר לכלב 10 קג,שחורי אריה ואנסטסיה,,,'יח,100,ל-100 גרם,false,1,99.90,1,false,1,
8009470016063,false,סימבה עוף לחתול 2 קג,שחורי אריה ואנסטסיה,,,'יח,20,ל-100 גרם,false,1,35.90,1.80,false,1,
8010690056562,false,מברשת חד צדדית 5942,שחורי אריה ואנסטסיה,,,'יח,1,,false,1,33.90,33.90,false,1,
8010690056586,false,מברשת חד צדדית 5946,שחורי אריה ואנסטסיה,,,'יח,1,,false,1,41.90,41.90,false,1,
8010690067704,false,שירותים ניפ פלוס,שחורי אריה ואנסטסיה,,,'יח,1,,false,1,59.90,59.90,false,1,
8010690150147,false,שירותים סגורים פרימה,שחורי אריה ואנסטסיה,,,'יח,1,,false,1,99.90,99.90,false,1,
8021886313079,false,בלון לינק אדום/לבן,שמחה זה אנחנו בע`מ,,,'יח,1,,false,1,12.90,12.90,false,1,
8076800195033,false,ספגטיני ברילה מספר 3 500 גרם,ש. שסטוביץ בע`מ,,,'יח,5,ל-100 גרם,false,1,7.90,1.58,true,1,
8076800195057,false,ספגטי ברילה מוסמולינה 500 גרם,ש. שסטוביץ בע`מ,,,'יח,5,ל-100 גרם,false,1,7.90,1.58,true,1,
8076800315097,false,ספגטי בוקטיני 500 גרם,ש. שסטוביץ בע`מ,,,'יח,5,ל-100 גרם,false,1,7.90,1.58,true,1,
8076802085738,false,פתיתים פנה ריגטה 500 גרם,ש. שסטוביץ בע`מ,,,'יח,5,ל-100 גרם,false,1,7.90,1.58,true,1,
8076802085837,false,פתיתים טורטיליוני 500 גרם,ש. שסטוביץ בע`מ,,,'יח,5,ל-100 גרם,false,1,7.90,1.58,true,1,
8076802085936,false,קונציליאה ריגאטי 3,ש. שסטוביץ בע`מ,,,'יח,5,ל-100 גרם,false,1,7.90,1.58,true,1,
8076802085981,false,פתיתים פוזילי 500 גרם,ש. שסטוביץ בע`מ,,,'יח,5,ל-100 גרם,false,1,7.90,1.58,true,1,
8076808050440,false,פסטה פתיתים מקרוני 44 500 גרם,ש. שסטוביץ בע`מ,,,'יח,5,ל-100 גרם,false,1,7.90,1.58,true,1,
8076808060654,false,פסטה פרפלה 65 ברילה 500 גרם,ש. שסטוביץ בע`מ,,,'יח,5,ל-100 גרם,false,1,7.90,1.58,true,1,
8076808150072,false,ספגטוני מס 7 500 גרם,ש. שסטוביץ בע`מ,,,'יח,5,ל-100 גרם,false,1,7.90,1.58,true,1,
8076809512268,false,פסטה ברילה קצרה גירנדולה 500 גרם,ש. שסטוביץ בע`מ,,,'יח,5,ל-100 גרם,false,1,7.90,1.58,true,1,
8076809513388,false,ברילה רוטב אראביאטה צילי לפסטה 400 ג,ש. שסטוביץ בע`מ,,,'יח,4,ל-100 גרם,false,1,14.90,3.73,false,1,
8076809513395,false,ברילה רוטב פומודורו עם עגבניות לפסטה,ש. שסטוביץ בע`מ,,,'יח,4,ל-100 גרם,false,1,14.90,3.73,false,1,
8076809513739,false,ברילה רוטב בזיליקום לפסטה 400 גרם,ש. שסטוביץ בע`מ,,,'יח,4,ל-100 גרם,false,1,14.90,3.73,false,1,
8076809523738,false,ברילה לזניה 500 גרם,ש. שסטוביץ בע`מ,,,'יח,5,'יח,false,1,24.90,4.98,false,1,
8076809529433,false,פנטה רגטה פסטה מחיטה מלאה 500 גרם,ש. שסטוביץ בע`מ,,,'יח,5,ל-100 גרם,false,1,14.90,2.98,false,1,
8076809571302,false,ברילה פוזילי 1 קג`,ש. שסטוביץ בע`מ,,,'יח,10,ל-100 גרם,false,1,11.90,1.19,false,1,
8121300206946,false,טרוביה-סטיביה ממתיק 80 שק`,גורי ע.ע.ע. בע`מ,,,'יח,1,,false,1,29.90,29.90,false,1,
8377373138848,false,מסחטת מיצים 800MI,ד.ש.ש אלקטרוניקה בעמ`,,,'יח,1,,false,1,89.90,89.90,true,1,
8410076610379,false,נייטשר ואלי פרוטאין בוטנים ושוקולד*4יח,ליימן שליסל בע`מ,,,'יח,2.10,ל-100 גרם,false,12,24.90,11.86,true,1,
8410104039134,false,פיניש מנקה ומחדש מדיח 250 מל,תה ויסוצקי בע`מ,,,'יח,2.50,"ל-100 מ""ל",false,1,14.90,5.96,true,1,
8410104045111,false,"פיניש מלח למדיח 2 ק""ג",תה ויסוצקי בע`מ,,,'יח,0,ל-100 גרם,false,1,14.90,14.90,true,1,
8410104437268,false,פיניש מפיג ריח למדיח רגיל,תה ויסוצקי בע`מ,,,'יח,0.27,ל-100 גרם,false,1,14.90,55.19,true,1,
8410128768324,false,ויוה סוי שקדים  קרטונית 1 ל`,טמפו משקאות בע`מ,,,'יח,10,"ל-100 מ""ל",false,1,12.90,1.29,true,1,
8410128768416,false,ויוה סוי סויה   בריסטה קרטונית 1 ל`,טמפו משקאות בע`מ,,,'יח,10,"ל-100 מ""ל",false,1,11.90,1.19,false,1,
8412497362219,false,תחתית לשולחן-נסיכות,שמחה זה אנחנו בע`מ,,,'יח,1,,false,1,8.90,8.90,false,1,
8413376022965,false,גבינת עיזים רכה 29% שומן,ג. וילי-פוד אינטרנשיונל בע`מ,,,'יח,1.10,ל-100 גרם,false,1,14.90,13.55,true,1,
8413376024839,false,גבינת עיזים רכה עם עשבי תיבול 29%,ג. וילי-פוד אינטרנשיונל בע`מ,,,'יח,1.10,ל-100 גרם,false,1,14.90,13.55,true,1,
8423207206488,false,חטיף דגנים מלאים מצופה 120גר,ש. שסטוביץ בע`מ,,,'יח,1.20,ל-100 גרם,false,1,11.90,9.92,true,1,
8423207206495,false,חטיף דגנים מלאים מצופה 120גר,ש. שסטוביץ בע`מ,,,'יח,1.20,ל-100 גרם,false,1,11.90,9.92,true,1,
8423207206501,false,חטיף דגנים מלאים מצופה 78גר,ש. שסטוביץ בע`מ,,,'יח,0.78,ל-100 גרם,false,1,11.90,15.26,true,1,
8423207207362,false,מרבה סלים דליס שוקולד לבן 120 גר`,ש. שסטוביץ בע`מ,,,'יח,1.20,ל-100 גרם,false,1,11.90,9.92,true,1,
8423207208260,false,מרבה סלים דליס ללא גלוטן שוקולד חלב,ש. שסטוביץ בע`מ,,,'יח,1.10,ל-100 גרם,false,1,11.90,10.82,true,1,
8423207208680,false,מרבה סלים דליס לילדים עם שוקולד חלב,ש. שסטוביץ בע`מ,,,'יח,1.10,ל-100 גרם,false,1,11.90,10.82,true,1,
8423207208697,false,מרבה סלים דליס לילדים עם שוקולד לבן,ש. שסטוביץ בע`מ,,,'יח,1.10,ל-100 גרם,false,1,11.90,10.82,true,1,
8423207208703,false,מרבה סלים דליס לילדים עם שוקולד מריר,ש. שסטוביץ בע`מ,,,'יח,1.10,ל-100 גרם,false,1,11.90,10.82,true,1,
8423207208871,false,פריכיות תירס בטעם טבעי`סלים דליס`,גורי מוצרי צריכה 1991 בע`מ,,,'יח,1.30,ל-100 גרם,false,1,9.90,7.62,true,1,
8423207208895,false,פריכיות תירס בטעם זיתים ועירית`סלים דל,גורי מוצרי צריכה 1991 בע`מ,,,'יח,1.30,ל-100 גרם,false,1,9.90,7.62,true,1,
8423207209885,false,מרבה סלים דליס לילדים עם שוקולד חלב,ש. שסטוביץ בע`מ,,,'יח,1.10,ל-100 גרם,false,1,11.90,10.82,true,1,
8423207210928,false,מרבה סלים דליס טופינג אגוזי לוז,ש. שסטוביץ בע`מ,,,'יח,1.10,ל-100 גרם,false,1,11.90,10.82,false,1,
8423207210942,false,מרבה סלים דליס טופינג פירות יער,ש. שסטוביץ בע`מ,,,'יח,1.10,ל-100 גרם,false,1,11.90,10.82,true,1,
8423207210966,false,מרבה סלים דליס טופינג קוקוס ולימון,ש. שסטוביץ בע`מ,,,'יח,1.10,ל-100 גרם,false,1,11.90,10.82,false,1,
8424842050016,false,צ`יפס בטעם כמהין 125 גר`,א.סיימן סחר בעמ,,,'יח,1.25,ל-100 גרם,false,1,11.90,9.52,true,1,
8424842050030,false,צ`יפס עם מלח הימלאי  125 גר`,א.סיימן סחר בעמ,,,'יח,1.25,ל-100 גרם,false,1,11.90,9.52,true,1,
8435495805199,false,תינוקלין אבקת כביסה 3 ק`ג,ליימן שליסל בע`מ,,,'יח,30,ל-100 גרם,false,6,39.90,1.33,false,1,
8435495807605,false,מרכך כביסה מרוכז תינוקלין 1 ליטר,ליימן שליסל בע`מ,,,'יח,10,"ל-100 מ""ל",false,15,19.90,1.99,true,1,
8436575292205,false,מאגדת חמשושים 180 גרם,נגה גלידות שותפות מוגבלת,,,'יח,1.80,ל-100 גרם,false,1,19.90,11.06,false,1,
8606018615827,false,פיינט אוראו וניל,נגה גלידות שותפות מוגבלת,,,'יח,1,ל-100 גרם,false,1,16.90,16.90,true,1,
8606018615841,false,פיינט מילקה וניל ליבת שוקולד,נגה גלידות שותפות מוגבלת,,,'יח,1,ל-100 גרם,false,1,16.90,16.90,true,1,
8606018615865,false,פיינט מילקה קרמל ריבת חלב,נגה גלידות שותפות מוגבלת,,,'יח,1,ל-100 גרם,false,1,16.90,16.90,true,1,
8680122862919,false,-GARFIELD חול חתולים מתגבש בניחוח בייבי,שחורי אריה ואנסטסיה,,,'יח,1,,false,1,59.90,59.90,false,1,
8680122862926,false,-GARFIELD חול חתולים מתגבש בניחוח לוונד,שחורי אריה ואנסטסיה,,,'יח,1,,false,1,59.90,59.90,false,1,
8680122862940,false,-GARFIELD חול חתולים מתגבש ללא בישום 10,שחורי אריה ואנסטסיה,,,'יח,1,,false,1,59.90,59.90,false,1,
8680122862957,false,-GARFIELD חול חתולים מתגבש פחם פעיל 10,שחורי אריה ואנסטסיה,,,'יח,1,,false,1,59.90,59.90,false,1,
8680659333746,false,חול קט אקספרט ריחני,שחורי אריה ואנסטסיה,,,'יח,60,"ל-100 מ""ל",false,1,49.90,0.83,false,1,
8680659333753,false,חול קט אקספרט נטורל,שחורי אריה ואנסטסיה,,,'יח,60,"ל-100 מ""ל",false,1,49.90,0.83,false,1,
8680659333760,false,חול קט אקספרט פחם,שחורי אריה ואנסטסיה,,,'יח,60,"ל-100 מ""ל",false,1,49.90,0.83,false,1,
8681465604921,false,ר.פט עוף לגור 100 גרם,שחורי אריה ואנסטסיה,,,'יח,1,ל-100 גרם,false,1,4.90,4.90,false,1,
8681465604938,false,ר.פט עוף לחתול בוגר בוגר 100 גרם,שחורי אריה ואנסטסיה,,,'יח,1,ל-100 גרם,false,1,4.90,4.90,false,1,
8681465604945,false,ר.פט סלמון לחתול בוגר 100 גרם,שחורי אריה ואנסטסיה,,,'יח,1,ל-100 גרם,false,1,4.90,4.90,false,1,
8681465604952,false,ר.פט בקר לחתול בוגר 100 גרם,שחורי אריה ואנסטסיה,,,'יח,1,ל-100 גרם,false,1,4.90,4.90,false,1,
8681465604969,false,ר.פט סלמון לחתול מסורס בוגר 100 גרם,שחורי אריה ואנסטסיה,,,'יח,1,ל-100 גרם,false,1,4.90,4.90,false,1,
8681465604983,false,ר.פט כבש לחתול בוגר 100 גרם,שחורי אריה ואנסטסיה,,,'יח,1,ל-100 גרם,false,1,4.90,4.90,false,1,
8681465604990,false,ר.פט טונה ואנשובי לחתול בוגר 100 גרם,שחורי אריה ואנסטסיה,,,'יח,1,ל-100 גרם,false,1,4.90,4.90,false,1,
8681692200033,false,מייפוד לחתול בקר 1 קג,שחורי אריה ואנסטסיה,,,'יח,10,ל-100 גרם,false,1,22.90,2.29,false,1,
8681692200040,false,רקסי בוגר לחתול 1 קג,שחורי אריה ואנסטסיה,,,'יח,10,ל-100 גרם,false,1,19.90,1.99,false,1,
8681692200057,false,מייפוד לחתול מסורס 1 קג,שחורי אריה ואנסטסיה,,,'יח,10,ל-100 גרם,false,1,22.90,2.29,false,1,
8681692200071,false,מייפוד כבש 15 קג לכלבים,שחורי אריה ואנסטסיה,,,'יח,150,ל-100 גרם,false,1,129.90,0.87,false,1,
8681692200095,false,מייפוד גורי חתול 1 קג,שחורי אריה ואנסטסיה,,,'יח,10,ל-100 גרם,false,1,22.90,2.29,false,1,
8681863065287,false,מלח הימלאיה 350 גרם,ג. וילי-פוד אינטרנשיונל בע`מ,,,'יח,3.50,ל-100 גרם,false,1,24.90,7.11,true,1,
8682162004045,false,חול קטמניה קרבון 8.5 קג,שחורי אריה ואנסטסיה,,,'יח,85,ל-100 גרם,false,1,54.90,0.65,false,1,
8682162004069,false,חול קטמניה לבנדר 8.5 קג,שחורי אריה ואנסטסיה,,,'יח,85,ל-100 גרם,false,1,54.90,0.65,false,1,
8683130008355,false,הלמנס מיונז שום 400 גר`,יוניליוור ישראל שיווק בע`מ,,,'יח,4,ל-100 גרם,false,1,11.90,2.98,true,1,
8683130008935,false,הלמנס קטשיונז 425 גרם,יוניליוור ישראל שיווק בע`מ,,,'יח,4.80,ל-100 גרם,false,1,14.90,3.10,true,1,
8683130025581,false,בדין אקסטרא מרכך ענבר 960 מל,יוניליוור ישראל שיווק בע`מ,,,'יח,96,"ל-100 מ""ל",false,1,15.90,0.17,true,1,
8690504153740,false,טבלת שוקולד מריר עם גאנש 86 גר`,תה ויסוצקי בע`מ,,,'יח,0.86,ל-100 גרם,false,1,14.90,17.33,true,1,
8690637503856,false,מיונז הלמנס לחיץ 385 גרם,יוניליוור ישראל שיווק בע`מ,,,'יח,3.85,ל-100 גרם,false,1,13.90,3.61,true,1,
8690637504426,false,לניקוי כללי קרם סיף 500 מל לימון,יוניליוור ישראל שיווק בע`מ,,,'יח,5,"ל-100 מ""ל",false,1,10.90,2.18,false,1,
8690637505607,false,"בדין אקסטרה מרכך כביסה פינוק כחול 960 מ""",יוניליוור ישראל שיווק בע`מ,,,'יח,96,"ל-100 מ""ל",false,1,15.90,0.17,true,1,
8690637842399,false,מאגדת מיני דאבל פרי יער שוקולד,שטראוס גלידות,,,'יח,1,ל-100 גרם,false,1,31.90,31.90,true,1,
8690637871245,false,מיונז הלמנס לחיץ 385 גרם,יוניליוור ישראל שיווק בע`מ,,,'יח,3.85,ל-100 גרם,false,1,13.90,3.61,true,1,
8690637890666,false,מאגדת מיני מגנום פיסטוק שוקולד 6 יח,שטראוס גלידות,,,'יח,1,ל-100 גרם,false,1,31.90,31.90,true,1,
8690637946301,false,בדין אקסטרא כחול בייבי 960 מל,יוניליוור ישראל שיווק בע`מ,,,'יח,96,"ל-100 מ""ל",false,1,15.90,0.17,true,1,
8690637946318,false,בדין אקסטרא צהוב בייבי 960 מל,יוניליוור ישראל שיווק בע`מ,,,'יח,96,"ל-100 מ""ל",false,1,15.90,0.17,true,1,
8690637989612,false,מאגדת מיני מגנוםדאבל דולצה גולד 6 יח,שטראוס גלידות,,,'יח,1,ל-100 גרם,false,1,31.90,31.90,true,1,
8690766156374,false,שוקולד PURE מריר 72% קקאו,תה ויסוצקי בע`מ,,,'יח,0.90,ל-100 גרם,false,1,14.90,16.56,true,1,
8690766156381,false,שוקולד PURE מריר מעולה 90%,תה ויסוצקי בע`מ,,,'יח,0.90,ל-100 גרם,false,1,14.90,16.56,true,1,
8690766156404,false,שוקולד PURE מריר מעולה טעם תפוז,תה ויסוצקי בע`מ,,,'יח,0.90,ל-100 גרם,false,1,14.90,16.56,true,1,
8690770322079,false,שמרים יבשים לאפייה 450 גרם,הנמל אריזות ושיווק 1984 בע`מ,,,'יח,4.50,ל-100 גרם,false,20,12.90,2.87,false,1,
8690770322598,false,שמרים יבשים לאפייה 125 גרם,הנמל אריזות ושיווק 1984 בע`מ,,,'יח,1,ל-100 גרם,false,24,4.90,4.90,true,1,
8690777203012,false,פלפל ירוק כבוש 600 גרם סרה,ג. וילי-פוד אינטרנשיונל בע`מ,,,'יח,6,ל-100 גרם,false,1,12.90,2.15,true,1,
8690777204071,false,פלפל חריף 640 גרם סרה,ג. וילי-פוד אינטרנשיונל בע`מ,,,'יח,6.40,ל-100 גרם,false,1,12.90,2.02,true,1,
8690777206051,false,חציל קלוי על האש 650 גרם סרה,ג. וילי-פוד אינטרנשיונל בע`מ,,,'יח,6.50,ל-100 גרם,false,12,12.90,1.98,true,1,
8690777221405,false,פלפל אדום קלוי על האש 620 גרם סרה,ג. וילי-פוד אינטרנשיונל בע`מ,,,'יח,6.20,ל-100 גרם,false,12,12.90,2.08,true,1,
8690784614665,false,דאק סבון ניקוי לאסלה 5ב1 בניחוח ים,דנאגיס בעמ,,,'יח,3,"ל-100 מ""ל",false,1,7.90,2.63,true,1,
8692255778838,false,משקפי ראייה OPTI,ד.ג.ש ייבוא ושיווק בעמ,,,'יח,1,,false,1,14.90,14.90,false,1,
8693495052177,false,פלמוליב תחליב רחצה 750 מל`,ש. שסטוביץ בע`מ,,,'יח,7.50,"ל-100 מ""ל",false,1,19.90,2.65,true,1,
8694686405857,false,מיטו מזון לחתול 1 קג,שחורי אריה ואנסטסיה,,,'יח,10,ל-100 גרם,false,1,22,2.20,false,1,
8694686406083,false,בונאסיבו גורים עוף 2 קג,שחורי אריה ואנסטסיה,,,'יח,20,ל-100 גרם,false,1,49.90,2.50,false,1,
8694686406090,false,בונאסיבו חתול עוף 2 קג,שחורי אריה ואנסטסיה,,,'יח,20,ל-100 גרם,false,1,49.90,2.50,false,1,
8694686406120,false,בונאסיבו חתול כבש 2 קג,שחורי אריה ואנסטסיה,,,'יח,20,ל-100 גרם,false,1,49.90,2.50,false,1,
8694686406137,false,בונאסיבו חתול מעוקר 2 קג,שחורי אריה ואנסטסיה,,,'יח,20,ל-100 גרם,false,1,49.90,2.50,false,1,
8696486406416,false,מיצו חתולים 3קג,שחורי אריה ואנסטסיה,,,'יח,30,ל-100 גרם,false,1,69.90,2.33,false,1,
8697826469092,false,טורטיה קטנה 540 גר`,דין שיווק וקליה 2021 בעמ,,,'יח,5.40,ל-100 גרם,false,1,9.90,1.83,false,1,
8698313596635,false,"גלידת שמנת עם פיסטוק משפחתית 500 מ""ל",דילר בי.אם.די. פורמולה בעמ,,,'יח,5,"ל-100 מ""ל",false,1,25.90,5.18,false,1,
8698734215771,false,מתקן כוסות כפול,ד.ג.ש ייבוא ושיווק בעמ,,,'יח,1,,false,1,14.90,14.90,false,1,
8698734216518,false,פח שובך 6 ליטר,ד.ג.ש ייבוא ושיווק בעמ,,,'יח,1,,false,1,24.90,24.90,false,1,
8698996006353,false,ממחטות אף 100  יח`3 שכבות,הנמל אריזות ושיווק 1984 בע`מ,,,'יח,1,'יח,false,1,7.90,7.90,false,1,
8699947920797,false,סט 3 קופסאות סוגרים,הום פרפקט ק.ד.מ בעמ,,,'יח,1,,false,1,14.90,14.90,true,1,
8710447224342,false,שמפו טרזמה קרטין 400 מל`,יוניליוור ישראל שיווק בע`מ,,,'יח,4,"ל-100 מ""ל",false,1,16.90,4.23,true,1,
8710447224366,false,מרכך טרזמה קרטין 400 מל`,יוניליוור ישראל שיווק בע`מ,,,'יח,4,"ל-100 מ""ל",false,1,16.90,4.23,true,1,
8710502139017,false,עוגיות מרבה מצופות שוקולד 180 גרם,ש. שסטוביץ בע`מ,,,'יח,1.80,ל-100 גרם,false,1,9.90,5.50,true,1,
8710502231018,false,מרבה עוגיות שוקולד ציפס מיני 175 גר`,ש. שסטוביץ בע`מ,,,'יח,1.75,ל-100 גרם,false,1,9.90,5.66,true,1,
8710502470028,false,עוגיות מרבה נוגטלי 160גר,ש. שסטוביץ בע`מ,,,'יח,1.60,ל-100 גרם,false,1,9.90,6.19,true,1,
8710800961310,false,סוכריות מנטוס טעם תות 4*37.5 גרם,ליימן שליסל בע`מ,,,'יח,1.50,ל-100 גרם,false,1,10.90,7.27,true,1,
8710847973970,false,דאב סבון נוזלי חלב אלוורה 750 מל,יוניליוור ישראל שיווק בע`מ,,,'יח,7.50,"ל-100 מ""ל",false,1,19.90,2.65,false,1,
8710862007131,false,אסטור עוף לכלב 410 גר,שחורי אריה ואנסטסיה,,,'יח,4.10,ל-100 גרם,false,1,4,0.98,false,1,
8710862057501,false,מימי בקר לכלב 410ג,שחורי אריה ואנסטסיה,,,'יח,4.10,ל-100 גרם,false,1,4,0.98,false,1,
8710862057617,false,מימי בקר לחתול 410ג,שחורי אריה ואנסטסיה,,,'יח,4.10,ל-100 גרם,false,1,4,0.98,false,1,
8710862057624,false,מימי עוף לחתול 410ג,שחורי אריה ואנסטסיה,,,'יח,4.10,ל-100 גרם,false,1,4,0.98,false,1,
8710862057631,false,מימי צבי לחתול 410ג,שחורי אריה ואנסטסיה,,,'יח,4.10,ל-100 גרם,false,1,4,0.98,false,1,
8710862057655,false,מימי עוף לכלב 410ג,שחורי אריה ואנסטסיה,,,'יח,4.10,ל-100 גרם,false,1,4,0.98,false,1,
8710862057662,false,מימי צבי לכלב 410ג,שחורי אריה ואנסטסיה,,,'יח,4.10,ל-100 גרם,false,1,4,0.98,false,1,
8710864009003,false,גטוליני דגים לחתול 410 גר,שחורי אריה ואנסטסיה,,,'יח,4.10,ל-100 גרם,false,1,4,0.98,false,1,
8710864009058,false,גטוליני סלמון לחתול 410 גר,שחורי אריה ואנסטסיה,,,'יח,4.10,ל-100 גרם,false,1,4,0.98,false,1,
8710864009089,false,אסטור עוף לכלב 410 גר,שחורי אריה ואנסטסיה,,,'יח,4.10,ל-100 גרם,false,1,4,0.98,false,1,
8710864056618,false,גטוליני עוף לחתול 410 גר,שחורי אריה ואנסטסיה,,,'יח,4.10,ל-100 גרם,false,1,4,0.98,false,1,
8712400802499,false,נוטרילון שלב 1 800 גרם,דיפלומט מפיצים (1968) בע`מ,,,'יח,8,ל-100 גרם,false,12,59.90,7.49,false,1,
8712400802512,false,נוטרילון שלב 2 800 גרם,דיפלומט מפיצים (1968) בע`מ,,,'יח,8,ל-100 גרם,false,12,59.90,7.49,false,1,
8712400802536,false,נוטרילון שלב 3 800 גרם,דיפלומט מפיצים (1968) בע`מ,,,'יח,8,ל-100 גרם,false,12,59.90,7.49,false,1,
8712561594608,false,דאב סבון נוזלי להזנה עמוקה 750 מל,יוניליוור ישראל שיווק בע`מ,,,'יח,7.50,"ל-100 מ""ל",false,1,19.90,2.65,false,1,
8712561611411,false,דאב סבון נוזלי תה ירוק ומלפפון 750 מל,יוניליוור ישראל שיווק בע`מ,,,'יח,7.50,"ל-100 מ""ל",false,1,19.90,2.65,false,1,
8714599410530,false,קפה ג`ייקובס קרוננג מיובש בהקפאה 200 ג,דיפלומט מפיצים (1968) בע`מ,,,'יח,0.75,ל-100 גרם,false,10,21.90,29.20,false,1,
8714599513866,false,קפה ג`יקובס ירוק מיובש בהקפאה 200 גרם,דיפלומט מפיצים (1968) בע`מ,,,'יח,2,ל-100 גרם,false,6,29.90,14.95,false,1,
8714789402918,false,אגקס חגיגת הפרחים נוזל אדום 1.5 ליטר,ש. שסטוביץ בע`מ,,,'יח,15,"ל-100 מ""ל",false,1,19.90,1.33,false,1,
8714789402970,false,אג`קס חגיגת הפרחים נוזל ירוק 1.5ל`,ש. שסטוביץ בע`מ,,,'יח,1.50,לליטר,false,1,19.90,13.27,false,1,
8714789930848,false,קולגייט משחת שיניים אופטיק וייט 75גר`,ש. שסטוביץ בע`מ,,,'יח,0.75,ל-100 גרם,false,1,19.90,26.53,false,1,
8715700110141,false,מיונז היינץ צנצנת 460 גר`,דיפלומט מפיצים (1968) בע`מ,,,'יח,4.60,ל-100 גרם,false,8,12.90,2.80,true,1,
8715700110158,false,מיונז לייט היינץ צנצנת 460 גרם,דיפלומט מפיצים (1968) בע`מ,,,'יח,4.60,ל-100 גרם,false,8,12.90,2.80,true,1,
8715700117805,false,"קטשופ היינץ ללא סוכר ומלח 425 מ""ל",דיפלומט מפיצים (1968) בע`מ,,,'יח,4.25,ל-100 גרם,false,1,11.90,2.80,true,1,
8715700419732,false,מתבל עגבניות היינץ 700 גרם,דיפלומט מפיצים (1968) בע`מ,,,'יח,7,ל-100 גרם,false,10,11.90,1.70,true,1,
8715700422473,false,מיונז היינץ לחיץ ללא חומרים מ. 395 גר`,דיפלומט מפיצים (1968) בע`מ,,,'יח,3.95,ל-100 גרם,false,1,16.90,4.28,false,1,
8715700423906,false,מתבל עגבניות 50% פחות סוכר 555 גר`,דיפלומט מפיצים (1968) בע`מ,,,'יח,0.55,ל-100 גרם,false,10,11.90,21.64,true,1,
8717163647226,false,אקס דאודורנט ספריי  גוף בלאק 150 מל,יוניליוור ישראל שיווק בע`מ,,,'יח,1.50,"ל-100 מ""ל",false,1,14.90,9.93,true,1,
8717163647240,false,אקס דאודורנט ספריי  גוף שוקולד  150 מל,יוניליוור ישראל שיווק בע`מ,,,'יח,1.50,"ל-100 מ""ל",false,1,14.90,9.93,true,1,
8717163647264,false,אקס דאודורנט ספריי אייס ציל 150 מל,יוניליוור ישראל שיווק בע`מ,,,'יח,1.50,"ל-100 מ""ל",false,1,14.90,9.93,true,1,
8717677336593,false,שוקולד חלב טוניס 180 גרם,ליימן שליסל בע`מ,,,'יח,1.80,ל-100 גרם,false,1,18.90,10.50,true,1,
8717677338436,false,שוקולד חלב עם אגוזי לוז טוניס 180 גרם,ליימן שליסל בע`מ,,,'יח,1.80,ל-100 גרם,false,1,18.90,10.50,true,1,
8718951159808,false,מברשת שיניים קולגייט 360 שלישייה,ש. שסטוביץ בע`מ,,,'יח,0.75,ל-100 גרם,false,1,29.90,39.87,false,1,
8718951166288,false,קולגייט משחת מקס וייט 125 מל`,ש. שסטוביץ בע`מ,,,'יח,1.25,"ל-100 מ""ל",false,1,19.90,15.92,false,1,
8718951166561,false,קולגייט משחת מקס פרש כחול 125 מל`,ש. שסטוביץ בע`מ,,,'יח,1.25,"ל-100 מ""ל",false,1,19.90,15.92,false,1,
8718951170445,false,קולגייט משחת שיניים Smiles משחת שיניים,ש. שסטוביץ בע`מ,,,'יח,0.50,ל-100 גרם,false,1,11.90,23.80,false,1,
8718951236806,false,קולגייט משחת שיניים טוטאל להלבנה 100גר,ש. שסטוביץ בע`מ,,,'יח,1,ל-100 גרם,false,1,16.90,16.90,true,1,
8718951240742,false,קולגייט טוטאל משחת שיניים פסים מרעננים,ש. שסטוביץ בע`מ,,,'יח,1,ל-100 גרם,false,1,16.90,16.90,true,1,
8718951289833,false,פלמוליב סבון מוצק לומינוס 90 גרם*4,ש. שסטוביץ בע`מ,,,'יח,4,ל-100 גרם,false,1,16.90,4.23,false,1,
8718951315303,false,"מארז קולגייט אדומה ביטיוב 100 מ""ל*2",ש. שסטוביץ בע`מ,,,'יח,2,"ל-100 מ""ל",false,1,19.90,9.95,false,1,
8718951345119,false,אג`קס נוזל לניקוי כללי היביסקוס 2 ליטר,ש. שסטוביץ בע`מ,,,'יח,20,"ל-100 מ""ל",false,1,23.90,1.20,false,1,
8718951381292,false,קולגייט משחת מקס דיטוקס פואם  125 מל`,ש. שסטוביץ בע`מ,,,'יח,1.25,"ל-100 מ""ל",false,1,19.90,15.92,false,1,
8718951385290,false,אג`קס נוזל לניקוי כללי כחול 2 ליטר,ש. שסטוביץ בע`מ,,,'יח,20,"ל-100 מ""ל",false,1,23.90,1.20,false,1,
8718951400597,false,פלמוליב תחליב רחצה קוקוס וחלב 750 מל`,ש. שסטוביץ בע`מ,,,'יח,7.50,"ל-100 מ""ל",false,1,19.90,2.65,true,1,
8718951409798,false,קולגייט מברשת שיניים מקס וויט פחם זוג,ש. שסטוביץ בע`מ,,,'יח,0,ל-100 גרם,false,1,24.90,24.90,false,1,
8718951509627,false,קולגייט משחת שיניים אופטיק וויט 75גר`,ש. שסטוביץ בע`מ,,,'יח,0.75,ל-100 גרם,false,1,26.90,35.87,false,1,
8719200997998,false,מרגרינה בלובנד עם מלח 200 גרם כשלפ,דיפלומט מפיצים (1968) בע`מ,,,'יח,2,ל-100 גרם,false,1,4.90,2.45,false,1,
8719200998001,false,מרגרינה בלובנדבלי מלח 200 גר כשלפ,דיפלומט מפיצים (1968) בע`מ,,,'יח,2,ל-100 גרם,false,1,4.50,2.25,false,1,
8719200998018,false,מרגרינה מחמאה חבילה 200 גרם כשלפ,דיפלומט מפיצים (1968) בע`מ,,,'יח,2,ל-100 גרם,false,1,4.90,2.45,false,1,
8719200998032,false,מרגרינה מזולה בטעם חמאה 250 גר כשלפ,דיפלומט מפיצים (1968) בע`מ,,,'יח,2.50,ל-100 גרם,false,1,10.70,4.28,false,1,
8719200998049,false,מרגרינה מזולה רגילה 250 גר כשלפ,דיפלומט מפיצים (1968) בע`מ,,,'יח,2.50,ל-100 גרם,false,1,10.70,4.28,false,1,
8719200998094,false,מרגרינה מזולה ללא מלח 200גר,דיפלומט מפיצים (1968) בע`מ,,,'יח,2,ל-100 גרם,false,1,6.60,3.30,false,1,
8719200998100,false,מרגרינה מזולה טעם חמאה 200גר,דיפלומט מפיצים (1968) בע`מ,,,'יח,2,ל-100 גרם,false,1,6.60,3.30,false,1,
8720181045912,false,אקס דאודורנט ספריי  גוף אפריקה  150 מל,יוניליוור ישראל שיווק בע`מ,,,'יח,1.50,"ל-100 מ""ל",false,1,14.90,9.93,true,1,
8720181046605,false,דאב דאודורנט ספריי א.פ אוריגניל   150,יוניליוור ישראל שיווק בע`מ,,,'יח,1.50,"ל-100 מ""ל",false,1,15.90,10.60,true,1,
8720181090219,false,דאב סבון תחליב רחצה רימונים  750 מל`,יוניליוור ישראל שיווק בע`מ,,,'יח,7.50,"ל-100 מ""ל",false,1,19.90,2.65,false,1,
8720182256850,false,סבון DOVE מוצק לבן רביעיה 4*90 גרם,יוניליוור ישראל שיווק בע`מ,,,'יח,4,ל-100 גרם,false,1,17.90,4.48,true,1,
8801055708772,false,טסטר ציויס 200 גרם +50 גר`,קבוצת אסם סחר,,,'יח,2,ל-100 גרם,false,1,29.90,14.95,false,1,
8801055709465,false,נס קפה קפוצ`ינו וניל 10יח*17גר`,קבוצת אסם סחר,,,'יח,1.70,ל-100 גרם,false,1,17.90,10.53,false,1,
8801055709472,false,נס קפה קפוצ`ינו קלאסי  10יח*17גר`,קבוצת אסם סחר,,,'יח,1.70,ל-100 גרם,false,1,17.90,10.53,false,1,
8801055709489,false,נס קפה קפוצ`ינו אגוזים  10יח*17גר`,קבוצת אסם סחר,,,'יח,1.70,ל-100 גרם,false,1,17.90,10.53,false,1,
8802241131664,false,חטיף אצות קלויות עם מלח 9 יח`,טחנת האבן קואופ בעמ,,,'יח,2,ל-100 גרם,false,1,22.90,11.45,false,1,
8850389104637,false,סאפה אפרסק 300 מל`,טמפו משקאות בע`מ,,,'יח,3,"ל-100 מ""ל",false,24,7.90,2.53,true,1,
8850389105825,false,סאפה אלוורה 1ל`,טמפו משקאות בע`מ,,,'יח,10,"ל-100 מ""ל",false,12,12.90,1.26,false,1,
8850389105832,false,סאפה אלוורה 1ל`,טמפו משקאות בע`מ,,,'יח,10,"ל-100 מ""ל",false,12,12.90,1.26,false,1,
8850389105849,false,סאפה אלוורה 1ל`,טמפו משקאות בע`מ,,,'יח,10,"ל-100 מ""ל",false,12,12.90,1.26,false,1,
8850389115336,false,סאפה מלון 1ל`,טמפו משקאות בע`מ,,,'יח,10,"ל-100 מ""ל",false,12,12.90,1.26,false,1,
8850632604266,false,חספוסים בטעם קולה 50 גרם יוגטה,ליימן שליסל בע`מ,,,'יח,1,,false,1,4.90,4.90,true,1,
8850632604372,false,חספוסים בטעם תות 50 גרם יוגטה,ליימן שליסל בע`מ,,,'יח,1,,false,1,4.90,4.90,true,1,
8850632604402,false,חספוסים בטעם מעורב 50 גרם יוגטה,ליימן שליסל בע`מ,,,'יח,1,,false,1,4.90,4.90,true,1,
8850632605201,false,חספוסים בטעם תות בננה תפוח 50 גרם יוגטה,ליימן שליסל בע`מ,,,'יח,1,,false,1,4.90,4.90,true,1,
8850632606390,false,חספוסים בטעם אבטיח 50 גרם יוגטה,ליימן שליסל בע`מ,,,'יח,1,,false,1,4.90,4.90,true,1,
8851613101378,false,חלב קוקוס 250 מ`ל,גורי מוצרי צריכה 1991 בע`מ,,,'יח,2.50,ל-100 גרם,false,36,9.90,3.96,false,1,
8851613101385,false,חלב קוקוס 500 מ`ל,גורי מוצרי צריכה 1991 בע`מ,,,'יח,5,"ל-100 מ""ל",false,1,12.90,2.58,false,1,
8852633119039,false,"רוטב דגים 300 מ""ל",טחנת האבן קואופ בעמ,,,'יח,3,"ל-100 מ""ל",false,1,10.90,3.63,false,1,
8858744800064,false,מחית קארי אדום 50  גר`כשר,טחנת האבן קואופ בעמ,,,'יח,1,,false,1,5.90,5.90,false,1,
8901537024014,false,"אורז בסמטי 1 ק""ג",ג. וילי-פוד אינטרנשיונל בע`מ,,,'יח,10,ל-100 גרם,false,1,12.90,1.29,true,1,
8907931003600,false,חטיף צ`יפס בטטה עם מלח ים 30 גרם,משה סידס ובנו בעמ,,,'יח,3,ל-100 גרם,false,1,5.90,1.97,true,1,
8907931003662,false,חטיף צ`יפס בטטה עם ברביקיו 30 גרם,משה סידס ובנו בעמ,,,'יח,3,ל-100 גרם,false,1,5.90,1.97,true,1,
8957123840223,false,פלטה כרמית BT-4011,ד.ש.ש אלקטרוניקה בעמ`,,,'יח,1,'יח,false,1,179,179,false,1,
9001148803103,false,שיני שום קלופות,ביכורי השדה הצפון בעמ` 1964,,,'יח,1,,false,1,9.90,9.90,false,1,
9001395807015,false,חטיף טעם בננה מצופה שוקולד 300 גרם,יעד ממתקים בעמ,,,'יח,3,ל-100 גרם,false,1,10.90,3.63,false,1,
9002975393829,false,גומי הריבו האפי פיצ`ס,משה סידס ובנו בעמ,,,'יח,1,'יח,false,1,6.90,6.90,false,1,
9002975393836,false,גומי הריבו האפי קולה,משה סידס ובנו בעמ,,,'יח,1,'יח,false,1,6.90,6.90,false,1,
9120025834723,false,חטיף אוראו 120 גרם,ג. וילי-פוד אינטרנשיונל בע`מ,,,'יח,1.20,ל-100 גרם,false,1,14.90,12.42,false,1,
9120025839896,false,חטיף מילקה 120 גרם,ג. וילי-פוד אינטרנשיונל בע`מ,,,'יח,1.20,ל-100 גרם,false,1,14.90,12.42,false,1,
9120097310545,false,חטיף מיני מיניונים,ג. וילי-פוד אינטרנשיונל בע`מ,,,'יח,1.20,ל-100 גרם,false,1,14.90,12.42,false,1,
9120097310583,false,חטיף שוקו בננה מיניונים 108 גרם,ג. וילי-פוד אינטרנשיונל בע`מ,,,'יח,1.08,ל-100 גרם,false,1,14.90,13.80,false,1,
9272345678041,false,מפת שולחן עם גומי לשולחן מתקפל,ד.ג.ש ייבוא ושיווק בעמ,,,'יח,1,,false,1,24.90,24.90,false,1,
9272345678065,false,מגן ארונות TONY,ד.ג.ש ייבוא ושיווק בעמ,,,'יח,1,,false,1,9.90,9.90,false,1,
9272345678072,false,מצע גמיש TONY,ד.ג.ש ייבוא ושיווק בעמ,,,'יח,1,,false,1,14.90,14.90,false,1,
9310072028750,false,טים טם דאבל 200 גר`,משה סידס ובנו בעמ,,,'יח,2,ל-100 גרם,false,1,19.90,9.95,false,1,
9725331915519,false,קערת נירוסטה צבעונית 15 סמ,שחורי אריה ואנסטסיה,,,'יח,1,,false,1,14.90,14.90,false,1,
9725331915526,false,קערת נירוסטה צבעונית 20 סמ,שחורי אריה ואנסטסיה,,,'יח,1,,false,1,19.90,19.90,false,1,
9725331915533,false,קערת ניקוסטה צבעונית 23 סמ,שחורי אריה ואנסטסיה,,,'יח,1,,false,1,23.90,23.90,false,1,
9771565025005,false,עיתון מעריב סופשבוע,ג`רוזלם פוסט בעמ,,,'יח,1,,false,1,6,6,false,1,
9780201305890,false,שואב אבק ציקלון BENATON BT,ד.ש.ש אלקטרוניקה בעמ`,,,'יח,1,,false,1,199,199,false,1,
9780201322255,false,קומקום נירוסטה 2.2 BT-2225,ד.ש.ש אלקטרוניקה בעמ`,,,'יח,0,'יח,false,1,79,79,false,1,
9780201379655,false,משטח גירוד קרטון שטוח,שחורי אריה ואנסטסיה,,,'יח,1,,false,1,29.90,29.90,false,1,
9780204022251,false,קומקום צבעוני BT-2225,ד.ש.ש אלקטרוניקה בעמ`,,,'יח,0,'יח,false,1,99,99,false,1,
72901178601337,true,הוואי תחליב בניחוח פרח הקמליה 700 מל`,הנקל סוד בע`מ,,,'יח,1.50,לליטר,false,1,9.90,6.60,false,1,
