code,internal_code,name,manufacturer_name,manufacture_country,manufacturer_item_description,unit_qty,quantity,unit_of_measure,weighted,qty_in_package,price,unit_of_measure_price,allow_discount,status,item_id
10,true,תיבה 20+,,,תיבה 20+,אין,0.00,יחידה,false,,45.00,0.0000,true,1,7209
55,true,משלוחים לבית,,,משלוחים לבית,אין,0.00,יחידה,false,,29.90,0.0000,true,1,22021
64,true,תוספת משלוח לבית בקנ,,,תוספת משלוח לבית בקנ,אין,0.00,יחידה,false,,20.00,0.0000,true,1,26130
103,true,לחמניה בריאות,,,לחמניה בריאות,יח',1.00,יח',false,,4.20,4.2000,true,1,4977
116,true,פלסטונים,,,פלסטונים,אין,0.00,יחידה,false,,4.90,0.0000,true,1,12676
121,true,משלוח לקוח מוסדי,,,משלוח לקוח מוסדי,אין,0.00,יחידה,false,,45.00,0.0000,true,1,88509
161,true,קישוא עגול,,,קישוא עגול,קילוגרמים,1.00,"ק""ג",true,,12.90,12.9000,true,1,32442
163,true,פטריות שמפיניון תפזו,,,פטריות שמפיניון תפזו,קילוגרמים,1.00,"ק""ג",true,,39.90,39.9000,true,1,31164
164,true,פטריות חורש תפזורת,,,פטריות חורש תפזורת,קילוגרמים,1.00,"ק""ג",true,,39.90,39.9000,true,1,25687
173,true,דלעת ערמונים,,,דלעת ערמונים,קילוגרמים,1.00,"ק""ג",true,,11.90,11.9000,true,1,646
301,true,בקבוק ריק חוזר בירה,,,בקבוק ריק חוזר בירה,אין,0.00,יחידה,false,,1.20,0.0000,true,1,7303
352,true,לחמניית ראנצ`,,,לחמניית ראנצ`,אין,0.00,יחידה,false,,2.90,0.0000,true,1,6022
374,true,פטריות שמפניון,,,פטריות שמפניון,יח',1.00,יח',false,,8.90,8.9000,true,1,32443
395,true,לחמניה/כריך ילדים,,,לחמניה/כריך ילדים,יח',1.00,יח',false,,2.50,2.5000,true,1,4983
519,true,מעורב בבגט,,,מעורב בבגט,אין,0.00,יחידה,false,,25.00,0.0000,true,1,232230
652,true,כריך פרצל,,,כריך פרצל,יח',1.00,יח',false,,4.50,4.5000,true,1,4991
992,true,חסה משי אדומה ראש אח,,,חסה משי אדומה ראש אח,יח',1.00,יח',false,,6.90,6.9000,true,1,29348
996,true,חלה קלועה,,,חלה קלועה,יח',1.00,יח',false,,11.90,11.9000,true,1,4994
998,true,חלה מתוקה קלועה,,,חלה מתוקה קלועה,יח',1.00,יח',false,,11.90,11.9000,true,1,4996
1009,true,בגט שלם,,,בגט שלם,יח',1.00,יח',false,,4.90,4.9000,true,1,5000
1014,true,בגט רוסטיק,,,בגט רוסטיק,יח',1.00,יח',false,,8.50,8.5000,true,1,5002
1020,true,שליש בגט,,,שליש בגט,יח',1.00,יח',false,,2.70,2.7000,true,1,5004
1028,true,חצי בגט,,,חצי בגט,יח',1.00,יח',false,,3.50,3.5000,true,1,5005
1058,true,חלה רגילה/חלה ציפורי,,,חלה רגילה/חלה ציפורי,גרמים,500.00,100 גרם,false,,5.17,0.0103,true,1,6024
1073,true,סופגניה גדולה בודדת,,,סופגניה גדולה בודדת,אין,0.00,יחידה,false,,3.90,0.0000,true,1,31290
1091,true,צנונית בייבי,,,צנונית בייבי,גרמים,400.00,100 גרם,false,,5.90,0.0148,true,1,22684
1095,true,בייבי בטטה,,,בייבי בטטה,יח',1.00,יח',false,,6.90,6.9000,true,1,2699
1128,true,אגס חום,,,אגס חום,קילוגרמים,1.00,"ק""ג",true,,15.90,15.9000,true,1,32446
1476,true,לימון סיני,,,לימון סיני,קילוגרמים,1.00,"ק""ג",true,,12.90,12.9000,true,1,32448
1477,true,עגבניות מגי,,,עגבניות מגי,גרמים,450.00,100 גרם,false,,14.90,0.0331,true,1,32449
1481,true,שזיף שגיב,,,שזיף שגיב,קילוגרמים,1.00,"ק""ג",true,,17.90,17.9000,true,1,32451
1486,true,פומלה אדומה,,,פומלה אדומה,קילוגרמים,1.00,"ק""ג",true,,7.90,7.9000,true,1,32453
1488,true,אשכולית אדומה,,,אשכולית אדומה,קילוגרמים,1.00,"ק""ג",true,,6.90,6.9000,true,1,3240
1494,true,תפו`א לבן תפזורת,,,תפו`א לבן תפזורת,קילוגרמים,1.00,"ק""ג",true,,4.90,4.9000,true,1,32457
1495,true,תפו`א  אדום תפזורת,,,תפו`א  אדום תפזורת,קילוגרמים,1.00,"ק""ג",true,,5.90,5.9000,true,1,2701
1499,true,עגבניות תמר,,,עגבניות תמר,קילוגרמים,1.00,"ק""ג",true,,4.90,4.9000,true,1,32459
1500,true,פלפל כתום,,,פלפל כתום,קילוגרמים,1.00,"ק""ג",true,,10.90,10.9000,true,1,32460
1501,true,עגבניות,,,עגבניות,קילוגרמים,1.00,"ק""ג",true,,6.90,6.9000,true,1,32461
1502,true,מלפפונים,,,מלפפונים,קילוגרמים,1.00,"ק""ג",true,,5.90,5.9000,true,1,2302
1503,true,גזר ארוז,,,גזר ארוז,קילוגרמים,1.00,"ק""ג",true,,3.90,3.9000,true,1,32462
1504,true,סלק,,,סלק,קילוגרמים,1.00,"ק""ג",true,,3.90,3.9000,true,1,32463
1505,true,כרוב לבן,,,כרוב לבן,קילוגרמים,1.00,"ק""ג",true,,3.90,3.9000,true,1,32464
1506,true,כרוב אדום,,,כרוב אדום,קילוגרמים,1.00,"ק""ג",true,,5.90,5.9000,true,1,2303
1507,true,כרובית,,,כרובית,קילוגרמים,1.00,"ק""ג",true,,8.90,8.9000,true,1,660
1510,true,קישואים,,,קישואים,קילוגרמים,1.00,"ק""ג",true,,8.90,8.9000,true,1,661
1511,true,חצילים,,,חצילים,קילוגרמים,1.00,"ק""ג",true,,8.90,8.9000,true,1,662
1513,true,פלפל ירוק,,,פלפל ירוק,קילוגרמים,1.00,"ק""ג",true,,9.90,9.9000,true,1,32466
1514,true,פלפל בהיר,,,פלפל בהיר,קילוגרמים,1.00,"ק""ג",true,,9.90,9.9000,true,1,32467
1515,true,פלפל חריף,,,פלפל חריף,קילוגרמים,1.00,"ק""ג",true,,9.90,9.9000,true,1,32468
1516,true,פלפל אדום,,,פלפל אדום,קילוגרמים,1.00,"ק""ג",true,,9.90,9.9000,true,1,239
1517,true,פלפל רומרו,,,פלפל רומרו,קילוגרמים,1.00,"ק""ג",true,,12.90,12.9000,true,1,32469
1518,true,מלון,,,מלון,קילוגרמים,1.00,"ק""ג",true,,6.90,6.9000,true,1,32470
1519,true,בצל יבש,,,בצל יבש,קילוגרמים,1.00,"ק""ג",true,,3.90,3.9000,true,1,2769
1521,true,קולורבי,,,קולורבי,קילוגרמים,1.00,"ק""ג",true,,7.90,7.9000,true,1,32471
1522,true,חסה ערבית,,,חסה ערבית,יח',1.00,יח',false,,4.90,4.9000,true,1,32472
1525,true,חציל ננסי,,,חציל ננסי,קילוגרמים,1.00,"ק""ג",true,,16.90,16.9000,true,1,32474
1527,true,פטרוזיליה גומי,,,פטרוזיליה גומי,יח',1.00,יח',false,,3.50,3.5000,true,1,22685
1528,true,כוסברה גומי,,,כוסברה גומי,יח',1.00,יח',false,,3.50,3.5000,true,1,22686
1529,true,שמיר גומי,,,שמיר גומי,יח',1.00,יח',false,,3.50,3.5000,true,1,22687
1530,true,נענע גומי,,,נענע גומי,יח',1.00,יח',false,,3.50,3.5000,true,1,22688
1531,true,לפת,,,לפת,קילוגרמים,1.00,"ק""ג",true,,5.90,5.9000,true,1,32476
1535,true,תפו`א אדום ארוז,,,תפו`א אדום ארוז,קילוגרמים,1.00,"ק""ג",true,,4.90,4.9000,true,1,32478
1536,true,תפוז סיני,,,תפוז סיני,קילוגרמים,1.00,"ק""ג",true,,9.90,9.9000,true,1,32479
1540,true,חזרת,,,חזרת,אלף,1.00,"ק""ג",false,,39.90,39.9000,true,1,32480
1541,true,ארטישוק,,,ארטישוק,קילוגרמים,1.00,"ק""ג",true,,5.90,5.9000,true,1,32481
1545,true,שום ארוז ייבוא יח',,,שום ארוז ייבוא יח',יח',1.00,יח',false,,4.90,4.9000,true,1,32485
1547,true,שומר,,,שומר,קילוגרמים,1.00,"ק""ג",true,,6.90,6.9000,true,1,32487
1550,true,תפו`א לבן ארוז,,,תפו`א לבן ארוז,קילוגרמים,1.00,"ק""ג",true,,3.90,3.9000,true,1,32488
1551,true,לימון,,,לימון,קילוגרמים,1.00,"ק""ג",true,,7.90,7.9000,true,1,32489
1552,true,תפוז,,,תפוז,קילוגרמים,1.00,"ק""ג",true,,5.90,5.9000,true,1,32490
1553,true,ענב לבן,,,ענב לבן,קילוגרמים,1.00,"ק""ג",true,,29.90,29.9000,true,1,3424
1555,true,תפוז ארוז,,,תפוז ארוז,קילוגרמים,1.00,"ק""ג",true,,6.90,6.9000,true,1,2771
1556,true,בננה מובחרת,,,בננה מובחרת,קילוגרמים,1.00,"ק""ג",true,,8.90,8.9000,true,1,2304
1558,true,אשכולית צהובה,,,אשכולית צהובה,קילוגרמים,1.00,"ק""ג",true,,6.90,6.9000,true,1,32493
1560,true,דלעת ארוזה,,,דלעת ארוזה,קילוגרמים,1.00,"ק""ג",true,,9.90,9.9000,true,1,32494
1561,true,תפוח עץ זהוב,,,תפוח עץ זהוב,קילוגרמים,1.00,"ק""ג",true,,9.90,9.9000,true,1,32495
1562,true,תפוח עץ יונתן,,,תפוח עץ יונתן,קילוגרמים,1.00,"ק""ג",true,,9.90,9.9000,true,1,32496
1563,true,תפוח עץ חרמון,,,תפוח עץ חרמון,קילוגרמים,1.00,"ק""ג",true,,9.90,9.9000,true,1,663
1564,true,תפוח עץ סמיט,,,תפוח עץ סמיט,קילוגרמים,1.00,"ק""ג",true,,9.90,9.9000,true,1,32497
1566,true,אפרסק,,,אפרסק,קילוגרמים,1.00,"ק""ג",true,,11.90,11.9000,true,1,2718
1568,true,רימון,,,רימון,קילוגרמים,1.00,"ק""ג",true,,8.90,8.9000,true,1,32499
1570,true,קלמנטינה,,,קלמנטינה,קילוגרמים,1.00,"ק""ג",true,,5.90,5.9000,true,1,2305
1572,true,אבוקדו מובחר,,,אבוקדו מובחר,קילוגרמים,1.00,"ק""ג",true,,12.90,12.9000,true,1,32500
1573,true,מנגו,,,מנגו,קילוגרמים,1.00,"ק""ג",true,,11.90,11.9000,true,1,32501
1574,true,בטטה מתוקה,,,בטטה מתוקה,קילוגרמים,1.00,"ק""ג",true,,8.90,8.9000,true,1,32502
1576,true,אגס,,,אגס,קילוגרמים,1.00,"ק""ג",true,,9.90,9.9000,true,1,664
1577,true,אגס נאשי,,,אגס נאשי,קילוגרמים,1.00,"ק""ג",true,,15.90,15.9000,true,1,32503
1581,true,פלפל צהוב,,,פלפל צהוב,קילוגרמים,1.00,"ק""ג",true,,10.90,10.9000,true,1,32505
1583,true,נקטרינה,,,נקטרינה,קילוגרמים,1.00,"ק""ג",true,,11.90,11.9000,true,1,32506
1585,true,קובו,,,קובו,קילוגרמים,1.00,"ק""ג",true,,23.90,23.9000,true,1,2720
1588,true,תירס ארוז,,,תירס ארוז,קילוגרמים,1.00,"ק""ג",true,,9.90,9.9000,true,1,2772
1591,true,ענב אדום,,,ענב אדום,קילוגרמים,1.00,"ק""ג",true,,22.90,22.9000,true,1,3566
1595,true,חציל בלדי,,,חציל בלדי,קילוגרמים,1.00,"ק""ג",true,,9.90,9.9000,true,1,2773
1599,true,חבושים,,,חבושים,קילוגרמים,1.00,"ק""ג",true,,16.90,16.9000,true,1,32512
1601,true,סלרי חתוך ליח,,,סלרי חתוך ליח,יח',1.00,יח',false,,6.90,6.9000,true,1,29351
1604,true,אפרסמון,,,אפרסמון,קילוגרמים,1.00,"ק""ג",true,,15.90,15.9000,true,1,665
1605,true,גויאבה,,,גויאבה,קילוגרמים,1.00,"ק""ג",true,,16.90,16.9000,true,1,32514
1606,true,אנונה,,,אנונה,קילוגרמים,1.00,"ק""ג",true,,29.90,29.9000,true,1,32515
1607,true,תפו`א קטן אפיה ארוז,,,תפו`א קטן אפיה ארוז,קילוגרמים,1.00,"ק""ג",true,,3.90,3.9000,true,1,32516
1608,true,זנגוויל\גינגיר תפזור,,,זנגוויל\גינגיר תפזור,קילוגרמים,1.00,"ק""ג",true,,24.90,24.9000,true,1,32517
1610,true,שרי אשכולות לקג,,,שרי אשכולות לקג,קילוגרמים,1.00,"ק""ג",true,,18.90,18.9000,true,1,666
1613,true,דלורית,,,דלורית,קילוגרמים,1.00,"ק""ג",true,,5.90,5.9000,true,1,32518
1614,true,סברס,,,סברס,קילוגרמים,1.00,"ק""ג",true,,32.90,32.9000,true,1,2949
1615,true,בצל אדום,,,בצל אדום,קילוגרמים,1.00,"ק""ג",true,,5.90,5.9000,true,1,32519
1617,true,אננס,,,אננס,יח',1.00,יח',false,,36.90,36.9000,true,1,32520
1618,true,אפרסמון קרמבו,,,אפרסמון קרמבו,קילוגרמים,1.00,"ק""ג",true,,21.90,21.9000,true,1,2774
1619,true,פומלית,,,פומלית,קילוגרמים,1.00,"ק""ג",true,,6.90,6.9000,true,1,32521
1620,true,קיווי,,,קיווי,קילוגרמים,1.00,"ק""ג",true,,18.90,18.9000,true,1,2775
1632,true,קישוא זוקיני ירוק,,,קישוא זוקיני ירוק,קילוגרמים,1.00,"ק""ג",true,,11.90,11.9000,true,1,2777
1634,true,פפאיה,,,פפאיה,קילוגרמים,1.00,"ק""ג",true,,16.90,16.9000,true,1,32523
1635,true,אגס אדום,,,אגס אדום,קילוגרמים,1.00,"ק""ג",true,,15.90,15.9000,true,1,32524
1636,true,פיטאיה,,,פיטאיה,גרמים,700.00,100 גרם,false,,17.90,0.0256,true,1,2836
1645,true,תפוח עץ גלה,,,תפוח עץ גלה,קילוגרמים,1.00,"ק""ג",true,,9.90,9.9000,true,1,32525
1646,true,סלרי ראש,,,סלרי ראש,יח',1.00,יח',false,,5.90,5.9000,true,1,29851
1667,true,לוף תפזורת,,,לוף תפזורת,קילוגרמים,1.00,"ק""ג",true,,15.90,15.9000,true,1,32527
1670,true,"בטטה קסביה (תפו""א יר",,,"בטטה קסביה (תפו""א יר",קילוגרמים,1.00,"ק""ג",true,,15.90,15.9000,true,1,32530
1673,true,קישוא כרעה,,,קישוא כרעה,קילוגרמים,1.00,"ק""ג",true,,12.90,12.9000,true,1,32531
1683,true,תפוח עץ פינק קריפס,,,תפוח עץ פינק קריפס,קילוגרמים,1.00,"ק""ג",true,,15.90,15.9000,true,1,2528
1688,true,דלעת יפנית,,,דלעת יפנית,קילוגרמים,1.00,"ק""ג",true,,14.90,14.9000,true,1,2950
1708,true,גזר תפזורת,,,גזר תפזורת,קילוגרמים,1.00,"ק""ג",true,,4.90,4.9000,true,1,32536
1733,true,שורש פטרוזיליה,,,שורש פטרוזיליה,יח',1.00,יח',false,,5.90,5.9000,true,1,29983
1814,true,בצלצלי שאלוט,,,בצלצלי שאלוט,גרמים,280.00,100 גרם,false,,14.90,0.0532,true,1,22689
1841,true,תפוח פינק קריפס  מאר,,,תפוח פינק קריפס  מאר,גרמים,600.00,100 גרם,false,,10.90,0.0182,true,1,32544
1845,true,שעועית ירוקה יח`,,,שעועית ירוקה יח`,יח',1.00,יח',false,,15.90,15.9000,true,1,25688
1859,true,שיבה ליח',,,שיבה ליח',יח',1.00,יח',false,,4.90,4.9000,true,1,22690
1876,true,עירית ליח,,,עירית ליח,יח',1.00,יח',false,,5.90,5.9000,true,1,25690
1883,true,שום יבש תפזורת,,,שום יבש תפזורת,קילוגרמים,1.00,"ק""ג",true,,17.90,17.9000,true,1,32546
1941,true,ענב שחור,,,ענב שחור,קילוגרמים,1.00,"ק""ג",true,,22.90,22.9000,true,1,3568
1989,true,תירס לבן ארוז יח',,,תירס לבן ארוז יח',אלף,1.20,"ק""ג",false,,8.90,7.4167,true,1,2755
2024,true,מאפה פילו מתוק/מלוח,,,מאפה פילו מתוק/מלוח,קילוגרמים,1.00,"ק""ג",true,,39.00,39.0000,true,1,34071
2026,true,קוקיס חלבי,,,קוקיס חלבי,קילוגרמים,1.00,"ק""ג",true,,49.00,49.0000,true,1,34085
2027,true,קוקיס פרווה,,,קוקיס פרווה,קילוגרמים,1.00,"ק""ג",true,,49.00,49.0000,true,1,34086
2244,true,חלה וויזניץ 500 גרם,,,חלה וויזניץ 500 גרם,יח',1.00,יח',false,,17.90,17.9000,true,1,432627
2357,true,זיתים מבושלים מזרחי,,,זיתים מבושלים מזרחי,קילוגרמים,1.00,"ק""ג",true,,49.90,49.9000,true,1,22065
3500,true,עוף טרי שלם,,,עוף טרי שלם,קילוגרמים,1.00,"ק""ג",true,,18.90,18.9000,true,1,2944
3501,true,כרעיים עוף טרי,,,כרעיים עוף טרי,קילוגרמים,1.00,"ק""ג",true,,26.90,26.9000,true,1,2945
3502,true,חזה עוף טרי,,,חזה עוף טרי,קילוגרמים,1.00,"ק""ג",true,,31.90,31.9000,true,1,2967
3506,true,גרון הודו זכר טרי,,,גרון הודו זכר טרי,קילוגרמים,1.00,"ק""ג",true,,29.90,29.9000,true,1,17313
3507,true,שניצל עוף פרוס טרי,,,שניצל עוף פרוס טרי,קילוגרמים,1.00,"ק""ג",true,,34.90,34.9000,true,1,2968
3508,true,כנפים הודו טרי,,,כנפים הודו טרי,קילוגרמים,1.00,"ק""ג",true,,17.90,17.9000,true,1,17314
3511,true,חזה הודו טרי,,,חזה הודו טרי,קילוגרמים,1.00,"ק""ג",true,,28.90,28.9000,true,1,17315
3512,true,שוארמה נקבה טרי,,,שוארמה נקבה טרי,קילוגרמים,1.00,"ק""ג",true,,69.90,69.9000,true,1,17316
3517,true,שוקיים פטם טרי,,,שוקיים פטם טרי,קילוגרמים,1.00,"ק""ג",true,,27.90,27.9000,true,1,2946
3520,true,ירכיים עוף טרי,,,ירכיים עוף טרי,קילוגרמים,1.00,"ק""ג",true,,26.90,26.9000,true,1,2947
3522,true,שוארמה פרגיות טרי,,,שוארמה פרגיות טרי,קילוגרמים,1.00,"ק""ג",true,,54.90,54.9000,true,1,17320
3523,true,טחון עגל מקפוא,,,טחון עגל מקפוא,קילוגרמים,1.00,"ק""ג",true,,34.90,34.9000,true,1,28884
3535,true,פילה עוף טרי,,,פילה עוף טרי,קילוגרמים,1.00,"ק""ג",true,,34.90,34.9000,true,1,2969
3540,true,שוק הודו מפורק טרי,,,שוק הודו מפורק טרי,קילוגרמים,1.00,"ק""ג",true,,54.90,54.9000,true,1,17326
3546,true,בשר עוף טרי טחון,,,בשר עוף טרי טחון,קילוגרמים,1.00,"ק""ג",true,,36.90,36.9000,true,1,3493
3611,true,זנבות הודו טרי,,,זנבות הודו טרי,קילוגרמים,1.00,"ק""ג",true,,5.90,5.9000,true,1,17328
4015,true,קוקוס ראש,,,קוקוס ראש,יח',1.00,יח',false,,5.90,5.9000,true,1,2783
5202,true,לחמניה שמיניה דגנים,,,לחמניה שמיניה דגנים,יח',1.00,יח',false,,3.90,3.9000,true,1,5041
6164,true,אגוז מלך קלוף,,,אגוז מלך קלוף,קילוגרמים,1.00,"ק""ג",true,,89.00,89.0000,true,1,20429
6175,true,שישיית מי עדן  1.5 ל,,,שישיית מי עדן  1.5 ל,אין,0.00,יחידה,false,,0.01,0.0000,true,1,319561
6303,true,6 יח' יאמיס,,,6 יח' יאמיס,יח',1.00,יח',false,,15.70,15.7000,true,1,5043
6669,true,פאקן טבעי,,,פאקן טבעי,קילוגרמים,1.00,"ק""ג",true,,129.00,129.0000,true,1,20431
6683,true,חמניות קלופות,,,חמניות קלופות,קילוגרמים,1.00,"ק""ג",true,,45.00,45.0000,true,1,20432
6751,true,מנצ`יס,,,מנצ`יס,קילוגרמים,1.00,"ק""ג",true,,55.00,55.0000,true,1,20433
7147,true,תערובת פיצוחים,,,תערובת פיצוחים,קילוגרמים,1.00,"ק""ג",true,,89.00,89.0000,true,1,20434
7208,true,שקד טבעי ענק,,,שקד טבעי ענק,קילוגרמים,1.00,"ק""ג",true,,89.00,89.0000,true,1,20435
7444,true,חמצוצים לק`ג,,,חמצוצים לק`ג,קילוגרמים,1.00,"ק""ג",true,,46.00,46.0000,true,1,20438
7451,true,גרעין שחור קלוי,,,גרעין שחור קלוי,קילוגרמים,1.00,"ק""ג",true,,29.00,29.0000,true,1,20439
7664,true,שרי תמר תפזורת לובלו,,,שרי תמר תפזורת לובלו,קילוגרמים,1.00,"ק""ג",true,,19.90,19.9000,true,1,32548
7703,true,אגוז ברזיל טבעי,,,אגוז ברזיל טבעי,קילוגרמים,1.00,"ק""ג",true,,90.00,90.0000,true,1,20441
8625,true,פרלינים במשקל,,,פרלינים במשקל,קילוגרמים,1.00,"ק""ג",true,,89.00,89.0000,true,1,20446
8888,true,פיקדון זיכוי לקוח,,,פיקדון זיכוי לקוח,אין,0.00,יחידה,false,,0.30,0.0000,true,1,22146
9996,true,פיצה נפוליטנה ב- 14.,,,פיצה נפוליטנה ב- 14.,אין,0.00,יחידה,false,,0.01,0.0000,true,1,422488
9999,true,פיקדון בקבוקים,,,פיקדון בקבוקים,אין,0.00,יחידה,false,,0.30,0.0000,true,1,1844
77650,true,זית יווני שבור,,,זית יווני שבור,קילוגרמים,1.00,"ק""ג",true,,59.00,59.0000,true,1,153240
77667,true,מלפפון תפזורת,,,מלפפון תפזורת,קילוגרמים,1.00,"ק""ג",true,,30.00,30.0000,true,1,153254
5678585,true,ענב סקרלוטה,,,ענב סקרלוטה,קילוגרמים,1.00,"ק""ג",true,,22.90,22.9000,true,1,2842
15983006,false,חסה רומית שדות בר,,,חסה רומית שדות בר,קילוגרמים,1.00,"ק""ג",true,,30.00,30.0000,true,1,30500
15983013,false,שדות בר חסה אייסברג,,,שדות בר חסה אייסברג,קילוגרמים,1.00,"ק""ג",true,,30.00,30.0000,true,1,30501
15983051,false,לוף/כרישה שטוף שדות,,,לוף/כרישה שטוף שדות,קילוגרמים,1.00,"ק""ג",true,,30.00,30.0000,true,1,30504
15983075,false,בצל ירוק שטוף שדות ב,,,בצל ירוק שטוף שדות ב,קילוגרמים,1.00,"ק""ג",true,,30.00,30.0000,true,1,30505
15983129,false,פלפלונים שדות בר,,,פלפלונים שדות בר,קילוגרמים,1.00,"ק""ג",true,,30.00,30.0000,true,1,30508
15983143,false,מלפפון בייבי שדות בר,,,מלפפון בייבי שדות בר,קילוגרמים,1.00,"ק""ג",true,,30.00,30.0000,true,1,30510
32147230,false,מיץ לימון סיצילייה 2,,,מיץ לימון סיצילייה 2,מיליליטרים,200.00,"100 מ""ל",false,,6.90,0.0345,true,1,6451
40084107,false,ביצת קינדר,,,ביצת קינדר,גרמים,20.00,100 גרם,false,,5.90,0.2950,true,1,25631
40099132,false,הובה בובה צאנק תות 3,,,הובה בובה צאנק תות 3,גרמים,35.00,100 גרם,false,,3.00,0.0857,true,1,14081
40111216,false,חטיף שוקולד באונטי 5,,,חטיף שוקולד באונטי 5,גרמים,57.00,100 גרם,false,,3.90,0.0684,true,1,14082
42123866,false,הובה בובה צ'אנק קלאס,,,הובה בובה צ'אנק קלאס,גרמים,35.00,100 גרם,false,,3.00,0.0857,true,1,14085
50398904,false,קרם חמצן 6% אינדולה,,,קרם חמצן 6% אינדולה,מיליליטרים,60.00,"100 מ""ל",false,,4.50,0.0750,true,1,7856
50398911,false,אינדולה קרם חמצן 9%,,,אינדולה קרם חמצן 9%,מיליליטרים,60.00,"100 מ""ל",false,,4.00,0.0667,true,1,7857
59039549,false,ווג קופסא בודדת פריס,,,ווג קופסא בודדת פריס,אין,0.00,יחידה,false,,37.50,0.0000,false,1,5789
59068907,false,פאל מאל כחול דמי סלי,,,פאל מאל כחול דמי סלי,אין,0.00,יחידה,false,,26.00,0.0000,false,1,5790
59082637,false,רקסונה רול-און אקסטר,,,רקסונה רול-און אקסטר,מיליליטרים,50.00,"100 מ""ל",false,,14.90,0.2980,true,1,8945
72940754,false,"מילקי וניל 170 מ""ל",,,"מילקי וניל 170 מ""ל",מיליליטרים,170.00,"100 מ""ל",false,,2.90,0.0171,true,1,15399
72940761,false,מילקי שוקולד מהדרין,,,מילקי שוקולד מהדרין,מיליליטרים,170.00,"100 מ""ל",false,,2.90,0.0171,true,1,15400
72940952,false,מילקי אקסטראה קצפת מ,,,מילקי אקסטראה קצפת מ,מיליליטרים,110.00,"100 מ""ל",false,,3.50,0.0318,true,1,15401
72940983,false,אחלה חומוס 250ג,,,אחלה חומוס 250ג,גרמים,250.00,100 גרם,false,,6.90,0.0276,true,1,15403
72941041,false,מיני מילקי שוקולד 70,,,מיני מילקי שוקולד 70,מיליליטרים,70.00,"100 מ""ל",false,,2.50,0.0357,true,1,15404
72945308,false,שמרית קוביות שמרים ל,,,שמרית קוביות שמרים ל,גרמים,50.00,100 גרם,false,,3.50,0.0700,true,1,15405
72961506,false,פרילי תות 1.5% 125מל,,,פרילי תות 1.5% 125מל,מיליליטרים,125.00,"100 מ""ל",false,,3.50,0.0280,true,1,16635
72961520,false,פרילי אננס 1.5% 125מ,,,פרילי אננס 1.5% 125מ,מיליליטרים,125.00,"100 מ""ל",false,,3.50,0.0280,true,1,16637
72961544,false,באדי תות 125מל,,,באדי תות 125מל,מיליליטרים,125.00,"100 מ""ל",false,,2.90,0.0232,true,1,16638
72963753,false,תנובה שמנת של פעם 27,,,תנובה שמנת של פעם 27,מיליליטרים,200.00,"100 מ""ל",false,,4.00,0.0200,true,1,16642
72964422,false,תנובה יוגורט פרחים 4,,,תנובה יוגורט פרחים 4,מיליליטרים,200.00,"100 מ""ל",false,,2.90,0.0145,true,1,16645
72986370,false,גלידת פיינטים וניל צ,,,גלידת פיינטים וניל צ,מיליליטרים,420.00,"100 מ""ל",false,,19.90,0.0474,true,1,10969
72986424,false,גלידת פיינטים קרם עו,,,גלידת פיינטים קרם עו,מיליליטרים,420.00,"100 מ""ל",false,,19.90,0.0474,true,1,10970
72986448,false,גלידת טופי קרנץ,,,גלידת טופי קרנץ,מיליליטרים,420.00,"100 מ""ל",false,,19.90,0.0474,true,1,10971
72986455,false,גלידת פיינטים ניו-יו,,,גלידת פיינטים ניו-יו,מיליליטרים,420.00,"100 מ""ל",false,,19.90,0.0474,true,1,10972
72986479,false,גלידת פיינטים צאנקי,,,גלידת פיינטים צאנקי,מיליליטרים,420.00,"100 מ""ל",false,,19.90,0.0474,true,1,10973
72989425,false,גלידת פיינטים שוקולד,,,גלידת פיינטים שוקולד,מיליליטרים,500.00,"100 מ""ל",false,,19.90,0.0398,true,1,10974
80001287,false,חטיף גרדנה אגוז 38 ג,,,חטיף גרדנה אגוז 38 ג,גרמים,38.00,100 גרם,false,,3.50,0.0921,true,1,10022
80001485,false,גרדנה קוקוס 38 גרם,,,גרדנה קוקוס 38 גרם,גרמים,38.00,100 גרם,false,,3.50,0.0921,true,1,10024
80042556,false,עגבניות MUTTI מרוסקו,,,עגבניות MUTTI מרוסקו,גרמים,400.00,100 גרם,false,,5.90,0.0148,true,1,93078
80042563,false,רסק עגבניות פאסטה מו,,,רסק עגבניות פאסטה מו,גרמים,700.00,100 גרם,false,,9.90,0.0141,true,1,31865
80050124,false,טיק טק סוכריות,,,טיק טק סוכריות,גרמים,16.00,100 גרם,false,,2.90,0.1812,true,1,25633
80052760,false,חטיף קינדר בואנו שוק,,,חטיף קינדר בואנו שוק,גרמים,43.00,100 גרם,false,,3.90,0.0907,true,1,25637
80136194,false,הפי היפו 5*20ג,,,הפי היפו 5*20ג,גרמים,102.00,100 גרם,false,,11.90,0.1167,true,1,25638
80176800,false,ממרח שוקולד נוטלה 75,,,ממרח שוקולד נוטלה 75,גרמים,750.00,100 גרם,false,,25.90,0.0345,true,1,25640
80177173,false,ממרח נוטלה קקאו עם א,,,ממרח נוטלה קקאו עם א,גרמים,350.00,100 גרם,false,,14.90,0.0426,true,1,25641
80177609,false,קינדר אצבעות שוק.חלב,,,קינדר אצבעות שוק.חלב,גרמים,50.00,100 גרם,false,,4.50,0.0900,true,1,25643
80177616,false,אצבעות שוקולד קינדר,,,אצבעות שוקולד קינדר,גרמים,100.00,100 גרם,false,,7.90,0.0790,true,1,25644
80718758,false,טונה בשמן זית 160 גר,,,טונה בשמן זית 160 גר,גרמים,160.00,100 גרם,false,,22.90,0.1431,true,1,29508
80761761,false,קינדר בואנו לבן 39ג,,,קינדר בואנו לבן 39ג,גרמים,43.00,100 גרם,false,,3.90,0.0907,true,1,25646
80768258,false,קינדר גוי בודד ורוד,,,קינדר גוי בודד ורוד,גרמים,20.00,100 גרם,false,,5.90,0.2950,true,1,25647
80768838,false,מסטיק מנטוס וויט מנט,,,מסטיק מנטוס וויט מנט,גרמים,105.00,100 גרם,false,,16.90,0.1610,true,1,1284
80769545,false,מסטיק מנטוס פרש בקבו,,,מסטיק מנטוס פרש בקבו,גרמים,60.00,100 גרם,false,,10.90,0.1817,true,1,10029
80769699,false,מסטיק מנטוס ויט טעם,,,מסטיק מנטוס ויט טעם,גרמים,60.00,100 גרם,false,,8.90,0.1483,true,1,10030
80773429,false,מסטיק מנטוס בקבוק בט,,,מסטיק מנטוס בקבוק בט,גרמים,60.00,100 גרם,false,,10.90,0.1817,true,1,10031
80773443,false,מסטיק מנטוס בקבוק בט,,,מסטיק מנטוס בקבוק בט,גרמים,60.00,100 גרם,false,,10.90,0.1817,true,1,10032
80790990,false,מסטיק מנטוס בקבוק בט,,,מסטיק מנטוס בקבוק בט,גרמים,60.00,100 גרם,false,,10.90,0.1817,true,1,10033
80862130,false,מסטיק מנטוס פיור פרש,,,מסטיק מנטוס פיור פרש,גרמים,28.00,100 גרם,false,,4.50,0.1607,true,1,49798
80874652,false,קינדר קארדס חטיף בוד,,,קינדר קארדס חטיף בוד,גרמים,25.60,100 גרם,false,,3.90,0.1523,true,1,23062
80896081,false,מסטיק מנטוס בקבוק בט,,,מסטיק מנטוס בקבוק בט,גרמים,60.00,100 גרם,false,,10.90,0.1817,true,1,10039
80913467,false,מסטיק מנטוס בקבוק בט,,,מסטיק מנטוס בקבוק בט,גרמים,60.00,100 גרם,false,,10.90,0.1817,true,1,10040
80936848,false,טיק טק תות שדה 16גר,,,טיק טק תות שדה 16גר,גרמים,16.00,100 גרם,false,,2.90,0.1812,true,1,25648
80945468,false,מנטוס פיור וויט ללא,,,מנטוס פיור וויט ללא,גרמים,60.00,100 גרם,false,,10.90,0.1817,true,1,177213
80974482,false,קינדר גוי בודד כחול,,,קינדר גוי בודד כחול,גרמים,20.00,100 גרם,false,,5.90,0.2950,true,1,25650
80986348,false,מנטוס פיור וויט ללא,,,מנטוס פיור וויט ללא,גרמים,60.00,100 גרם,false,,10.90,0.1817,true,1,177199
87108538,false,מנטוס תות בגליל 37.5,,,מנטוס תות בגליל 37.5,גרמים,37.50,100 גרם,false,,2.90,0.0773,true,1,10043
87108651,false,סוכריות מנטוס מנטה 1,,,סוכריות מנטוס מנטה 1,גרמים,150.00,100 גרם,false,,10.90,0.0727,true,1,1228
87108712,false,סוכריות מנטוס פירות,,,סוכריות מנטוס פירות,גרמים,150.00,100 גרם,false,,10.90,0.0727,true,1,1229
87311396,false,מנטוס סוכריות גליל,,,מנטוס סוכריות גליל,גרמים,37.00,100 גרם,false,,2.90,0.0784,true,1,10046
90087011,false,מיץ תפוחים 1 ליטר,,,מיץ תפוחים 1 ליטר,ארגז,1.00,ליטר,false,,11.50,11.5000,true,1,16183
90087066,false,מיץ תפוזים 100%,,,מיץ תפוזים 100%,אין,0.00,יחידה,false,,11.50,0.0000,true,1,16184
90087271,false,נקטר אוכמניות 1ל,,,נקטר אוכמניות 1ל,ארגז,1.00,ליטר,false,,11.20,11.2000,true,1,16185
90087769,false,מיץ אננס 1ל 100%,,,מיץ אננס 1ל 100%,ארגז,1.00,ליטר,false,,11.50,11.5000,true,1,16187
90087974,false,חומץ תפוחים 5% תומר,,,חומץ תפוחים 5% תומר,מיליליטרים,750.00,"100 מ""ל",false,,10.90,0.0145,true,1,16189
90162602,false,משקה אנרגיה RED BULL,,,משקה אנרגיה RED BULL,מיליליטרים,250.00,"100 מ""ל",false,,5.90,0.0236,true,1,6340
198888886,false,עיגול אגורות,,,עיגול אגורות,אין,0.00,יחידה,false,,1.00,0.0000,true,1,29126
8112100298,false,שמן שומשום טהור לא מ,,,שמן שומשום טהור לא מ,מיליליטרים,185.00,"100 מ""ל",false,,14.90,0.0805,true,1,431758
8421361250,false,בובות TY עיניים גדול,,,בובות TY עיניים גדול,אין,0.00,יחידה,false,,28.90,0.0000,true,1,20575
11182700954,false,שעועית שחורה 232 גרם,,,שעועית שחורה 232 גרם,גרמים,439.00,100 גרם,false,,9.90,0.0226,true,1,96742
11210000094,false,טבסקו,,,טבסקו,מיליליטרים,60.00,"100 מ""ל",false,,9.90,0.1650,true,1,24179
11210002500,false,טבסקו רוטב כנפי באפא,,,טבסקו רוטב כנפי באפא,מיליליטרים,150.00,"100 מ""ל",false,,20.90,0.1393,true,1,24181
11210006508,false,רוטב טבסקו הבנרו 60,,,רוטב טבסקו הבנרו 60,מיליליטרים,60.00,"100 מ""ל",false,,14.90,0.2483,true,1,24182
11210007253,false,רוטב טבסקו שום,,,רוטב טבסקו שום,מיליליטרים,60.00,"100 מ""ל",false,,9.90,0.1650,true,1,24184
11210009387,false,רוטב ירוק 60 מל,,,רוטב ירוק 60 מל,מיליליטרים,60.00,"100 מ""ל",false,,9.90,0.1650,true,1,24185
11210607040,false,טבסקו פלפל צפוטלי חר,,,טבסקו פלפל צפוטלי חר,מיליליטרים,60.00,"100 מ""ל",false,,9.90,0.1650,true,1,24186
11210698055,false,רוטב טבסקו סרירצ'ה,,,רוטב טבסקו סרירצ'ה,מיליליטרים,566.00,"100 מ""ל",false,,28.90,0.0511,true,1,24187
12300103138,false,כאמל בוקס פאקט 10*20,,,כאמל בוקס פאקט 10*20,אין,0.00,יחידה,false,,310.00,0.0000,false,1,5799
13628609388,false,חומץ בלסמי כשר ירוק,,,חומץ בלסמי כשר ירוק,מיליליטרים,500.00,"100 מ""ל",false,,25.00,0.0500,true,1,6453
16000185517,false,פייבר1- דגני בוקר עת,,,פייבר1- דגני בוקר עת,גרמים,555.00,100 גרם,false,,24.90,0.0449,true,1,165282
16000423534,false,חטיף קראנצי שיבולת ש,,,חטיף קראנצי שיבולת ש,גרמים,210.00,100 גרם,false,,19.50,0.0929,true,1,10049
16000548404,false,חטיף קראנצי גרנולה ש,,,חטיף קראנצי גרנולה ש,גרמים,210.00,100 גרם,false,,19.50,0.0929,true,1,10051
16000548503,false,חטיף קראנצי גרנולה מ,,,חטיף קראנצי גרנולה מ,גרמים,210.00,100 גרם,false,,19.50,0.0929,true,1,10053
16000548909,false,חטיף קראנצי גרנולה מ,,,חטיף קראנצי גרנולה מ,גרמים,210.00,100 גרם,false,,19.50,0.0929,true,1,10056
16229924263,false,"קרם קוקוס 250 מ""ל.",,,"קרם קוקוס 250 מ""ל.",מיליליטרים,250.00,"100 מ""ל",false,,9.90,0.0396,true,1,1337
18000701223,false,תערובת לעוגת שוק.דוי,,,תערובת לעוגת שוק.דוי,גרמים,500.00,100 גרם,false,,16.90,0.0338,true,1,10057
18000703494,false,תערובת לעוגת וניל פר,,,תערובת לעוגת וניל פר,גרמים,517.00,100 גרם,false,,16.90,0.0327,true,1,10058
18000766413,false,תערובת לעוגת בראוניס,,,תערובת לעוגת בראוניס,גרמים,550.00,100 גרם,false,,16.90,0.0307,true,1,10060
21723339994,false,טיפרוס רוטב דגים מזר,,,טיפרוס רוטב דגים מזר,מיליליטרים,300.00,"100 מ""ל",false,,9.90,0.0330,true,1,431418
22200956932,false,דאו' ג'ל כחול ספיד ס,,,דאו' ג'ל כחול ספיד ס,גרמים,85.00,100 גרם,false,,18.90,0.2224,true,1,14392
25675120037,false,חמצוצים מקלות תות 10,,,חמצוצים מקלות תות 10,גרמים,100.00,100 גרם,false,,8.90,0.0890,true,1,5658
25675120068,false,חמצוצים מקלות קולה 1,,,חמצוצים מקלות קולה 1,גרמים,100.00,100 גרם,false,,8.90,0.0890,true,1,5660
25700005650,false,זיפלוק שקיות הקפאה ג,,,זיפלוק שקיות הקפאה ג,גרמים,201.00,100 גרם,false,,12.90,0.0642,true,1,33884
25700005698,false,זיפלוק שקיות אחסון ב,,,זיפלוק שקיות אחסון ב,גרמים,147.00,100 גרם,false,,12.90,0.0878,true,1,33887
30000315958,false,פרוטאין בננה אגוזים,,,פרוטאין בננה אגוזים,גרמים,366.00,100 גרם,false,,21.30,0.0582,true,1,15881
30000315989,false,פרוטאין חמוציות ושקד,,,פרוטאין חמוציות ושקד,גרמים,372.00,100 גרם,false,,21.30,0.0573,true,1,15882
31200001597,false,חמוציות ממותקות ומיו,,,חמוציות ממותקות ומיו,גרמים,170.00,100 גרם,false,,9.90,0.0582,true,1,10062
37600207188,false,סקיפי חמאת בוטנים קל,,,סקיפי חמאת בוטנים קל,גרמים,462.00,100 גרם,false,,17.90,0.0387,true,1,6343
37600207256,false,סקיפי חמאת בוטנים עם,,,סקיפי חמאת בוטנים עם,גרמים,462.00,100 גרם,false,,17.90,0.0387,true,1,6344
38000232152,false,פרינגלס ביג ברביקיו,,,פרינגלס ביג ברביקיו,גרמים,158.00,100 גרם,false,,8.90,0.0563,true,1,1379
38000232176,false,פרינגלס ביג שמנת בצל,,,פרינגלס ביג שמנת בצל,גרמים,158.00,100 גרם,false,,8.90,0.0563,true,1,1380
38000232183,false,פרינגלס ביג אורגינל,,,פרינגלס ביג אורגינל,גרמים,158.00,100 גרם,false,,8.90,0.0563,true,1,1381
38527591053,false,דגני בוקר מרובעים קי,,,דגני בוקר מרובעים קי,גרמים,412.00,100 גרם,false,,19.90,0.0483,true,1,15883
40000514480,false,עדשי שוקולד M&M שוקו,,,עדשי שוקולד M&M שוקו,גרמים,48.00,100 גרם,false,,4.90,0.1021,true,1,14103
42400108153,false,דגני פרוטיס פוסט 354,,,דגני פרוטיס פוסט 354,גרמים,354.00,100 גרם,false,,23.80,0.0672,true,1,38134
46214382259,false,מרבה עוגיות בראוניס,,,מרבה עוגיות בראוניס,גרמים,225.00,100 גרם,false,,7.90,0.0351,true,1,1244
50000015474,false,פריסקיז מעדני הים 4*,,,פריסקיז מעדני הים 4*,אלף,1.40,"ק""ג",false,,38.90,27.7857,true,1,72682
50000084500,false,פריסקיז מעדני השף מנ,,,פריסקיז מעדני השף מנ,אלף,1.43,"ק""ג",false,,38.90,27.2028,true,1,12831
50000100347,false,פריסקיז מעדני החתול,,,פריסקיז מעדני החתול,אלף,1.40,"ק""ג",false,,38.90,27.7857,true,1,12833
50000225224,false,פריסקיז פריים פילה ה,,,פריסקיז פריים פילה ה,גרמים,156.00,100 גרם,false,,6.90,0.0442,true,1,12836
50000574438,false,פריסקיז פארטי מיקס מ,,,פריסקיז פארטי מיקס מ,גרמים,60.00,100 גרם,false,,11.90,0.1983,true,1,430989
50000578238,false,פריסקיז פארטי מיקס ק,,,פריסקיז פארטי מיקס ק,גרמים,60.00,100 גרם,false,,11.90,0.1983,true,1,430990
51500255162,false,חמאת בוטנים קלאסית 4,,,חמאת בוטנים קלאסית 4,גרמים,454.00,100 גרם,false,,17.90,0.0394,true,1,81192
52100006260,false,אבקת שום 88 גרם McCo,,,אבקת שום 88 גרם McCo,גרמים,88.00,100 גרם,false,,28.90,0.3284,true,1,395740
52100006512,false,כמון טחון 42 גרם McC,,,כמון טחון 42 גרם McC,גרמים,42.00,100 גרם,false,,25.90,0.6167,true,1,395725
52100006765,false,תבלין פלפל אדום 42 ג,,,תבלין פלפל אדום 42 ג,גרמים,42.00,100 גרם,false,,17.90,0.4262,true,1,395164
54881000048,false,תה שחור מבחר פרי הדר,,,תה שחור מבחר פרי הדר,גרמים,695.00,100 גרם,false,,8.90,0.0128,true,1,44950
54881000062,false,תה שחור לימונית וקמו,,,תה שחור לימונית וקמו,גרמים,695.00,100 גרם,false,,8.90,0.0128,true,1,44952
54881000208,false,תה שחור לימון וגינג',,,תה שחור לימון וגינג',גרמים,711.00,100 גרם,false,,8.90,0.0125,true,1,44953
54881003971,false,תה ירוקמ בחר 20 שקיו,,,תה ירוקמ בחר 20 שקיו,גרמים,180.00,100 גרם,false,,9.90,0.0550,true,1,44969
54881006958,false,תה שחור קינמון 20 שק,,,תה שחור קינמון 20 שק,גרמים,695.00,100 גרם,false,,8.90,0.0128,true,1,44954
54881007511,false,תה ירוק בטעם מנטה 20,,,תה ירוק בטעם מנטה 20,גרמים,180.00,100 גרם,false,,9.90,0.0550,true,1,44971
54881008174,false,תה ארל גריי אחמד 100,,,תה ארל גריי אחמד 100,גרמים,180.00,100 גרם,false,,14.90,0.0828,true,1,44910
54881008181,false,תה אינגליש 100 שקיות,,,תה אינגליש 100 שקיות,גרמים,180.00,100 גרם,false,,14.90,0.0828,true,1,44911
54881008945,false,תה ירוק 20 שקיות - ת,,,תה ירוק 20 שקיות - ת,גרמים,180.00,100 גרם,false,,9.90,0.0550,true,1,44973
54881016001,false,תה 4 סוגי חליטות פרי,,,תה 4 סוגי חליטות פרי,גרמים,695.00,100 גרם,false,,8.90,0.0128,true,1,44956
55500012046,false,כלורקס קלין אפ 946 מ,,,כלורקס קלין אפ 946 מ,מיליליטרים,946.00,"100 מ""ל",false,,20.90,0.0221,true,1,5580
64144090013,false,תרסיס שמן פאם חמאה 1,,,תרסיס שמן פאם חמאה 1,מיליליטרים,148.00,"100 מ""ל",false,,16.90,0.1142,true,1,10066
64144090020,false,תרסיס שמן זית פאם 14,,,תרסיס שמן זית פאם 14,גרמים,148.00,100 גרם,false,,16.90,0.1142,true,1,10067
64144090051,false,תרסיס שמן קנולה פאם,,,תרסיס שמן קנולה פאם,מיליליטרים,148.00,"100 מ""ל",false,,16.90,0.1142,true,1,10068
70177077563,false,טווינינג ארל גריי 50,,,טווינינג ארל גריי 50,גרמים,50.00,100 גרם,false,,17.90,0.3580,true,1,10740
70177077693,false,טווינינג אינגליש ברק,,,טווינינג אינגליש ברק,גרמים,50.00,100 גרם,false,,17.90,0.3580,true,1,10741
70177078775,false,טווינינג ליידי גריי,,,טווינינג ליידי גריי,גרמים,50.00,100 גרם,false,,17.90,0.3580,true,1,10742
70177086664,false,טווינינג גרין פיור 5,,,טווינינג גרין פיור 5,גרמים,50.00,100 גרם,false,,18.90,0.3780,true,1,10743
70177173159,false,טווינינג גרין למון 4,,,טווינינג גרין למון 4,גרמים,40.00,100 גרם,false,,18.90,0.4725,true,1,10744
70177273330,false,טווינינגס חליטת לואי,,,טווינינגס חליטת לואי,גרמים,37.50,100 גרם,false,,17.90,0.4773,true,1,237492
72600062320,false,הר חטיף גבינה בטעם פ,,,הר חטיף גבינה בטעם פ,גרמים,198.00,100 גרם,false,,19.90,0.1005,true,1,78266
76840002542,false,גלידת פיינטים נטפליק,,,גלידת פיינטים נטפליק,מיליליטרים,420.00,"100 מ""ל",false,,19.90,0.0474,true,1,10978
76840100583,false,גלידה וניל +בצק עוגי,,,גלידה וניל +בצק עוגי,מיליליטרים,473.00,"100 מ""ל",false,,19.90,0.0421,true,1,10980
76840400218,false,בן&גריס גלידה תות שד,,,בן&גריס גלידה תות שד,מיליליטרים,475.00,"100 מ""ל",false,,19.90,0.0419,true,1,10983
77245110610,false,סוכריות מאסט ללא סוכ,,,סוכריות מאסט ללא סוכ,גרמים,80.00,100 גרם,false,,6.90,0.0863,true,1,2271
77975022757,false,סניידרס בייגלה אמריק,,,סניידרס בייגלה אמריק,גרמים,382.00,100 גרם,false,,14.90,0.0390,true,1,305595
77975094624,false,סניידרס בייגלה במילו,,,סניידרס בייגלה במילו,אין,0.00,יחידה,false,,16.90,0.0000,true,1,10077
77975094631,false,סניידרס בייגלה סנדוו,,,סניידרס בייגלה סנדוו,גרמים,266.00,100 גרם,false,,14.90,0.0560,true,1,63634
77975094761,false,סניידרס צ'דר 340 גרם,,,סניידרס צ'דר 340 גרם,גרמים,340.00,100 גרם,false,,14.90,0.0438,true,1,63635
77975094778,false,סניידרס שברי בייגלה,,,סניידרס שברי בייגלה,גרמים,340.00,100 גרם,false,,14.90,0.0438,true,1,107839
85696608044,false,טופו ללא גלוטן מזרח,,,טופו ללא גלוטן מזרח,גרמים,349.00,100 גרם,false,,12.90,0.0370,true,1,430955
611745285685,true,אבוקדו בשל יח,,,אבוקדו בשל יח,גרמים,470.00,100 גרם,false,,10.90,0.0232,true,1,31169
613008742409,false,אריזונה אפרסק בקבוק,,,אריזונה אפרסק בקבוק,ארגז,1.00,ליטר,false,,11.80,11.8000,true,1,24926
613008753290,false,"אריזונה אפרסק 450 מ""",,,"אריזונה אפרסק 450 מ""",מיליליטרים,450.00,"100 מ""ל",false,,8.30,0.0184,true,1,24927
613008753320,false,אריזונה ג'נסנג ודבש,,,אריזונה ג'נסנג ודבש,מיליליטרים,450.00,"100 מ""ל",false,,8.30,0.0184,true,1,24928
613008753382,false,אריזונה אוכמנייות 45,,,אריזונה אוכמנייות 45,מיליליטרים,450.00,"100 מ""ל",false,,8.30,0.0184,true,1,24930
613008755461,false,אריזונה אוכמניות בקב,,,אריזונה אוכמניות בקב,ארגז,1.00,ליטר,false,,11.80,11.8000,true,1,24931
645173911038,false,מלפפונים קורנישון מי,,,מלפפונים קורנישון מי,גרמים,720.00,100 גרם,false,,9.90,0.0138,true,1,16190
693493065641,false,טחינת הר כנען 100% ש,,,טחינת הר כנען 100% ש,גרמים,500.00,100 גרם,false,,15.90,0.0318,true,1,188497
693493065672,false,טחינה מלאה הר כנען -,,,טחינה מלאה הר כנען -,גרמים,500.00,100 גרם,false,,15.90,0.0318,true,1,369894
693493126281,false,קפה טורקי קלוי וטחון,,,קפה טורקי קלוי וטחון,גרמים,300.00,100 גרם,false,,14.90,0.0497,true,1,163713
710535495539,false,"אבאל אורז בסמטי 1 ק""",,,"אבאל אורז בסמטי 1 ק""",אלף,1.00,"ק""ג",false,,9.90,9.9000,true,1,29868
728229123590,false,טרה צ'יפס ירקות שורש,,,טרה צ'יפס ירקות שורש,גרמים,110.00,100 גרם,false,,15.50,0.1409,true,1,1277
728229123811,false,טרה צ'יפס חטיף  ים ת,,,טרה צ'יפס חטיף  ים ת,גרמים,110.00,100 גרם,false,,15.50,0.1409,true,1,1279
728229124771,false,טרה צ'יפס חטיף מבטטה,,,טרה צ'יפס חטיף מבטטה,גרמים,110.00,100 גרם,false,,15.50,0.1409,true,1,1281
728229130154,false,טרה צ'יפס חטיף בטטה,,,טרה צ'יפס חטיף בטטה,גרמים,110.00,100 גרם,false,,15.50,0.1409,true,1,1282
728229130444,false,טרה צ'יפס חטיף מירקו,,,טרה צ'יפס חטיף מירקו,גרמים,110.00,100 גרם,false,,15.50,0.1409,true,1,1283
768404001640,false,גלידה פיינטס קפה 473,,,גלידה פיינטס קפה 473,מיליליטרים,473.00,"100 מ""ל",false,,19.90,0.0421,true,1,10984
769904000997,false,דגש שקדי מרק ללא גלו,,,דגש שקדי מרק ללא גלו,גרמים,200.00,100 גרם,false,,13.90,0.0695,true,1,2020
787269088481,false,עגבניות שרי לובלו,,,עגבניות שרי לובלו,גרמים,700.00,100 גרם,false,,16.90,0.0241,true,1,112813
787269647763,false,קפה קר קפוצ'ינו 250,,,קפה קר קפוצ'ינו 250,מיליליטרים,250.00,"100 מ""ל",false,,6.90,0.0276,true,1,117003
787269647787,false,"קפה קר לאטה 250 מ""ל",,,"קפה קר לאטה 250 מ""ל",מיליליטרים,250.00,"100 מ""ל",false,,6.90,0.0276,true,1,117005
830296000060,false,מצה עשירה ביצים 300ג,,,מצה עשירה ביצים 300ג,גרמים,300.00,100 גרם,false,,12.90,0.0430,true,1,19899
833949000264,false,סירופ מייפל אמיתי 10,,,סירופ מייפל אמיתי 10,גרמים,330.00,100 גרם,false,,29.90,0.0906,true,1,2637
835811000419,false,כפיות 50 יח' קרם עבה,,,כפיות 50 יח' קרם עבה,אין,0.00,יחידה,false,,16.90,0.0000,true,1,7642
835811000426,false,מזלגות 50 יח' קרם עב,,,מזלגות 50 יח' קרם עב,אין,0.00,יחידה,false,,16.90,0.0000,true,1,7643
835811000433,false,סכינים 50 יח' קרם עב,,,סכינים 50 יח' קרם עב,אין,0.00,יחידה,false,,16.90,0.0000,true,1,7644
835811001522,false,כפיות 100 יח` לקפה ו,,,כפיות 100 יח` לקפה ו,אין,0.00,יחידה,false,,9.90,0.0000,true,1,7647
835811003588,false,צלחות קלאסי לבן גדול,,,צלחות קלאסי לבן גדול,אין,0.00,יחידה,false,,34.90,0.0000,true,1,270188
835811003595,false,צלחות קלאסי לבן קטן,,,צלחות קלאסי לבן קטן,אין,0.00,יחידה,false,,24.90,0.0000,true,1,270189
835811004073,false,צלחות מרובעות ענק מד,,,צלחות מרובעות ענק מד,יח',10.00,יח',false,,16.90,1.6900,true,1,140221
835811005728,false,עלים לקרמשניט 400 גר,,,עלים לקרמשניט 400 גר,גרמים,400.00,100 גרם,false,,18.90,0.0472,true,1,7700
835811005810,false,תבנית אלומיניום מרוב,,,תבנית אלומיניום מרוב,אין,0.00,יחידה,false,,11.90,0.0000,true,1,7702
835811006060,false,כוסות קרטון 50 יח 2.,,,כוסות קרטון 50 יח 2.,אין,0.00,יחידה,false,,6.90,0.0000,true,1,7711
835811006497,false,אבקת סוכר 500 גר,,,אבקת סוכר 500 גר,גרמים,500.00,100 גרם,false,,8.90,0.0178,true,1,7714
835811006534,false,כוסות קרטון 50 יח 16,,,כוסות קרטון 50 יח 16,אין,0.00,יחידה,false,,23.90,0.0000,true,1,7716
835811007180,false,פופ קורן הנמל 500 גר,,,פופ קורן הנמל 500 גר,גרמים,500.00,100 גרם,false,,5.90,0.0118,true,1,129192
835811008699,false,כפות 50 יח שקוף עבה,,,כפות 50 יח שקוף עבה,אין,0.00,יחידה,false,,16.90,0.0000,true,1,7728
835811008934,false,מזלגות 50 יח עבה במי,,,מזלגות 50 יח עבה במי,אין,0.00,יחידה,false,,16.90,0.0000,true,1,7733
835811008941,false,סכינים 50 יח שקוף עב,,,סכינים 50 יח שקוף עב,אין,0.00,יחידה,false,,16.90,0.0000,true,1,7734
835811008958,false,כפיות 50 יח שקוף עבה,,,כפיות 50 יח שקוף עבה,אין,0.00,יחידה,false,,16.90,0.0000,true,1,7735
835811009115,false,מגשית מלבנית אלגנט,,,מגשית מלבנית אלגנט,אין,0.00,יחידה,false,,7.90,0.0000,true,1,7747
839762000658,false,איילנד נקטר גויאבה 1,,,איילנד נקטר גויאבה 1,ארגז,1.00,ליטר,false,,11.50,11.5000,true,1,24933
839762002379,false,איילנד משקה מנגו 350,,,איילנד משקה מנגו 350,מיליליטרים,350.00,"100 מ""ל",false,,5.90,0.0169,true,1,24934
839762002386,false,איילנד משקה גויאבה 3,,,איילנד משקה גויאבה 3,מיליליטרים,350.00,"100 מ""ל",false,,5.90,0.0169,true,1,24935
841058006633,false,ג'ל גילוח אדג' מועשר,,,ג'ל גילוח אדג' מועשר,מיליליטרים,198.00,"100 מ""ל",false,,12.90,0.0652,true,1,33609
844510013101,false,ג'רוזלם הילז קברנה ס,,,ג'רוזלם הילז קברנה ס,מיליליטרים,750.00,"100 מ""ל",false,,41.90,0.0559,true,1,3690
851621000050,false,בירה BLANC שישיה 330,,,בירה BLANC שישיה 330,ארגז,1.98,ליטר,false,,41.70,21.0606,true,1,7216
859547004084,false,ספוג ניקוי בניחוח לי,,,ספוג ניקוי בניחוח לי,גרמים,34.00,100 גרם,false,,17.90,0.5265,true,1,257706
859547004466,false,ספוג ניקוי דו צדדי ס,,,ספוג ניקוי דו צדדי ס,גרמים,34.00,100 גרם,false,,17.90,0.5265,true,1,257678
877300007714,false,כורכום טחון 400גר,,,כורכום טחון 400גר,גרמים,400.00,100 גרם,false,,17.90,0.0447,true,1,22330
877300009725,false,אורגנו נפטון 60 גרם.,,,אורגנו נפטון 60 גרם.,גרמים,60.00,100 גרם,false,,10.90,0.1817,true,1,22350
884912102102,false,דגני בוקר אוכמניות ג,,,דגני בוקר אוכמניות ג,גרמים,382.00,100 גרם,false,,22.90,0.0599,true,1,14025
884912126115,false,דגני בוקר גרייט גריי,,,דגני בוקר גרייט גריי,גרמים,453.00,100 גרם,false,,22.90,0.0506,true,1,14027
884912359155,false,דגני בוקר שיבולת שוע,,,דגני בוקר שיבולת שוע,גרמים,340.00,100 גרם,false,,22.90,0.0674,true,1,274164
884912359162,false,דגני בוקר שיבולת שוע,,,דגני בוקר שיבולת שוע,גרמים,340.00,100 גרם,false,,22.90,0.0674,true,1,274150
884912359483,false,דגני בוקר שיבולת שוע,,,דגני בוקר שיבולת שוע,גרמים,311.00,100 גרם,false,,22.90,0.0736,true,1,274166
884912365200,false,דגני בוקר עם פירורי,,,דגני בוקר עם פירורי,גרמים,311.00,100 גרם,false,,22.90,0.0736,true,1,431804
884912365217,false,דגני בוקר עם פירורי,,,דגני בוקר עם פירורי,גרמים,311.00,100 גרם,false,,22.90,0.0736,true,1,61443
3010470158221,false,פריסקיז פטה עוף וירק,,,פריסקיז פטה עוף וירק,גרמים,400.00,100 גרם,false,,9.90,0.0248,true,1,12855
3014260201753,false,סכיני גילוח חד פעמיי,,,סכיני גילוח חד פעמיי,אין,0.00,יחידה,false,,12.90,0.0000,true,1,17425
3014260228842,false,קצף גילוח רגיל ג'ילט,,,קצף גילוח רגיל ג'ילט,מיליליטרים,200.00,"100 מ""ל",false,,14.90,0.0745,true,1,17428
3014260289287,false,סכיני גילוח לאישה בל,,,סכיני גילוח לאישה בל,אין,0.00,יחידה,false,,14.90,0.0000,true,1,17437
3046920010047,false,לינדט אקסלנס 78% 100,,,לינדט אקסלנס 78% 100,גרמים,100.00,100 גרם,false,,14.90,0.1490,true,1,1135
3046920010801,false,לינדט אקסלנס  100ג,,,לינדט אקסלנס  100ג,גרמים,100.00,100 גרם,false,,14.90,0.1490,true,1,1136
3046920028004,false,לינדט אקסלנס 70% 100,,,לינדט אקסלנס 70% 100,גרמים,100.00,100 גרם,false,,14.90,0.1490,true,1,1140
3046920028363,false,לינדט אקסלנס 85% 100,,,לינדט אקסלנס 85% 100,גרמים,100.00,100 גרם,false,,14.90,0.1490,true,1,1141
3046920028752,false,לינדט אקסלנס מריר מנ,,,לינדט אקסלנס מריר מנ,גרמים,100.00,100 גרם,false,,14.90,0.1490,true,1,1143
3046920029674,false,לינדט אקסלנס עם שבבי,,,לינדט אקסלנס עם שבבי,גרמים,100.00,100 גרם,false,,14.90,0.1490,true,1,1144
3046920029681,false,לינדט אקסלנס מילד 85,,,לינדט אקסלנס מילד 85,גרמים,100.00,100 גרם,false,,14.90,0.1490,true,1,1145
3046920029759,false,לינדט אקסלנס 90% 100,,,לינדט אקסלנס 90% 100,גרמים,100.00,100 גרם,false,,14.90,0.1490,true,1,1146
3059944025003,false,רצועות שעווה לעור רג,,,רצועות שעווה לעור רג,אין,0.00,יחידה,false,,40.90,0.0000,true,1,14187
3068320014067,false,מים מינרלים טבעיים מ,,,מים מינרלים טבעיים מ,מיליליטרים,750.00,"100 מ""ל",false,,9.90,0.0132,true,1,295091
3068320017846,false,מים מינרלים טבעיים מ,,,מים מינרלים טבעיים מ,ארגז,1.00,ליטר,false,,12.90,12.9000,true,1,18974
3068320055008,false,מים מינרלים טבעיים מ,,,מים מינרלים טבעיים מ,מיליליטרים,500.00,"100 מ""ל",false,,6.90,0.0138,true,1,295051
3073781161663,false,גבינת לה וואש קירי 8,,,גבינת לה וואש קירי 8,גרמים,128.00,100 גרם,false,,11.90,0.0930,true,1,83102
3073781161687,false,גבינה מותכת לה וואש,,,גבינה מותכת לה וואש,גרמים,256.00,100 גרם,false,,22.70,0.0887,true,1,83131
3073781161700,false,גבינה מותכת לה וואש,,,גבינה מותכת לה וואש,גרמים,480.00,100 גרם,false,,38.90,0.0810,true,1,83132
3073781162790,false,בייבי בל 24% אדום 12,,,בייבי בל 24% אדום 12,גרמים,120.00,100 גרם,false,,22.90,0.1908,true,1,358243
3073781177220,false,גבינת בייבי בל רול 1,,,גבינת בייבי בל רול 1,גרמים,102.00,100 גרם,false,,21.90,0.2147,true,1,423441
3120581456267,false,שבלי מ.דה ליני לבן י,,,שבלי מ.דה ליני לבן י,מיליליטרים,750.00,"100 מ""ל",false,,89.90,0.1199,true,1,168957
3120581458490,false,שאטו טרבון פרובנס רו,,,שאטו טרבון פרובנס רו,מיליליטרים,750.00,"100 מ""ל",false,,79.90,0.1065,true,1,295464
3141360054405,false,פיניש מפיץ ריח לימון,,,פיניש מפיץ ריח לימון,אין,0.00,יחידה,false,,14.90,0.0000,true,1,14189
3161911229199,false,אלוויר חמאה רכה 250ג,,,אלוויר חמאה רכה 250ג,גרמים,250.00,100 גרם,false,,21.90,0.0876,true,1,12016
3161911393210,false,חמאת נורמנדי מלוחה 2,,,חמאת נורמנדי מלוחה 2,גרמים,200.00,100 גרם,false,,21.90,0.1095,true,1,328926
3178530402353,false,עוגיות רכות מיני מדל,,,עוגיות רכות מיני מדל,גרמים,175.00,100 גרם,false,,12.90,0.0737,true,1,209580
3178530417340,false,בראוניז שוקולד סאן מ,,,בראוניז שוקולד סאן מ,גרמים,210.00,100 גרם,false,,16.90,0.0805,true,1,209623
3178530417357,false,בראוניז שוקולד לבן ס,,,בראוניז שוקולד לבן ס,גרמים,210.00,100 גרם,false,,16.90,0.0805,true,1,209624
3179730011024,false,פרייה מים מינרלים 33,,,פרייה מים מינרלים 33,מיליליטרים,330.00,"100 מ""ל",false,,6.90,0.0209,true,1,8494
3245412211393,false,שוקולד חלב מעולה קרפ,,FR,שוקולד חלב מעולה קרפ,גרמים,300.00,100 גרם,false,,7.90,0.0263,true,1,380094
3245412211409,false,שוקולד חלב מעולה עם,,FR,שוקולד חלב מעולה עם,גרמים,300.00,100 גרם,false,,15.90,0.0530,true,1,379557
3270190111108,false,קרפור מוזלי פירות 7,,,קרפור מוזלי פירות 7,גרמים,750.00,100 גרם,false,,15.90,0.0212,true,1,439974
3270190174936,false,שוקולד חלב עם תכולת,,FR,שוקולד חלב עם תכולת,גרמים,100.00,100 גרם,false,,5.90,0.0590,true,1,379589
3387390525960,false,דגני קראנץ' נסטלה 50,,,דגני קראנץ' נסטלה 50,גרמים,500.00,100 גרם,false,,22.90,0.0458,true,1,12857
3387390730852,false,דגני פיטנס נסטלה 375,,,דגני פיטנס נסטלה 375,גרמים,375.00,100 גרם,false,,19.90,0.0531,true,1,12858
3500610150500,false,שאטו הו פורה בורדו 7,,,שאטו הו פורה בורדו 7,מיליליטרים,750.00,"100 מ""ל",false,,74.90,0.0999,true,1,295450
3500610150517,false,שאטו טימברליי בורדו,,,שאטו טימברליי בורדו,מיליליטרים,750.00,"100 מ""ל",false,,79.90,0.1065,true,1,295465
3523230025652,false,גבינהת עזים מיני בוש,,,גבינהת עזים מיני בוש,גרמים,125.00,100 גרם,false,,26.90,0.2152,true,1,335152
3523230026826,false,פרמידה עיזים טבעי 14,,,פרמידה עיזים טבעי 14,גרמים,140.00,100 גרם,false,,26.90,0.1921,true,1,12034
3523230038959,false,גבינת עיזים מיני בוש,,,גבינת עיזים מיני בוש,גרמים,125.00,100 גרם,false,,26.90,0.2152,true,1,355130
3525490011109,false,"לה ז'אמל מלבק 750 מ""",,,"לה ז'אמל מלבק 750 מ""",מיליליטרים,750.00,"100 מ""ל",false,,59.90,0.0799,true,1,293856
3560070582884,false,קרפור סטייליס עם שוק,,,קרפור סטייליס עם שוק,גרמים,300.00,100 גרם,false,,8.90,0.0297,true,1,439943
3560070669981,false,שוקולד מריר מעולה 80,,FR,שוקולד מריר מעולה 80,גרמים,80.00,100 גרם,false,,4.90,0.0613,true,1,379530
3560070701407,false,שוקולד מריר מעולה עם,,FR,שוקולד מריר מעולה עם,גרמים,100.00,100 גרם,false,,5.90,0.0590,true,1,379575
3560070720859,false,שוקולד מריר מעולה 72,,FR,שוקולד מריר מעולה 72,גרמים,80.00,100 גרם,false,,4.90,0.0613,true,1,379559
3560070800230,false,קרפור שוקו קרלס 375,,,קרפור שוקו קרלס 375,גרמים,375.00,100 גרם,false,,6.90,0.0184,true,1,439990
3560070800322,false,קרפור סנופלקס 375 גר,,,קרפור סנופלקס 375 גר,גרמים,375.00,100 גרם,false,,6.90,0.0184,true,1,439991
3560070826186,false,קרפור מוזלי שוקולד ו,,,קרפור מוזלי שוקולד ו,גרמים,750.00,100 גרם,false,,14.90,0.0199,true,1,439975
3560071013127,false,קרפור סטייליס עם שוק,,,קרפור סטייליס עם שוק,גרמים,300.00,100 גרם,false,,8.90,0.0297,true,1,439958
3560071013196,false,קרפור סטייליס בטעם ט,,,קרפור סטייליס בטעם ט,גרמים,500.00,100 גרם,false,,9.90,0.0198,true,1,439959
3560071015725,false,קרפור פיברה עם 5 פיר,,,קרפור פיברה עם 5 פיר,גרמים,500.00,100 גרם,false,,11.90,0.0238,true,1,440007
3560071016074,false,קרפור קורונפלקס 500,,,קרפור קורונפלקס 500,גרמים,500.00,100 גרם,false,,6.90,0.0138,true,1,440008
3560071341947,false,שמן זית כתית מעולה ב,,FR,שמן זית כתית מעולה ב,מיליליטרים,750.00,"100 מ""ל",false,,11.50,0.0153,true,1,439011
3560071431914,false,קפסולות קפה קרפור עו,,FR,קפסולות קפה קרפור עו,גרמים,52.00,100 גרם,false,,7.90,0.1519,true,1,440994
3560071431945,false,קפסולות קפה קרפור עו,,FR,קפסולות קפה קרפור עו,גרמים,52.00,100 גרם,false,,7.90,0.1519,true,1,441025
3560071432003,false,קפסולות קפה קרפור עו,,FR,קפסולות קפה קרפור עו,גרמים,52.00,100 גרם,false,,7.90,0.1519,true,1,441026
3560071432034,false,קפסולות קפה נטול קרפ,,FR,קפסולות קפה נטול קרפ,גרמים,52.00,100 גרם,false,,7.90,0.1519,true,1,441027
3560071432065,false,קפסולות קפה קרפור עו,,FR,קפסולות קפה קרפור עו,גרמים,52.00,100 גרם,false,,7.90,0.1519,true,1,441028
3560071432096,false,קפסולות קפה קרפור עו,,FR,קפסולות קפה קרפור עו,גרמים,52.00,100 גרם,false,,7.90,0.1519,true,1,441029
3560071432157,false,קפסולות קפה וניל קרפ,,FR,קפסולות קפה וניל קרפ,גרמים,52.00,100 גרם,false,,7.90,0.1519,true,1,441030
3560071432188,false,קפסולות קפה קרמל קרפ,,FR,קפסולות קפה קרמל קרפ,גרמים,52.00,100 גרם,false,,7.90,0.1519,true,1,441031
3560071432218,false,קפסולות קפה אגוז קרפ,,FR,קפסולות קפה אגוז קרפ,גרמים,52.00,100 גרם,false,,7.90,0.1519,true,1,441032
3560071432249,false,קפסולות קפה ברזיל קר,,FR,קפסולות קפה ברזיל קר,גרמים,52.00,100 גרם,false,,7.90,0.1519,true,1,441033
3560071432270,false,קפסולות קפה קולומביה,,FR,קפסולות קפה קולומביה,גרמים,52.00,100 גרם,false,,7.90,0.1519,true,1,441034
3560071432300,false,קפסולות קפה אתיופיה,,FR,קפסולות קפה אתיופיה,גרמים,52.00,100 גרם,false,,7.90,0.1519,true,1,441035
3560071432331,false,קפסולות קפה לאוס קרפ,,FR,קפסולות קפה לאוס קרפ,גרמים,52.00,100 גרם,false,,7.90,0.1519,true,1,441036
3560071432362,false,קפסולות קפה קניה קרפ,,FR,קפסולות קפה קניה קרפ,גרמים,52.00,100 גרם,false,,7.90,0.1519,true,1,441037
3560071432393,false,קפסולות קפה קוסטה רי,,FR,קפסולות קפה קוסטה רי,גרמים,52.00,100 גרם,false,,7.90,0.1519,true,1,441038
3560071432515,false,קפסולות קפה קרפור עו,,FR,קפסולות קפה קרפור עו,גרמים,52.00,100 גרם,false,,7.90,0.1519,true,1,441039
3560071432690,false,קפסולות קפה קרפור עו,,FR,קפסולות קפה קרפור עו,גרמים,52.00,100 גרם,false,,7.90,0.1519,true,1,441040
3574660089547,false,טמפון קלאסי נורמל או,,,טמפון קלאסי נורמל או,אין,0.00,יחידה,false,,21.90,0.0000,true,1,14399
3574660115154,false,אובה קלאסי סופר אובה,,,אובה קלאסי סופר אובה,אין,0.00,יחידה,false,,21.90,0.0000,true,1,14400
3574661003924,false,מי פה טוטאל קאר ליסט,,,מי פה טוטאל קאר ליסט,מיליליטרים,500.00,"100 מ""ל",false,,19.90,0.0398,true,1,18863
3574661114637,false,מי פה זירו ליסטרין 5,,,מי פה זירו ליסטרין 5,מיליליטרים,500.00,"100 מ""ל",false,,22.90,0.0458,true,1,18867
3574661401140,false,מי פה ליסטרין למניעת,,,מי פה ליסטרין למניעת,מיליליטרים,400.00,"100 מ""ל",false,,22.90,0.0572,true,1,18878
3574661419435,false,תחבושות הגייניות מקס,,,תחבושות הגייניות מקס,אין,0.00,יחידה,false,,23.90,0.0000,true,1,415624
3574661552576,false,קרפרי רגיל טנגה לבן,,,קרפרי רגיל טנגה לבן,אין,0.00,יחידה,false,,13.90,0.0000,true,1,14430
3574661552811,false,קרפרי כותון אוורירי,,,קרפרי כותון אוורירי,אין,0.00,יחידה,false,,13.90,0.0000,true,1,14432
3574661554877,false,קרפרי כותון מבושם 56,,,קרפרי כותון מבושם 56,אין,0.00,יחידה,false,,13.90,0.0000,true,1,14433
3574661643359,false,שטיפת פה בטעם מעודן,,,שטיפת פה בטעם מעודן,מיליליטרים,500.00,"100 מ""ל",false,,19.90,0.0398,true,1,268308
3574669907682,false,ג'ונסונס בייבי טלק 5,,,ג'ונסונס בייבי טלק 5,גרמים,500.00,100 גרם,false,,31.90,0.0638,true,1,14436
3574669909204,false,ג'ונסונס בייבי שמן 3,,,ג'ונסונס בייבי שמן 3,מיליליטרים,300.00,"100 מ""ל",false,,21.40,0.0713,true,1,14446
3600522550129,false,דרמו אייג' ספשיאליסט,,,דרמו אייג' ספשיאליסט,מיליליטרים,50.00,"100 מ""ל",false,,54.90,1.0980,true,1,119363
3600523651870,false,שמפו ארגנין אלביב 55,,,שמפו ארגנין אלביב 55,מיליליטרים,550.00,"100 מ""ל",false,,14.90,0.0271,true,1,9978
3600523651900,false,מרכך ארגנין אלביב 55,,,מרכך ארגנין אלביב 55,מיליליטרים,550.00,"100 מ""ל",false,,14.90,0.0271,true,1,9980
3600523652259,false,מרכך קולור אלביב 550,,,מרכך קולור אלביב 550,מיליליטרים,550.00,"100 מ""ל",false,,14.90,0.0271,true,1,9983
3600523652297,false,מרכך 6 שמנים אלביב 5,,,מרכך 6 שמנים אלביב 5,מיליליטרים,550.00,"100 מ""ל",false,,14.90,0.0271,true,1,9986
3600523782567,false,שמפו דרים לונג אלביב,,,שמפו דרים לונג אלביב,מיליליטרים,500.00,"100 מ""ל",false,,14.90,0.0298,true,1,9988
3600541928169,false,ג'ל ניקוי עם נגזרת פ,,,ג'ל ניקוי עם נגזרת פ,מיליליטרים,150.00,"100 מ""ל",false,,29.90,0.1993,true,1,353951
3600541928275,false,מים מיסלריים דו פאזי,,,מים מיסלריים דו פאזי,מיליליטרים,400.00,"100 מ""ל",false,,29.90,0.0747,true,1,10000
3600542375801,false,גרנייה פיור אקטיב 3,,,גרנייה פיור אקטיב 3,מיליליטרים,150.00,"100 מ""ל",false,,29.90,0.1993,true,1,119177
3608580071389,false,ממרח ערמונים 370 גרם,,,ממרח ערמונים 370 גרם,גרמים,370.00,100 גרם,false,,19.90,0.0538,true,1,386764
3608580075646,false,קונפיטורה שזיף 370 ג,,,קונפיטורה שזיף 370 ג,גרמים,370.00,100 גרם,false,,19.90,0.0538,true,1,386749
3608580730255,false,קונפיטורה משמש 370 ג,,,קונפיטורה משמש 370 ג,גרמים,370.00,100 גרם,false,,19.90,0.0538,true,1,14035
3614224050986,false,דאודורנט ספריי לגבר,,,דאודורנט ספריי לגבר,מיליליטרים,150.00,"100 מ""ל",false,,12.90,0.0860,true,1,6476
3661163970448,false,דאו' ספריי לגבר פרש,,,דאו' ספריי לגבר פרש,מיליליטרים,200.00,"100 מ""ל",false,,15.90,0.0795,true,1,6479
3760030144590,false,חיקוי שרימפס קפוא 35,,,חיקוי שרימפס קפוא 35,גרמים,350.00,100 גרם,false,,29.90,0.0854,true,1,31662
3838824127224,false,סמי קיט חום בינוני 4,,,סמי קיט חום בינוני 4,אין,0.00,יחידה,false,,15.00,0.0000,true,1,7861
3838824127262,false,סמי קיט בלונד כהה 6-,,,סמי קיט בלונד כהה 6-,אין,0.00,יחידה,false,,15.00,0.0000,true,1,7863
4000417025005,false,שוקולד ריטר ספורט מר,,,שוקולד ריטר ספורט מר,גרמים,100.00,100 גרם,false,,7.90,0.0790,true,1,10081
4000417026002,false,שוקולד חלב ממולא קרם,,,שוקולד חלב ממולא קרם,גרמים,100.00,100 גרם,false,,7.90,0.0790,true,1,10082
4000417101211,false,גלילי וופל עם קרם אג,,,גלילי וופל עם קרם אג,גרמים,150.00,100 גרם,false,,17.90,0.1193,true,1,251893
4000417222008,false,ריטר שוקולד ספורט חל,,,ריטר שוקולד ספורט חל,גרמים,100.00,100 גרם,false,,7.90,0.0790,true,1,10083
4000417224002,false,שוקולד ריטר ספורט מר,,,שוקולד ריטר ספורט מר,גרמים,100.00,100 גרם,false,,9.50,0.0950,true,1,10084
4000417294005,false,שוקולד חלב קרם קקאו,,,שוקולד חלב קרם קקאו,גרמים,100.00,100 גרם,false,,7.90,0.0790,true,1,242349
4000539280726,false,לינדט אקסלנס 70% 100,,,לינדט אקסלנס 70% 100,גרמים,100.00,100 גרם,false,,14.90,0.1490,true,1,418797
4000539280740,false,לינדט אקסלנס 78% 100,,,לינדט אקסלנס 78% 100,גרמים,100.00,100 גרם,false,,14.90,0.1490,true,1,418782
4001518000298,false,עוגיות שוקוצ'יפס קלא,,,עוגיות שוקוצ'יפס קלא,גרמים,150.00,100 גרם,false,,6.90,0.0460,true,1,306535
4001518003800,false,מקלות מאפים עם מלח ו,,,מקלות מאפים עם מלח ו,גרמים,125.00,100 גרם,false,,14.90,0.1192,true,1,77172
4002448017684,false,סיליט באנג ספריי רב,,,סיליט באנג ספריי רב,מיליליטרים,750.00,"100 מ""ל",false,,14.90,0.0199,true,1,14191
4002448019480,false,סיליט באנג ספריי מסי,,,סיליט באנג ספריי מסי,מיליליטרים,750.00,"100 מ""ל",false,,14.90,0.0199,true,1,14192
4002720005736,false,מליטה פרימיום קפה פי,,,מליטה פרימיום קפה פי,גרמים,250.00,100 גרם,false,,15.90,0.0636,true,1,6483
4005808850723,false,לבלו פירות בטעם תות,,,לבלו פירות בטעם תות,אין,0.00,יחידה,false,,9.90,0.0000,true,1,31250
4005900036476,false,דאו' רולאון ניוואה 5,,,דאו' רולאון ניוואה 5,מיליליטרים,50.00,"100 מ""ל",false,,14.90,0.2980,true,1,31253
4005900555540,false,לבלו כחול,,,לבלו כחול,אין,0.00,יחידה,false,,9.90,0.0000,true,1,167939
4006387084578,false,קנקן בריטה MERELLA כ,,,קנקן בריטה MERELLA כ,אין,0.00,יחידה,false,,129.00,0.0000,true,1,12444
4006387085407,false,שלישיית פילטר מקסטרה,,,שלישיית פילטר מקסטרה,יח',3.00,יח',false,,100.00,33.3333,true,1,12445
4007745058804,false,מיונז אורגני 340 גרם,,,מיונז אורגני 340 גרם,גרמים,340.00,100 גרם,false,,22.90,0.0674,true,1,2623
4008287051032,false,בירה קרומבכר פילס בפ,,,בירה קרומבכר פילס בפ,מיליליטרים,500.00,"100 מ""ל",false,,10.20,0.0204,true,1,318118
4008287058161,false,בירה קרומבכר פילס שי,,,בירה קרומבכר פילס שי,ארגז,1.98,ליטר,false,,30.90,15.6061,true,1,108196
4008287905786,false,בירה קרומבכר חיטה בפ,,,בירה קרומבכר חיטה בפ,מיליליטרים,500.00,"100 מ""ל",false,,10.20,0.0204,true,1,318119
4008400290423,false,קינדר פינגווי עוגת ס,,,קינדר פינגווי עוגת ס,גרמים,120.00,100 גרם,false,,13.90,0.1158,true,1,82546
4009300522935,false,פומפדור תה ירוק לימו,,,פומפדור תה ירוק לימו,גרמים,30.00,100 גרם,false,,14.90,0.4967,true,1,14447
4009300525684,false,פומפדור חליטת לימוןג,,,פומפדור חליטת לימוןג,גרמים,35.00,100 גרם,false,,15.90,0.4543,true,1,116100
4009300530107,false,פומפדור חליטה קרה בט,,,פומפדור חליטה קרה בט,גרמים,45.00,100 גרם,false,,14.90,0.3311,true,1,74130
4009309740422,false,רסק תפוחים אורגני 70,,,רסק תפוחים אורגני 70,גרמים,700.00,100 גרם,false,,15.90,0.0227,true,1,2514
4009900013581,false,אורביט סטיקס ספירמינ,,,אורביט סטיקס ספירמינ,גרמים,65.00,100 גרם,false,,9.90,0.1523,true,1,14109
4009900402965,false,אורביט וויט פירות בק,,,אורביט וויט פירות בק,גרמים,64.00,100 גרם,false,,10.50,0.1641,true,1,14112
4009900403023,false,אורביט וויט מנטה בקב,,,אורביט וויט מנטה בקב,גרמים,64.00,100 גרם,false,,10.50,0.1641,true,1,14113
4009900420129,false,אורביט פרופשייונל פפ,,,אורביט פרופשייונל פפ,גרמים,64.00,100 גרם,false,,10.50,0.1641,true,1,14115
4009900426039,false,בקבוקון בקבוקון מסטי,,,בקבוקון בקבוקון מסטי,גרמים,64.00,100 גרם,false,,9.70,0.1516,true,1,14116
4009900479998,false,אורביט מסטיק בקבוקון,,,אורביט מסטיק בקבוקון,גרמים,64.00,100 גרם,false,,10.50,0.1641,true,1,14120
4009900482417,false,אורביט באבל מינט בקב,,,אורביט באבל מינט בקב,גרמים,64.00,100 גרם,false,,10.50,0.1641,true,1,14122
4009900484060,false,אורביט פרופשיונל מנט,,,אורביט פרופשיונל מנט,אין,0.00,יחידה,false,,10.90,0.0000,true,1,14124
4009900491044,false,אירוויבז בקבוק M מנט,,,אירוויבז בקבוק M מנט,גרמים,84.00,100 גרם,false,,12.50,0.1488,true,1,14131
4009900496247,false,אורביט בבלמינט בקבוק,,,אורביט בבלמינט בקבוק,גרמים,84.00,100 גרם,false,,10.90,0.1298,true,1,14132
4009900509770,false,אורביט באריזת בקבוק,,,אורביט באריזת בקבוק,אין,0.00,יחידה,false,,10.90,0.0000,true,1,14136
4009900531122,false,אורביט פרופשייונל ספ,,,אורביט פרופשייונל ספ,גרמים,64.00,100 גרם,false,,10.50,0.1641,true,1,14145
4009900531573,false,סקיטלס סמודיס 174 גר,,,סקיטלס סמודיס 174 גר,גרמים,174.00,100 גרם,false,,7.90,0.0454,true,1,14146
4009900534611,false,איירוויבז בטעם מלון,,,איירוויבז בטעם מלון,גרמים,64.00,100 גרם,false,,10.50,0.1641,true,1,23439
4009900535519,false,אורביט רפרשרס אריזה,,,אורביט רפרשרס אריזה,גרמים,15.00,100 גרם,false,,3.90,0.2600,true,1,45050
4009900535540,false,אורביט רפרשרס פפרמינ,,,אורביט רפרשרס פפרמינ,גרמים,15.00,100 גרם,false,,3.90,0.2600,true,1,45051
4009900535823,false,אורביט רפרשרס באבלמי,,,אורביט רפרשרס באבלמי,גרמים,15.00,100 גרם,false,,3.90,0.2600,true,1,45052
4009900536257,false,מסטיק אורביט רפרשרס,,,מסטיק אורביט רפרשרס,גרמים,67.00,100 גרם,false,,11.90,0.1776,true,1,45065
4009900536288,false,מסטיק אורביט רפרשרס,,,מסטיק אורביט רפרשרס,גרמים,67.00,100 גרם,false,,11.90,0.1776,true,1,73027
4009900536486,false,מסטיק אורביט רפרשרס,,,מסטיק אורביט רפרשרס,גרמים,67.00,100 גרם,false,,11.90,0.1776,true,1,45066
4009900539401,false,מסטיק בטעם מנטה פייב,,,מסטיק בטעם מנטה פייב,גרמים,14.40,100 גרם,false,,3.90,0.2708,true,1,268612
4009900539432,false,מסטיק בטעם אבטיח פיי,,,מסטיק בטעם אבטיח פיי,גרמים,14.40,100 גרם,false,,3.90,0.2708,true,1,356550
4009900539685,false,מסטיק בטעם מנטה ללא,,,מסטיק בטעם מנטה ללא,גרמים,61.80,100 גרם,false,,11.90,0.1926,true,1,268480
4009900539746,false,מסטיק בטעם אבטיח ללא,,,מסטיק בטעם אבטיח ללא,גרמים,31.80,100 גרם,false,,11.90,0.3742,true,1,268481
4009900540551,false,אורביט רפרשרס טרופיק,,,אורביט רפרשרס טרופיק,גרמים,67.00,100 גרם,false,,11.90,0.1776,true,1,250589
4011800567613,false,חטיף דגנים סנדוויץ ש,,,חטיף דגנים סנדוויץ ש,גרמים,120.00,100 גרם,false,,10.90,0.0908,true,1,10757
4011800617615,false,חטיף דגנים ביג שוקול,,,חטיף דגנים ביג שוקול,גרמים,50.00,100 גרם,false,,4.90,0.0980,true,1,10759
4011800628512,false,חטיף דגנים עם שוקולד,,,חטיף דגנים עם שוקולד,גרמים,150.00,100 גרם,false,,10.90,0.0727,true,1,10762
4011800630515,false,חטיף דגנים עם שוקולד,,,חטיף דגנים עם שוקולד,גרמים,150.00,100 גרם,false,,10.90,0.0727,true,1,10764
4011800632519,false,חטיף דגנים עם שוקולד,,,חטיף דגנים עם שוקולד,גרמים,150.00,100 גרם,false,,10.90,0.0727,true,1,10765
4011800633516,false,חטיף דגנים שוקולד מר,,,חטיף דגנים שוקולד מר,גרמים,138.00,100 גרם,false,,10.90,0.0790,true,1,10766
4014400901412,false,מרסי מריר 250 גרם,,,מרסי מריר 250 גרם,גרמים,250.00,100 גרם,false,,24.90,0.0996,true,1,10093
4014400904277,false,סוכריות אייס פרש 425,,,סוכריות אייס פרש 425,גרמים,425.00,100 גרם,false,,14.90,0.0351,true,1,10095
4014400904376,false,סוכ.שטורק שוקולדן 32,,,סוכ.שטורק שוקולדן 32,גרמים,325.00,100 גרם,false,,14.90,0.0458,true,1,10096
4014400904390,false,סוכריות וולמליש 325ג,,,סוכריות וולמליש 325ג,גרמים,325.00,100 גרם,false,,14.90,0.0458,true,1,10097
4014400910063,false,סוכריות חמאה וורטר 1,,,סוכריות חמאה וורטר 1,גרמים,135.00,100 גרם,false,,8.90,0.0659,true,1,10100
4014400914696,false,80 סוכריות חמאה וורט,,,80 סוכריות חמאה וורט,גרמים,80.00,100 גרם,false,,8.90,0.1113,true,1,10102
4014400914924,false,80 סוכריות קפה וורטר,,,80 סוכריות קפה וורטר,גרמים,80.00,100 גרם,false,,8.90,0.1113,true,1,10103
4014400920857,false,וורטרס ללא סוכר טעם,,,וורטרס ללא סוכר טעם,גרמים,70.00,100 גרם,false,,8.90,0.1271,true,1,10104
4014400923711,false,טופיפי בונבונירה שוק,,,טופיפי בונבונירה שוק,גרמים,125.00,100 גרם,false,,11.90,0.0952,true,1,10105
4014400929010,false,וופל מיני קנופרס 200,,,וופל מיני קנופרס 200,גרמים,200.00,100 גרם,false,,19.90,0.0995,true,1,286273
4014522180108,false,סוכריות אורגני צמחים,,,סוכריות אורגני צמחים,גרמים,75.00,100 גרם,false,,10.00,0.1333,true,1,411811
4014600202593,false,סוכריות בפח בטעמי פי,,,סוכריות בפח בטעמי פי,גרמים,150.00,100 גרם,false,,9.90,0.0660,true,1,416193
4014600203149,false,סוכריות בפח בטעם פיר,,,סוכריות בפח בטעם פיר,גרמים,150.00,100 גרם,false,,9.90,0.0660,true,1,416196
4015000031394,false,מסיר כתמים ספטיל 200,,,מסיר כתמים ספטיל 200,גרמים,200.00,100 גרם,false,,14.90,0.0745,true,1,22356
4015000615891,false,פה דאו ספריי אקווה 2,,,פה דאו ספריי אקווה 2,מיליליטרים,200.00,"100 מ""ל",false,,9.90,0.0495,true,1,120002
4015400598329,false,קוואטרו נורמל פלוס א,,,קוואטרו נורמל פלוס א,אין,0.00,יחידה,false,,36.90,0.0000,true,1,101
4015400598381,false,קוואטרו לונג פלוס או,,,קוואטרו לונג פלוס או,אין,0.00,יחידה,false,,36.90,0.0000,true,1,102
4015400598411,false,קוואטרו לילה אולוויז,,,קוואטרו לילה אולוויז,אין,0.00,יחידה,false,,36.90,0.0000,true,1,103
4015400690313,false,טמפון פרל רגולר טמפק,,,טמפון פרל רגולר טמפק,אין,0.00,יחידה,false,,19.90,0.0000,true,1,104
4015400990482,false,אבקת כביסה אריאל קול,,,אבקת כביסה אריאל קול,אלף,3.00,"ק""ג",false,,34.90,11.6333,true,1,17459
4015600762742,false,שמפו קלאסי הד&שולדרס,,,שמפו קלאסי הד&שולדרס,מיליליטרים,500.00,"100 מ""ל",false,,17.90,0.0358,true,1,17461
4015600762902,false,שמפו מנטול הד&שולדרס,,,שמפו מנטול הד&שולדרס,מיליליטרים,500.00,"100 מ""ל",false,,17.90,0.0358,true,1,17463
4015600763022,false,שמפו מגע המשי הד&שול,,,שמפו מגע המשי הד&שול,מיליליטרים,500.00,"100 מ""ל",false,,17.90,0.0358,true,1,17465
4015600972103,false,שמפו פנטן שמן מרוקאי,,,שמפו פנטן שמן מרוקאי,מיליליטרים,500.00,"100 מ""ל",false,,13.90,0.0278,true,1,115980
4017100210105,false,בלזן גלילי וופל מריר,,,בלזן גלילי וופל מריר,גרמים,100.00,100 גרם,false,,10.50,0.1050,true,1,25940
4017100291005,false,בלזן ביסקוויט מצופה,,,בלזן ביסקוויט מצופה,גרמים,125.00,100 גרם,false,,10.50,0.0840,true,1,25946
4018722100133,false,אלב גולד - איטריות כ,,,אלב גולד - איטריות כ,גרמים,250.00,100 גרם,false,,13.90,0.0556,true,1,2496
4018722102632,false,אלב גולד - ספגטי כוס,,,אלב גולד - ספגטי כוס,גרמים,500.00,100 גרם,false,,14.90,0.0298,true,1,2541
4018722102656,false,אלב גולד - ספגטי כוס,,,אלב גולד - ספגטי כוס,גרמים,500.00,100 גרם,false,,14.90,0.0298,true,1,2542
4018722343141,false,אלב גולד - פנה כוסמי,,,אלב גולד - פנה כוסמי,גרמים,500.00,100 גרם,false,,21.90,0.0438,true,1,2609
4018722344308,false,אלב גולד - טליאטלה כ,,,אלב גולד - טליאטלה כ,גרמים,500.00,100 גרם,false,,17.90,0.0358,true,1,2515
4022025001905,false,בלו וויין מבעבע זהב,,,בלו וויין מבעבע זהב,מיליליטרים,750.00,"100 מ""ל",false,,55.90,0.0745,true,1,25740
4022025261002,false,יין בלו נאן בלו וויי,,,יין בלו נאן בלו וויי,מיליליטרים,750.00,"100 מ""ל",false,,50.90,0.0679,true,1,25745
4025700001962,false,מילקה שוקולד לבן 100,,,מילקה שוקולד לבן 100,גרמים,100.00,100 גרם,false,,6.90,0.0690,true,1,6275
4045787068467,false,פרוטאין קולור 7 בלונ,,,פרוטאין קולור 7 בלונ,מיליליטרים,60.00,"100 מ""ל",false,,13.90,0.2317,true,1,7898
4065698201159,false,זוג דונאטס אוראו,,,זוג דונאטס אוראו,גרמים,146.00,100 גרם,false,,15.90,0.1089,true,1,156915
4065698201180,false,דונאטס מילקה יחידה,,,דונאטס מילקה יחידה,גרמים,73.00,100 גרם,false,,7.90,0.1082,true,1,156944
4066600999614,false,בירה פאולנר בקבוק 50,,,בירה פאולנר בקבוק 50,מיליליטרים,500.00,"100 מ""ל",false,,10.90,0.0218,true,1,8497
4079400330129,false,בירה וולטרס פחית 4.9,,,בירה וולטרס פחית 4.9,מיליליטרים,500.00,"100 מ""ל",false,,5.90,0.0118,true,1,29876
4084500065536,false,קרם לחות מוגברת פנטן,,,קרם לחות מוגברת פנטן,מיליליטרים,300.00,"100 מ""ל",false,,14.90,0.0497,true,1,107
4084500065598,false,קרם לחות לתלתלים פנט,,,קרם לחות לתלתלים פנט,מיליליטרים,300.00,"100 מ""ל",false,,14.90,0.0497,true,1,108
4084500149526,false,טייד גל 2.48 ליטר,,,טייד גל 2.48 ליטר,ארגז,2.48,ליטר,false,,29.90,12.0565,true,1,17476
4084500739253,false,אורל בי –משחה 3D Whi,,,אורל בי –משחה 3D Whi,אין,75.00,יחידה,false,,22.90,0.3053,true,1,106988
4084500853836,false,פיירי נוזל כלים ורדי,,,פיירי נוזל כלים ורדי,מיליליטרים,515.00,"100 מ""ל",false,,8.90,0.0173,true,1,17481
4084500854048,false,פיירי נוזל כלים לימו,,,פיירי נוזל כלים לימו,ארגז,1.24,ליטר,false,,15.90,12.8226,true,1,109
4084500920880,false,פיירי אורגינל נוזל כ,,,פיירי אורגינל נוזל כ,ארגז,1.24,ליטר,false,,15.90,12.8226,true,1,111
4603400000043,false,רוסקי סטנדרט 700מ'ל,,,רוסקי סטנדרט 700מ'ל,מיליליטרים,700.00,"100 מ""ל",false,,60.90,0.0870,true,1,9432
4603928000976,false,בלוגה וודקה 700מל,,,בלוגה וודקה 700מל,מיליליטרים,700.00,"100 מ""ל",false,,120.90,0.1727,true,1,21473
4640018993350,false,פיניש קוואנטום לימון,,,פיניש קוואנטום לימון,אין,0.00,יחידה,false,,40.90,0.0000,true,1,14199
4640018993398,false,פיניש קוואנטום למדיח,,,פיניש קוואנטום למדיח,אין,0.00,יחידה,false,,59.90,0.0000,true,1,14201
4710068001715,false,מאסטר קפה טירמיסו 24,,,מאסטר קפה טירמיסו 24,מיליליטרים,240.00,"100 מ""ל",false,,5.90,0.0246,true,1,24937
4710068003313,false,מאסטר קפה אמריקנו בל,,,מאסטר קפה אמריקנו בל,מיליליטרים,240.00,"100 מ""ל",false,,5.90,0.0246,true,1,151784
4710964104916,false,שמן שומשום טהור לא מ,,,שמן שומשום טהור לא מ,מיליליטרים,370.00,"100 מ""ל",false,,22.90,0.0619,true,1,431759
4710964170799,false,שומשום שחור קלוי מזר,,,שומשום שחור קלוי מזר,גרמים,91.00,100 גרם,false,,16.90,0.1857,true,1,431729
4796019790013,false,גרין קוקו - שמן קוקו,,,גרין קוקו - שמן קוקו,מיליליטרים,300.00,"100 מ""ל",false,,17.90,0.0597,true,1,1951
4796019790020,false,גרין קוקו - שמן קוקו,,,גרין קוקו - שמן קוקו,מיליליטרים,500.00,"100 מ""ל",false,,25.90,0.0518,true,1,1978
4820080720584,false,וודקה חלבני דאר קלסי,,,וודקה חלבני דאר קלסי,מיליליטרים,700.00,"100 מ""ל",false,,60.90,0.0870,true,1,9438
4860009000014,false,תומר מיץ רימונים גרו,,,תומר מיץ רימונים גרו,ארגז,1.00,ליטר,false,,17.90,17.9000,true,1,16191
4860019001346,false,בורז'ומי מים מינרליי,,,בורז'ומי מים מינרליי,מיליליטרים,500.00,"100 מ""ל",false,,7.90,0.0158,true,1,9440
4860019001414,false,בורז'ומי מים מינרלים,,,בורז'ומי מים מינרלים,מיליליטרים,750.00,"100 מ""ל",false,,8.90,0.0119,true,1,9442
5000146401568,false,לכביסה ווליט דפים שו,,,לכביסה ווליט דפים שו,אין,0.00,יחידה,false,,9.90,0.0000,true,1,14205
5000157143365,false,מתבל בטעם מיונז וקטש,,,מתבל בטעם מיונז וקטש,מיליליטרים,425.00,"100 מ""ל",false,,14.90,0.0351,true,1,6353
5000159407236,false,חטיף מרס 51 גרם,,,חטיף מרס 51 גרם,גרמים,51.00,100 גרם,false,,3.90,0.0765,true,1,14158
5000159461122,false,חטיף סניקרס שוקולד 5,,,חטיף סניקרס שוקולד 5,גרמים,50.00,100 גרם,false,,3.90,0.0780,true,1,14164
5000204153729,false,גלייד מילוי אוטומטי,,,גלייד מילוי אוטומטי,מיליליטרים,269.00,"100 מ""ל",false,,15.90,0.0591,true,1,6509
5000204153903,false,גלייד מילוי אוטומטי,,,גלייד מילוי אוטומטי,מיליליטרים,269.00,"100 מ""ל",false,,15.90,0.0591,true,1,6510
5000204243000,false,דאק ג'ל נוזל  לאסלה,,,דאק ג'ל נוזל  לאסלה,מיליליטרים,750.00,"100 מ""ל",false,,8.90,0.0119,true,1,283646
5000204254587,false,דאק סבון מוצק לאסלה,,,דאק סבון מוצק לאסלה,גרמים,38.60,100 גרם,false,,8.90,0.2306,true,1,283631
5000204254617,false,דאק סבון מוצק לאסלה,,,דאק סבון מוצק לאסלה,גרמים,38.60,100 גרם,false,,8.90,0.2306,true,1,283632
5000267024233,false,ג'וני ווקר בלאק לייב,,,ג'וני ווקר בלאק לייב,מיליליטרים,700.00,"100 מ""ל",false,,120.90,0.1727,true,1,31477
5000396037531,false,מקוויטיס מצופה שוקול,,,מקוויטיס מצופה שוקול,גרמים,200.00,100 גרם,false,,10.90,0.0545,true,1,16068
5000396037548,false,מקוויטיס מצופה שוקול,,,מקוויטיס מצופה שוקול,גרמים,200.00,100 גרם,false,,10.90,0.0545,true,1,16069
5000396037944,false,מקוויטים ביסקוויטים,,,מקוויטים ביסקוויטים,גרמים,250.00,100 גרם,false,,9.90,0.0396,true,1,16070
5010026515919,false,מוזלי קריספי אגוזים,,,מוזלי קריספי אגוזים,גרמים,650.00,100 גרם,false,,24.90,0.0383,true,1,112131
5010026519368,false,פתיתי שיבולת שועל -,,,פתיתי שיבולת שועל -,גרמים,500.00,100 גרם,false,,7.90,0.0158,true,1,76475
5010182997338,false,דאק ג'ל אסלה ניחוח ר,,,דאק ג'ל אסלה ניחוח ר,גרמים,55.00,100 גרם,false,,9.90,0.1800,true,1,6526
5010182997680,false,רייד ארוסול קוטל נמל,,,רייד ארוסול קוטל נמל,מיליליטרים,300.00,"100 מ""ל",false,,11.90,0.0397,true,1,6528
5010182997918,false,דאק ג'ל אסלה ניחוח י,,,דאק ג'ל אסלה ניחוח י,גרמים,55.00,100 גרם,false,,9.90,0.1800,true,1,6529
5010182998861,false,דאק ג'ל נוזל לניקוי,,,דאק ג'ל נוזל לניקוי,מיליליטרים,750.00,"100 מ""ל",false,,8.90,0.0119,true,1,6531
5010327000046,false,וויסקי גרנטס,,,וויסקי גרנטס,מיליליטרים,750.00,"100 מ""ל",false,,70.90,0.0945,true,1,7592
5010677551281,false,בקרדי בריזר לימון 27,,,בקרדי בריזר לימון 27,מיליליטרים,275.00,"100 מ""ל",false,,13.90,0.0505,true,1,8499
5010677551397,false,בקרדי בריזר ליים,,,בקרדי בריזר ליים,מיליליטרים,275.00,"100 מ""ל",false,,13.90,0.0505,true,1,8500
5010677552387,false,בקרדי בריזר אננס.,,,בקרדי בריזר אננס.,מיליליטרים,275.00,"100 מ""ל",false,,13.90,0.0505,true,1,8501
5010677714006,false,גין בומביי ספייר 700,,,גין בומביי ספייר 700,מיליליטרים,700.00,"100 מ""ל",false,,119.90,0.1713,true,1,10524
5010677850100,false,"גריי גוס 700 מ""ל",,,"גריי גוס 700 מ""ל",מיליליטרים,700.00,"100 מ""ל",false,,110.90,0.1584,true,1,10525
5011157671222,false,אורז  בסמטי חום מלא,,,אורז  בסמטי חום מלא,אלף,1.00,"ק""ג",false,,19.90,19.9000,true,1,289402
5011157730271,false,אורז יסמין טילדה 1 ק,,,אורז יסמין טילדה 1 ק,אלף,1.00,"ק""ג",false,,19.90,19.9000,true,1,289388
5013931015789,false,ידית הפלא עם כרית פל,,,ידית הפלא עם כרית פל,גרמים,64.00,100 גרם,false,,19.90,0.3109,true,1,44987
5014271310428,false,סאן דלפור מעדן דובדב,,,סאן דלפור מעדן דובדב,גרמים,284.00,100 גרם,false,,20.90,0.0736,true,1,12039
5014271330426,false,סאן דלפור מעדן אוכמנ,,,סאן דלפור מעדן אוכמנ,גרמים,284.00,100 גרם,false,,20.90,0.0736,true,1,12040
5014271350424,false,סאן דלפור מעדן ארבע,,,סאן דלפור מעדן ארבע,גרמים,284.00,100 גרם,false,,20.90,0.0736,true,1,12041
5014271360423,false,סאן דלפור מעדן תפוז,,,סאן דלפור מעדן תפוז,גרמים,284.00,100 גרם,false,,20.90,0.0736,true,1,12042
5014271400426,false,סאן דלפור מעדן תות ש,,,סאן דלפור מעדן תות ש,גרמים,284.00,100 גרם,false,,20.90,0.0736,true,1,12046
5029053510828,false,תחבושת אולטרה סופר+כ,,,תחבושת אולטרה סופר+כ,אין,0.00,יחידה,false,,15.90,0.0000,true,1,8198
5029053523446,false,תחבושות אולטרה נייט+,,,תחבושות אולטרה נייט+,אין,0.00,יחידה,false,,15.90,0.0000,true,1,8199
5029053535227,false,טמפון עם מוליך נורמל,,,טמפון עם מוליך נורמל,אין,0.00,יחידה,false,,19.90,0.0000,true,1,8210
5029054220085,false,האגיס אקסטרה קר מגבו,,,האגיס אקסטרה קר מגבו,אין,0.00,יחידה,false,,24.90,0.0000,true,1,8215
5035766044673,false,סטרונגבאו סיידר תפוח,,,סטרונגבאו סיידר תפוח,מיליליטרים,330.00,"100 מ""ל",false,,7.90,0.0239,true,1,8503
5035766044772,false,סטרונגבאו סיידר תפוח,,,סטרונגבאו סיידר תפוח,ארגז,1.32,ליטר,false,,32.90,24.9242,true,1,8504
5035766060253,false,מרפיס אייריש סטאוט פ,,,מרפיס אייריש סטאוט פ,מיליליטרים,500.00,"100 מ""ל",false,,11.90,0.0238,true,1,8506
5060517886486,false,מונסטר אנרג'י פחית 5,,,מונסטר אנרג'י פחית 5,מיליליטרים,500.00,"100 מ""ל",false,,6.90,0.0138,true,1,7220
5060751218173,false,מונסטר פייפלין פאנץ',,,מונסטר פייפלין פאנץ',מיליליטרים,500.00,"100 מ""ל",false,,6.90,0.0138,true,1,322658
5060751219033,false,מונסטר אולטרה פרדייז,,,מונסטר אולטרה פרדייז,מיליליטרים,500.00,"100 מ""ל",false,,6.90,0.0138,true,1,322659
5201004020338,false,קפריס רולס קלאסיק 40,,,קפריס רולס קלאסיק 40,גרמים,400.00,100 גרם,false,,15.90,0.0398,true,1,10771
5201004021328,false,קפריס רולס קלאסיק 11,,,קפריס רולס קלאסיק 11,גרמים,115.00,100 גרם,false,,8.90,0.0774,true,1,53786
5201261201532,false,"היינקן פחית 500 מ""ל",,,"היינקן פחית 500 מ""ל",ארגז,2.00,ליטר,false,,45.90,22.9500,true,1,153400
5201340003385,false,טונה מעושנת בשמן צמח,,,טונה מעושנת בשמן צמח,גרמים,160.00,100 גרם,false,,15.90,0.0994,true,1,146784
5201340003392,false,טונה מעושנת בלימון 1,,,טונה מעושנת בלימון 1,גרמים,160.00,100 גרם,false,,15.90,0.0994,true,1,146798
5201340026704,false,טונה מעושנת פיקנטי 1,,,טונה מעושנת פיקנטי 1,גרמים,160.00,100 גרם,false,,15.90,0.0994,true,1,146799
5201347175030,false,פיניש קוואנטום 32 יח,,,פיניש קוואנטום 32 יח,אין,0.00,יחידה,false,,34.90,0.0000,true,1,422454
5201360724741,false,רולדות אישיות במילוי,,,רולדות אישיות במילוי,גרמים,256.00,100 גרם,false,,11.90,0.0465,true,1,29886
5201940010110,false,זיתים שחורים קלמטה ו,,,זיתים שחורים קלמטה ו,גרמים,250.00,100 גרם,false,,13.90,0.0556,true,1,5306
5202175001515,false,נאצ'וס בטעם מלוח מזר,,,נאצ'וס בטעם מלוח מזר,גרמים,225.00,100 גרם,false,,10.90,0.0484,true,1,306318
5202175001546,false,נאצ'וס בטעם ברביקיו,,,נאצ'וס בטעם ברביקיו,גרמים,225.00,100 גרם,false,,10.90,0.0484,true,1,431243
5202175002451,false,טורטייה- מאפה על בסי,,,טורטייה- מאפה על בסי,גרמים,245.00,100 גרם,false,,8.90,0.0363,true,1,431006
5202300014496,false,אקסטרה סטרונג וולה פ,,,אקסטרה סטרונג וולה פ,מיליליטרים,250.00,"100 מ""ל",false,,30.00,0.1200,true,1,17512
5203064007625,false,תומר עוגיות שוקו צ'י,,,תומר עוגיות שוקו צ'י,גרמים,180.00,100 גרם,false,,8.90,0.0494,true,1,181301
5203064007632,false,תומר עוגיות שוקו צ'י,,,תומר עוגיות שוקו צ'י,גרמים,180.00,100 גרם,false,,8.90,0.0494,true,1,181316
5203064007649,false,תומר עוגיות שוקו צ'י,,,תומר עוגיות שוקו צ'י,גרמים,180.00,100 גרם,false,,8.90,0.0494,true,1,181302
5391523057936,false,סימילאק גולד שלב 2,,,סימילאק גולד שלב 2,גרמים,700.00,100 גרם,false,,70.90,0.1013,true,1,18887
5391523058087,false,סימילאק אדוואנס פלוס,,,סימילאק אדוואנס פלוס,גרמים,700.00,100 גרם,false,,64.90,0.0927,true,1,18891
5400265033006,false,נשיקות מרנג צבעוני 1,,,נשיקות מרנג צבעוני 1,גרמים,100.00,100 גרם,false,,9.90,0.0990,true,1,412248
5410076933129,false,אריאל שושן צחור שקית,,,אריאל שושן צחור שקית,אלף,3.00,"ק""ג",false,,34.90,11.6333,true,1,17516
5410126006087,false,לוטוס עוגיות קרמל 70,,,לוטוס עוגיות קרמל 70,גרמים,700.00,100 גרם,false,,24.90,0.0356,true,1,6362
5410126116953,false,לוטוס ממרח ביסקוויט,,,לוטוס ממרח ביסקוויט,גרמים,400.00,100 גרם,false,,20.90,0.0522,true,1,6366
5410126666038,false,עוגיות לוטוס 279 גרם,,,עוגיות לוטוס 279 גרם,גרמים,279.00,100 גרם,false,,12.90,0.0462,true,1,6367
5410126716016,false,ביסקוויט בטעם קרמל ל,,,ביסקוויט בטעם קרמל ל,גרמים,250.00,100 גרם,false,,11.90,0.0476,true,1,6368
5410126726947,false,לוטוס קראנץ ממרח עוג,,,לוטוס קראנץ ממרח עוג,גרמים,380.00,100 גרם,false,,19.90,0.0524,true,1,6369
5410173210055,false,רומבוסט קפה טחון וקל,,,רומבוסט קפה טחון וקל,גרמים,70.00,100 גרם,false,,14.90,0.2129,true,1,10109
5410316983693,false,סמירנוף אייס בודד,,,סמירנוף אייס בודד,מיליליטרים,275.00,"100 מ""ל",false,,11.90,0.0433,true,1,7229
5411188081852,false,אלפרו משקה סויה בטעם,,,אלפרו משקה סויה בטעם,אין,0.00,יחידה,false,,11.80,0.0000,true,1,14875
5411188094159,false,אלפרו מעדן סויה שוק.,,,אלפרו מעדן סויה שוק.,מיליליטרים,500.00,"100 מ""ל",false,,14.90,0.0298,true,1,14876
5411188096108,false,אלפרו סויה לבישול 25,,,אלפרו סויה לבישול 25,מיליליטרים,250.00,"100 מ""ל",false,,9.90,0.0396,true,1,14877
5411188106159,false,אלפרו משקה סויה לייט,,,אלפרו משקה סויה לייט,אין,0.00,יחידה,false,,11.80,0.0000,true,1,14878
5411188110835,false,אלפרו משקה שקדים 1 ל,,,אלפרו משקה שקדים 1 ל,ארגז,1.00,ליטר,false,,11.80,11.8000,true,1,14879
5411188112549,false,אלפרו משקה אורז 1ל,,,אלפרו משקה אורז 1ל,ארגז,1.00,ליטר,false,,11.80,11.8000,true,1,14881
5411188112709,false,אלפרו משקה שקדים ללא,,,אלפרו משקה שקדים ללא,אין,0.00,יחידה,false,,11.80,0.0000,true,1,14882
5411188115366,false,אלפרו משקה שיבולת שו,,,אלפרו משקה שיבולת שו,אין,0.00,יחידה,false,,11.80,0.0000,true,1,14883
5411188115434,false,אלפרו משקה בריסטה סו,,,אלפרו משקה בריסטה סו,ליטרים,1.00,100 ליטר,false,,11.80,11.8000,true,1,355353
5411188115472,false,אלפרו משקה סויה 1 לי,,,אלפרו משקה סויה 1 לי,ארגז,1.00,ליטר,false,,11.80,11.8000,true,1,14884
5411188116905,false,משקה סויה בטעם בננה,,,משקה סויה בטעם בננה,אין,0.00,יחידה,false,,11.80,0.0000,true,1,338562
5411188120742,false,אלפרו משקה שקדים בטע,,,אלפרו משקה שקדים בטע,ארגז,1.00,ליטר,false,,11.80,11.8000,true,1,14887
5411188120957,false,אלפרו קוקוס לבישול 2,,,אלפרו קוקוס לבישול 2,מיליליטרים,250.00,"100 מ""ל",false,,9.90,0.0396,true,1,250666
5411188121923,false,אלפרו סויה סידן  שלש,,,אלפרו סויה סידן  שלש,מיליליטרים,750.00,"100 מ""ל",false,,14.50,0.0193,true,1,14888
5411188121978,false,אלפרו סויה  שוקו סיד,,,אלפרו סויה  שוקו סיד,מיליליטרים,750.00,"100 מ""ל",false,,14.50,0.0193,true,1,14889
5411188124689,false,אלפרו משקה שיבולת שו,,,אלפרו משקה שיבולת שו,אין,0.00,יחידה,false,,11.80,0.0000,true,1,41058
5411188124726,false,אלפרו משקה שיבולת שו,,,אלפרו משקה שיבולת שו,אין,0.00,יחידה,false,,11.90,0.0000,true,1,14892
5411188129899,false,אלפרו משקה בריסטה שק,,,אלפרו משקה בריסטה שק,אין,0.00,יחידה,false,,11.80,0.0000,true,1,14896
5411188133476,false,אלפרו משקה סויה שוקו,,,אלפרו משקה סויה שוקו,מיליליטרים,250.00,"100 מ""ל",false,,6.90,0.0276,true,1,138888
5411188133490,false,אלפרו משקה סויה קפה,,,אלפרו משקה סויה קפה,מיליליטרים,250.00,"100 מ""ל",false,,6.90,0.0276,true,1,138916
5411188134985,false,אלפרו 3.5% שומן NOT,,,אלפרו 3.5% שומן NOT,ארגז,1.00,ליטר,false,,12.90,12.9000,true,1,109144
5411188135005,false,אלפרו 1.8% שומן NOT,,,אלפרו 1.8% שומן NOT,ארגז,1.00,ליטר,false,,12.90,12.9000,true,1,113051
5411188513483,false,אלפרו סויה לבישול 14,,,אלפרו סויה לבישול 14,מיליליטרים,250.00,"100 מ""ל",false,,9.90,0.0396,true,1,250667
5411188543398,false,אלפרו משקה סויה ללא,,,אלפרו משקה סויה ללא,ארגז,1.00,ליטר,false,,11.80,11.8000,true,1,14898
5413121355082,false,שוקולד בלגי מריר 72%,,,שוקולד בלגי מריר 72%,גרמים,100.00,100 גרם,false,,11.90,0.1190,true,1,415141
5413121355099,false,שוקולד מריר 72% עם פ,,,שוקולד מריר 72% עם פ,גרמים,100.00,100 גרם,false,,11.90,0.1190,true,1,415127
5413121358694,false,שוקולד בלגי מריר 85%,,,שוקולד בלגי מריר 85%,גרמים,100.00,100 גרם,false,,11.90,0.1190,true,1,415155
5413121364121,false,שוקולד טראפלס קקאו ז,,,שוקולד טראפלס קקאו ז,גרמים,150.00,100 גרם,false,,14.90,0.0993,true,1,416228
5413149655522,false,אריאל אבקת כביסה שוש,,,אריאל אבקת כביסה שוש,אלף,1.25,"ק""ג",false,,17.90,14.3200,true,1,17517
5413149922907,false,אריאל אבקת כביסה קול,,,אריאל אבקת כביסה קול,אלף,5.00,"ק""ג",false,,45.90,9.1800,true,1,17518
5413149922938,false,אריאל אבקת כביסה שוש,,,אריאל אבקת כביסה שוש,אלף,5.00,"ק""ג",false,,45.90,9.1800,true,1,17519
5413149930025,false,אבקת כביסה טייד אלפי,,,אבקת כביסה טייד אלפי,אלף,5.00,"ק""ג",false,,34.90,6.9800,true,1,17520
5413216990242,false,צדפי שוקולד צ'וקטה 2,,,צדפי שוקולד צ'וקטה 2,גרמים,250.00,100 גרם,false,,14.90,0.0596,true,1,25954
5413548040479,false,בונבוניירה רפאלו 240,,,בונבוניירה רפאלו 240,גרמים,240.00,100 גרם,false,,22.40,0.0933,true,1,25656
5600289150318,false,צ'יפס תפוחי עץ מיובש,,,צ'יפס תפוחי עץ מיובש,גרמים,20.00,100 גרם,false,,5.90,0.2950,true,1,299656
5600289150332,false,צ'יפס תפוחי עץ מיובש,,,צ'יפס תפוחי עץ מיובש,גרמים,20.00,100 גרם,false,,5.90,0.2950,true,1,299657
5600289150349,false,צ'יפס תפוחי עץ מיובש,,,צ'יפס תפוחי עץ מיובש,גרמים,30.00,100 גרם,false,,5.90,0.1967,true,1,299658
5600289150356,false,צ'יפס תפוחי עץ מיובש,,,צ'יפס תפוחי עץ מיובש,גרמים,40.00,100 גרם,false,,5.90,0.1475,true,1,299659
5601008200444,false,גודיס עוגיות טבעת מצ,,,גודיס עוגיות טבעת מצ,גרמים,150.00,100 גרם,false,,4.90,0.0327,true,1,14469
5601008200468,false,גודיס עוגיות טבעת מצ,,,גודיס עוגיות טבעת מצ,גרמים,150.00,100 גרם,false,,4.90,0.0327,true,1,14471
5601010111035,false,סרדינים בשמן זית רמי,,,סרדינים בשמן זית רמי,גרמים,100.00,100 גרם,false,,11.90,0.1190,true,1,336996
5601010211070,false,סרדינים במי מלח רמיר,,,סרדינים במי מלח רמיר,גרמים,100.00,100 גרם,false,,10.90,0.1090,true,1,166768
5601010211087,false,פילה סרדין בשמן זית,,,פילה סרדין בשמן זית,גרמים,100.00,100 גרם,false,,13.90,0.1390,true,1,337698
5601036205596,false,אקסלנס קרם חום זהוב,,,אקסלנס קרם חום זהוב,אין,0.00,יחידה,false,,34.90,0.0000,true,1,118900
5601036205626,false,אקסלנס קרם בלונד 6,,,אקסלנס קרם בלונד 6,אין,0.00,יחידה,false,,34.90,0.0000,true,1,118915
5701932026964,false,הוט פופ .פופקורן עם,,,הוט פופ .פופקורן עם,גרמים,600.00,100 גרם,false,,14.90,0.0248,true,1,10110
5701932026971,false,הוט פופ פופקורן בטעם,,,הוט פופ פופקורן בטעם,גרמים,600.00,100 גרם,false,,14.90,0.0248,true,1,10111
5701932026995,false,הוט פופ פופקורן לייט,,,הוט פופ פופקורן לייט,גרמים,510.00,100 גרם,false,,14.90,0.0292,true,1,10112
5711953106583,false,ארלה גבינת שמנת טבעי,,,ארלה גבינת שמנת טבעי,גרמים,200.00,100 גרם,false,,12.80,0.0640,true,1,15413
5711953106590,false,ארלה גבינת שמנת שום,,,ארלה גבינת שמנת שום,גרמים,200.00,100 גרם,false,,12.80,0.0640,true,1,15414
5740900403215,false,ממרח לורפק עם מלח 25,,,ממרח לורפק עם מלח 25,גרמים,250.00,100 גרם,false,,16.80,0.0672,true,1,15417
5740900403239,false,ממרח לורפק ללא מלח 2,,,ממרח לורפק ללא מלח 2,גרמים,250.00,100 גרם,false,,16.80,0.0672,true,1,15419
5740900403246,false,ממרח לורפק ללא מלח 5,,,ממרח לורפק ללא מלח 5,גרמים,500.00,100 גרם,false,,28.90,0.0578,true,1,15420
5740900403253,false,ממרח לורפק עם מלח 50,,,ממרח לורפק עם מלח 50,גרמים,500.00,100 גרם,false,,28.90,0.0578,true,1,15421
5740900403260,false,ממרח לורפק ללא מלח מ,,,ממרח לורפק ללא מלח מ,גרמים,250.00,100 גרם,false,,16.80,0.0672,true,1,15422
5900020012814,false,דגני בוקר נסקוויק נס,,,דגני בוקר נסקוויק נס,גרמים,500.00,100 גרם,false,,24.90,0.0498,true,1,12860
5900020015174,false,פיטנס חטיף דגנים שוק,,,פיטנס חטיף דגנים שוק,גרמים,141.00,100 גרם,false,,14.90,0.1057,true,1,12861
5900020018908,false,פיטנס חטיף דגנים קרם,,,פיטנס חטיף דגנים קרם,גרמים,141.00,100 גרם,false,,14.90,0.1057,true,1,12862
5900020020710,false,חטיף דגנים קראנץ בר,,,חטיף דגנים קראנץ בר,גרמים,150.00,100 גרם,false,,16.90,0.1127,true,1,12864
5900020022325,false,חטיף דגנים סיני מיני,,,חטיף דגנים סיני מיני,גרמים,150.00,100 גרם,false,,16.90,0.1127,true,1,12867
5900020024817,false,פיטנס בר דליס שוקולד,,,פיטנס בר דליס שוקולד,גרמים,135.00,100 גרם,false,,14.90,0.1104,true,1,12869
5900020025647,false,פיטנס בר דליס שוקולד,,,פיטנס בר דליס שוקולד,גרמים,135.00,100 גרם,false,,14.90,0.1104,true,1,12870
5900020026552,false,האני נאט ציריוס נסטל,,,האני נאט ציריוס נסטל,גרמים,625.00,100 גרם,false,,24.90,0.0398,true,1,12874
5900020029669,false,פיטנס חטיף דגנים פיר,,,פיטנס חטיף דגנים פיר,גרמים,141.00,100 גרם,false,,14.90,0.1057,true,1,12877
5900020031877,false,חטיף דגנים צ'יריוס ה,,,חטיף דגנים צ'יריוס ה,גרמים,132.00,100 גרם,false,,16.90,0.1280,true,1,12878
5900020032454,false,חטיף דגנים  עוגיות פ,,,חטיף דגנים  עוגיות פ,גרמים,188.00,100 גרם,false,,16.90,0.0899,true,1,84792
5900020032539,false,חטיף דגנים  שוקולד פ,,,חטיף דגנים  שוקולד פ,גרמים,188.00,100 גרם,false,,16.90,0.0899,true,1,84806
5900020033314,false,חטיף דגנים ליון נסטל,,,חטיף דגנים ליון נסטל,גרמים,150.00,100 גרם,false,,16.90,0.1127,true,1,12879
5900020034021,false,פיטנס חטיף דגנים שוק,,,פיטנס חטיף דגנים שוק,גרמים,141.00,100 גרם,false,,16.90,0.1199,true,1,12880
5900020034991,false,קראנץ' צדפים בטעם שו,,,קראנץ' צדפים בטעם שו,גרמים,450.00,100 גרם,false,,24.90,0.0553,true,1,12881
5900020036407,false,דגני בוקר שוקולד וקר,,,דגני בוקר שוקולד וקר,גרמים,480.00,100 גרם,false,,24.90,0.0519,true,1,12883
5900020037916,false,צ'יריוס שיבולת שועל,,,צ'יריוס שיבולת שועל,גרמים,375.00,100 גרם,false,,14.90,0.0397,true,1,87899
5900020039132,false,צ'יריוס שיבולת שועל,,,צ'יריוס שיבולת שועל,גרמים,320.00,100 גרם,false,,14.90,0.0466,true,1,78178
5900020039590,false,פיטנס חטיף דגנים קלא,,,פיטנס חטיף דגנים קלא,גרמים,141.00,100 גרם,false,,14.90,0.1057,true,1,152099
5900020039620,false,חטיף דגנים שקדים ודב,,,חטיף דגנים שקדים ודב,גרמים,141.00,100 גרם,false,,14.90,0.1057,true,1,152085
5900627027020,false,ויט ספא תמציות משי,,,ויט ספא תמציות משי,מיליליטרים,150.00,"100 מ""ל",false,,39.90,0.2660,true,1,14223
5900627063233,false,50 יח AIO טבליות פינ,,,50 יח AIO טבליות פינ,גרמים,800.00,100 גרם,false,,39.90,0.0499,true,1,14226
5900627066715,false,פיניש 100 טבליות AIO,,,פיניש 100 טבליות AIO,אין,0.00,יחידה,false,,59.90,0.0000,true,1,57343
5901414200411,false,היט מיניס קרם קקאו 1,,,היט מיניס קרם קקאו 1,גרמים,130.00,100 גרם,false,,5.90,0.0454,true,1,25955
5902768862553,true,עוגיות בוגטי שוקולד,,,עוגיות בוגטי שוקולד,גרמים,155.00,100 גרם,false,,5.50,0.0355,true,1,31807
5902768862683,true,עוגיות טוויט שוקולד,,,עוגיות טוויט שוקולד,גרמים,155.00,100 גרם,false,,5.50,0.0355,true,1,31808
5904941750312,false,בלו בודד מוחיטו 250,,,בלו בודד מוחיטו 250,מיליליטרים,250.00,"100 מ""ל",false,,4.50,0.0180,true,1,4590
5904941751302,false,בלו משקה אנרגיה 250,,,בלו משקה אנרגיה 250,מיליליטרים,250.00,"100 מ""ל",false,,4.50,0.0180,true,1,4591
5904941751715,false,בלו משקה אנרגיה קרנב,,,בלו משקה אנרגיה קרנב,מיליליטרים,250.00,"100 מ""ל",false,,4.50,0.0180,true,1,4593
5906485301012,false,אקס אל משקה אנרגיה 2,,,אקס אל משקה אנרגיה 2,מיליליטרים,250.00,"100 מ""ל",false,,4.50,0.0180,true,1,8509
5941021000899,false,טבלת היידי גראנדור מ,,,טבלת היידי גראנדור מ,גרמים,100.00,100 גרם,false,,9.50,0.0950,true,1,354021
5941021001247,false,טבלת היידי גראנדור ק,,,טבלת היידי גראנדור ק,גרמים,80.00,100 גרם,false,,9.50,0.1188,true,1,354134
5941021001254,false,טבלת היידי גראנדור ת,,,טבלת היידי גראנדור ת,גרמים,80.00,100 גרם,false,,9.50,0.1188,true,1,354135
5941021001261,false,טבלת היידי גראנדור 7,,,טבלת היידי גראנדור 7,גרמים,80.00,100 גרם,false,,9.50,0.1188,true,1,354136
5941021001674,false,טבלת היידי גראנדור 8,,,טבלת היידי גראנדור 8,גרמים,80.00,100 גרם,false,,9.50,0.1188,true,1,354007
5941021004309,false,טבלת היידי גראנדור פ,,,טבלת היידי גראנדור פ,גרמים,100.00,100 גרם,false,,9.50,0.0950,true,1,354151
5941021005139,false,טבלת היידי גראנדור ח,,,טבלת היידי גראנדור ח,גרמים,100.00,100 גרם,false,,9.50,0.0950,true,1,354022
5941021007577,false,טבלת היידי גראנדור פ,,,טבלת היידי גראנדור פ,גרמים,80.00,100 גרם,false,,9.50,0.1188,true,1,354137
5941021011147,false,טבלת היידי גראנדור פ,,,טבלת היידי גראנדור פ,גרמים,100.00,100 גרם,false,,9.50,0.0950,true,1,354152
5941021016401,false,טבלת היידי גראנדור מ,,,טבלת היידי גראנדור מ,גרמים,100.00,100 גרם,false,,9.50,0.0950,true,1,354120
5998623530644,false,פינו גריג'יו רוזה חצ,,,פינו גריג'יו רוזה חצ,מיליליטרים,750.00,"100 מ""ל",false,,39.90,0.0532,true,1,295423
6102017501939,false,מצת מהודר,,,מצת מהודר,אין,0.00,יחידה,false,,9.90,0.0000,true,1,19979
6111049000051,false,סרדין מרוקאי חריף ספ,,,סרדין מרוקאי חריף ספ,גרמים,125.00,100 גרם,false,,4.90,0.0392,true,1,8907
6111094000013,false,קוסקוס בינוני דארי 1,,,קוסקוס בינוני דארי 1,אלף,1.00,"ק""ג",false,,14.90,14.9000,true,1,16192
6111094000228,false,"קוסקוס דק דארי 1 ק""ג",,,"קוסקוס דק דארי 1 ק""ג",אלף,1.00,"ק""ג",false,,14.90,14.9000,true,1,16194
6111094000259,false,קוסקוס בינוני דארי 5,,,קוסקוס בינוני דארי 5,גרמים,500.00,100 גרם,false,,8.90,0.0178,true,1,16196
6111094000808,false,קוסקוס בינוני דארי 1,,,קוסקוס בינוני דארי 1,אלף,1.10,"ק""ג",false,,14.90,13.5455,true,1,16197
6224009175192,false,"תות שדה 1 ק""ג קפוא ב",,,"תות שדה 1 ק""ג קפוא ב",אלף,1.00,"ק""ג",false,,16.90,16.9000,true,1,31663
6910191800287,false,אצות נורי לסושי מזרח,,,אצות נורי לסושי מזרח,גרמים,25.00,100 גרם,false,,11.90,0.4760,true,1,306205
6912977000140,false,אטריות שעועית ללא גל,,,אטריות שעועית ללא גל,גרמים,250.00,100 גרם,false,,8.90,0.0356,true,1,29298
6920102066343,false,סכין מאיה 3 יח`,,,סכין מאיה 3 יח`,אין,0.00,יחידה,false,,9.00,0.0000,true,1,17783
6920190014417,false,מפיות שולחן מקושטות,,,מפיות שולחן מקושטות,יח',20.00,יח',false,,3.90,0.1950,true,1,10315
6924421202017,false,פטריות שי-מג'י חוות,,,פטריות שי-מג'י חוות,גרמים,150.00,100 גרם,false,,12.90,0.0860,true,1,31170
6936745600462,false,רוטב מירין לתיבול מז,,,רוטב מירין לתיבול מז,מיליליטרים,500.00,"100 מ""ל",false,,19.90,0.0398,true,1,431200
6936745600783,false,"חומץ אורז 500 מ""ל (ד",,,"חומץ אורז 500 מ""ל (ד",גרמים,500.00,100 גרם,false,,14.90,0.0298,true,1,430940
7038516140418,false,מב.שיניים טוטאל קלין,,,מב.שיניים טוטאל קלין,אין,0.00,יחידה,false,,10.00,0.0000,true,1,6536
7046110030608,false,זוג מברשות סנסטיב ג',,,זוג מברשות סנסטיב ג',אין,0.00,יחידה,false,,22.90,0.0000,true,1,6538
7046110064016,false,זוג מברשות שיניים יל,,,זוג מברשות שיניים יל,אין,0.00,יחידה,false,,17.40,0.0000,true,1,6539
7046110064047,false,ג'ורדן מארז מברשת שי,,,ג'ורדן מארז מברשת שי,אין,0.00,יחידה,false,,17.40,0.0000,true,1,6540
7046110071519,false,מש.שיניים לילדים לשי,,,מש.שיניים לילדים לשי,מיליליטרים,50.00,"100 מ""ל",false,,11.90,0.2380,true,1,6542
7290000000004,false,לחמניית אצבע עם נקני,,,לחמניית אצבע עם נקני,אין,0.00,יחידה,false,,9.90,0.0000,true,1,22018
7290000000104,false,סנדוויץ'  עובד,,,סנדוויץ'  עובד,אין,0.00,יחידה,false,,5.00,0.0000,true,1,22027
7290000000302,false,6יח בקבוק ריק חוזר 5,,,6יח בקבוק ריק חוזר 5,אין,0.00,יחידה,false,,7.20,0.0000,true,1,8481
7290000001005,false,לחם איטלקי,,,לחם איטלקי,יח',1.00,יח',false,,7.90,7.9000,true,1,4998
7290000001056,false,לחם אחיד 750 גרם,,,לחם אחיד 750 גרם,גרמים,750.00,100 גרם,false,,3.90,0.0052,true,1,6038
7290000001085,true,פרנה/פיתה מרוקאית /ל,,,פרנה/פיתה מרוקאית /ל,אין,0.00,יחידה,false,,5.90,0.0000,true,1,5170
7290000001104,false,פטריות  חורש  ארוז,,,פטריות  חורש  ארוז,יח',1.00,יח',false,,9.90,9.9000,true,1,27599
7290000001524,true,בצל ירוק כשר,,,בצל ירוק כשר,יח',1.00,יח',false,,6.90,6.9000,true,1,29365
7290000002023,false,מאפים מתוקים/מלוחים,,,מאפים מתוקים/מלוחים,קילוגרמים,1.00,"ק""ג",true,,39.00,39.0000,true,1,34070
7290000002858,false,פטה עזים גד 5% במשקל,,,פטה עזים גד 5% במשקל,קילוגרמים,1.00,"ק""ג",true,,120.00,120.0000,true,1,11039
7290000002872,false,צפתית במים גד 5% במש,,,צפתית במים גד 5% במש,קילוגרמים,1.00,"ק""ג",true,,64.00,64.0000,true,1,11040
7290000002957,false,פטה עיזים גד 16% במש,,,פטה עיזים גד 16% במש,קילוגרמים,1.00,"ק""ג",true,,115.00,115.0000,true,1,3050
7290000002964,false,פטה כבשים  גד 16% במ,,,פטה כבשים  גד 16% במ,קילוגרמים,1.00,"ק""ג",true,,105.00,105.0000,true,1,11042
7290000003036,false,רביעית לחמניות המבור,,,רביעית לחמניות המבור,יח',1.00,יח',false,,12.90,12.9000,true,1,34028
7290000003043,false,לחם מחמצת,,,לחם מחמצת,גרמים,530.00,100 גרם,false,,16.90,0.0319,true,1,34002
7290000003044,false,לחמנית ג'בטה,,,לחמנית ג'בטה,יח',1.00,יח',false,,4.20,4.2000,true,1,34015
7290000003285,false,פטינה מחלבת ארלה 21%,,,פטינה מחלבת ארלה 21%,קילוגרמים,1.00,"ק""ג",true,,29.00,29.0000,true,1,15396
7290000003286,false,בלוז דנאבלו מחלבת אר,,,בלוז דנאבלו מחלבת אר,קילוגרמים,1.00,"ק""ג",true,,65.00,65.0000,true,1,15397
7290000003503,false,כנפיים עוף טרי,,,כנפיים עוף טרי,קילוגרמים,1.00,"ק""ג",true,,10.00,10.0000,true,1,17312
7290000004006,false,קאשקבל משולשים גד 26,,,קאשקבל משולשים גד 26,קילוגרמים,1.00,"ק""ג",true,,128.00,128.0000,true,1,11043
7290000004045,false,חליות,,,חליות,יח',1.00,יח',false,,2.20,2.2000,true,1,34030
7290000004444,false,שקיות גופיה  20 מקרו,,,שקיות גופיה  20 מקרו,אין,0.00,יחידה,false,,0.10,0.0000,true,1,413537
7290000004655,false,מוצרלה מעושנת גד 22%,,,מוצרלה מעושנת גד 22%,קילוגרמים,1.00,"ק""ג",true,,80.00,80.0000,true,1,3064
7290000004754,false,מוצרלה כדור קטן גד 1,,,מוצרלה כדור קטן גד 1,קילוגרמים,1.00,"ק""ג",true,,95.00,95.0000,true,1,11044
7290000004792,false,בולגרית מעודנת גד 5%,,,בולגרית מעודנת גד 5%,קילוגרמים,1.00,"ק""ג",true,,56.00,56.0000,true,1,11045
7290000004815,false,מוצרלה גד 22% במשקל,,,מוצרלה גד 22% במשקל,קילוגרמים,1.00,"ק""ג",true,,80.00,80.0000,true,1,3035
7290000004921,false,ריקוטה גד 5% במשקל,,,ריקוטה גד 5% במשקל,קילוגרמים,1.00,"ק""ג",true,,52.00,52.0000,true,1,11048
7290000004969,false,גבינות שמנת טבעי גד,,,גבינות שמנת טבעי גד,קילוגרמים,1.00,"ק""ג",true,,47.00,47.0000,true,1,11049
7290000004990,false,כדור גדול מוצרלה גד,,,כדור גדול מוצרלה גד,קילוגרמים,1.00,"ק""ג",true,,95.00,95.0000,true,1,3051
7290000004991,false,מארז תרומה אגרות פתח,,,מארז תרומה אגרות פתח,אין,0.00,יחידה,false,,10.00,0.0000,true,1,106263
7290000005025,false,בייגל בטעמים,,,בייגל בטעמים,יח',1.00,יח',false,,4.90,4.9000,true,1,22923
7290000005448,false,בולגרית מעודנת מהדרי,,,בולגרית מעודנת מהדרי,קילוגרמים,1.00,"ק""ג",true,,56.00,56.0000,true,1,11053
7290000005479,false,צפתית במים מהדרין גד,,,צפתית במים מהדרין גד,קילוגרמים,1.00,"ק""ג",true,,64.00,64.0000,true,1,11055
7290000005608,false,לאבנה מהדרין גד 5% ב,,,לאבנה מהדרין גד 5% ב,קילוגרמים,1.00,"ק""ג",true,,42.00,42.0000,true,1,11058
7290000006021,false,פטה מעדן סלט קוביות,,,פטה מעדן סלט קוביות,קילוגרמים,1.00,"ק""ג",true,,75.00,75.0000,true,1,6747
7290000006120,false,טאפאס ממולא גב.שמנת,,,טאפאס ממולא גב.שמנת,קילוגרמים,1.00,"ק""ג",true,,148.00,148.0000,true,1,48248
7290000008955,false,חמניות קלויות,,,חמניות קלויות,קילוגרמים,1.00,"ק""ג",true,,41.00,41.0000,true,1,20448
7290000009350,false,בשר טחון טרי,,,בשר טחון טרי,קילוגרמים,1.00,"ק""ג",true,,37.90,37.9000,true,1,426588
7290000009355,false,צלעות בקר חלק טרי,,,צלעות בקר חלק טרי,קילוגרמים,1.00,"ק""ג",true,,59.90,59.9000,true,1,427117
7290000009359,false,כתף חלק טרי,,,כתף חלק טרי,קילוגרמים,1.00,"ק""ג",true,,64.90,64.9000,true,1,427221
7290000009363,false,צלי כתף חלק טרי,,,צלי כתף חלק טרי,קילוגרמים,1.00,"ק""ג",true,,89.90,89.9000,true,1,427333
7290000009367,false,פילה מדומה חלק טרי,,,פילה מדומה חלק טרי,קילוגרמים,1.00,"ק""ג",true,,74.90,74.9000,true,1,427385
7290000009371,false,שריר חלק טרי,,,שריר חלק טרי,קילוגרמים,1.00,"ק""ג",true,,59.90,59.9000,true,1,427482
7290000009406,false,סינטה חלק טרי,,,סינטה חלק טרי,קילוגרמים,1.00,"ק""ג",true,,129.90,129.9000,true,1,430131
7290000009431,false,רבע כבש טרי,,,רבע כבש טרי,קילוגרמים,1.00,"ק""ג",true,,119.90,119.9000,true,1,428314
7290000009433,false,צלעות טלה טרי,,,צלעות טלה טרי,קילוגרמים,1.00,"ק""ג",true,,189.90,189.9000,true,1,428359
7290000009434,false,אסאדו טלה טרי,,,אסאדו טלה טרי,קילוגרמים,1.00,"ק""ג",true,,99.90,99.9000,true,1,428394
7290000009435,false,צוואר טלה טרי,,,צוואר טלה טרי,קילוגרמים,1.00,"ק""ג",true,,74.90,74.9000,true,1,428410
7290000009436,false,כתף טלה טרי,,,כתף טלה טרי,קילוגרמים,1.00,"ק""ג",true,,119.90,119.9000,true,1,428443
7290000009437,false,בשר טחון מחפוד טרי,,,בשר טחון מחפוד טרי,קילוגרמים,1.00,"ק""ג",true,,64.90,64.9000,true,1,428731
7290000009438,false,צלעות מחפוד טרי,,,צלעות מחפוד טרי,קילוגרמים,1.00,"ק""ג",true,,79.90,79.9000,true,1,428751
7290000009439,false,כתף מחפוד טרי,,,כתף מחפוד טרי,קילוגרמים,1.00,"ק""ג",true,,74.90,74.9000,true,1,428752
7290000009440,false,צלי כתף מחפוד טרי,,,צלי כתף מחפוד טרי,קילוגרמים,1.00,"ק""ג",true,,114.90,114.9000,true,1,428772
7290000009441,false,פילה מדומה מחפוד טרי,,,פילה מדומה מחפוד טרי,קילוגרמים,1.00,"ק""ג",true,,79.90,79.9000,true,1,428790
7290000009442,false,שריר מחפוד טרי,,,שריר מחפוד טרי,קילוגרמים,1.00,"ק""ג",true,,74.90,74.9000,true,1,428807
7290000009443,false,אוסובוקו מחפוד טרי,,,אוסובוקו מחפוד טרי,קילוגרמים,1.00,"ק""ג",true,,69.90,69.9000,true,1,428825
7290000009444,false,אנטריקוט מחפוד טרי,,,אנטריקוט מחפוד טרי,קילוגרמים,1.00,"ק""ג",true,,154.90,154.9000,true,1,428844
7290000009446,false,אסאדו ע.ע מחפוד טרי,,,אסאדו ע.ע מחפוד טרי,קילוגרמים,1.00,"ק""ג",true,,69.90,69.9000,true,1,428927
7290000009447,false,סינטה מחפוד טרי,,,סינטה מחפוד טרי,קילוגרמים,1.00,"ק""ג",true,,124.90,124.9000,true,1,428943
7290000009452,false,נתח קצבים מחפוד טרי,,,נתח קצבים מחפוד טרי,קילוגרמים,1.00,"ק""ג",true,,117.90,117.9000,true,1,429443
7290000009453,false,חזה בקר מחפוד טרי,,,חזה בקר מחפוד טרי,קילוגרמים,1.00,"ק""ג",true,,69.90,69.9000,true,1,436773
7290000009458,false,צוואר ע.ע  מחפוד,,,צוואר ע.ע  מחפוד,קילוגרמים,1.00,"ק""ג",true,,59.90,59.9000,true,1,437703
7290000009462,false,צוואר ע.ע  טרי,,,צוואר ע.ע  טרי,קילוגרמים,1.00,"ק""ג",true,,49.90,49.9000,true,1,437968
7290000009464,false,אנטריקוט ע.ע טרי,,,אנטריקוט ע.ע טרי,קילוגרמים,1.00,"ק""ג",true,,94.90,94.9000,true,1,438013
7290000009465,false,אנטריקוט ע.ע מחפוד ט,,,אנטריקוט ע.ע מחפוד ט,קילוגרמים,1.00,"ק""ג",true,,104.90,104.9000,true,1,438043
7290000009480,false,עצמות מח חלק טרי,,,עצמות מח חלק טרי,קילוגרמים,1.00,"ק""ג",true,,24.90,24.9000,true,1,438589
7290000009483,false,כבד בקר מחפוד טרי,,,כבד בקר מחפוד טרי,קילוגרמים,1.00,"ק""ג",true,,32.90,32.9000,true,1,438842
7290000009485,false,לשון בקר מחפוד טרי,,,לשון בקר מחפוד טרי,קילוגרמים,1.00,"ק""ג",true,,69.90,69.9000,true,1,438887
7290000009489,false,זנב בקר מחפוד טרי,,,זנב בקר מחפוד טרי,קילוגרמים,1.00,"ק""ג",true,,89.90,89.9000,true,1,438978
7290000009510,false,שפיץ צאך מחפוד טרי,,,שפיץ צאך מחפוד טרי,קילוגרמים,1.00,"ק""ג",true,,119.90,119.9000,true,1,439272
7290000009511,false,שייטל בקר מחפוד טרי,,,שייטל בקר מחפוד טרי,קילוגרמים,1.00,"ק""ג",true,,110.90,110.9000,true,1,439287
7290000009512,false,ויסברטן  בקר מחפוד ט,,,ויסברטן  בקר מחפוד ט,קילוגרמים,1.00,"ק""ג",true,,89.90,89.9000,true,1,439288
7290000009514,false,צאך בקר מחפוד טרי,,,צאך בקר מחפוד טרי,קילוגרמים,1.00,"ק""ג",true,,89.90,89.9000,true,1,439304
7290000009515,false,אווזית בקר מחפוד טרי,,,אווזית בקר מחפוד טרי,קילוגרמים,1.00,"ק""ג",true,,89.90,89.9000,true,1,439319
7290000009995,true,מקל 1.30,,,מקל 1.30,אין,0.00,יחידה,false,,21.90,0.0000,true,1,21463
7290000011236,false,בולגרית מעודנת המושב,,,בולגרית מעודנת המושב,קילוגרמים,1.00,"ק""ג",true,,38.00,38.0000,true,1,11151
7290000011250,false,שמנת שום שמיר המושב,,,שמנת שום שמיר המושב,קילוגרמים,1.00,"ק""ג",true,,40.00,40.0000,true,1,11153
7290000011397,false,ברי בקר/קממבר המושבה,,,ברי בקר/קממבר המושבה,קילוגרמים,1.00,"ק""ג",true,,79.00,79.0000,true,1,11155
7290000011427,false,אצבעות שוקולד וניל ה,,,אצבעות שוקולד וניל ה,קילוגרמים,1.00,"ק""ג",true,,49.00,49.0000,true,1,11156
7290000011593,false,שזיף,,,שזיף,קילוגרמים,1.00,"ק""ג",true,,19.90,19.9000,true,1,32549
7290000013006,false,פסטרמה מקסיקנית 1% ז,,,פסטרמה מקסיקנית 1% ז,קילוגרמים,1.00,"ק""ג",true,,80.00,80.0000,true,1,24711
7290000013037,false,פסט. פרגיות על לבנים,,,פסט. פרגיות על לבנים,קילוגרמים,1.00,"ק""ג",true,,80.00,80.0000,true,1,24712
7290000013174,false,פסט. של פעם 2% זוגלו,,,פסט. של פעם 2% זוגלו,קילוגרמים,1.00,"ק""ג",true,,82.00,82.0000,true,1,24713
7290000014510,false,חסה עגולה,,,חסה עגולה,יח',1.00,יח',false,,6.90,6.9000,true,1,32550
7290000021003,false,עוף טרי שלם,,,עוף טרי שלם,קילוגרמים,1.00,"ק""ג",true,,18.90,18.9000,true,1,3006
7290000022085,false,גבינת פוקרינו מחלב כ,,,גבינת פוקרינו מחלב כ,קילוגרמים,1.00,"ק""ג",true,,129.00,129.0000,true,1,438478
7290000023007,false,"ברנדי שטוק 84 750 מ""",,,"ברנדי שטוק 84 750 מ""",מיליליטרים,750.00,"100 מ""ל",false,,70.90,0.0945,true,1,8514
7290000023083,false,"ערק אשקלון 700 מ""ל כ",,,"ערק אשקלון 700 מ""ל כ",מיליליטרים,700.00,"100 מ""ל",false,,50.90,0.0727,true,1,8515
7290000023809,false,קלאסיק קברנה סובניון,,,קלאסיק קברנה סובניון,מיליליטרים,750.00,"100 מ""ל",false,,32.90,0.0439,true,1,8521
7290000023816,false,קלאסיק אמרלד ריזלינג,,,קלאסיק אמרלד ריזלינג,מיליליטרים,750.00,"100 מ""ל",false,,32.90,0.0439,true,1,8522
7290000023977,false,קלאסיק מרלו 750מל.,,,קלאסיק מרלו 750מל.,מיליליטרים,750.00,"100 מ""ל",false,,32.90,0.0439,true,1,8528
7290000024202,false,קברנה סוביניון רזרבד,,,קברנה סוביניון רזרבד,מיליליטרים,750.00,"100 מ""ל",false,,42.90,0.0572,true,1,8529
7290000024264,false,מרלו ריזרב,,,מרלו ריזרב,מיליליטרים,750.00,"100 מ""ל",false,,42.90,0.0572,true,1,8533
7290000024523,false,תירוש של סגל 1 ליטר,,,תירוש של סגל 1 ליטר,ארגז,1.00,ליטר,false,,13.90,13.9000,true,1,8536
7290000024530,false,"גליה מתוק 750 מ""ל",,,"גליה מתוק 750 מ""ל",מיליליטרים,750.00,"100 מ""ל",false,,13.90,0.0185,true,1,8537
7290000024561,false,ברקן אסמבלאז' איתן 7,,,ברקן אסמבלאז' איתן 7,מיליליטרים,750.00,"100 מ""ל",false,,66.90,0.0892,true,1,8539
7290000024905,false,קגלביץ קלאסיקה 700 מ,,,קגלביץ קלאסיקה 700 מ,מיליליטרים,700.00,"100 מ""ל",false,,50.90,0.0727,true,1,8541
7290000024912,false,"קגלביץ לימון 700 מ""ל",,,"קגלביץ לימון 700 מ""ל",מיליליטרים,700.00,"100 מ""ל",false,,39.90,0.0570,true,1,8542
7290000025786,false,דניס נקי טרי,,,דניס נקי טרי,קילוגרמים,1.00,"ק""ג",true,,69.90,69.9000,true,1,29515
7290000026650,false,צפתית פיראוס 5% במשק,,,צפתית פיראוס 5% במשק,קילוגרמים,1.00,"ק""ג",true,,39.00,39.0000,true,1,16595
7290000026806,false,קרפיון נקי טרי,,,קרפיון נקי טרי,קילוגרמים,1.00,"ק""ג",true,,29.80,29.8000,true,1,29516
7290000026813,false,אמנון טרי נקי,,,אמנון טרי נקי,קילוגרמים,1.00,"ק""ג",true,,28.90,28.9000,true,1,29517
7290000026851,false,בורי נקי טרי,,,בורי נקי טרי,קילוגרמים,1.00,"ק""ג",true,,39.90,39.9000,true,1,29518
7290000026892,false,בס נקי,,,בס נקי,קילוגרמים,1.00,"ק""ג",true,,44.90,44.9000,true,1,29521
7290000026893,false,ברמונדי נקי,,,ברמונדי נקי,קילוגרמים,1.00,"ק""ג",true,,44.90,44.9000,true,1,29522
7290000027742,false,לברק נקי טרי,,,לברק נקי טרי,קילוגרמים,1.00,"ק""ג",true,,69.90,69.9000,true,1,29529
7290000027988,false,סלמון טרי,,,סלמון טרי,קילוגרמים,1.00,"ק""ג",true,,89.90,89.9000,true,1,2666
7290000027995,false,פילה סלמון טרי,,,פילה סלמון טרי,קילוגרמים,1.00,"ק""ג",true,,99.90,99.9000,true,1,2667
7290000032665,false,רוטב עגבניות 28% ברי,,,רוטב עגבניות 28% ברי,גרמים,580.00,100 גרם,false,,7.52,0.0130,true,1,8061
7290000035324,false,בולגרית חלב נוכרי פי,,,בולגרית חלב נוכרי פי,קילוגרמים,1.00,"ק""ג",true,,41.00,41.0000,true,1,16596
7290000039232,false,ויסברטן עגל טרי,,,ויסברטן עגל טרי,קילוגרמים,1.00,"ק""ג",true,,79.90,79.9000,true,1,4503
7290000039234,false,סינטה עגל טרי,,,סינטה עגל טרי,קילוגרמים,1.00,"ק""ג",true,,99.90,99.9000,true,1,4504
7290000039235,false,פילה מיניון עגל טרי,,,פילה מיניון עגל טרי,קילוגרמים,1.00,"ק""ג",true,,219.00,219.0000,true,1,4505
7290000039236,false,שייטל עגל טרי,,,שייטל עגל טרי,קילוגרמים,1.00,"ק""ג",true,,79.90,79.9000,true,1,4506
7290000039237,false,צאך עגל טרי,,,צאך עגל טרי,קילוגרמים,1.00,"ק""ג",true,,69.90,69.9000,true,1,4507
7290000039238,false,שפיץ צאך עגל טרי,,,שפיץ צאך עגל טרי,קילוגרמים,1.00,"ק""ג",true,,79.90,79.9000,true,1,4508
7290000040042,false,יופלה תות שובב 3% 15,,,יופלה תות שובב 3% 15,מיליליטרים,150.00,"100 מ""ל",false,,4.90,0.0327,true,1,16650
7290000040066,false,יופלה דובדבן פראי 3%,,,יופלה דובדבן פראי 3%,מיליליטרים,150.00,"100 מ""ל",false,,4.90,0.0327,true,1,16651
7290000040080,false,יופלה אפרסק מאוהב 3%,,,יופלה אפרסק מאוהב 3%,מיליליטרים,150.00,"100 מ""ל",false,,4.90,0.0327,true,1,16652
7290000040301,false,תנובה גבינת קממבר עי,,,תנובה גבינת קממבר עי,גרמים,125.00,100 גרם,false,,16.80,0.1344,true,1,16653
7290000040318,false,תנובה גבינת ברי 24%,,,תנובה גבינת ברי 24%,גרמים,125.00,100 גרם,false,,18.50,0.1480,true,1,16654
7290000040462,false,טוסטי טעם אדם 22% 20,,,טוסטי טעם אדם 22% 20,גרמים,200.00,100 גרם,false,,17.90,0.0895,true,1,16655
7290000040974,false,חלב תנובה קרטון דל ל,,,חלב תנובה קרטון דל ל,ארגז,1.00,ליטר,false,,7.10,7.1000,true,1,16656
7290000041445,false,"קוטג' 5% תנובה בד""צ",,,"קוטג' 5% תנובה בד""צ",גרמים,250.00,100 גרם,false,,5.40,0.0216,true,1,16658
7290000041452,false,"קוטג' תנובה בד""צ 9%",,,"קוטג' תנובה בד""צ 9%",גרמים,250.00,100 גרם,false,,5.40,0.0216,true,1,16659
7290000041858,false,יטבתה שמנת חמוצה 15%,,,יטבתה שמנת חמוצה 15%,מיליליטרים,200.00,"100 מ""ל",false,,2.50,0.0125,true,1,15424
7290000041865,false,יטבתה לבן 4.5% 200מל,,,יטבתה לבן 4.5% 200מל,מיליליטרים,200.00,"100 מ""ל",false,,2.50,0.0125,true,1,15425
7290000042015,false,חלב תנובה טרי שקית,,,חלב תנובה טרי שקית,אין,0.00,יחידה,false,,5.43,0.0000,true,1,16661
7290000042404,false,יטבתה חלב מועשר שקית,,,יטבתה חלב מועשר שקית,ארגז,1.00,ליטר,false,,5.90,5.9000,true,1,15426
7290000042435,false,חלב תנובה בקרטון 1%,,,חלב תנובה בקרטון 1%,ארגז,1.00,ליטר,false,,5.86,5.8600,true,1,16666
7290000042640,false,חלב תנובה עמיד 3% מה,,,חלב תנובה עמיד 3% מה,מיליליטרים,250.00,"100 מ""ל",false,,2.90,0.0116,true,1,16671
7290000042855,false,יטבתה שוקו שקית 225,,,יטבתה שוקו שקית 225,מיליליטרים,225.00,"100 מ""ל",false,,2.90,0.0129,true,1,15428
7290000043012,false,שוק שוקו עמיד 2% בקר,,,שוק שוקו עמיד 2% בקר,מיליליטרים,250.00,"100 מ""ל",false,,4.90,0.0196,true,1,16673
7290000043111,false,חמאה תנובה רבנות 200,,,חמאה תנובה רבנות 200,גרמים,200.00,100 גרם,false,,7.80,0.0390,true,1,16674
7290000043814,false,שף לבן שמנת לקצפת עמ,,,שף לבן שמנת לקצפת עמ,מיליליטרים,250.00,"100 מ""ל",false,,6.47,0.0259,true,1,16675
7290000043890,false,ריויון 1.5% 1ל,,,ריויון 1.5% 1ל,ארגז,1.00,ליטר,false,,10.90,10.9000,true,1,16676
7290000044712,false,פרילי תות 1.5% 500מל,,,פרילי תות 1.5% 500מל,מיליליטרים,500.00,"100 מ""ל",false,,10.90,0.0218,true,1,16680
7290000044880,false,באדי תות 3% 500מל,,,באדי תות 3% 500מל,מיליליטרים,500.00,"100 מ""ל",false,,8.90,0.0178,true,1,16682
7290000045573,false,נעמה גבינת מותכת 25%,,,נעמה גבינת מותכת 25%,גרמים,200.00,100 גרם,false,,14.90,0.0745,true,1,16684
7290000045917,false,תנובה גבינת פרומעז 2,,,תנובה גבינת פרומעז 2,גרמים,200.00,100 גרם,false,,24.90,0.1245,true,1,16687
7290000046020,false,גלבוע 22% במשקל,,,גלבוע 22% במשקל,קילוגרמים,1.00,"ק""ג",true,,42.58,42.5800,true,1,16599
7290000046327,false,גלבוע גבינה פרוסה 22,,,גלבוע גבינה פרוסה 22,גרמים,200.00,100 גרם,false,,12.60,0.0630,true,1,16688
7290000046549,false,מוצרלה חריץ תנובה במ,,,מוצרלה חריץ תנובה במ,קילוגרמים,1.00,"ק""ג",true,,75.00,75.0000,true,1,16601
7290000046563,false,גבע פרמזן תנובה במשק,,,גבע פרמזן תנובה במשק,קילוגרמים,1.00,"ק""ג",true,,106.00,106.0000,true,1,16602
7290000046662,false,סקנדינבית חריץ מעדני,,,סקנדינבית חריץ מעדני,קילוגרמים,1.00,"ק""ג",true,,76.00,76.0000,true,1,16603
7290000047027,false,קשקבל גלעד במשקל,,,קשקבל גלעד במשקל,קילוגרמים,1.00,"ק""ג",true,,119.00,119.0000,true,1,16604
7290000047034,false,רוקפור גליל במשקל,,,רוקפור גליל במשקל,קילוגרמים,1.00,"ק""ג",true,,118.00,118.0000,true,1,16605
7290000047485,false,בולגרית פיראוס 24% ב,,,בולגרית פיראוס 24% ב,קילוגרמים,1.00,"ק""ג",true,,55.00,55.0000,true,1,16606
7290000047546,false,שף לבן כנען 5% 500ג,,,שף לבן כנען 5% 500ג,גרמים,500.00,100 גרם,false,,23.90,0.0478,true,1,16689
7290000047730,false,סלמון פילה מעושן מצו,,,סלמון פילה מעושן מצו,קילוגרמים,1.00,"ק""ג",true,,189.00,189.0000,true,1,11963
7290000047942,false,תנובה גבינה לבנה 9%,,,תנובה גבינה לבנה 9%,גרמים,250.00,100 גרם,false,,4.75,0.0190,true,1,16691
7290000048185,false,גבינה לבנה רכה 5% תנ,,,גבינה לבנה רכה 5% תנ,גרמים,250.00,100 גרם,false,,4.98,0.0199,true,1,16692
7290000048192,false,גבינה לבנה רכה 9% בד,,,גבינה לבנה רכה 9% בד,גרמים,250.00,100 גרם,false,,4.70,0.0188,true,1,16693
7290000048207,false,פילה הרינג בסגנון מט,,,פילה הרינג בסגנון מט,קילוגרמים,1.00,"ק""ג",true,,70.00,70.0000,true,1,12493
7290000048214,false,הרינג כבוש עם בצל שמ,,,הרינג כבוש עם בצל שמ,קילוגרמים,1.00,"ק""ג",true,,70.00,70.0000,true,1,12494
7290000048221,false,מקרל בשמן שמיר מעדני,,,מקרל בשמן שמיר מעדני,קילוגרמים,1.00,"ק""ג",true,,139.00,139.0000,true,1,12495
7290000048269,false,מעדן מטיאס הולנד שמי,,,מעדן מטיאס הולנד שמי,קילוגרמים,1.00,"ק""ג",true,,70.00,70.0000,true,1,12496
7290000048306,false,מקרל מעושן שלם שמיר,,,מקרל מעושן שלם שמיר,קילוגרמים,1.00,"ק""ג",true,,98.00,98.0000,true,1,12499
7290000048413,false,פיראוס חמד 16% 250ג,,,פיראוס חמד 16% 250ג,גרמים,250.00,100 גרם,false,,17.90,0.0716,true,1,16695
7290000048437,false,פיראוס צפתית 5% 200,,,פיראוס צפתית 5% 200,גרמים,200.00,100 גרם,false,,13.80,0.0690,true,1,16696
7290000049458,false,פיראוס בולגרית עיזים,,,פיראוס בולגרית עיזים,גרמים,250.00,100 גרם,false,,27.90,0.1116,true,1,16699
7290000050447,false,יופלהYYY תות 3% 500מ,,,יופלהYYY תות 3% 500מ,מיליליטרים,500.00,"100 מ""ל",false,,12.20,0.0244,true,1,16701
7290000050454,false,יופלהYYY אפרסק 3% 50,,,יופלהYYY אפרסק 3% 50,מיליליטרים,500.00,"100 מ""ל",false,,12.20,0.0244,true,1,16702
7290000051307,false,חלב תנובה הפ.אוכל עו,,,חלב תנובה הפ.אוכל עו,מיליליטרים,150.00,"100 מ""ל",false,,9.50,0.0633,true,1,16704
7290000051349,false,חלבה,,,חלבה,קילוגרמים,1.00,"ק""ג",true,,41.00,41.0000,true,1,20451
7290000051352,false,חלב תנובה של פעם בקר,,,חלב תנובה של פעם בקר,ארגז,1.00,ליטר,false,,7.50,7.5000,true,1,16705
7290000051376,false,יופלה דיאט אננס ספור,,,יופלה דיאט אננס ספור,מיליליטרים,150.00,"100 מ""ל",false,,4.90,0.0327,true,1,16706
7290000051431,false,פירות אקזוטיים,,,פירות אקזוטיים,קילוגרמים,1.00,"ק""ג",true,,92.00,92.0000,true,1,20452
7290000051462,false,מוסקט אניס,,,מוסקט אניס,קילוגרמים,1.00,"ק""ג",true,,154.00,154.0000,true,1,20453
7290000051710,false,פיראוס לאבנה עם שמן,,,פיראוס לאבנה עם שמן,גרמים,263.00,100 גרם,false,,13.90,0.0529,true,1,16708
7290000052311,false,עמק מהדרין 15% 200 ג,,,עמק מהדרין 15% 200 ג,גרמים,200.00,100 גרם,false,,14.80,0.0740,true,1,16712
7290000052649,false,פיראוס לאבנה 5% 500ג,,,פיראוס לאבנה 5% 500ג,גרמים,500.00,100 גרם,false,,19.90,0.0398,true,1,16713
7290000052946,false,יופלה בדץ מעודן 8*15,,,יופלה בדץ מעודן 8*15,ארגז,1.20,ליטר,false,,19.50,16.2500,true,1,16715
7290000053219,false,טל העמק 32% במשקל,,,טל העמק 32% במשקל,קילוגרמים,1.00,"ק""ג",true,,58.00,58.0000,true,1,16608
7290000053981,false,מאגדת יופלה תות ואפר,,,מאגדת יופלה תות ואפר,אלף,1.20,"ק""ג",false,,25.90,21.5833,true,1,16716
7290000055015,false,פיראוס גבינת פטה כבש,,,פיראוס גבינת פטה כבש,גרמים,250.00,100 גרם,false,,26.90,0.1076,true,1,16718
7290000055329,false,יופלה משקה יוגורט תו,,,יופלה משקה יוגורט תו,מיליליטרים,250.00,"100 מ""ל",false,,5.50,0.0220,true,1,16720
7290000055336,false,יופלה משקה יוגורט בנ,,,יופלה משקה יוגורט בנ,מיליליטרים,250.00,"100 מ""ל",false,,5.50,0.0220,true,1,16721
7290000055350,false,עמק קלאסית 28% במשקל,,,עמק קלאסית 28% במשקל,קילוגרמים,1.00,"ק""ג",true,,44.79,44.7900,true,1,16609
7290000055893,false,חמאה מהדרין תנובה 20,,,חמאה מהדרין תנובה 20,גרמים,200.00,100 גרם,false,,7.88,0.0394,true,1,16725
7290000056000,false,קדמי כבש טרי,,,קדמי כבש טרי,קילוגרמים,1.00,"ק""ג",true,,109.90,109.9000,true,1,4516
7290000056002,false,שקדים עגל טרי,,,שקדים עגל טרי,קילוגרמים,1.00,"ק""ג",true,,119.90,119.9000,true,1,4517
7290000056845,false,חלב תנובה בקרטון 3%,,,חלב תנובה בקרטון 3%,ארגז,1.50,ליטר,false,,9.34,6.2267,true,1,16732
7290000056883,false,יופלה טעמים משתנים 3,,,יופלה טעמים משתנים 3,אלף,1.20,"ק""ג",false,,29.90,24.9167,true,1,16733
7290000056890,false,יופלה דיאט טעמים שונ,,,יופלה דיאט טעמים שונ,אלף,1.20,"ק""ג",false,,29.90,24.9167,true,1,16734
7290000056906,false,יופלה לבן 1.5% 8*150,,,יופלה לבן 1.5% 8*150,ארגז,1.20,ליטר,false,,17.50,14.5833,true,1,16735
7290000056951,false,שף לבן שמנת לבישול +,,,שף לבן שמנת לבישול +,מיליליטרים,500.00,"100 מ""ל",false,,15.90,0.0318,true,1,16736
7290000057088,false,עמק דק דק 28% 200גר,,,עמק דק דק 28% 200גר,גרמים,200.00,100 גרם,false,,14.80,0.0740,true,1,16738
7290000057118,false,עמק  סמי  28% 400 גר,,,עמק  סמי  28% 400 גר,גרמים,400.00,100 גרם,false,,19.90,0.0497,true,1,16739
7290000057132,false,תנובה יוגורט טבעי 1.,,,תנובה יוגורט טבעי 1.,מיליליטרים,200.00,"100 מ""ל",false,,3.50,0.0175,true,1,16740
7290000057149,false,תנובה יוגורט טבעי 3%,,,תנובה יוגורט טבעי 3%,גרמים,200.00,100 גרם,false,,3.50,0.0175,true,1,16741
7290000057453,false,עמק בדץ 28%  במשקל,,,עמק בדץ 28%  במשקל,קילוגרמים,1.00,"ק""ג",true,,42.70,42.7000,true,1,16611
7290000057552,false,יופלה דיאט ע.גבינה ו,,,יופלה דיאט ע.גבינה ו,מיליליטרים,150.00,"100 מ""ל",false,,4.90,0.0327,true,1,16743
7290000058003,false,צלעות עגל חלק טרי,,,צלעות עגל חלק טרי,קילוגרמים,1.00,"ק""ג",true,,79.90,79.9000,true,1,4522
7290000058004,false,סטייק ע.ע עגל חלק טר,,,סטייק ע.ע עגל חלק טר,קילוגרמים,1.00,"ק""ג",true,,109.90,109.9000,true,1,4523
7290000058006,false,אסדו על עצם עגל חלק,,,אסדו על עצם עגל חלק,קילוגרמים,1.00,"ק""ג",true,,64.90,64.9000,true,1,4525
7290000058007,false,צלי כתף עגל חלק טרי,,,צלי כתף עגל חלק טרי,קילוגרמים,1.00,"ק""ג",true,,89.90,89.9000,true,1,4526
7290000058008,false,שריר עגל חלק טרי,,,שריר עגל חלק טרי,קילוגרמים,1.00,"ק""ג",true,,69.90,69.9000,true,1,4527
7290000058009,false,כתף עגל חלק טרי,,,כתף עגל חלק טרי,קילוגרמים,1.00,"ק""ג",true,,79.90,79.9000,true,1,4528
7290000058010,false,פילה מדומה עגל חלק ט,,,פילה מדומה עגל חלק ט,קילוגרמים,1.00,"ק""ג",true,,74.90,74.9000,true,1,4529
7290000058012,false,סרעפת עגל טרי.,,,סרעפת עגל טרי.,קילוגרמים,1.00,"ק""ג",true,,99.90,99.9000,true,1,4531
7290000058014,false,לשון עגל טרי,,,לשון עגל טרי,קילוגרמים,1.00,"ק""ג",true,,59.90,59.9000,true,1,4533
7290000058015,false,זנב עגל טרי,,,זנב עגל טרי,קילוגרמים,1.00,"ק""ג",true,,69.90,69.9000,true,1,4534
7290000058018,false,כבד עגל טרי לצליה בל,,,כבד עגל טרי לצליה בל,קילוגרמים,1.00,"ק""ג",true,,34.90,34.9000,true,1,4535
7290000058022,false,אוסובוקו עגל חלק טרי,,,אוסובוקו עגל חלק טרי,קילוגרמים,1.00,"ק""ג",true,,69.90,69.9000,true,1,4537
7290000058027,false,בשר ראש עגל טרי,,,בשר ראש עגל טרי,קילוגרמים,1.00,"ק""ג",true,,59.90,59.9000,true,1,4539
7290000058030,false,יופלה שטוזים משקה יו,,,יופלה שטוזים משקה יו,מיליליטרים,800.00,"100 מ""ל",false,,20.90,0.0261,true,1,16745
7290000058033,false,צוואר ע.ע  עגל חלק ט,,,צוואר ע.ע  עגל חלק ט,קילוגרמים,1.00,"ק""ג",true,,49.90,49.9000,true,1,4541
7290000058047,false,שף לבן שמנת מתוקה מה,,,שף לבן שמנת מתוקה מה,מיליליטרים,500.00,"100 מ""ל",false,,12.94,0.0259,true,1,16746
7290000058979,false,"גיל בטעם תות בד""צ 3%",,,"גיל בטעם תות בד""צ 3%",גרמים,125.00,100 גרם,false,,1.50,0.0120,true,1,16749
7290000059501,false,כתף כבש טרי,,,כתף כבש טרי,קילוגרמים,1.00,"ק""ג",true,,109.90,109.9000,true,1,4548
7290000059502,false,צואר כבש טרי,,,צואר כבש טרי,קילוגרמים,1.00,"ק""ג",true,,69.90,69.9000,true,1,4549
7290000059503,false,אסדו כבש טרי,,,אסדו כבש טרי,קילוגרמים,1.00,"ק""ג",true,,69.90,69.9000,true,1,4550
7290000059504,false,צלעות כבש טרי,,,צלעות כבש טרי,קילוגרמים,1.00,"ק""ג",true,,159.90,159.9000,true,1,4551
7290000060071,false,חטיפי פריכונים מאורז,,,חטיפי פריכונים מאורז,גרמים,80.00,100 גרם,false,,7.90,0.0988,true,1,12884
7290000060088,false,בייגלה אסם מקלות מלו,,,בייגלה אסם מקלות מלו,גרמים,400.00,100 גרם,false,,9.90,0.0248,true,1,231
7290000060163,false,אטריות דקות אסם 400,,,אטריות דקות אסם 400,גרמים,400.00,100 גרם,false,,6.90,0.0173,true,1,12886
7290000060200,false,פתיתים אפויים קוסקוס,,,פתיתים אפויים קוסקוס,גרמים,500.00,100 גרם,false,,6.90,0.0138,true,1,12887
7290000060217,false,פסטה מקרוני אסם 500,,,פסטה מקרוני אסם 500,גרמים,500.00,100 גרם,false,,5.90,0.0118,true,1,12888
7290000060248,false,פסטה תלתלים אסם 500,,,פסטה תלתלים אסם 500,גרמים,500.00,100 גרם,false,,5.90,0.0118,true,1,12889
7290000060316,false,פסטה ספגטי פרפקטו 50,,,פסטה ספגטי פרפקטו 50,גרמים,500.00,100 גרם,false,,6.50,0.0130,true,1,12890
7290000060323,false,פסטה ספגטיני פרפקטו,,,פסטה ספגטיני פרפקטו,גרמים,500.00,100 גרם,false,,6.50,0.0130,true,1,12891
7290000060330,false,פסטה ספירלי פרפקטו 5,,,פסטה ספירלי פרפקטו 5,גרמים,500.00,100 גרם,false,,6.50,0.0130,true,1,12892
7290000060408,false,פתיתים אפויים טבעות,,,פתיתים אפויים טבעות,גרמים,500.00,100 גרם,false,,6.90,0.0138,true,1,12893
7290000060415,false,לזאניה פרפקטו  500 ג,,,לזאניה פרפקטו  500 ג,גרמים,500.00,100 גרם,false,,9.90,0.0198,true,1,12894
7290000060576,false,פתיתים אפויים כוכבים,,,פתיתים אפויים כוכבים,גרמים,500.00,100 גרם,false,,6.90,0.0138,true,1,12897
7290000060781,false,פסטה מסולסלים אסם 50,,,פסטה מסולסלים אסם 50,גרמים,500.00,100 גרם,false,,5.90,0.0118,true,1,12898
7290000060828,false,פסטה קרניים בינוניות,,,פסטה קרניים בינוניות,גרמים,500.00,100 גרם,false,,5.90,0.0118,true,1,12899
7290000060842,false,פסטה צדפים גדולים אס,,,פסטה צדפים גדולים אס,גרמים,500.00,100 גרם,false,,5.90,0.0118,true,1,12900
7290000060859,false,פסטה צדפים קטנים אסם,,,פסטה צדפים קטנים אסם,גרמים,500.00,100 גרם,false,,5.90,0.0118,true,1,12901
7290000060880,false,ספגטי אסם 500 גרם,,,ספגטי אסם 500 גרם,גרמים,500.00,100 גרם,false,,5.90,0.0118,true,1,12902
7290000060903,false,פתיתים אפויים אורז א,,,פתיתים אפויים אורז א,גרמים,500.00,100 גרם,false,,6.90,0.0138,true,1,12903
7290000060958,false,אטריות בינוניות אסם,,,אטריות בינוניות אסם,גרמים,400.00,100 גרם,false,,6.90,0.0173,true,1,12905
7290000060965,false,אטריות רחבות אסם 400,,,אטריות רחבות אסם 400,גרמים,400.00,100 גרם,false,,6.90,0.0173,true,1,12906
7290000061025,false,בולגרית המושבה 5% במ,,,בולגרית המושבה 5% במ,קילוגרמים,1.00,"ק""ג",true,,48.00,48.0000,true,1,11159
7290000061056,false,צפתית פרח המושבה 5%,,,צפתית פרח המושבה 5%,קילוגרמים,1.00,"ק""ג",true,,42.00,42.0000,true,1,11160
7290000061061,false,אסם קרקר בצל 250גרם,,,אסם קרקר בצל 250גרם,גרמים,250.00,100 גרם,false,,9.90,0.0396,true,1,12908
7290000061063,false,קש המושבה 9% במשקל,,,קש המושבה 9% במשקל,קילוגרמים,1.00,"ק""ג",true,,39.00,39.0000,true,1,11161
7290000061070,false,צפתית קשה המושבה במש,,,צפתית קשה המושבה במש,קילוגרמים,1.00,"ק""ג",true,,65.00,65.0000,true,1,11162
7290000061085,false,אסם רוטב צ'ילי מתוק,,,אסם רוטב צ'ילי מתוק,מיליליטרים,290.00,"100 מ""ל",false,,8.90,0.0307,true,1,12909
7290000061108,false,רוטב טריאקי אסם 290,,,רוטב טריאקי אסם 290,מיליליטרים,290.00,"100 מ""ל",false,,8.90,0.0307,true,1,12910
7290000061278,false,גבינת שמנת טבעית המו,,,גבינת שמנת טבעית המו,קילוגרמים,1.00,"ק""ג",true,,40.00,40.0000,true,1,11164
7290000061285,false,טבורג המושבה 10% במש,,,טבורג המושבה 10% במש,קילוגרמים,1.00,"ק""ג",true,,34.00,34.0000,true,1,11165
7290000061315,false,לאבנה טבעי המושבה 5%,,,לאבנה טבעי המושבה 5%,קילוגרמים,1.00,"ק""ג",true,,37.00,37.0000,true,1,11166
7290000061360,false,צפתית קצח המושבה 5%,,,צפתית קצח המושבה 5%,קילוגרמים,1.00,"ק""ג",true,,41.00,41.0000,true,1,11167
7290000061450,false,פתיתים קוסקוס 3 צבעי,,,פתיתים קוסקוס 3 צבעי,גרמים,500.00,100 גרם,false,,6.90,0.0138,true,1,12913
7290000061520,false,גבינת שמנת בטעמים המ,,,גבינת שמנת בטעמים המ,קילוגרמים,1.00,"ק""ג",true,,26.00,26.0000,true,1,11171
7290000061764,false,נס קפה רד מאג טעם חד,,,נס קפה רד מאג טעם חד,גרמים,200.00,100 גרם,false,,18.90,0.0945,true,1,12914
7290000062952,false,מיני קרוטונים למרק ו,,,מיני קרוטונים למרק ו,גרמים,250.00,100 גרם,false,,13.90,0.0556,true,1,12917
7290000063102,false,קמח תופח קטן אסם 350,,,קמח תופח קטן אסם 350,גרמים,350.00,100 גרם,false,,4.90,0.0140,true,1,12919
7290000063133,false,שקדי מרק רכיבים טבעי,,,שקדי מרק רכיבים טבעי,גרמים,100.00,100 גרם,false,,5.90,0.0590,true,1,12920
7290000063140,false,שקדי מרק רכיבים טבעי,,,שקדי מרק רכיבים טבעי,גרמים,400.00,100 גרם,false,,10.90,0.0273,true,1,12921
7290000063157,false,קמח עוגה תופח מאליו,,,קמח עוגה תופח מאליו,אלף,1.00,"ק""ג",false,,7.90,7.9000,true,1,12922
7290000064758,false,קוסקוס אמיתי אסם 350,,,קוסקוס אמיתי אסם 350,גרמים,350.00,100 גרם,false,,7.90,0.0226,true,1,12925
7290000064871,false,"מנה חמה פירה תפו""א ו",,,"מנה חמה פירה תפו""א ו",גרמים,56.00,100 גרם,false,,5.90,0.1054,true,1,12926
7290000065063,false,פילה סלמון  1400-100,,,פילה סלמון  1400-100,קילוגרמים,1.00,"ק""ג",true,,64.90,64.9000,true,1,31507
7290000065090,false,מיני קרוטונים למרק ו,,,מיני קרוטונים למרק ו,גרמים,400.00,100 גרם,false,,20.90,0.0522,true,1,12927
7290000065148,false,פילה סלמון 0.9-1.4 ב,,,פילה סלמון 0.9-1.4 ב,קילוגרמים,1.00,"ק""ג",true,,69.90,69.9000,true,1,82999
7290000065540,false,מנה חמה פסטה מוקרמת,,,מנה חמה פסטה מוקרמת,גרמים,55.00,100 גרם,false,,5.90,0.1073,true,1,12929
7290000065557,false,מנה חמה קוסקוס וירקו,,,מנה חמה קוסקוס וירקו,גרמים,84.00,100 גרם,false,,5.90,0.0702,true,1,12930
7290000065977,false,חטיפי פריכונים תירס,,,חטיפי פריכונים תירס,גרמים,80.00,100 גרם,false,,7.90,0.0988,true,1,12934
7290000066141,false,ביסלי גריל 70 גר'.,,,ביסלי גריל 70 גר'.,גרמים,70.00,100 גרם,false,,3.90,0.0557,true,1,12936
7290000066172,false,ביסלי פיצה 70גרם,,,ביסלי פיצה 70גרם,גרמים,70.00,100 גרם,false,,3.90,0.0557,true,1,12939
7290000066196,false,ביסלי גריל 200גרם,,,ביסלי גריל 200גרם,גרמים,200.00,100 גרם,false,,6.50,0.0325,true,1,12941
7290000066264,false,דובונים 40גרם,,,דובונים 40גרם,גרמים,40.00,100 גרם,false,,4.50,0.1125,true,1,12945
7290000066295,false,במבה מתוקה מחומרים ט,,,במבה מתוקה מחומרים ט,גרמים,30.00,100 גרם,false,,2.90,0.0967,true,1,12946
7290000066318,false,במבה קלאסי 80 גרם,,,במבה קלאסי 80 גרם,גרמים,80.00,100 גרם,false,,4.50,0.0563,true,1,1029
7290000066332,false,אפרופו 50 גרם,,,אפרופו 50 גרם,גרמים,50.00,100 גרם,false,,5.00,0.1000,true,1,12948
7290000066349,false,אפרופו 100גרם,,,אפרופו 100גרם,גרמים,100.00,100 גרם,false,,8.90,0.0890,true,1,1236
7290000066431,false,פופקו חמאה ודבש 80גר,,,פופקו חמאה ודבש 80גר,גרמים,80.00,100 גרם,false,,4.90,0.0613,true,1,12949
7290000067407,false,פירורית מתובל שקית 2,,,פירורית מתובל שקית 2,גרמים,200.00,100 גרם,false,,6.50,0.0325,true,1,1094
7290000067544,false,אסם פירורית פירורי ל,,,אסם פירורית פירורי ל,גרמים,200.00,100 גרם,false,,6.50,0.0325,true,1,1095
7290000067599,false,מנה חמה ספגטי בולונז,,,מנה חמה ספגטי בולונז,גרמים,65.00,100 גרם,false,,5.90,0.0908,true,1,12957
7290000068138,false,אסם פודינג אינסטנט ו,,,אסם פודינג אינסטנט ו,גרמים,80.00,100 גרם,false,,5.90,0.0738,true,1,1032
7290000068190,false,אסם ג'לי תות שדה צבע,,,אסם ג'לי תות שדה צבע,גרמים,90.00,100 גרם,false,,5.90,0.0656,true,1,12961
7290000068206,false,אסם ג'לי משמש צבעים,,,אסם ג'לי משמש צבעים,גרמים,85.00,100 גרם,false,,5.90,0.0694,true,1,12962
7290000068237,false,אסם ג'לי פטל צבעים ט,,,אסם ג'לי פטל צבעים ט,גרמים,85.00,100 גרם,false,,5.90,0.0694,true,1,12963
7290000068282,false,מנה חמה פירה וירקות,,,מנה חמה פירה וירקות,גרמים,47.00,100 גרם,false,,5.90,0.1255,true,1,12965
7290000068299,false,"מנה חמה פירה תפ"" ופט",,,"מנה חמה פירה תפ"" ופט",גרמים,47.00,100 גרם,false,,5.90,0.1255,true,1,12966
7290000068343,false,פריכונים מאורז מלא א,,,פריכונים מאורז מלא א,גרמים,140.00,100 גרם,false,,6.90,0.0493,true,1,12967
7290000068394,false,קממבר בקר גלגל גד 25,,,קממבר בקר גלגל גד 25,קילוגרמים,1.00,"ק""ג",true,,95.00,95.0000,true,1,11062
7290000068701,false,שקדי מרק במיכל אסם 4,,,שקדי מרק במיכל אסם 4,גרמים,400.00,100 גרם,false,,14.90,0.0373,true,1,12968
7290000068787,false,במבה יום הולדת 25גרם,,,במבה יום הולדת 25גרם,גרמים,25.00,100 גרם,false,,2.50,0.1000,true,1,12969
7290000069258,false,פנה ריגאטה פרפקטו 50,,,פנה ריגאטה פרפקטו 50,גרמים,500.00,100 גרם,false,,6.50,0.0130,true,1,12971
7290000069364,false,פריכונים מאורז מלא ל,,,פריכונים מאורז מלא ל,גרמים,140.00,100 גרם,false,,6.90,0.0493,true,1,12972
7290000069583,false,סטייק סלמון דלי דג א,,,סטייק סלמון דלי דג א,קילוגרמים,1.00,"ק""ג",true,,69.90,69.9000,true,1,11967
7290000069609,false,אסם חטיפי קרקר זעתר,,,אסם חטיפי קרקר זעתר,גרמים,300.00,100 גרם,false,,10.90,0.0363,true,1,1035
7290000069715,false,אסם חטיפי קרקר מלוח,,,אסם חטיפי קרקר מלוח,גרמים,300.00,100 גרם,false,,10.90,0.0363,true,1,1036
7290000070322,false,אבקת מרק פטריות רכיב,,,אבקת מרק פטריות רכיב,גרמים,400.00,100 גרם,false,,19.90,0.0497,true,1,12976
7290000070353,false,אבקת מרק בצל רכיבים,,,אבקת מרק בצל רכיבים,גרמים,400.00,100 גרם,false,,19.90,0.0497,true,1,12977
7290000070919,false,בייגלה אסם רשתות מלח,,,בייגלה אסם רשתות מלח,גרמים,400.00,100 גרם,false,,11.90,0.0298,true,1,12985
7290000071008,false,בייגלה אסם שטוחים מל,,,בייגלה אסם שטוחים מל,גרמים,60.00,100 גרם,false,,3.50,0.0583,true,1,12986
7290000072241,false,אסם רוטב פיצה 290מל,,,אסם רוטב פיצה 290מל,מיליליטרים,290.00,"100 מ""ל",false,,8.90,0.0307,true,1,12988
7290000072623,false,אסם קטשופ בקבוק לחיץ,,,אסם קטשופ בקבוק לחיץ,גרמים,750.00,100 גרם,false,,10.90,0.0145,true,1,1237
7290000072630,false,אסם קטשופ חריף 750 ג,,,אסם קטשופ חריף 750 ג,גרמים,750.00,100 גרם,false,,11.90,0.0159,true,1,991
7290000072753,false,נס קפה טייסטרס צ'ויס,,,נס קפה טייסטרס צ'ויס,גרמים,200.00,100 גרם,false,,29.90,0.1495,true,1,12989
7290000072760,false,טייסטרס צ'וייס 100גר,,,טייסטרס צ'וייס 100גר,גרמים,100.00,100 גרם,false,,27.90,0.2790,true,1,12990
7290000072777,false,טייסטרס צוייס נטול ק,,,טייסטרס צוייס נטול ק,גרמים,200.00,100 גרם,false,,36.90,0.1845,true,1,12991
7290000072784,false,טייסטרס צוייס נטול ק,,,טייסטרס צוייס נטול ק,גרמים,100.00,100 גרם,false,,29.90,0.2990,true,1,12992
7290000072968,false,סיני מיניס דגני נסטל,,,סיני מיניס דגני נסטל,אין,500.00,יחידה,false,,24.90,0.0498,true,1,12993
7290000073330,false,קשיו ענק קלוי,,,קשיו ענק קלוי,קילוגרמים,1.00,"ק""ג",true,,92.00,92.0000,true,1,20458
7290000073415,false,מנה חמה פסטה ברוטב פ,,,מנה חמה פסטה ברוטב פ,גרמים,61.00,100 גרם,false,,5.90,0.0967,true,1,12995
7290000073699,false,צבר חומוס חלק 150ג,,,צבר חומוס חלק 150ג,גרמים,150.00,100 גרם,false,,5.50,0.0367,true,1,13597
7290000073767,false,מנה חמה נודלס בטעם ב,,,מנה חמה נודלס בטעם ב,גרמים,70.00,100 גרם,false,,5.90,0.0843,true,1,12997
7290000073774,false,מנה חמה נודלס בטעם פ,,,מנה חמה נודלס בטעם פ,גרמים,70.00,100 גרם,false,,5.90,0.0843,true,1,12998
7290000074153,false,אסם פתי בר שוקו 500ג,,,אסם פתי בר שוקו 500ג,גרמים,500.00,100 גרם,false,,13.90,0.0278,true,1,12999
7290000074184,false,אסם פתי בר 500גרם,,,אסם פתי בר 500גרם,גרמים,500.00,100 גרם,false,,10.90,0.0218,true,1,13000
7290000074245,false,אסם קרם קרקר 250גרם,,,אסם קרם קרקר 250גרם,גרמים,250.00,100 גרם,false,,8.90,0.0356,true,1,13001
7290000074252,false,אסם קרקר שומשום 250ג,,,אסם קרקר שומשום 250ג,גרמים,250.00,100 גרם,false,,7.90,0.0316,true,1,13002
7290000074276,false,טבעון קרקר פיקנטי 25,,,טבעון קרקר פיקנטי 25,גרמים,250.00,100 גרם,false,,9.90,0.0396,true,1,13003
7290000074375,false,אסם קרקר זהב 150גרם,,,אסם קרקר זהב 150גרם,גרמים,150.00,100 גרם,false,,7.50,0.0500,true,1,13005
7290000074481,false,לחמית אגוזים 160גרם,,,לחמית אגוזים 160גרם,גרמים,160.00,100 גרם,false,,9.90,0.0619,true,1,13006
7290000074696,false,אסם קרם קרקר 1קג,,,אסם קרם קרקר 1קג,אלף,1.00,"ק""ג",false,,19.90,19.9000,true,1,13008
7290000075204,false,לחמית חיטה מלאה 250ג,,,לחמית חיטה מלאה 250ג,גרמים,250.00,100 גרם,false,,7.90,0.0316,true,1,13014
7290000075693,false,עוגת שמרים בריוש שוק,,,עוגת שמרים בריוש שוק,גרמים,360.00,100 גרם,false,,14.90,0.0414,true,1,13015
7290000075761,false,גרעין אבטיח קלוי,,,גרעין אבטיח קלוי,קילוגרמים,1.00,"ק""ג",true,,61.00,61.0000,true,1,20460
7290000076133,false,בייגלה אסם שמיניות ק,,,בייגלה אסם שמיניות ק,גרמים,400.00,100 גרם,false,,9.90,0.0248,true,1,232
7290000076188,false,תבלינים קבוצה 4,,,תבלינים קבוצה 4,קילוגרמים,1.00,"ק""ג",true,,103.00,103.0000,true,1,20461
7290000076478,false,דלעת מקולפת טבעי,,,דלעת מקולפת טבעי,קילוגרמים,1.00,"ק""ג",true,,60.00,60.0000,true,1,20462
7290000076508,false,צימוק חום,,,צימוק חום,קילוגרמים,1.00,"ק""ג",true,,29.00,29.0000,true,1,20464
7290000076546,false,שקד ספרדי קלוי,,,שקד ספרדי קלוי,קילוגרמים,1.00,"ק""ג",true,,98.00,98.0000,true,1,20465
7290000076553,false,צנובר,,,צנובר,קילוגרמים,1.00,"ק""ג",true,,205.00,205.0000,true,1,20466
7290000076645,false,טוסטעים חיטה מלאה אס,,,טוסטעים חיטה מלאה אס,גרמים,100.00,100 גרם,false,,9.90,0.0990,true,1,13017
7290000076744,false,בונדוק קלוי,,,בונדוק קלוי,קילוגרמים,1.00,"ק""ג",true,,130.00,130.0000,true,1,20470
7290000076867,false,שקד מלובן,,,שקד מלובן,קילוגרמים,1.00,"ק""ג",true,,120.00,120.0000,true,1,20472
7290000076881,false,פקאן סיני,,,פקאן סיני,קילוגרמים,1.00,"ק""ג",true,,119.00,119.0000,true,1,20473
7290000077017,false,אסם קרמוגית במילוי ש,,,אסם קרמוגית במילוי ש,גרמים,200.00,100 גרם,false,,9.90,0.0495,true,1,13018
7290000077024,false,פיסטוק ענק קלוי,,,פיסטוק ענק קלוי,קילוגרמים,1.00,"ק""ג",true,,97.00,97.0000,true,1,20474
7290000077062,false,חומוס קלוי,,,חומוס קלוי,קילוגרמים,1.00,"ק""ג",true,,29.00,29.0000,true,1,20475
7290000077253,false,לחמית כפרית 190גרם,,,לחמית כפרית 190גרם,גרמים,190.00,100 גרם,false,,9.90,0.0521,true,1,13019
7290000077307,false,עדשים ירוקים/שעועים,,,עדשים ירוקים/שעועים,קילוגרמים,1.00,"ק""ג",true,,12.00,12.0000,true,1,20482
7290000077321,false,בוטן מסוכר,,,בוטן מסוכר,קילוגרמים,1.00,"ק""ג",true,,36.00,36.0000,true,1,20483
7290000077355,false,בוטן אמריקאי,,,בוטן אמריקאי,קילוגרמים,1.00,"ק""ג",true,,35.00,35.0000,true,1,20484
7290000077376,false,קוקוס,,,קוקוס,קילוגרמים,1.00,"ק""ג",true,,24.00,24.0000,true,1,20486
7290000077407,false,בובס/ברבוניה,,,בובס/ברבוניה,קילוגרמים,1.00,"ק""ג",true,,19.00,19.0000,true,1,20487
7290000077475,false,בוטנים קלויים,,,בוטנים קלויים,קילוגרמים,1.00,"ק""ג",true,,37.00,37.0000,true,1,20491
7290000077482,false,גרעין לבן קלוי,,,גרעין לבן קלוי,קילוגרמים,1.00,"ק""ג",true,,45.00,45.0000,true,1,20492
7290000077758,false,צימוק לבן ענק,,,צימוק לבן ענק,קילוגרמים,1.00,"ק""ג",true,,44.00,44.0000,true,1,20496
7290000077772,false,קבוקים,,,קבוקים,קילוגרמים,1.00,"ק""ג",true,,35.00,35.0000,true,1,20497
7290000077789,false,תאנים מיובשות,,,תאנים מיובשות,קילוגרמים,1.00,"ק""ג",true,,52.00,52.0000,true,1,20498
7290000077796,false,שזיף ללא גרעינים,,,שזיף ללא גרעינים,קילוגרמים,1.00,"ק""ג",true,,45.00,45.0000,true,1,20499
7290000077857,false,צימוק לבן,,,צימוק לבן,קילוגרמים,1.00,"ק""ג",true,,37.00,37.0000,true,1,20501
7290000077864,false,משמש אוזבקי,,,משמש אוזבקי,קילוגרמים,1.00,"ק""ג",true,,55.00,55.0000,true,1,20502
7290000077888,false,תפוח עץ מיובש,,,תפוח עץ מיובש,קילוגרמים,1.00,"ק""ג",true,,49.00,49.0000,true,1,20503
7290000077925,false,טוסטעים עגול חיטה מל,,,טוסטעים עגול חיטה מל,גרמים,125.00,100 גרם,false,,9.90,0.0792,true,1,13020
7290000077987,false,אננס פלחים,,,אננס פלחים,קילוגרמים,1.00,"ק""ג",true,,35.00,35.0000,true,1,20504
7290000078014,false,שזיפים אמריקאים,,,שזיפים אמריקאים,קילוגרמים,1.00,"ק""ג",true,,45.00,45.0000,true,1,20505
7290000078021,false,בננה צ`יפס,,,בננה צ`יפס,קילוגרמים,1.00,"ק""ג",true,,35.00,35.0000,true,1,20506
7290000078083,false,בוטן בקליפה,,,בוטן בקליפה,קילוגרמים,1.00,"ק""ג",true,,21.00,21.0000,true,1,20507
7290000078212,false,קרוטונים מתובלים אסם,,,קרוטונים מתובלים אסם,גרמים,250.00,100 גרם,false,,12.90,0.0516,true,1,13021
7290000078335,false,אוכמניות / חמוציות,,,אוכמניות / חמוציות,קילוגרמים,1.00,"ק""ג",true,,51.00,51.0000,true,1,20509
7290000078380,false,תמר מג`הול ענק,,,תמר מג`הול ענק,קילוגרמים,1.00,"ק""ג",true,,44.00,44.0000,true,1,20511
7290000078564,false,קשיו מסוכר,,,קשיו מסוכר,קילוגרמים,1.00,"ק""ג",true,,77.00,77.0000,true,1,20515
7290000078601,false,קשיו טבעי,,,קשיו טבעי,קילוגרמים,1.00,"ק""ג",true,,85.00,85.0000,true,1,20516
7290000078687,false,חטיפים בטעמים,,,חטיפים בטעמים,קילוגרמים,1.00,"ק""ג",true,,31.00,31.0000,true,1,20517
7290000078762,false,חטיפי פריכונים אורז,,,חטיפי פריכונים אורז,גרמים,80.00,100 גרם,false,,7.90,0.0988,true,1,13023
7290000078786,false,תבלינים קבוצה 1,,,תבלינים קבוצה 1,קילוגרמים,1.00,"ק""ג",true,,57.00,57.0000,true,1,20520
7290000078793,false,תבלין קבוצה 3,,,תבלין קבוצה 3,קילוגרמים,1.00,"ק""ג",true,,72.00,72.0000,true,1,20521
7290000079233,false,אסם קרם קרקר דל נתרן,,,אסם קרם קרקר דל נתרן,גרמים,250.00,100 גרם,false,,9.90,0.0396,true,1,13024
7290000079238,false,פטה עיזים מעודנת צור,,,פטה עיזים מעודנת צור,קילוגרמים,1.00,"ק""ג",true,,89.00,89.0000,true,1,6876
7290000079290,false,גבינה צהובה נעם טרה,,,גבינה צהובה נעם טרה,קילוגרמים,1.00,"ק""ג",true,,64.00,64.0000,true,1,96836
7290000079344,false,גבינת מוצרלה נעם 22%,,,גבינת מוצרלה נעם 22%,קילוגרמים,1.00,"ק""ג",true,,80.00,80.0000,true,1,40026
7290000079412,false,אמנטל נעם מהדרין במש,,,אמנטל נעם מהדרין במש,קילוגרמים,1.00,"ק""ג",true,,50.00,50.0000,true,1,6878
7290000080758,false,טוסטעים פת קלוי אסם,,,טוסטעים פת קלוי אסם,גרמים,100.00,100 גרם,false,,9.90,0.0990,true,1,13026
7290000080765,false,טוסטעים פת קלויה עם,,,טוסטעים פת קלויה עם,גרמים,100.00,100 גרם,false,,9.90,0.0990,true,1,13027
7290000081663,false,בייגלה אסם טבעות שומ,,,בייגלה אסם טבעות שומ,גרמים,300.00,100 גרם,false,,9.90,0.0330,true,1,233
7290000084899,false,פטינה  20% וילי פוד,,,פטינה  20% וילי פוד,קילוגרמים,1.00,"ק""ג",true,,19.00,19.0000,true,1,5287
7290000085196,false,רוקפור גליל גד מע,,,רוקפור גליל גד מע,קילוגרמים,1.00,"ק""ג",true,,120.00,120.0000,true,1,3065
7290000089199,false,חריפה במשקל,,,חריפה במשקל,קילוגרמים,1.00,"ק""ג",true,,41.90,41.9000,true,1,12804
7290000089272,false,איקרה שמיר מע.,,,איקרה שמיר מע.,קילוגרמים,1.00,"ק""ג",true,,49.00,49.0000,true,1,12504
7290000089274,false,נקניק מעושן מעדנייה,,,נקניק מעושן מעדנייה,קילוגרמים,1.00,"ק""ג",true,,41.90,41.9000,true,1,12805
7290000095408,false,נעם 28%  חריץ מעדניה,,,נעם 28%  חריץ מעדניה,קילוגרמים,1.00,"ק""ג",true,,44.79,44.7900,true,1,6879
7290000095415,false,נעם 9% חריץ מעדניה-,,,נעם 9% חריץ מעדניה-,קילוגרמים,1.00,"ק""ג",true,,71.00,71.0000,true,1,6880
7290000095422,false,גבינת נועם  22% חריץ,,,גבינת נועם  22% חריץ,קילוגרמים,1.00,"ק""ג",true,,42.58,42.5800,true,1,6881
7290000100128,false,סדרת פירות קפואים-תו,,,סדרת פירות קפואים-תו,גרמים,300.00,100 גרם,false,,12.90,0.0430,true,1,16477
7290000100593,false,פרוסות אנטיפסטי לתנו,,,פרוסות אנטיפסטי לתנו,גרמים,600.00,100 גרם,false,,19.90,0.0332,true,1,16486
7290000100609,false,קוביות אנטיפסטי להקפ,,,קוביות אנטיפסטי להקפ,גרמים,600.00,100 גרם,false,,19.90,0.0332,true,1,16487
7290000101132,false,לקט קטניות לחמין 800,,,לקט קטניות לחמין 800,גרמים,800.00,100 גרם,false,,17.90,0.0224,true,1,16489
7290000101927,false,אוכמניות כחולות מוקפ,,,אוכמניות כחולות מוקפ,גרמים,300.00,100 גרם,false,,12.90,0.0430,true,1,16490
7290000101934,false,מיקס פירות יער 300 ג,,,מיקס פירות יער 300 ג,גרמים,300.00,100 גרם,false,,12.90,0.0430,true,1,16491
7290000101941,false,אננס מוקפא 300 גרם,,,אננס מוקפא 300 גרם,גרמים,300.00,100 גרם,false,,12.90,0.0430,true,1,183331
7290000101958,false,מנגו מוקפא 300 גרם,,,מנגו מוקפא 300 גרם,גרמים,300.00,100 גרם,false,,12.90,0.0430,true,1,16492
7290000103433,false,לקט ירקות לתנור 800,,,לקט ירקות לתנור 800,גרמים,800.00,100 גרם,false,,21.90,0.0274,true,1,16496
7290000103457,false,מיני כרובית 600 גרם,,,מיני כרובית 600 גרם,גרמים,600.00,100 גרם,false,,14.90,0.0248,true,1,16497
7290000103471,false,סנפרוסט מיני ברוקולי,,,סנפרוסט מיני ברוקולי,גרמים,600.00,100 גרם,false,,14.90,0.0248,true,1,16498
7290000103860,false,סנפרוסט מרק עדשים קפ,,,סנפרוסט מרק עדשים קפ,גרמים,572.00,100 גרם,false,,14.90,0.0260,true,1,16511
7290000103877,false,סנפרוסט מרק שעועית ק,,,סנפרוסט מרק שעועית ק,גרמים,644.00,100 גרם,false,,12.90,0.0200,true,1,16512
7290000104072,false,סנפרוסט עדשים ירוקות,,,סנפרוסט עדשים ירוקות,גרמים,800.00,100 גרם,false,,14.90,0.0186,true,1,16513
7290000104188,false,סנפרוסט שעועית אדומה,,,סנפרוסט שעועית אדומה,גרמים,800.00,100 גרם,false,,15.90,0.0199,true,1,16514
7290000104201,false,אפונה עדינה סנפרוסט,,,אפונה עדינה סנפרוסט,גרמים,600.00,100 גרם,false,,14.90,0.0248,true,1,16515
7290000104218,false,סנפרוסט במיה 600גר,,,סנפרוסט במיה 600גר,גרמים,600.00,100 גרם,false,,15.90,0.0265,true,1,16516
7290000104287,false,לקט לפשטידה 800 גרם,,,לקט לפשטידה 800 גרם,גרמים,800.00,100 גרם,false,,19.90,0.0249,true,1,16518
7290000104676,false,אפונת גינה סנפרוסט 8,,,אפונת גינה סנפרוסט 8,גרמים,800.00,100 גרם,false,,14.90,0.0186,true,1,16519
7290000104683,false,שעועית שלמה סנפרוסט,,,שעועית שלמה סנפרוסט,גרמים,800.00,100 גרם,false,,19.90,0.0249,true,1,16520
7290000104690,false,תירס גרעינים 800גר,,,תירס גרעינים 800גר,גרמים,800.00,100 גרם,false,,15.90,0.0199,true,1,16521
7290000104706,false,גזר גמדי 800 גרם,,,גזר גמדי 800 גרם,גרמים,800.00,100 גרם,false,,14.90,0.0186,true,1,16522
7290000104713,false,פול ירוק 800גר,,,פול ירוק 800גר,גרמים,800.00,100 גרם,false,,20.90,0.0261,true,1,16523
7290000104720,false,שעועית ירוקה חתוכה ס,,,שעועית ירוקה חתוכה ס,גרמים,800.00,100 גרם,false,,15.90,0.0199,true,1,16524
7290000104744,false,כרובית 800גר,,,כרובית 800גר,גרמים,800.00,100 גרם,false,,23.90,0.0299,true,1,16526
7290000104751,false,כרוב ניצנים 800גר,,,כרוב ניצנים 800גר,גרמים,800.00,100 גרם,false,,19.90,0.0249,true,1,16527
7290000104768,false,תרד עלים 800 גרם,,,תרד עלים 800 גרם,גרמים,800.00,100 גרם,false,,19.90,0.0249,true,1,16528
7290000104775,false,תרד מדליונים 800גר,,,תרד מדליונים 800גר,גרמים,800.00,100 גרם,false,,21.90,0.0274,true,1,16529
7290000104799,false,שעועית לבנה מבושלת 8,,,שעועית לבנה מבושלת 8,גרמים,800.00,100 גרם,false,,14.80,0.0185,true,1,16530
7290000104805,false,גרגירי חומוס קפוא 80,,,גרגירי חומוס קפוא 80,גרמים,800.00,100 גרם,false,,14.80,0.0185,true,1,16531
7290000104829,false,"קלחוני תירס 1 ק""ג",,,"קלחוני תירס 1 ק""ג",אלף,1.00,"ק""ג",false,,14.90,14.9000,true,1,16532
7290000104836,false,שעועית עדינה שלמה סנ,,,שעועית עדינה שלמה סנ,גרמים,600.00,100 גרם,false,,21.90,0.0365,true,1,16533
7290000104874,false,לקט קוסקוס 800גר,,,לקט קוסקוס 800גר,גרמים,800.00,100 גרם,false,,21.90,0.0274,true,1,16534
7290000104881,false,אפונה וגזר 800 גרם ס,,,אפונה וגזר 800 גרם ס,גרמים,800.00,100 גרם,false,,13.90,0.0174,true,1,16535
7290000104911,false,לקט נורמנדי 800גר,,,לקט נורמנדי 800גר,גרמים,800.00,100 גרם,false,,19.90,0.0249,true,1,16537
7290000105145,false,צלעות מחפוד קפוא מס`,,,צלעות מחפוד קפוא מס`,קילוגרמים,1.00,"ק""ג",true,,49.90,49.9000,true,1,28942
7290000105183,false,צלי כתף מס' 5 חלק,,,צלי כתף מס' 5 חלק,קילוגרמים,1.00,"ק""ג",true,,99.90,99.9000,true,1,28944
7290000105190,false,פילה מדומה מחפוד קפו,,,פילה מדומה מחפוד קפו,קילוגרמים,1.00,"ק""ג",true,,63.90,63.9000,true,1,28945
7290000105466,false,לשון בקר קפוא מחפוד,,,לשון בקר קפוא מחפוד,קילוגרמים,1.00,"ק""ג",true,,64.90,64.9000,true,1,28952
7290000107165,false,פולי סויה אדממה קפוא,,,פולי סויה אדממה קפוא,גרמים,400.00,100 גרם,false,,11.90,0.0298,true,1,16540
7290000107189,false,תחתיות ארטישוק 400גר,,,תחתיות ארטישוק 400גר,גרמים,400.00,100 גרם,false,,19.90,0.0497,true,1,16541
7290000107295,false,תפרחות ברוקולי 800ג,,,תפרחות ברוקולי 800ג,גרמים,800.00,100 גרם,false,,24.90,0.0311,true,1,16542
7290000107615,false,סנפרוסט מנה אסייתי צ,,,סנפרוסט מנה אסייתי צ,גרמים,800.00,100 גרם,false,,19.90,0.0249,true,1,16543
7290000107622,false,סנפרוסט פסטה וירקות,,,סנפרוסט פסטה וירקות,גרמים,800.00,100 גרם,false,,19.90,0.0249,true,1,16544
7290000110844,false,חטיף כיפלי גריל 70 ג,,,חטיף כיפלי גריל 70 ג,גרמים,70.00,100 גרם,false,,5.90,0.0843,true,1,8978
7290000111063,false,מיונז אמיתי 250 ג צנ,,,מיונז אמיתי 250 ג צנ,גרמים,250.00,100 גרם,false,,6.90,0.0276,true,1,8980
7290000111117,false,בדין מרכך כביסה לבן,,,בדין מרכך כביסה לבן,ארגז,4.00,ליטר,false,,19.90,4.9750,true,1,8981
7290000111186,false,מיונז אמיתי תלמה 500,,,מיונז אמיתי תלמה 500,גרמים,500.00,100 גרם,false,,9.90,0.0198,true,1,8982
7290000111353,false,מיונז 1 קג,,,מיונז 1 קג,אלף,1.00,"ק""ג",false,,16.90,16.9000,true,1,8983
7290000111360,false,חרדל אמיתי 250 גרם מ,,,חרדל אמיתי 250 גרם מ,גרמים,250.00,100 גרם,false,,5.90,0.0236,true,1,8984
7290000111384,false,חרדל אמיתי תלמה 550,,,חרדל אמיתי תלמה 550,גרמים,550.00,100 גרם,false,,7.50,0.0136,true,1,8985
7290000112220,false,בארכה טחינה 100% שומ,,,בארכה טחינה 100% שומ,גרמים,500.00,100 גרם,false,,13.90,0.0278,true,1,13028
7290000112237,false,בארכה טחינה 100% שומ,,,בארכה טחינה 100% שומ,אלף,1.00,"ק""ג",false,,22.90,22.9000,true,1,13029
7290000112497,false,מרק עשיר עוף עם אטרי,,,מרק עשיר עוף עם אטרי,גרמים,68.00,100 גרם,false,,9.90,0.1456,true,1,8986
7290000112503,false,מרק עשיר ירקות קנור,,,מרק עשיר ירקות קנור,גרמים,61.00,100 גרם,false,,9.90,0.1623,true,1,8987
7290000112619,false,מרק עוף אמיתי לתיבול,,,מרק עוף אמיתי לתיבול,גרמים,400.00,100 גרם,false,,14.90,0.0373,true,1,8989
7290000116204,false,מרק דגש עוף קנור 1 ק,,,מרק דגש עוף קנור 1 ק,אלף,1.00,"ק""ג",false,,13.60,13.6000,true,1,8997
7290000116884,false,רוטב ברביקיו קנור 20,,,רוטב ברביקיו קנור 20,מיליליטרים,200.00,"100 מ""ל",false,,10.50,0.0525,true,1,8998
7290000116921,false,רוטב צילי מתוק קנור,,,רוטב צילי מתוק קנור,מיליליטרים,300.00,"100 מ""ל",false,,10.50,0.0350,true,1,8999
7290000116945,false,רוטב סויה קנור 300מל,,,רוטב סויה קנור 300מל,מיליליטרים,300.00,"100 מ""ל",false,,10.50,0.0350,true,1,9000
7290000117171,false,מרק נמס בכוס בטעם עו,,,מרק נמס בכוס בטעם עו,גרמים,48.00,100 גרם,false,,6.90,0.1438,true,1,9001
7290000117720,false,מרק נמס בכוס פטריות,,,מרק נמס בכוס פטריות,גרמים,43.00,100 גרם,false,,6.90,0.1605,true,1,9002
7290000120836,false,מיונז הלמנס 394 גרם,,,מיונז הלמנס 394 גרם,גרמים,394.00,100 גרם,false,,9.90,0.0251,true,1,9006
7290000120874,false,מיונז הלמנס לייט 424,,,מיונז הלמנס לייט 424,גרמים,424.00,100 גרם,false,,9.90,0.0233,true,1,9007
7290000121023,false,פסט.שלפעם יחיעם מעד.,,,פסט.שלפעם יחיעם מעד.,קילוגרמים,1.00,"ק""ג",true,,75.00,75.0000,true,1,11647
7290000121093,false,מון בלאן שויצרית 7%,,,מון בלאן שויצרית 7%,גרמים,120.00,100 גרם,false,,11.90,0.0992,true,1,12054
7290000121147,false,מון בלאן פיקנטי 7% 1,,,מון בלאן פיקנטי 7% 1,גרמים,120.00,100 גרם,false,,11.90,0.0992,true,1,193274
7290000121154,false,מון בלאן סלמון 7% 12,,,מון בלאן סלמון 7% 12,גרמים,120.00,100 גרם,false,,8.90,0.0742,true,1,12056
7290000121239,false,מיוקל 5% מופחת שומן,,,מיוקל 5% מופחת שומן,גרמים,500.00,100 גרם,false,,11.90,0.0238,true,1,9008
7290000122607,false,עמק לייט 9% חריץ כשר,,,עמק לייט 9% חריץ כשר,קילוגרמים,1.00,"ק""ג",true,,70.00,70.0000,true,1,16616
7290000123363,false,צמקאו לאכילה ציפוי ו,,,צמקאו לאכילה ציפוי ו,גרמים,500.00,100 גרם,false,,10.50,0.0210,true,1,9010
7290000125251,false,בדין שמפו לכביסה עדי,,,בדין שמפו לכביסה עדי,ארגז,2.00,ליטר,false,,23.90,11.9500,true,1,9012
7290000128401,false,פטה כבש 24% פיראוס,,,פטה כבש 24% פיראוס,קילוגרמים,1.00,"ק""ג",true,,109.00,109.0000,true,1,16617
7290000129457,false,רוטב פטריות 28גר,,,רוטב פטריות 28גר,גרמים,28.00,100 גרם,false,,3.90,0.1393,true,1,9013
7290000133070,false,קשקבל טורקי 22% שומר,,,קשקבל טורקי 22% שומר,קילוגרמים,1.00,"ק""ג",true,,109.00,109.0000,true,1,11141
7290000133087,false,בולג.צאן סופיה 20% ש,,,בולג.צאן סופיה 20% ש,קילוגרמים,1.00,"ק""ג",true,,68.00,68.0000,true,1,11142
7290000133094,false,בריזנה צאן מחלבת שומ,,,בריזנה צאן מחלבת שומ,קילוגרמים,1.00,"ק""ג",true,,75.00,75.0000,true,1,11143
7290000133117,false,בולגרית מעודנת השומר,,,בולגרית מעודנת השומר,קילוגרמים,1.00,"ק""ג",true,,39.00,39.0000,true,1,11144
7290000133148,false,צפתית רכה5% שומרון מ,,,צפתית רכה5% שומרון מ,קילוגרמים,1.00,"ק""ג",true,,49.00,49.0000,true,1,11145
7290000133193,false,בולג.קלאסית שומרון,,,בולג.קלאסית שומרון,קילוגרמים,1.00,"ק""ג",true,,50.00,50.0000,true,1,11146
7290000134123,false,טעם וריח פלפל שחור ט,,,טעם וריח פלפל שחור ט,גרמים,40.00,100 גרם,false,,6.80,0.1700,true,1,26159
7290000134147,false,טעם וריח מוסקט טחון,,,טעם וריח מוסקט טחון,גרמים,40.00,100 גרם,false,,12.90,0.3225,true,1,26160
7290000134314,false,תערובת תיבול לפיצה ט,,,תערובת תיבול לפיצה ט,גרמים,120.00,100 גרם,false,,9.00,0.0750,true,1,26162
7290000134352,false,טעם וריח קימנון טחון,,,טעם וריח קימנון טחון,גרמים,80.00,100 גרם,false,,9.00,0.1125,true,1,26164
7290000134673,false,תבלין זנגביל טעם ורי,,,תבלין זנגביל טעם ורי,גרמים,30.00,100 גרם,false,,6.00,0.2000,true,1,241828
7290000134826,false,תבלין זעתר טעם וריח,,,תבלין זעתר טעם וריח,גרמים,100.00,100 גרם,false,,9.00,0.0900,true,1,26168
7290000134833,false,טעם וריח ת.כמון במיכ,,,טעם וריח ת.כמון במיכ,גרמים,100.00,100 גרם,false,,9.00,0.0900,true,1,26169
7290000134840,false,טעם וריח ת.כורכום במ,,,טעם וריח ת.כורכום במ,גרמים,100.00,100 גרם,false,,9.00,0.0900,true,1,26170
7290000134857,false,טעם וריח ת.פפריקה מת,,,טעם וריח ת.פפריקה מת,גרמים,100.00,100 גרם,false,,9.00,0.0900,true,1,26171
7290000134864,false,תבלין פפריקה חריפה ט,,,תבלין פפריקה חריפה ט,גרמים,100.00,100 גרם,false,,9.00,0.0900,true,1,26172
7290000134871,false,טעם וריח ת. פלפל שחו,,,טעם וריח ת. פלפל שחו,גרמים,100.00,100 גרם,false,,13.90,0.1390,true,1,26173
7290000134970,false,תבלין חוואייג טעם ור,,,תבלין חוואייג טעם ור,גרמים,100.00,100 גרם,false,,9.00,0.0900,true,1,241164
7290000134987,false,טעם וריח פלפל שחור ג,,,טעם וריח פלפל שחור ג,גרמים,90.00,100 גרם,false,,13.90,0.1544,true,1,26174
7290000135045,false,אקס אל TEN פחית תפוח,,,אקס אל TEN פחית תפוח,מיליליטרים,250.00,"100 מ""ל",false,,4.50,0.0180,true,1,8544
7290000135052,false,אקס אל TEN פחית מנגו,,,אקס אל TEN פחית מנגו,מיליליטרים,250.00,"100 מ""ל",false,,4.50,0.0180,true,1,8545
7290000135068,false,חזה עוף פרוס (שניצל),,,חזה עוף פרוס (שניצל),קילוגרמים,1.00,"ק""ג",true,,34.90,34.9000,true,1,31514
7290000135168,false,שישיית פחיות פפסי מק,,,שישיית פחיות פפסי מק,ארגז,1.98,ליטר,false,,17.60,8.8889,true,1,40152
7290000135175,false,פפסי מקס ליים פחית ל,,,פפסי מקס ליים פחית ל,ארגז,0.33,ליטר,false,,3.00,9.0909,true,1,8548
7290000135311,false,פפסי מקס ליים 1.5 ל',,,פפסי מקס ליים 1.5 ל',ארגז,1.50,ליטר,false,,7.90,5.2667,true,1,8551
7290000135595,false,פפסי מקס בטעם דובדבן,,,פפסי מקס בטעם דובדבן,ארגז,1.50,ליטר,false,,7.90,5.2667,true,1,71689
7290000135632,false,גולדסטאר לא מסונן פח,,,גולדסטאר לא מסונן פח,ארגז,2.00,ליטר,false,,33.90,16.9500,true,1,93410
7290000135663,false,פפסי מקס דובדבן פחית,,,פפסי מקס דובדבן פחית,ארגז,1.98,ליטר,false,,17.60,8.8889,true,1,419990
7290000136141,false,פפסי קולה 1.5 ליטר,,,פפסי קולה 1.5 ליטר,ארגז,1.50,ליטר,false,,7.90,5.2667,true,1,156051
7290000136158,false,פפסי מקס 1.5 ליטר,,,פפסי מקס 1.5 ליטר,ארגז,1.50,ליטר,false,,7.90,5.2667,true,1,156067
7290000136165,false,מירינדה 1.5 ליטר,,,מירינדה 1.5 ליטר,ארגז,1.50,ליטר,false,,7.90,5.2667,true,1,155954
7290000136172,false,סבן אפ 1.5 ליטר,,,סבן אפ 1.5 ליטר,ארגז,1.50,ליטר,false,,7.90,5.2667,true,1,155970
7290000136257,false,טמפו פאנק טוניק 1.5,,,טמפו פאנק טוניק 1.5,ארגז,1.50,ליטר,false,,11.00,7.3333,true,1,155340
7290000136288,false,סיידר הגליל JUICER ס,,,סיידר הגליל JUICER ס,מיליליטרים,330.00,"100 מ""ל",false,,13.30,0.0403,true,1,383066
7290000136295,false,סיידר הגליל JUICER ס,,,סיידר הגליל JUICER ס,מיליליטרים,330.00,"100 מ""ל",false,,13.30,0.0403,true,1,383095
7290000136301,false,סיידר הגליל JUICER ס,,,סיידר הגליל JUICER ס,מיליליטרים,330.00,"100 מ""ל",false,,13.30,0.0403,true,1,383096
7290000136455,false,ג`אמפ אשכול 1.5 ליטר,,,ג`אמפ אשכול 1.5 ליטר,ארגז,1.50,ליטר,false,,7.90,5.2667,true,1,155384
7290000136516,false,ג`אמפ פסיפלורה 1.5 ל,,,ג`אמפ פסיפלורה 1.5 ל,ארגז,1.50,ליטר,false,,7.90,5.2667,true,1,155368
7290000136523,false,ג`אמפ ענבים 1.5 ליטר,,,ג`אמפ ענבים 1.5 ליטר,ארגז,1.50,ליטר,false,,7.90,5.2667,true,1,155385
7290000136585,false,ג`אמפ תפוז 1.5 ליטר,,,ג`אמפ תפוז 1.5 ליטר,ארגז,1.50,ליטר,false,,7.90,5.2667,true,1,155369
7290000136684,false,פפסי מקס 1.5 ליטר,,,פפסי מקס 1.5 ליטר,ארגז,1.50,ליטר,false,,7.90,5.2667,true,1,156082
7290000136752,false,סבן אפ דיאט 6*1.5 לי,,,סבן אפ דיאט 6*1.5 לי,ארגז,9.00,ליטר,false,,37.90,4.2111,true,1,155939
7290000136769,false,פפסי קולה 6*1.5 ליטר,,,פפסי קולה 6*1.5 ליטר,ארגז,9.00,ליטר,false,,38.90,4.3222,true,1,156053
7290000136776,false,פפסי מקס 6*1.5 ליטר,,,פפסי מקס 6*1.5 ליטר,ארגז,9.00,ליטר,false,,37.90,4.2111,true,1,156068
7290000136790,false,טמפו סודה 6*1.5 ליטר,,,טמפו סודה 6*1.5 ליטר,ארגז,9.00,ליטר,false,,17.70,1.9667,true,1,155430
7290000136844,false,אקווה נובה 6*2 ליטר,,,אקווה נובה 6*2 ליטר,ארגז,12.00,ליטר,false,,11.90,0.9917,true,1,155282
7290000136868,false,מים סאן בנדטו 6* 1.5,,,מים סאן בנדטו 6* 1.5,ארגז,9.00,ליטר,false,,17.70,1.9667,true,1,155297
7290000136875,false,סאן בנדטו מים מינרלי,,,סאן בנדטו מים מינרלי,ארגז,9.00,ליטר,false,,17.90,1.9889,true,1,155414
7290000136936,false,סבן אפ דיאט 1.5 ליטר,,,סבן אפ דיאט 1.5 ליטר,ארגז,1.50,ליטר,false,,7.60,5.0667,true,1,155940
7290000137513,false,קרמיסימו גלידונית ש.,,,קרמיסימו גלידונית ש.,גרמים,700.00,100 גרם,false,,49.90,0.0713,true,1,5905
7290000137643,false,שלגוני טעמקור 8יח,,,שלגוני טעמקור 8יח,גרמים,416.00,100 גרם,false,,37.90,0.0911,true,1,5906
7290000139180,false,שלווה נטו חיטה תפוחה,,,שלווה נטו חיטה תפוחה,גרמים,140.00,100 גרם,false,,7.40,0.0529,true,1,4253
7290000141848,false,מחלבת פנחס גבינה בול,,,מחלבת פנחס גבינה בול,קילוגרמים,1.00,"ק""ג",true,,77.00,77.0000,true,1,11971
7290000143187,false,שמפו לגבר הוואי 700,,,שמפו לגבר הוואי 700,מיליליטרים,700.00,"100 מ""ל",false,,9.90,0.0141,true,1,7910
7290000143194,false,שמפו+מרכך הוואי 700,,,שמפו+מרכך הוואי 700,מיליליטרים,700.00,"100 מ""ל",false,,9.90,0.0141,true,1,7911
7290000143200,false,מרכך לשיער יבש הוואי,,,מרכך לשיער יבש הוואי,מיליליטרים,700.00,"100 מ""ל",false,,9.90,0.0141,true,1,7912
7290000143217,false,שמפו לשיער יבש הוואי,,,שמפו לשיער יבש הוואי,מיליליטרים,700.00,"100 מ""ל",false,,9.90,0.0141,true,1,7913
7290000143255,false,שמפו רגיל הוואי 700,,,שמפו רגיל הוואי 700,מיליליטרים,700.00,"100 מ""ל",false,,9.90,0.0141,true,1,7914
7290000143262,false,שמפו הוואי ילדים 700,,,שמפו הוואי ילדים 700,מיליליטרים,700.00,"100 מ""ל",false,,9.90,0.0141,true,1,7915
7290000143279,false,שמפו נגד קשקשים הווא,,,שמפו נגד קשקשים הווא,מיליליטרים,700.00,"100 מ""ל",false,,9.90,0.0141,true,1,7916
7290000144160,false,שמן זית כתית מעולה א,,,שמן זית כתית מעולה א,מיליליטרים,750.00,"100 מ""ל",false,,33.90,0.0452,true,1,18813
7290000144467,false,שמן חמניות בריאות מה,,,שמן חמניות בריאות מה,ארגז,1.00,ליטר,false,,15.90,15.9000,true,1,18814
7290000144474,false,שמן קנולה בריאות עץ,,,שמן קנולה בריאות עץ,ארגז,1.00,ליטר,false,,15.90,15.9000,true,1,18815
7290000148489,false,גרעיני דלעת 200 גרם,,,גרעיני דלעת 200 גרם,גרמים,200.00,100 גרם,false,,9.50,0.0475,true,1,10115
7290000149905,false,טקסטיל שמפו-1 ליטר נ,,,טקסטיל שמפו-1 ליטר נ,ארגז,1.00,ליטר,false,,14.90,14.9000,true,1,19000
7290000150369,false,מכסיקנית עוףטוב,,,מכסיקנית עוףטוב,קילוגרמים,1.00,"ק""ג",true,,82.00,82.0000,true,1,13581
7290000150451,false,סלמי איטלקי עוף טוב,,,סלמי איטלקי עוף טוב,קילוגרמים,1.00,"ק""ג",true,,77.00,77.0000,true,1,13582
7290000150956,false,עוף טוב מקלוני קבנוס,,,עוף טוב מקלוני קבנוס,גרמים,160.00,100 גרם,false,,9.90,0.0619,true,1,13600
7290000151885,false,נקניק הודו יחידה 700,,,נקניק הודו יחידה 700,גרמים,700.00,100 גרם,false,,14.90,0.0213,true,1,13606
7290000152943,false,עוף טוב סלמי פסטרמה,,,עוף טוב סלמי פסטרמה,גרמים,700.00,100 גרם,false,,21.90,0.0313,true,1,13609
7290000153445,false,עוף טוב קציצות בקר מ,,,עוף טוב קציצות בקר מ,גרמים,500.00,100 גרם,false,,29.90,0.0598,true,1,13610
7290000153469,false,עוף טוב קציצות עוף ק,,,עוף טוב קציצות עוף ק,גרמים,600.00,100 גרם,false,,29.90,0.0498,true,1,13611
7290000155524,false,פולנית עוף טוב,,,פולנית עוף טוב,קילוגרמים,1.00,"ק""ג",true,,82.00,82.0000,true,1,13589
7290000158105,false,עוף טוב שניצל עוף מי,,,עוף טוב שניצל עוף מי,גרמים,700.00,100 גרם,false,,24.90,0.0356,true,1,13618
7290000159010,false,עוף טוב שניצל עוף מי,,,עוף טוב שניצל עוף מי,גרמים,700.00,100 גרם,false,,24.90,0.0356,true,1,13622
7290000161358,false,מיונז אמיתי משמן קנו,,,מיונז אמיתי משמן קנו,גרמים,500.00,100 גרם,false,,13.90,0.0278,true,1,9016
7290000168173,false,ברנפלקס קרנצים תלמה,,,ברנפלקס קרנצים תלמה,גרמים,375.00,100 גרם,false,,20.90,0.0557,true,1,9033
7290000169538,false,נמס בכוס עגבניות וקר,,,נמס בכוס עגבניות וקר,גרמים,62.00,100 גרם,false,,6.90,0.1113,true,1,9039
7290000169798,false,עוגי מופחת סוכר 20%,,,עוגי מופחת סוכר 20%,גרמים,500.00,100 גרם,false,,19.90,0.0398,true,1,9040
7290000174723,false,שוקולית 500 גרם,,,שוקולית 500 גרם,גרמים,500.00,100 גרם,false,,11.90,0.0238,true,1,14903
7290000175760,false,מנציגו  כבשים ויליפו,,,מנציגו  כבשים ויליפו,קילוגרמים,1.00,"ק""ג",true,,79.00,79.0000,true,1,5288
7290000175777,false,איבריקו  ויליפוד31%,,,איבריקו  ויליפוד31%,קילוגרמים,1.00,"ק""ג",true,,95.00,95.0000,true,1,5289
7290000175906,false,גאודה עיזים ויליפוד,,,גאודה עיזים ויליפוד,קילוגרמים,1.00,"ק""ג",true,,99.00,99.0000,true,1,5290
7290000176079,false,טורקי עלית קפה עם הל,,,טורקי עלית קפה עם הל,גרמים,100.00,100 גרם,false,,8.90,0.0890,true,1,14906
7290000176147,false,מוקה מס.1 קפה פילטר,,,מוקה מס.1 קפה פילטר,גרמים,500.00,100 גרם,false,,50.50,0.1010,true,1,14909
7290000176413,false,עלית נמס 50 גר',,,עלית נמס 50 גר',גרמים,50.00,100 גרם,false,,8.90,0.1780,true,1,14911
7290000176420,false,קפה נמס עלית פחית 20,,,קפה נמס עלית פחית 20,גרמים,200.00,100 גרם,false,,18.90,0.0945,true,1,14912
7290000176468,false,האג קפה נטול קפאין 5,,,האג קפה נטול קפאין 5,גרמים,50.00,100 גרם,false,,10.90,0.2180,true,1,1014
7290000178707,false,תפוציפס טבעי 50 גרם,,,תפוציפס טבעי 50 גרם,גרמים,50.00,100 גרם,false,,3.90,0.0780,true,1,15887
7290000178721,false,תפוציפס טבעי 200 גרם,,,תפוציפס טבעי 200 גרם,גרמים,200.00,100 גרם,false,,9.90,0.0495,true,1,15888
7290000185224,false,סילאן בקבוק לחיץ תמר,,,סילאן בקבוק לחיץ תמר,גרמים,650.00,100 גרם,false,,13.90,0.0214,true,1,16073
7290000185330,false,סילאן טבעי תמר כנרת,,,סילאן טבעי תמר כנרת,גרמים,900.00,100 גרם,false,,23.90,0.0266,true,1,16074
7290000185590,false,סילאן 100% תמרים טבע,,,סילאן 100% תמרים טבע,גרמים,635.00,100 גרם,false,,19.90,0.0313,true,1,443236
7290000187860,false,לילי נייר טואלט לח ד,,,לילי נייר טואלט לח ד,אין,0.00,יחידה,false,,7.90,0.0000,true,1,8222
7290000187938,false,"נייר טואלט ""לילי"" פס",,,"נייר טואלט ""לילי"" פס",מטרים,588.00,מטר,false,,39.90,0.0679,true,1,8225
7290000188355,false,מגבות מטבח ניקול לבנ,,,מגבות מטבח ניקול לבנ,מטרים,64.80,מטר,false,,11.90,0.1836,true,1,8229
7290000188553,false,מגן תחתון סילק נורמל,,,מגן תחתון סילק נורמל,אין,0.00,יחידה,false,,15.90,0.0000,true,1,8231
7290000188591,false,מגן תחתון סילק יאנג,,,מגן תחתון סילק יאנג,אין,0.00,יחידה,false,,15.90,0.0000,true,1,8233
7290000189079,false,ניקול תבניות אינגליש,,,ניקול תבניות אינגליש,אין,0.00,יחידה,false,,9.90,0.0000,true,1,8236
7290000189215,false,מטלית קסם לרצפה,,,מטלית קסם לרצפה,אין,0.00,יחידה,false,,15.00,0.0000,true,1,8240
7290000189260,false,ניקול תבניות מלבניות,,,ניקול תבניות מלבניות,אין,0.00,יחידה,false,,9.90,0.0000,true,1,8243
7290000189277,false,ניקול תבניות מלבניות,,,ניקול תבניות מלבניות,אין,0.00,יחידה,false,,9.90,0.0000,true,1,8244
7290000189482,false,ניקול תבנית אפייה מק,,,ניקול תבנית אפייה מק,אין,0.00,יחידה,false,,9.90,0.0000,true,1,8245
7290000189659,false,ניקול מטליות לחות לר,,,ניקול מטליות לחות לר,אין,0.00,יחידה,false,,9.90,0.0000,true,1,8251
7290000189734,false,ניקול מטליות לחות לפ,,,ניקול מטליות לחות לפ,אין,0.00,יחידה,false,,10.90,0.0000,true,1,8252
7290000191645,false,האגיס רך נולד NB יח',,,האגיס רך נולד NB יח',אין,0.00,יחידה,false,,29.90,0.0000,true,1,8267
7290000193472,false,מגן תחתון נטורל נורמ,,,מגן תחתון נטורל נורמ,אין,0.00,יחידה,false,,14.90,0.0000,true,1,8276
7290000193540,false,מגן תחתון נטורל לונג,,,מגן תחתון נטורל לונג,אין,0.00,יחידה,false,,14.90,0.0000,true,1,8277
7290000193649,false,תחבושות נטורל אולטרה,,,תחבושות נטורל אולטרה,אין,0.00,יחידה,false,,14.90,0.0000,true,1,8279
7290000193656,false,תחבושות נטורל אולטרה,,,תחבושות נטורל אולטרה,אין,0.00,יחידה,false,,14.90,0.0000,true,1,8280
7290000194288,false,האגיס משטחי החתלה,,,האגיס משטחי החתלה,אין,0.00,יחידה,false,,18.90,0.0000,true,1,8283
7290000194345,false,שניצל עוף ארוז מחפוד,,,שניצל עוף ארוז מחפוד,קילוגרמים,1.00,"ק""ג",true,,34.90,34.9000,true,1,28969
7290000194837,false,ניקול שקיות מזון עם,,,ניקול שקיות מזון עם,אין,0.00,יחידה,false,,11.90,0.0000,true,1,8284
7290000196039,false,ניקול מפות שולחן זוג,,,ניקול מפות שולחן זוג,אין,0.00,יחידה,false,,9.90,0.0000,true,1,8292
7290000196343,false,מפת שולחן מהודרת ניק,,,מפת שולחן מהודרת ניק,אין,0.00,יחידה,false,,12.90,0.0000,true,1,8293
7290000196763,false,ניקול השקית החזקה,,,ניקול השקית החזקה,אין,0.00,יחידה,false,,21.90,0.0000,true,1,8295
7290000197326,false,ניקול רדיד אלומיניום,,,ניקול רדיד אלומיניום,מטרים,15.00,מטר,false,,9.90,0.6600,true,1,8304
7290000197425,false,האגיס פרידום דריי של,,,האגיס פרידום דריי של,אין,0.00,יחידה,false,,42.90,0.0000,true,1,8306
7290000197456,false,האגיס פרידום דריי של,,,האגיס פרידום דריי של,אין,0.00,יחידה,false,,42.90,0.0000,true,1,8308
7290000197463,false,האגיס פרידום דריי של,,,האגיס פרידום דריי של,אין,0.00,יחידה,false,,42.90,0.0000,true,1,8309
7290000197470,false,"ניקול שקיות רב""ש 250",,,"ניקול שקיות רב""ש 250",אין,0.00,יחידה,false,,13.80,0.0000,true,1,8310
7290000197654,false,אשפתון שקיות אשפה ענ,,,אשפתון שקיות אשפה ענ,אין,0.00,יחידה,false,,19.90,0.0000,true,1,8312
7290000197678,false,האגיס פרידום דריי  ש,,,האגיס פרידום דריי  ש,אין,0.00,יחידה,false,,42.90,0.0000,true,1,8313
7290000197951,false,ניקול תבנית אלומיניו,,,ניקול תבנית אלומיניו,אין,0.00,יחידה,false,,8.90,0.0000,true,1,8318
7290000197999,false,ניקול רדיד אלומיניום,,,ניקול רדיד אלומיניום,מטרים,15.00,מטר,false,,14.90,0.9933,true,1,8320
7290000198031,false,פסטרמה פרגיות ללחמני,,,פסטרמה פרגיות ללחמני,קילוגרמים,1.00,"ק""ג",true,,80.00,80.0000,true,1,40884
7290000198109,false,צלעות אסאדו מעושנות,,,צלעות אסאדו מעושנות,קילוגרמים,1.00,"ק""ג",true,,139.90,139.9000,true,1,285616
7290000201832,false,טיטולים פרימיום שלב,,,טיטולים פרימיום שלב,אין,0.00,יחידה,false,,30.90,0.0000,true,1,8328
7290000201849,false,טיטולים פרימיום שלב,,,טיטולים פרימיום שלב,אין,0.00,יחידה,false,,30.90,0.0000,true,1,8329
7290000201856,false,טיטולים פרימיום שלב,,,טיטולים פרימיום שלב,אין,0.00,יחידה,false,,30.90,0.0000,true,1,8330
7290000201979,false,מגבוני האגיס מהדורה,,,מגבוני האגיס מהדורה,יח',288.00,יח',false,,18.90,0.0656,true,1,3304
7290000204086,false,ניקול כרית קרצוף,,,ניקול כרית קרצוף,אין,0.00,יחידה,false,,10.90,0.0000,true,1,8335
7290000204147,false,כריות יפניות 2 ב 1 ר,,,כריות יפניות 2 ב 1 ר,אין,0.00,יחידה,false,,10.90,0.0000,true,1,8336
7290000204215,false,ניקול כריות יפניות 6,,,ניקול כריות יפניות 6,אין,0.00,יחידה,false,,9.90,0.0000,true,1,8337
7290000204253,false,מטלית רב שימושית תשע,,,מטלית רב שימושית תשע,אין,0.00,יחידה,false,,9.90,0.0000,true,1,8338
7290000204512,false,מטליות לחות לרצפה בר,,,מטליות לחות לרצפה בר,אין,0.00,יחידה,false,,9.90,0.0000,true,1,8340
7290000204611,false,ניקול ספוגית הקסם*6,,,ניקול ספוגית הקסם*6,אין,0.00,יחידה,false,,10.90,0.0000,true,1,8341
7290000205915,false,האגיס אקסטרה קייר מי,,,האגיס אקסטרה קייר מי,אין,0.00,יחידה,false,,48.90,0.0000,true,1,8343
7290000207063,false,רוטב עגבניות פריכוז,,,רוטב עגבניות פריכוז,גרמים,240.00,100 גרם,false,,3.90,0.0162,true,1,8062
7290000207162,false,רוטב עגבניות 100 גרם,,,רוטב עגבניות 100 גרם,גרמים,100.00,100 גרם,false,,2.20,0.0220,true,1,8063
7290000207438,false,עגבניות לקוביות יכין,,,עגבניות לקוביות יכין,גרמים,800.00,100 גרם,false,,9.90,0.0124,true,1,8064
7290000207764,false,חטיף יפני,,,חטיף יפני,קילוגרמים,1.00,"ק""ג",true,,67.00,67.0000,true,1,20529
7290000208022,false,עגבניות מרוסקות יכין,,,עגבניות מרוסקות יכין,גרמים,800.00,100 גרם,false,,9.90,0.0124,true,1,8066
7290000208077,false,אפונת גינה גדולה L י,,,אפונת גינה גדולה L י,גרמים,335.00,100 גרם,false,,8.90,0.0266,true,1,8067
7290000208114,false,אפונת גינה וגזר יכין,,,אפונת גינה וגזר יכין,גרמים,330.00,100 גרם,false,,8.90,0.0270,true,1,8069
7290000208138,false,סירופ דייאט ענבים יכ,,,סירופ דייאט ענבים יכ,ארגז,1.00,ליטר,false,,16.90,16.9000,true,1,8070
7290000208145,false,גרעיני תירס לייט יכי,,,גרעיני תירס לייט יכי,גרמים,335.00,100 גרם,false,,9.90,0.0296,true,1,8071
7290000208213,false,שעועית לבנה ברוטב עג,,,שעועית לבנה ברוטב עג,גרמים,355.00,100 גרם,false,,8.90,0.0251,true,1,8073
7290000208220,false,שעועית צילי חריף יכי,,,שעועית צילי חריף יכי,גרמים,355.00,100 גרם,false,,9.90,0.0279,true,1,8074
7290000208312,false,גרעיני תירס מתוק יכי,,,גרעיני תירס מתוק יכי,גרמים,400.00,100 גרם,false,,6.90,0.0173,true,1,8078
7290000208329,false,גרעיני תירס מתוק יכי,,,גרעיני תירס מתוק יכי,גרמים,335.00,100 גרם,false,,8.90,0.0266,true,1,8079
7290000208336,false,רוטב עגבניות יכין 24,,,רוטב עגבניות יכין 24,גרמים,240.00,100 גרם,false,,4.50,0.0188,true,1,2749
7290000208343,false,עגבניות מרוסקות שום,,,עגבניות מרוסקות שום,גרמים,800.00,100 גרם,false,,9.90,0.0124,true,1,8080
7290000208367,false,עגבניות מרוסקות בזיל,,,עגבניות מרוסקות בזיל,גרמים,800.00,100 גרם,false,,9.90,0.0124,true,1,8082
7290000208404,false,פול מצרי יכין 550 גר,,,פול מצרי יכין 550 גר,גרמים,350.00,100 גרם,false,,8.90,0.0254,true,1,8083
7290000208428,false,חומוס שלם יכין 550 ג,,,חומוס שלם יכין 550 ג,גרמים,290.00,100 גרם,false,,8.90,0.0307,true,1,8084
7290000208480,false,גרעיני תירס בטעם חמא,,,גרעיני תירס בטעם חמא,גרמים,335.00,100 גרם,false,,9.90,0.0296,true,1,8086
7290000208534,false,גרעיני תירס קיד מתוק,,,גרעיני תירס קיד מתוק,גרמים,335.00,100 גרם,false,,9.90,0.0296,true,1,8087
7290000208800,false,תירס קיד מתוק יכין 4,,,תירס קיד מתוק יכין 4,גרמים,400.00,100 גרם,false,,6.90,0.0173,true,1,8088
7290000208893,false,תירס לייט יכין 400 ג,,,תירס לייט יכין 400 ג,גרמים,400.00,100 גרם,false,,6.90,0.0173,true,1,8090
7290000208947,false,עגבניות מרוסקות יכין,,,עגבניות מרוסקות יכין,אין,260.00,יחידה,false,,5.50,0.0212,true,1,8092
7290000208978,false,רוטב עגבניות פריכוז,,,רוטב עגבניות פריכוז,גרמים,100.00,100 גרם,false,,2.90,0.0290,true,1,8093
7290000209012,false,חומץ הדרים 5% יכין 1,,,חומץ הדרים 5% יכין 1,ארגז,1.00,ליטר,false,,5.90,5.9000,true,1,8094
7290000209043,false,מיץ לימון משומר יכין,,,מיץ לימון משומר יכין,ארגז,1.00,ליטר,false,,4.90,4.9000,true,1,8095
7290000209173,false,חומץ סינטטי 5% יכין,,,חומץ סינטטי 5% יכין,ארגז,1.00,ליטר,false,,4.70,4.7000,true,1,8096
7290000209371,false,תירס שלישיה יכין 3*1,,,תירס שלישיה יכין 3*1,גרמים,495.00,100 גרם,false,,14.90,0.0301,true,1,8099
7290000209388,false,תירס לייט שלישיה יכי,,,תירס לייט שלישיה יכי,גרמים,420.00,100 גרם,false,,14.90,0.0355,true,1,8100
7290000209517,false,סירופ דייאט לימון יכ,,,סירופ דייאט לימון יכ,ארגז,1.00,ליטר,false,,16.90,16.9000,true,1,8101
7290000209524,false,סירופ דייאט פטל יכין,,,סירופ דייאט פטל יכין,ארגז,1.00,ליטר,false,,16.90,16.9000,true,1,8102
7290000209531,false,סירופ דייאט אשכוליות,,,סירופ דייאט אשכוליות,ארגז,1.00,ליטר,false,,16.90,16.9000,true,1,8103
7290000209579,false,סירופ דייאט אננס יכי,,,סירופ דייאט אננס יכי,ארגז,1.00,ליטר,false,,16.90,16.9000,true,1,8105
7290000209722,false,רוטב עגבניות מרוכז מ,,,רוטב עגבניות מרוכז מ,גרמים,580.00,100 גרם,false,,9.90,0.0171,true,1,8108
7290000209906,false,עגבניות מרוסקות עם ב,,,עגבניות מרוסקות עם ב,גרמים,260.00,100 גרם,false,,5.50,0.0212,true,1,8109
7290000209913,false,עגבניות לקוביות יכין,,,עגבניות לקוביות יכין,גרמים,260.00,100 גרם,false,,5.50,0.0212,true,1,8110
7290000209944,false,רוטב לעגבניות לשקשוק,,,רוטב לעגבניות לשקשוק,גרמים,260.00,100 גרם,false,,5.50,0.0212,true,1,8111
7290000209951,false,רוטב עגבניות לפיצה י,,,רוטב עגבניות לפיצה י,מיליליטרים,260.00,"100 מ""ל",false,,5.50,0.0212,true,1,8112
7290000209968,false,רוטב ללזניה יכין 240,,,רוטב ללזניה יכין 240,גרמים,260.00,100 גרם,false,,5.50,0.0212,true,1,8113
7290000210469,false,עגבניות שלמות יכין 8,,,עגבניות שלמות יכין 8,גרמים,800.00,100 גרם,false,,9.90,0.0124,true,1,8114
7290000210896,false,רוטב לפסטה בולונז יכ,,,רוטב לפסטה בולונז יכ,גרמים,260.00,100 גרם,false,,5.50,0.0212,true,1,8115
7290000211138,false,סיימן גבינת עיזים הו,,,סיימן גבינת עיזים הו,קילוגרמים,1.00,"ק""ג",true,,179.00,179.0000,true,1,11972
7290000211145,false,סיימן גבינת גאודה במ,,,סיימן גבינת גאודה במ,קילוגרמים,1.00,"ק""ג",true,,119.00,119.0000,true,1,11973
7290000211169,false,אורז תאילנדי 1 ק'ג,,,אורז תאילנדי 1 ק'ג,אלף,1.00,"ק""ג",false,,6.90,6.9000,true,1,12288
7290000211312,false,אורז מלא אחד אחד 1קג,,,אורז מלא אחד אחד 1קג,אלף,1.00,"ק""ג",false,,7.90,7.9000,true,1,12289
7290000211374,false,"קמח מלא סוגת 1 ק""ג",,,"קמח מלא סוגת 1 ק""ג",אלף,1.00,"ק""ג",false,,6.90,6.9000,true,1,12290
7290000211442,false,סוגת אורז פרסי קלאסי,,,סוגת אורז פרסי קלאסי,אלף,1.00,"ק""ג",false,,10.90,10.9000,true,1,12292
7290000211503,false,"סוכר סוגת לבן 1 ק""ג",,,"סוכר סוגת לבן 1 ק""ג",אלף,1.00,"ק""ג",false,,4.50,4.5000,true,1,12293
7290000211626,false,"אורז חיש 1 ק""ג",,,"אורז חיש 1 ק""ג",אלף,1.00,"ק""ג",false,,9.90,9.9000,true,1,12294
7290000211985,false,סוגת אורז עגול 1קג,,,סוגת אורז עגול 1קג,אלף,1.00,"ק""ג",false,,9.90,9.9000,true,1,12295
7290000226613,false,עוגת דובוש מצופה בטע,,,עוגת דובוש מצופה בטע,גרמים,450.00,100 גרם,false,,40.90,0.0909,true,1,25152
7290000238029,false,"בצק עלים 1ק""ג",,,"בצק עלים 1ק""ג",אלף,1.00,"ק""ג",false,,17.90,17.9000,true,1,22740
7290000238036,false,מעדנות מלווח 700גר,,,מעדנות מלווח 700גר,גרמים,700.00,100 גרם,false,,15.90,0.0227,true,1,22741
7290000238173,false,בורקס גבינה מעדנות 8,,,בורקס גבינה מעדנות 8,גרמים,800.00,100 גרם,false,,14.90,0.0186,true,1,22742
7290000238180,false,"בורקס תפו""א 800גר",,,"בורקס תפו""א 800גר",גרמים,800.00,100 גרם,false,,14.90,0.0186,true,1,22743
7290000240541,false,ריבועי בצק בורקס 800,,,ריבועי בצק בורקס 800,גרמים,800.00,100 גרם,false,,22.90,0.0286,true,1,22744
7290000243566,false,שמן קנולה בריאות עץ,,,שמן קנולה בריאות עץ,מיליליטרים,750.00,"100 מ""ל",false,,11.90,0.0159,true,1,18819
7290000244082,false,סבון נוזלי כחול עמוק,,,סבון נוזלי כחול עמוק,ארגז,1.50,ליטר,false,,14.90,9.9333,true,1,7927
7290000244143,false,קרם לאחר גילוח הוואי,,,קרם לאחר גילוח הוואי,גרמים,120.00,100 גרם,false,,17.90,0.1492,true,1,7928
7290000244761,false,"קרם ולוטה 80 מ""ל",,,"קרם ולוטה 80 מ""ל",מיליליטרים,100.00,"100 מ""ל",false,,6.90,0.0690,true,1,7929
7290000245089,false,מרכך כביסה סוד סגול,,,מרכך כביסה סוד סגול,ארגז,4.00,ליטר,false,,16.90,4.2250,true,1,22362
7290000245287,false,אבקת כביסה פרסיל קול,,,אבקת כביסה פרסיל קול,אלף,1.25,"ק""ג",false,,15.90,12.7200,true,1,22365
7290000245478,false,סוד א.כ בייבי 1.25קג,,,סוד א.כ בייבי 1.25קג,אלף,1.25,"ק""ג",false,,12.90,10.3200,true,1,22367
7290000245782,false,מרכך כביסה סוד ורוד,,,מרכך כביסה סוד ורוד,ארגז,4.00,ליטר,false,,16.90,4.2250,true,1,22368
7290000247804,false,סטייק פרגית בלי עור,,,סטייק פרגית בלי עור,קילוגרמים,1.00,"ק""ג",true,,54.90,54.9000,true,1,31525
7290000249305,false,כרעיים עוף קפוא ארוז,,,כרעיים עוף קפוא ארוז,קילוגרמים,1.00,"ק""ג",true,,26.90,26.9000,true,1,288992
7290000251113,false,פטה עיזים המושבה,,,פטה עיזים המושבה,קילוגרמים,1.00,"ק""ג",true,,99.00,99.0000,true,1,11172
7290000251128,false,בריזה צאן המושבה,,,בריזה צאן המושבה,קילוגרמים,1.00,"ק""ג",true,,74.00,74.0000,true,1,11173
7290000253220,false,שוקולד צ'יפס אופנהיי,,,שוקולד צ'יפס אופנהיי,גרמים,260.00,100 גרם,false,,10.90,0.0419,true,1,1258
7290000253251,false,שוקולד צ'יפס לבן אופ,,,שוקולד צ'יפס לבן אופ,גרמים,250.00,100 גרם,false,,10.90,0.0436,true,1,1259
7290000256197,false,גאודה עיזים הולנדית,,,גאודה עיזים הולנדית,קילוגרמים,1.00,"ק""ג",true,,99.00,99.0000,true,1,32236
7290000262031,false,נייר טואלט מולט לב 3,,,נייר טואלט מולט לב 3,מטרים,563.00,מטר,false,,30.90,0.0549,true,1,8344
7290000262413,false,האגיס אקסטרה קייר מי,,,האגיס אקסטרה קייר מי,אין,0.00,יחידה,false,,48.90,0.0000,true,1,8347
7290000263359,false,האגיס אקסטרא קייר של,,,האגיס אקסטרא קייר של,אין,0.00,יחידה,false,,29.90,0.0000,true,1,8353
7290000267500,false,קליפות הדר בציפוי שו,,,קליפות הדר בציפוי שו,גרמים,200.00,100 גרם,false,,10.90,0.0545,true,1,121542
7290000272443,false,סירופ דיאט תפוז עסיס,,,סירופ דיאט תפוז עסיס,אין,0.00,יחידה,false,,16.90,0.0000,true,1,13031
7290000272467,false,סירופ דיאט פטל עסיס,,,סירופ דיאט פטל עסיס,ארגז,1.00,ליטר,false,,16.90,16.9000,true,1,13032
7290000272696,false,מיץ לימון משומר עסיס,,,מיץ לימון משומר עסיס,ארגז,1.00,ליטר,false,,9.50,9.5000,true,1,13033
7290000272726,false,חומץ טבעי 5% עסיס 1,,,חומץ טבעי 5% עסיס 1,ארגז,1.00,ליטר,false,,5.90,5.9000,true,1,13034
7290000284316,false,קוקה קולה 1.5 ליטר,,,קוקה קולה 1.5 ליטר,ארגז,1.50,ליטר,false,,8.30,5.5333,true,1,7233
7290000286228,false,סנו סושי שישיות כריו,,,סנו סושי שישיות כריו,אין,0.00,יחידה,false,,11.90,0.0000,true,1,19003
7290000286297,false,סנו מסיר אבן מקומקום,,,סנו מסיר אבן מקומקום,מיליליטרים,700.00,"100 מ""ל",false,,10.90,0.0156,true,1,19004
7290000286298,false,פילה דג סלמון נורווג,,,פילה דג סלמון נורווג,קילוגרמים,1.00,"ק""ג",true,,79.90,79.9000,true,1,443947
7290000286428,false,שריר הזרוע 8 בקר קפו,,,שריר הזרוע 8 בקר קפו,קילוגרמים,1.00,"ק""ג",true,,29.90,29.9000,true,1,443798
7290000286549,false,סנו סושי מטליות לכל,,,סנו סושי מטליות לכל,אין,0.00,יחידה,false,,11.90,0.0000,true,1,19010
7290000286594,false,סנו X לימון במיכל 60,,,סנו X לימון במיכל 60,גרמים,600.00,100 גרם,false,,9.90,0.0165,true,1,19011
7290000286761,false,סנו סושי פלסטיק נצמד,,,סנו סושי פלסטיק נצמד,מטרים,60.00,מטר,false,,11.90,0.1983,true,1,19013
7290000286824,false,פילה דג נסיכת הנילוס,,,פילה דג נסיכת הנילוס,קילוגרמים,1.00,"ק""ג",true,,39.90,39.9000,true,1,443902
7290000286891,false,סנו מגן קריסטל  1 לי,,,סנו מגן קריסטל  1 לי,ארגז,1.00,ליטר,false,,22.90,22.9000,true,1,19015
7290000286921,false,סנוקל רסס כבס,,,סנוקל רסס כבס,מיליליטרים,750.00,"100 מ""ל",false,,12.90,0.0172,true,1,19018
7290000286945,false,"סנו רהיט נוזל 500 מ""",,,"סנו רהיט נוזל 500 מ""",מיליליטרים,500.00,"100 מ""ל",false,,24.90,0.0498,true,1,19019
7290000286947,false,פילה דג סלמון נורווג,,,פילה דג סלמון נורווג,קילוגרמים,1.00,"ק""ג",true,,89.90,89.9000,true,1,447011
7290000287195,false,סנו רהיט ספריי עשיר,,,סנו רהיט ספריי עשיר,מיליליטרים,305.00,"100 מ""ל",false,,14.90,0.0489,true,1,19021
7290000287492,false,סנובון נוזלי בניחוח,,,סנובון נוזלי בניחוח,מיליליטרים,750.00,"100 מ""ל",false,,9.90,0.0132,true,1,19026
7290000287621,false,סנו אנטי קאלק W.C מנ,,,סנו אנטי קאלק W.C מנ,מיליליטרים,750.00,"100 מ""ל",false,,11.90,0.0159,true,1,19028
7290000288024,false,סנו ז'אוול בריח לימו,,,סנו ז'אוול בריח לימו,ארגז,4.00,ליטר,false,,16.90,4.2250,true,1,19032
7290000288031,false,סנו אקנומיקה 4 ל,,,סנו אקנומיקה 4 ל,ארגז,4.00,ליטר,false,,10.90,2.7250,true,1,19033
7290000288048,false,סנו ג'אוול מרסס אילנ,,,סנו ג'אוול מרסס אילנ,ארגז,1.00,ליטר,false,,17.90,17.9000,true,1,19034
7290000288291,false,סנומט 30 טבליות,,,סנומט 30 טבליות,אין,0.00,יחידה,false,,12.80,0.0000,true,1,19039
7290000288352,false,K - 300,,,K - 300,מיליליטרים,630.00,"100 מ""ל",false,,20.90,0.0332,true,1,19041
7290000288413,false,סנו די רולאון,,,סנו די רולאון,מיליליטרים,50.00,"100 מ""ל",false,,19.90,0.3980,true,1,19044
7290000288642,false,מרכך כביסה סנו מקסימ,,,מרכך כביסה סנו מקסימ,ארגז,4.00,ליטר,false,,22.90,5.7250,true,1,19047
7290000288659,false,"סנו די ג'ונגל 50 מ""ל",,,"סנו די ג'ונגל 50 מ""ל",מיליליטרים,50.00,"100 מ""ל",false,,19.90,0.3980,true,1,19048
7290000288727,false,סנו מקסימה מאסק 1.25,,,סנו מקסימה מאסק 1.25,אלף,1.25,"ק""ג",false,,14.90,11.9200,true,1,19049
7290000289069,false,סנו ג'אוול מרסס לימו,,,סנו ג'אוול מרסס לימו,ארגז,1.00,ליטר,false,,17.90,17.9000,true,1,19052
7290000289236,false,סנו K300פיתיון ג'ל ק,,,סנו K300פיתיון ג'ל ק,אין,0.00,יחידה,false,,50.90,0.0000,true,1,19053
7290000289380,false,סנו ג'אוול לימון לני,,,סנו ג'אוול לימון לני,מיליליטרים,750.00,"100 מ""ל",false,,11.90,0.0159,true,1,19054
7290000289472,false,סנו סושי שקיות HD 76,,,סנו סושי שקיות HD 76,אין,0.00,יחידה,false,,20.90,0.0000,true,1,19055
7290000289496,false,סנו ג'אוול ג'ל קרם ל,,,סנו ג'אוול ג'ל קרם ל,מיליליטרים,750.00,"100 מ""ל",false,,11.90,0.0159,true,1,19056
7290000289885,false,סנו פרש ענק אושן כחו,,,סנו פרש ענק אושן כחו,מיליליטרים,375.00,"100 מ""ל",false,,10.90,0.0291,true,1,19060
7290000291857,false,סנו פוליווקס לוטוס 2,,,סנו פוליווקס לוטוס 2,ארגז,2.00,ליטר,false,,20.90,10.4500,true,1,19062
7290000292137,false,נוזל ניקוי וטיפול במ,,,נוזל ניקוי וטיפול במ,מיליליטרים,500.00,"100 מ""ל",false,,30.90,0.0618,true,1,19066
7290000292311,false,סנו פוליווקס סחלבים,,,סנו פוליווקס סחלבים,ארגז,2.00,ליטר,false,,20.90,10.4500,true,1,19067
7290000292533,false,סנו ג'ל לניקוי כללי,,,סנו ג'ל לניקוי כללי,ארגז,1.00,ליטר,false,,16.90,16.9000,true,1,19070
7290000292557,false,סנומט 45 נוזל מילוי,,,סנומט 45 נוזל מילוי,אין,0.00,יחידה,false,,18.90,0.0000,true,1,19071
7290000292687,false,סנובון כחול שלישיה,,,סנובון כחול שלישיה,גרמים,165.00,100 גרם,false,,15.90,0.0964,true,1,19073
7290000292915,false,סנו רסס ונגב אקדח 75,,,סנו רסס ונגב אקדח 75,מיליליטרים,750.00,"100 מ""ל",false,,12.90,0.0172,true,1,19075
7290000293073,false,מרכך כביסה סנו מקסימ,,,מרכך כביסה סנו מקסימ,ארגז,4.00,ליטר,false,,22.90,5.7250,true,1,19077
7290000293837,false,דאודורנט ג'ל קרמה מן,,,דאודורנט ג'ל קרמה מן,מיליליטרים,70.00,"100 מ""ל",false,,13.90,0.1986,true,1,80992
7290000293943,false,סנו אנטי קאלק+מתז  1,,,סנו אנטי קאלק+מתז  1,ארגז,1.00,ליטר,false,,19.90,19.9000,true,1,19082
7290000294575,false,סנו רב מגבת,,,סנו רב מגבת,מטרים,13.80,מטר,false,,11.90,0.8623,true,1,19085
7290000294773,false,סנו ז'אוול בריח אילנ,,,סנו ז'אוול בריח אילנ,ארגז,4.00,ליטר,false,,16.90,4.2250,true,1,19086
7290000294780,false,סנו ז'אוול סמיכה 4 ל,,,סנו ז'אוול סמיכה 4 ל,ארגז,4.00,ליטר,false,,16.90,4.2250,true,1,19087
7290000295299,false,כריות יפניות סנו סוש,,,כריות יפניות סנו סוש,אין,0.00,יחידה,false,,11.90,0.0000,true,1,19089
7290000295343,false,סנו מקסימה ביו 1.25,,,סנו מקסימה ביו 1.25,אלף,1.25,"ק""ג",false,,14.90,11.9200,true,1,19092
7290000295367,false,אבקת כביסה סנו מקסימ,,,אבקת כביסה סנו מקסימ,אלף,2.50,"ק""ג",false,,26.90,10.7600,true,1,19093
7290000295404,false,שקיות אשפה נשלפות סנ,,,שקיות אשפה נשלפות סנ,אין,0.00,יחידה,false,,22.90,0.0000,true,1,19094
7290000295503,false,סנו סושי צמד שקיות א,,,סנו סושי צמד שקיות א,אין,0.00,יחידה,false,,14.90,0.0000,true,1,19095
7290000295541,false,סנו רב מגבת גמבו,,,סנו רב מגבת גמבו,אין,0.00,יחידה,false,,16.90,0.0000,true,1,19096
7290000295558,false,צמד רדיד אלומיניום ק,,,צמד רדיד אלומיניום ק,מטרים,15.00,מטר,false,,11.90,0.7933,true,1,19097
7290000295565,false,רדיד אלומיניום רחב ב,,,רדיד אלומיניום רחב ב,מטרים,15.00,מטר,false,,16.90,1.1267,true,1,19098
7290000295572,false,מנקה אסלות 00 צמד,,,מנקה אסלות 00 צמד,ארגז,1.50,ליטר,false,,17.90,11.9333,true,1,19099
7290000295794,false,ספוגיות אל חלד זוג,,,ספוגיות אל חלד זוג,אין,0.00,יחידה,false,,11.90,0.0000,true,1,19102
7290000295824,false,סנו סושי רדיד אלומינ,,,סנו סושי רדיד אלומינ,מטרים,100.00,מטר,false,,56.90,0.5690,true,1,19103
7290000300877,false,סיימן גבינת צדר אנגל,,,סיימן גבינת צדר אנגל,קילוגרמים,1.00,"ק""ג",true,,130.00,130.0000,true,1,11981
7290000300884,false,סיימן גבינת צ'דר אנג,,,סיימן גבינת צ'דר אנג,קילוגרמים,1.00,"ק""ג",true,,130.00,130.0000,true,1,11982
7290000300900,false,שניצל תירס טבעול רכי,,,שניצל תירס טבעול רכי,גרמים,750.00,100 גרם,false,,24.80,0.0331,true,1,13626
7290000305882,false,אס דגים עם ירקות ברו,,,אס דגים עם ירקות ברו,גרמים,120.00,100 גרם,false,,4.90,0.0408,true,1,17380
7290000313160,false,חברים זהבה ושלושת הד,,,חברים זהבה ושלושת הד,גרמים,250.00,100 גרם,false,,8.50,0.0340,true,1,13035
7290000313184,false,חברים ביסקויט גן חיו,,,חברים ביסקויט גן חיו,גרמים,250.00,100 גרם,false,,8.50,0.0340,true,1,13036
7290000313290,false,נודלס אטריות מסולסלו,,,נודלס אטריות מסולסלו,אין,200.00,יחידה,false,,8.90,0.0445,true,1,13038
7290000315140,false,קורנפלקס מלא תלמה בד,,,קורנפלקס מלא תלמה בד,גרמים,500.00,100 גרם,false,,15.90,0.0318,true,1,9041
7290000318127,false,נקניקיות ביס 380 גרם,,,נקניקיות ביס 380 גרם,גרמים,380.00,100 גרם,false,,10.90,0.0287,true,1,11663
7290000318165,false,פסט.צ.על גחלים יחיעם,,,פסט.צ.על גחלים יחיעם,קילוגרמים,1.00,"ק""ג",true,,75.00,75.0000,true,1,11649
7290000318288,false,פסט.הודו בדבש יחיעם,,,פסט.הודו בדבש יחיעם,קילוגרמים,1.00,"ק""ג",true,,69.00,69.0000,true,1,11650
7290000318493,false,כתףבקר מפולפליחיעם מ,,,כתףבקר מפולפליחיעם מ,קילוגרמים,1.00,"ק""ג",true,,110.00,110.0000,true,1,11651
7290000318677,false,סלמי סרוולט 150גר יח,,,סלמי סרוולט 150גר יח,גרמים,150.00,100 גרם,false,,22.90,0.1527,true,1,11665
7290000318837,false,קורנדביףבקר מעדנ.יחי,,,קורנדביףבקר מעדנ.יחי,קילוגרמים,1.00,"ק""ג",true,,120.00,120.0000,true,1,11653
7290000318899,false,נקניק סלמי פיין יחיע,,,נקניק סלמי פיין יחיע,קילוגרמים,1.00,"ק""ג",true,,46.00,46.0000,true,1,11654
7290000318929,false,סלמי צרפתי יחיעם מעד,,,סלמי צרפתי יחיעם מעד,קילוגרמים,1.00,"ק""ג",true,,140.00,140.0000,true,1,11655
7290000319124,false,סלמי סרוולט 250 גרם,,,סלמי סרוולט 250 גרם,גרמים,250.00,100 גרם,false,,34.90,0.1396,true,1,11668
7290000319131,false,נקניקיות עוף יחיעם 4,,,נקניקיות עוף יחיעם 4,גרמים,400.00,100 גרם,false,,10.90,0.0273,true,1,11669
7290000319520,false,סאלמי צרפתי יחיעם 10,,,סאלמי צרפתי יחיעם 10,גרמים,100.00,100 גרם,false,,18.90,0.1890,true,1,11671
7290000319704,false,כתף בקר מעו. יחיעם מ,,,כתף בקר מעו. יחיעם מ,קילוגרמים,1.00,"ק""ג",true,,109.00,109.0000,true,1,11657
7290000319728,false,סלמי איטלקי מפולפל י,,,סלמי איטלקי מפולפל י,קילוגרמים,1.00,"ק""ג",true,,77.00,77.0000,true,1,11658
7290000319759,false,סלמי תה יחיעם מעדניה,,,סלמי תה יחיעם מעדניה,קילוגרמים,1.00,"ק""ג",true,,46.00,46.0000,true,1,11659
7290000319803,false,קבנוס קלאסי 125גר,,,קבנוס קלאסי 125גר,גרמים,125.00,100 גרם,false,,9.90,0.0792,true,1,11672
7290000319834,false,יחיעם קבנוס פפרוני ק,,,יחיעם קבנוס פפרוני ק,גרמים,125.00,100 גרם,false,,9.90,0.0792,true,1,11673
7290000319971,false,צלעות בקר יחיעם מעד.,,,צלעות בקר יחיעם מעד.,קילוגרמים,1.00,"ק""ג",true,,140.00,140.0000,true,1,11660
7290000334684,false,טבעות בצל 700 גרם,,,טבעות בצל 700 גרם,גרמים,700.00,100 גרם,false,,16.90,0.0241,true,1,13634
7290000334745,false,"אמריקאן ציפס 1.5 ק""ג",,,"אמריקאן ציפס 1.5 ק""ג",אלף,1.50,"ק""ג",false,,24.90,16.6000,true,1,13635
7290000339191,false,אבקת הלבנה רן 350 גר,,,אבקת הלבנה רן 350 גר,גרמים,350.00,100 גרם,false,,17.90,0.0511,true,1,9042
7290000339887,false,משחת כלים לימון 3.5,,,משחת כלים לימון 3.5,אלף,3.50,"ק""ג",false,,27.90,7.9714,true,1,9046
7290000341071,false,בייבי בדין לבן 2 ליט,,,בייבי בדין לבן 2 ליט,ארגז,2.00,ליטר,false,,14.90,7.4500,true,1,9047
7290000342832,false,בדין מרכך כביסה צהוב,,,בדין מרכך כביסה צהוב,ארגז,4.00,ליטר,false,,19.90,4.9750,true,1,9048
7290000345215,false,תה ויסוצקי קלאסיק 10,,,תה ויסוצקי קלאסיק 10,גרמים,100.00,100 גרם,false,,15.90,0.1590,true,1,16080
7290000345260,false,תה ויסוצקי קלאסיק 25,,,תה ויסוצקי קלאסיק 25,גרמים,37.50,100 גרם,false,,6.90,0.1840,true,1,16081
7290000345284,false,תה ויסוצקי 1.5 קלאסי,,,תה ויסוצקי 1.5 קלאסי,גרמים,150.00,100 גרם,false,,15.90,0.1060,true,1,16083
7290000345291,false,תה ארל גריי 1.5/25,,,תה ארל גריי 1.5/25,גרמים,37.50,100 גרם,false,,15.90,0.4240,true,1,16084
7290000345307,false,תה ארל גריי 1.5/50,,,תה ארל גריי 1.5/50,גרמים,75.00,100 גרם,false,,28.90,0.3853,true,1,16085
7290000345536,false,תה נענע 25 שקיות 1.5,,,תה נענע 25 שקיות 1.5,גרמים,37.50,100 גרם,false,,16.90,0.4507,true,1,16086
7290000346021,false,תה קמומיל 50 שקיקים,,,תה קמומיל 50 שקיקים,גרמים,75.00,100 גרם,false,,35.90,0.4787,true,1,16088
7290000346120,false,תה קסם הקנמון 25 שקי,,,תה קסם הקנמון 25 שקי,גרמים,62.50,100 גרם,false,,17.50,0.2800,true,1,1169
7290000346137,false,תה הילולי פירות 25 ש,,,תה הילולי פירות 25 ש,גרמים,62.50,100 גרם,false,,17.50,0.2800,true,1,1170
7290000346168,false,תה חליטת שומר גן קסו,,,תה חליטת שומר גן קסו,גרמים,37.50,100 גרם,false,,17.50,0.4667,true,1,1172
7290000346199,false,תה פירות יער 25 שקיק,,,תה פירות יער 25 שקיק,גרמים,67.50,100 גרם,false,,17.50,0.2593,true,1,1173
7290000346205,false,תה קמומיל 25 שקיקים,,,תה קמומיל 25 שקיקים,גרמים,37.50,100 גרם,false,,17.50,0.4667,true,1,1174
7290000346212,false,תה מנטה 25 שקיקים,,,תה מנטה 25 שקיקים,גרמים,50.00,100 גרם,false,,17.50,0.3500,true,1,1175
7290000347738,false,תה ירוק נענע 25 שקיק,,,תה ירוק נענע 25 שקיק,גרמים,37.50,100 גרם,false,,23.90,0.6373,true,1,16090
7290000347752,false,תה ירוק לימונית ולוא,,,תה ירוק לימונית ולוא,גרמים,37.50,100 גרם,false,,23.90,0.6373,true,1,16091
7290000363189,false,סרוולד טירת צבי מעדנ,,,סרוולד טירת צבי מעדנ,קילוגרמים,1.00,"ק""ג",true,,139.00,139.0000,true,1,16361
7290000363400,false,סלמי פפרוני טירת צבי,,,סלמי פפרוני טירת צבי,קילוגרמים,1.00,"ק""ג",true,,75.00,75.0000,true,1,16362
7290000363462,false,סלמי מעושן איטלקי טי,,,סלמי מעושן איטלקי טי,קילוגרמים,1.00,"ק""ג",true,,75.00,75.0000,true,1,16363
7290000363486,false,נקניק תה טירת צבי מע,,,נקניק תה טירת צבי מע,קילוגרמים,1.00,"ק""ג",true,,50.00,50.0000,true,1,16364
7290000363899,false,נקניקיות פיקנטיות 40,,,נקניקיות פיקנטיות 40,גרמים,400.00,100 גרם,false,,11.90,0.0298,true,1,16386
7290000364278,false,סלסולי סלמי איטלקי מ,,,סלסולי סלמי איטלקי מ,גרמים,120.00,100 גרם,false,,13.90,0.1158,true,1,16389
7290000364285,false,טירת צבי סלסולי פסטר,,,טירת צבי סלסולי פסטר,גרמים,120.00,100 גרם,false,,13.90,0.1158,true,1,16390
7290000364292,false,סלסולי פסטרמה גחלים,,,סלסולי פסטרמה גחלים,גרמים,120.00,100 גרם,false,,13.90,0.1158,true,1,16391
7290000364803,false,נקניקיות קרנץ אמריקא,,,נקניקיות קרנץ אמריקא,גרמים,500.00,100 גרם,false,,26.90,0.0538,true,1,16394
7290000364810,false,נקנקיות עגל 500 גרם,,,נקנקיות עגל 500 גרם,גרמים,500.00,100 גרם,false,,26.90,0.0538,true,1,16395
7290000364858,false,נקניקיות עוף טרי 1 ק,,,נקניקיות עוף טרי 1 ק,אלף,1.00,"ק""ג",false,,22.90,22.9000,true,1,16396
7290000364872,false,נקניקיות עוף 400 גרם,,,נקניקיות עוף 400 גרם,גרמים,400.00,100 גרם,false,,11.90,0.0298,true,1,16397
7290000364957,false,נקנקיות מיני - מיני,,,נקנקיות מיני - מיני,גרמים,700.00,100 גרם,false,,20.90,0.0299,true,1,16398
7290000365046,false,כתף מעושן טירת צבי מ,,,כתף מעושן טירת צבי מ,קילוגרמים,1.00,"ק""ג",true,,89.00,89.0000,true,1,16367
7290000365107,false,כתף בקר מפולפל ט.צבי,,,כתף בקר מפולפל ט.צבי,קילוגרמים,1.00,"ק""ג",true,,90.00,90.0000,true,1,16368
7290000365398,false,חזה הודו בדבש ט.צבי,,,חזה הודו בדבש ט.צבי,קילוגרמים,1.00,"ק""ג",true,,79.00,79.0000,true,1,16370
7290000365756,false,פסט. עלגחלים ד.ש.ט.צ,,,פסט. עלגחלים ד.ש.ט.צ,קילוגרמים,1.00,"ק""ג",true,,79.00,79.0000,true,1,16372
7290000365954,false,פסט.על גחלים ט.צבי מ,,,פסט.על גחלים ט.צבי מ,קילוגרמים,1.00,"ק""ג",true,,79.00,79.0000,true,1,16374
7290000367590,false,צמד כפרי נק.סלמי+פסט,,,צמד כפרי נק.סלמי+פסט,גרמים,800.00,100 גרם,false,,25.40,0.0317,true,1,16399
7290000369037,false,ניצן פטה קוביות בטעמ,,,ניצן פטה קוביות בטעמ,גרמים,200.00,100 גרם,false,,16.90,0.0845,true,1,6749
7290000369341,false,לאבנה אבו גוש ניצן מ,,,לאבנה אבו גוש ניצן מ,קילוגרמים,1.00,"ק""ג",true,,50.00,50.0000,true,1,6748
7290000369365,false,ניצן גבינה מתובלת 9%,,,ניצן גבינה מתובלת 9%,גרמים,200.00,100 גרם,false,,13.50,0.0675,true,1,6750
7290000369709,false,ניצן חמאה ט.שונים 10,,,ניצן חמאה ט.שונים 10,גרמים,100.00,100 גרם,false,,12.90,0.1290,true,1,6752
7290000370130,false,גבינת ברי צרפתית שקי,,,גבינת ברי צרפתית שקי,קילוגרמים,1.00,"ק""ג",true,,99.00,99.0000,true,1,5293
7290000370253,false,גבינות גורגונזולה אי,,,גבינות גורגונזולה אי,קילוגרמים,1.00,"ק""ג",true,,109.00,109.0000,true,1,411351
7290000370420,false,גבינת גאודה מהולנד 3,,,גבינת גאודה מהולנד 3,קילוגרמים,1.00,"ק""ג",true,,65.00,65.0000,true,1,252057
7290000370475,false,גבינה כחולה עם עובש,,,גבינה כחולה עם עובש,קילוגרמים,1.00,"ק""ג",true,,59.00,59.0000,true,1,5298
7290000370734,false,צמות גבינה במי מלח ב,,,צמות גבינה במי מלח ב,קילוגרמים,1.00,"ק""ג",true,,80.00,80.0000,true,1,267683
7290000370925,false,גבינת גאודה עם עשבי,,,גבינת גאודה עם עשבי,קילוגרמים,1.00,"ק""ג",true,,99.00,99.0000,true,1,246746
7290000370994,false,גבינת גאודה עם פטריו,,,גבינת גאודה עם פטריו,קילוגרמים,1.00,"ק""ג",true,,171.00,171.0000,true,1,262523
7290000371571,false,פסט.פרגיות לבאגט ט.צ,,,פסט.פרגיות לבאגט ט.צ,קילוגרמים,1.00,"ק""ג",true,,79.00,79.0000,true,1,16377
7290000377452,false,גרעין אבטיח 200 גרם,,,גרעין אבטיח 200 גרם,גרמים,200.00,100 גרם,false,,12.90,0.0645,true,1,10120
7290000377612,false,פריגת סחוט תפוזים 40,,,פריגת סחוט תפוזים 40,מיליליטרים,400.00,"100 מ""ל",false,,9.90,0.0248,true,1,6890
7290000382210,false,שקיות גופיה ינות בית,,,שקיות גופיה ינות בית,אין,0.00,יחידה,false,,0.10,0.0000,true,1,3663
7290000382212,false,שקיות גופיה מגה מרקט,,,שקיות גופיה מגה מרקט,אין,0.00,יחידה,false,,0.10,0.0000,true,1,2510
7290000382227,false,שקיות גופיה מגה בעיר,,,שקיות גופיה מגה בעיר,אין,0.00,יחידה,false,,0.10,0.0000,true,1,3683
7290000382234,false,שקיות גופיה מהדרין,,,שקיות גופיה מהדרין,אין,0.00,יחידה,false,,0.10,0.0000,true,1,3684
7290000382272,false,סל נשיאה זול שוק מהד,,,סל נשיאה זול שוק מהד,אין,0.00,יחידה,false,,3.50,0.0000,true,1,3685
7290000385745,false,פיקורינו משולש.מע.,,,פיקורינו משולש.מע.,קילוגרמים,1.00,"ק""ג",true,,137.00,137.0000,true,1,11065
7290000387043,false,צלעות 22 צרכני חלק ב,,,צלעות 22 צרכני חלק ב,קילוגרמים,1.00,"ק""ג",true,,34.90,34.9000,true,1,305949
7290000403238,false,סיימן ברי איסיני מעד,,,סיימן ברי איסיני מעד,קילוגרמים,1.00,"ק""ג",true,,130.00,130.0000,true,1,11985
7290000407700,false,פילה אמנון 5-7 עם עו,,,פילה אמנון 5-7 עם עו,קילוגרמים,1.00,"ק""ג",true,,29.90,29.9000,true,1,178610
7290000408316,false,דנונה טבעי 3% 200מל,,,דנונה טבעי 3% 200מל,מיליליטרים,200.00,"100 מ""ל",false,,3.70,0.0185,true,1,15429
7290000408354,false,דנונה קראנצ' פצפוצים,,,דנונה קראנצ' פצפוצים,מיליליטרים,175.00,"100 מ""ל",false,,4.60,0.0263,true,1,15430
7290000410874,false,רבעי פרגיות מלוח,,,רבעי פרגיות מלוח,קילוגרמים,1.00,"ק""ג",true,,49.80,49.8000,true,1,11990
7290000412481,false,מנקה אסלות 1 ליטר 00,,,מנקה אסלות 1 ליטר 00,ארגז,1.00,ליטר,false,,7.90,7.9000,true,1,19105
7290000416021,false,ממרח שוקולד השחר 500,,,ממרח שוקולד השחר 500,גרמים,500.00,100 גרם,false,,13.90,0.0278,true,1,18497
7290000416045,false,ממרח שוקולד השחר 1 ק,,,ממרח שוקולד השחר 1 ק,אלף,1.00,"ק""ג",false,,24.90,24.9000,true,1,18498
7290000416076,false,צימקאו לאפיה 400 גר',,,צימקאו לאפיה 400 גר',גרמים,400.00,100 גרם,false,,10.90,0.0273,true,1,18499
7290000416618,false,ממרח שוקולד פרווה הש,,,ממרח שוקולד פרווה הש,גרמים,400.00,100 גרם,false,,11.90,0.0298,true,1,18502
7290000416632,false,ממרח שוקולד פרווה הש,,,ממרח שוקולד פרווה הש,אלף,1.00,"ק""ג",false,,23.90,23.9000,true,1,18503
7290000416854,false,קקאו 150 גר',,,קקאו 150 גר',גרמים,150.00,100 גרם,false,,8.90,0.0593,true,1,18505
7290000416878,false,קקאו 500 גר',,,קקאו 500 גר',גרמים,500.00,100 גרם,false,,20.90,0.0418,true,1,18506
7290000418131,false,תחבושות סופר מקופלת,,,תחבושות סופר מקופלת,אין,0.00,יחידה,false,,5.90,0.0000,true,1,18892
7290000419107,false,לנדוור מקורי קפה טחו,,,לנדוור מקורי קפה טחו,גרמים,100.00,100 גרם,false,,7.90,0.0790,true,1,14480
7290000419114,false,לנדוור המקורי קפה טח,,,לנדוור המקורי קפה טח,גרמים,200.00,100 גרם,false,,15.90,0.0795,true,1,14481
7290000419220,false,לנדוור כחול המקורי ק,,,לנדוור כחול המקורי ק,גרמים,300.00,100 גרם,false,,17.90,0.0597,true,1,14482
7290000419374,false,לנדוור לבוקר קפה טחו,,,לנדוור לבוקר קפה טחו,גרמים,300.00,100 גרם,false,,17.90,0.0597,true,1,14483
7290000420325,false,פופסטאר פופקורן טבעי,,,פופסטאר פופקורן טבעי,גרמים,500.00,100 גרם,false,,12.90,0.0258,true,1,6546
7290000420332,false,פופסטאר פופקורן חמאה,,,פופסטאר פופקורן חמאה,גרמים,500.00,100 גרם,false,,12.90,0.0258,true,1,6547
7290000420417,false,גלילונית שקיות אשפה,,,גלילונית שקיות אשפה,אין,0.00,יחידה,false,,17.90,0.0000,true,1,6548
7290000424276,false,פילה סלמון מנות נורב,,,פילה סלמון מנות נורב,קילוגרמים,1.00,"ק""ג",true,,74.90,74.9000,true,1,242075
7290000449128,false,סיף ניקוי כללי 4 ליט,,,סיף ניקוי כללי 4 ליט,ארגז,4.00,ליטר,false,,19.90,4.9750,true,1,9051
7290000450209,false,טונה בשמן פוסידון  1,,,טונה בשמן פוסידון  1,גרמים,108.00,100 גרם,false,,5.90,0.0546,true,1,12057
7290000453019,false,שמרית שמרים טריים לא,,,שמרית שמרים טריים לא,גרמים,50.00,100 גרם,false,,4.50,0.0900,true,1,15431
7290000453125,false,שמרית שמרים טריים לא,,,שמרית שמרים טריים לא,גרמים,100.00,100 גרם,false,,7.70,0.0770,true,1,15432
7290000453200,false,בלילה מצוננת פנקייק,,,בלילה מצוננת פנקייק,גרמים,750.00,100 גרם,false,,19.90,0.0265,true,1,109401
7290000453385,false,פאקא שמרים יבשים 500,,,פאקא שמרים יבשים 500,גרמים,500.00,100 גרם,false,,13.90,0.0278,true,1,993
7290000453408,false,שמרית בצק פיצה דק מצ,,,שמרית בצק פיצה דק מצ,גרמים,415.00,100 גרם,false,,17.50,0.0422,true,1,15433
7290000453415,false,שמרית בצק עלים מצונן,,,שמרית בצק עלים מצונן,גרמים,300.00,100 גרם,false,,15.90,0.0530,true,1,15434
7290000453422,false,שמרית בצק פילו מוכן,,,שמרית בצק פילו מוכן,גרמים,300.00,100 גרם,false,,15.90,0.0530,true,1,33089
7290000453484,false,בצק קדאיף מצונן שמרי,,,בצק קדאיף מצונן שמרי,גרמים,350.00,100 גרם,false,,14.90,0.0426,true,1,343728
7290000453798,false,שמרים יבשים אקטיביים,,,שמרים יבשים אקטיביים,גרמים,500.00,100 גרם,false,,12.90,0.0258,true,1,14922
7290000453866,false,נטורינה קוקוס שטראוס,,,נטורינה קוקוס שטראוס,גרמים,200.00,100 גרם,false,,7.70,0.0385,true,1,15435
7290000455456,false,נסיכת הנילוס פילה פר,,,נסיכת הנילוס פילה פר,קילוגרמים,1.00,"ק""ג",true,,69.90,69.9000,true,1,22489
7290000461625,false,ביגלה 8 8 400גר,,,ביגלה 8 8 400גר,גרמים,400.00,100 גרם,false,,9.90,0.0248,true,1,1128
7290000461656,false,מקלות מלוחים 400 גרם,,,מקלות מלוחים 400 גרם,גרמים,400.00,100 גרם,false,,9.90,0.0248,true,1,1129
7290000461700,false,ביגלה שמיניות גדולות,,,ביגלה שמיניות גדולות,גרמים,400.00,100 גרם,false,,11.90,0.0298,true,1,9052
7290000461793,false,ביגלה ארוך ארוך דל ש,,,ביגלה ארוך ארוך דל ש,גרמים,150.00,100 גרם,false,,5.90,0.0393,true,1,9053
7290000462103,false,סחוג אדום חריף עדין,,,סחוג אדום חריף עדין,גרמים,150.00,100 גרם,false,,7.90,0.0527,true,1,15438
7290000462141,false,סחוג אדום חריף מאוד,,,סחוג אדום חריף מאוד,גרמים,150.00,100 גרם,false,,7.90,0.0527,true,1,15439
7290000462172,false,סחוג ירוק חריף מאוד,,,סחוג ירוק חריף מאוד,גרמים,150.00,100 גרם,false,,7.90,0.0527,true,1,15441
7290000467320,false,צבר חומוס אבו מרוואן,,,צבר חומוס אבו מרוואן,גרמים,400.00,100 גרם,false,,13.90,0.0348,true,1,13640
7290000469128,false,סטייק אנטריקוט חלק א,,,סטייק אנטריקוט חלק א,קילוגרמים,1.00,"ק""ג",true,,69.90,69.9000,true,1,309185
7290000469135,false,סטייק אנטריקוט מוכשר,,,סטייק אנטריקוט מוכשר,קילוגרמים,1.00,"ק""ג",true,,69.90,69.9000,true,1,392583
7290000469638,false,מריטו ספריי לגיהוץ 5,,,מריטו ספריי לגיהוץ 5,מיליליטרים,500.00,"100 מ""ל",false,,19.90,0.0398,true,1,14487
7290000472821,false,גבינה צהובה  28% הר,,,גבינה צהובה  28% הר,קילוגרמים,1.00,"ק""ג",true,,31.00,31.0000,true,1,380369
7290000474090,false,טרה חלב בקרטון 1% 1ל,,,טרה חלב בקרטון 1% 1ל,ארגז,1.00,ליטר,false,,5.86,5.8600,true,1,6894
7290000474502,false,טרה גבינה לבנה 5% 25,,,טרה גבינה לבנה 5% 25,גרמים,250.00,100 גרם,false,,4.98,0.0199,true,1,6898
7290000474540,false,טוב טעם גבינה 3% 250,,,טוב טעם גבינה 3% 250,גרמים,250.00,100 גרם,false,,10.90,0.0436,true,1,6899
7290000474830,false,נעם גבינה צהובה מגור,,,נעם גבינה צהובה מגור,גרמים,500.00,100 גרם,false,,29.80,0.0596,true,1,6900
7290000480107,false,"קוואקר מהיר אטוס לל""",,,"קוואקר מהיר אטוס לל""",גרמים,500.00,100 גרם,false,,13.90,0.0278,true,1,15889
7290000480332,false,גאודה בקר משולש גד 3,,,גאודה בקר משולש גד 3,קילוגרמים,1.00,"ק""ג",true,,105.00,105.0000,true,1,250048
7290000480349,false,גאודה עיזים משולש גד,,,גאודה עיזים משולש גד,קילוגרמים,1.00,"ק""ג",true,,125.00,125.0000,true,1,250034
7290000480442,false,שיבולת שועל בשקית קו,,,שיבולת שועל בשקית קו,גרמים,500.00,100 גרם,false,,11.90,0.0238,true,1,15890
7290000481029,false,פיתות 10 יחידות בטעם,,,פיתות 10 יחידות בטעם,אלף,1.00,"ק""ג",false,,10.90,10.9000,true,1,6039
7290000481043,true,עשיריית פיתות כוסמין,,,עשיריית פיתות כוסמין,גרמים,700.00,100 גרם,false,,14.90,0.0213,true,1,57866
7290000481074,false,לחם טריו מלא דגנית 7,,,לחם טריו מלא דגנית 7,גרמים,750.00,100 גרם,false,,19.90,0.0265,true,1,411938
7290000481531,false,לחמניות 10 יחידות חי,,,לחמניות 10 יחידות חי,גרמים,750.00,100 גרם,false,,13.90,0.0185,true,1,6041
7290000481883,false,10 לחמניות דגנית,,,10 לחמניות דגנית,גרמים,750.00,100 גרם,false,,13.90,0.0185,true,1,6043
7290000482033,false,שקיות קוקי ענק בתנור,,,שקיות קוקי ענק בתנור,אין,0.00,יחידה,false,,11.90,0.0000,true,1,14489
7290000483139,false,המרשלג חטיף מרציפן ג,,,המרשלג חטיף מרציפן ג,גרמים,100.00,100 גרם,false,,8.90,0.0890,true,1,10776
7290000484747,false,"עלית הארק 40% 700 מ""",,,"עלית הארק 40% 700 מ""",מיליליטרים,700.00,"100 מ""ל",false,,59.90,0.0856,true,1,18517
7290000490601,false,גלידל מאגדת בטעם וני,,,גלידל מאגדת בטעם וני,גרמים,400.00,100 גרם,false,,31.90,0.0797,true,1,22856
7290000490625,false,מאגדת שלגונים ציפוי,,,מאגדת שלגונים ציפוי,גרמים,560.00,100 גרם,false,,23.90,0.0427,true,1,22857
7290000490762,false,גלידל מאגדת בטעם שוק,,,גלידל מאגדת בטעם שוק,גרמים,400.00,100 גרם,false,,31.90,0.0797,true,1,22859
7290000504025,false,סוכרזית פטריה 300 טב,,,סוכרזית פטריה 300 טב,גרמים,246.00,100 גרם,false,,7.90,0.0321,true,1,14923
7290000504049,false,סוכרזית קנקן 1200 טב,,,סוכרזית קנקן 1200 טב,גרמים,984.00,100 גרם,false,,17.90,0.0182,true,1,14924
7290000504209,false,דיאט טיפ-ממתיק,,,דיאט טיפ-ממתיק,מיליליטרים,220.00,"100 מ""ל",false,,14.90,0.0677,true,1,14925
7290000504278,false,סוכרזית פטנט 700 טבל,,,סוכרזית פטנט 700 טבל,גרמים,574.00,100 גרם,false,,13.90,0.0242,true,1,14927
7290000511010,false,פרמז`נו בגלגל ויליפו,,,פרמז`נו בגלגל ויליפו,קילוגרמים,1.00,"ק""ג",true,,110.00,110.0000,true,1,5300
7290000511212,false,גבינה ערקית המושבה.,,,גבינה ערקית המושבה.,קילוגרמים,1.00,"ק""ג",true,,76.00,76.0000,true,1,11174
7290000511706,false,גבינת גאודה עם כמון,,,גבינת גאודה עם כמון,קילוגרמים,1.00,"ק""ג",true,,90.00,90.0000,true,1,246760
7290000511904,false,בייבי אדם הולנד וילי,,,בייבי אדם הולנד וילי,קילוגרמים,1.00,"ק""ג",true,,65.00,65.0000,true,1,5301
7290000518176,false,מתוק וקל ענק 250 שקי,,,מתוק וקל ענק 250 שקי,גרמים,250.00,100 גרם,false,,16.90,0.0676,true,1,11704
7290000518220,false,סוכרה דיאט 100 יח,,,סוכרה דיאט 100 יח,גרמים,80.00,100 גרם,false,,24.90,0.3112,true,1,11706
7290000518251,false,מתוק וקל זהב 100 שקי,,,מתוק וקל זהב 100 שקי,גרמים,100.00,100 גרם,false,,10.90,0.1090,true,1,11707
7290000521008,false,אדום יבש סגל.,,,אדום יבש סגל.,מיליליטרים,750.00,"100 מ""ל",false,,21.90,0.0292,true,1,8577
7290000521015,false,"לבן סגל 750 מ""ל",,,"לבן סגל 750 מ""ל",מיליליטרים,750.00,"100 מ""ל",false,,21.90,0.0292,true,1,8578
7290000521022,false,סגל לבן חצי יבש 750,,,סגל לבן חצי יבש 750,מיליליטרים,750.00,"100 מ""ל",false,,21.90,0.0292,true,1,8579
7290000521404,false,מרום גליל סינגל קברנ,,,מרום גליל סינגל קברנ,מיליליטרים,750.00,"100 מ""ל",false,,38.90,0.0519,true,1,8582
7290000521411,false,מרום גליל סינגל מרלו,,,מרום גליל סינגל מרלו,מיליליטרים,750.00,"100 מ""ל",false,,38.90,0.0519,true,1,8583
7290000521428,false,מרום גליל סינגל  שרד,,,מרום גליל סינגל  שרד,מיליליטרים,750.00,"100 מ""ל",false,,38.90,0.0519,true,1,8584
7290000522166,false,חלב הרים טהור נ.לקטו,,,חלב הרים טהור נ.לקטו,ארגז,1.00,ליטר,false,,10.90,10.9000,true,1,16200
7290000523125,false,מלח ים יבש הארץ 250,,,מלח ים יבש הארץ 250,גרמים,250.00,100 גרם,false,,5.40,0.0216,true,1,12297
7290000523224,false,מלח ים יבש הארץ 500,,,מלח ים יבש הארץ 500,גרמים,500.00,100 גרם,false,,7.90,0.0158,true,1,12298
7290000523521,false,מלח מעושר ביוד הארץ,,,מלח מעושר ביוד הארץ,גרמים,250.00,100 גרם,false,,5.90,0.0236,true,1,12300
7290000523804,false,מלח עדין בצנצנת הארץ,,,מלח עדין בצנצנת הארץ,אלף,1.00,"ק""ג",false,,7.50,7.5000,true,1,12301
7290000523811,false,מלח גס בצנצנת הארץ 1,,,מלח גס בצנצנת הארץ 1,אלף,1.00,"ק""ג",false,,7.50,7.5000,true,1,12302
7290000525969,false,פרימור מיץ תפוזים 1ל,,,פרימור מיץ תפוזים 1ל,ארגז,1.00,ליטר,false,,15.70,15.7000,true,1,15444
7290000530024,false,תה מעושן זוגלובק,,,תה מעושן זוגלובק,קילוגרמים,1.00,"ק""ג",true,,47.00,47.0000,true,1,24716
7290000530031,false,סלמי פיין צר זוגלובק,,,סלמי פיין צר זוגלובק,קילוגרמים,1.00,"ק""ג",true,,50.00,50.0000,true,1,24717
7290000530048,false,סלמי פפרוני זוגלובק,,,סלמי פפרוני זוגלובק,קילוגרמים,1.00,"ק""ג",true,,50.00,50.0000,true,1,24718
7290000530062,false,סלמי מעו. איטלקי זוג,,,סלמי מעו. איטלקי זוג,קילוגרמים,1.00,"ק""ג",true,,82.00,82.0000,true,1,24719
7290000530086,false,סלמי מעושן 7000 א.מ.,,,סלמי מעושן 7000 א.מ.,גרמים,600.00,100 גרם,false,,33.00,0.0550,true,1,24742
7290000530109,false,זוג קבנוס בוואקום 36,,,זוג קבנוס בוואקום 36,גרמים,360.00,100 גרם,false,,24.90,0.0692,true,1,24743
7290000530116,false,סלמי מעושן בשן זוגלו,,,סלמי מעושן בשן זוגלו,גרמים,470.00,100 גרם,false,,22.90,0.0487,true,1,3121
7290000530178,false,סלמי קוניאק זוגלובק.,,,סלמי קוניאק זוגלובק.,קילוגרמים,1.00,"ק""ג",true,,85.00,85.0000,true,1,24721
7290000530192,false,נקניק סרבלד זוגלובק,,,נקניק סרבלד זוגלובק,קילוגרמים,1.00,"ק""ג",true,,123.00,123.0000,true,1,24722
7290000530260,false,נקניק מורטדלה זוגלוב,,,נקניק מורטדלה זוגלוב,קילוגרמים,1.00,"ק""ג",true,,38.00,38.0000,true,1,24723
7290000530291,false,זוגלובק נקניק מבשר ה,,,זוגלובק נקניק מבשר ה,גרמים,800.00,100 גרם,false,,18.90,0.0236,true,1,24744
7290000530369,false,פסט. גולן 3% זוגלובק,,,פסט. גולן 3% זוגלובק,קילוגרמים,1.00,"ק""ג",true,,80.00,80.0000,true,1,24724
7290000530444,false,כתף בקר מעושן זוגלוב,,,כתף בקר מעושן זוגלוב,קילוגרמים,1.00,"ק""ג",true,,109.00,109.0000,true,1,24725
7290000530468,false,נקניקיות וינר טרי 1ק,,,נקניקיות וינר טרי 1ק,אלף,1.00,"ק""ג",false,,24.90,24.9000,true,1,24745
7290000530598,false,נקניקיות וינר טרי זו,,,נקניקיות וינר טרי זו,גרמים,500.00,100 גרם,false,,11.90,0.0238,true,1,24746
7290000530703,false,זוג תה 400 + חרמון 4,,,זוג תה 400 + חרמון 4,גרמים,800.00,100 גרם,false,,27.90,0.0349,true,1,24747
7290000531410,false,פסט. בדבש טהור 3% זו,,,פסט. בדבש טהור 3% זו,קילוגרמים,1.00,"ק""ג",true,,80.00,80.0000,true,1,24726
7290000531601,false,סטייק בורגר 400 גר'-,,,סטייק בורגר 400 גר'-,גרמים,400.00,100 גרם,false,,19.90,0.0497,true,1,738
7290000532400,false,ברביקיו חזה הודו זוג,,,ברביקיו חזה הודו זוג,קילוגרמים,1.00,"ק""ג",true,,80.00,80.0000,true,1,24727
7290000532585,false,רוסטביף 4% זוגלובק,,,רוסטביף 4% זוגלובק,קילוגרמים,1.00,"ק""ג",true,,120.00,120.0000,true,1,24728
7290000532721,false,כתף בקר מפולפל טורו,,,כתף בקר מפולפל טורו,קילוגרמים,1.00,"ק""ג",true,,109.00,109.0000,true,1,24729
7290000533353,false,זוגלובק בצק עלים 1קג,,,זוגלובק בצק עלים 1קג,אלף,1.00,"ק""ג",false,,13.90,13.9000,true,1,24749
7290000534718,false,תבור חזה מעושן ד.ש.,,,תבור חזה מעושן ד.ש.,קילוגרמים,1.00,"ק""ג",true,,80.00,80.0000,true,1,24732
7290000534800,false,פסטרמה רומנית 4% זוג,,,פסטרמה רומנית 4% זוג,קילוגרמים,1.00,"ק""ג",true,,80.00,80.0000,true,1,24733
7290000534824,false,חרמון 3% זוגלובק במש,,,חרמון 3% זוגלובק במש,קילוגרמים,1.00,"ק""ג",true,,53.00,53.0000,true,1,24734
7290000537566,false,נקניקיות עוף טרי 400,,,נקניקיות עוף טרי 400,גרמים,400.00,100 גרם,false,,11.50,0.0288,true,1,24753
7290000537603,false,"נקנקיות עוף 1 ק""ג -ז",,,"נקנקיות עוף 1 ק""ג -ז",אלף,1.00,"ק""ג",false,,24.90,24.9000,true,1,24754
7290000538709,false,תה מעושן 200 גרם,,,תה מעושן 200 גרם,גרמים,200.00,100 גרם,false,,14.90,0.0745,true,1,24755
7290000552194,false,קישקע קפוא 500 גרם,,,קישקע קפוא 500 גרם,גרמים,500.00,100 גרם,false,,12.90,0.0258,true,1,98829
7290000554402,false,גד מלבי 160מל.,,,גד מלבי 160מל.,מיליליטרים,160.00,"100 מ""ל",false,,5.90,0.0369,true,1,11066
7290000554457,false,גד צפתית מיני 5% 350,,,גד צפתית מיני 5% 350,גרמים,350.00,100 גרם,false,,19.90,0.0569,true,1,11067
7290000554471,false,גד מוצרלה נקניק טבעי,,,גד מוצרלה נקניק טבעי,גרמים,180.00,100 גרם,false,,15.90,0.0883,true,1,11068
7290000554532,false,גד צפתית מעודנת במלח,,,גד צפתית מעודנת במלח,גרמים,200.00,100 גרם,false,,14.90,0.0745,true,1,11069
7290000554600,false,גד מוצרלה מגורדת %18,,,גד מוצרלה מגורדת %18,גרמים,300.00,100 גרם,false,,24.90,0.0830,true,1,11070
7290000554624,false,גד ירח מתוק 150מל,,,גד ירח מתוק 150מל,גרמים,150.00,100 גרם,false,,5.90,0.0393,true,1,11071
7290000554686,false,גד לאבנה בשמן זית וז,,,גד לאבנה בשמן זית וז,גרמים,250.00,100 גרם,false,,13.90,0.0556,true,1,11072
7290000554822,false,גד ריקוטה טבעי 5% 25,,,גד ריקוטה טבעי 5% 25,גרמים,250.00,100 גרם,false,,14.50,0.0580,true,1,11073
7290000554839,false,גד מסקרפונה 40% 250ג,,,גד מסקרפונה 40% 250ג,גרמים,250.00,100 גרם,false,,20.50,0.0820,true,1,11074
7290000560533,false,ג'ל גילוח ירוק לעור,,,ג'ל גילוח ירוק לעור,מיליליטרים,200.00,"100 מ""ל",false,,12.90,0.0645,true,1,6550
7290000560540,false,ג'ל גילוח כתום לעור,,,ג'ל גילוח כתום לעור,מיליליטרים,200.00,"100 מ""ל",false,,12.90,0.0645,true,1,6551
7290000561097,false,תערובת פיצוחים 150 ג,,,תערובת פיצוחים 150 ג,גרמים,150.00,100 גרם,false,,17.90,0.1193,true,1,4304
7290000561158,false,תערובת בריאות 150 גר,,,תערובת בריאות 150 גר,גרמים,150.00,100 גרם,false,,10.90,0.0727,true,1,4306
7290000561196,false,קשיו טבעי 150 גרם- פ,,,קשיו טבעי 150 גרם- פ,גרמים,150.00,100 גרם,false,,12.90,0.0860,true,1,429319
7290000561202,false,גרעין חמניה קלוי 200,,,גרעין חמניה קלוי 200,גרמים,200.00,100 גרם,false,,6.90,0.0345,true,1,4308
7290000561233,false,בוטן קלוי 200ג פיצוח,,,בוטן קלוי 200ג פיצוח,גרמים,200.00,100 גרם,false,,7.90,0.0395,true,1,4309
7290000561240,false,גרעין דלעת קלוי 200ג,,,גרעין דלעת קלוי 200ג,גרמים,200.00,100 גרם,false,,9.90,0.0495,true,1,4310
7290000561561,false,פוסידון מנצ'יס 200ג,,,פוסידון מנצ'יס 200ג,גרמים,200.00,100 גרם,false,,9.90,0.0495,true,1,4320
7290000561981,false,אגוז מלך 200ג,,,אגוז מלך 200ג,גרמים,200.00,100 גרם,false,,19.90,0.0995,true,1,4326
7290000571116,false,פילה סלמון פרימיום 1,,,פילה סלמון פרימיום 1,קילוגרמים,1.00,"ק""ג",true,,79.90,79.9000,true,1,31570
7290000571119,false,גאודה טבעי המחלבה,,,גאודה טבעי המחלבה,קילוגרמים,1.00,"ק""ג",true,,103.00,103.0000,true,1,16619
7290000571126,false,גאודה כמון המחלבה,,,גאודה כמון המחלבה,קילוגרמים,1.00,"ק""ג",true,,104.00,104.0000,true,1,3037
7290000571188,false,גאודה תום עזים המחלב,,,גאודה תום עזים המחלב,קילוגרמים,1.00,"ק""ג",true,,135.00,135.0000,true,1,16620
7290000571294,false,גאודה מעושנת המחלבה,,,גאודה מעושנת המחלבה,קילוגרמים,1.00,"ק""ג",true,,101.00,101.0000,true,1,3020
7290000571386,false,יוגורמה דלי 5% 850 ג,,,יוגורמה דלי 5% 850 ג,גרמים,850.00,100 גרם,false,,26.90,0.0316,true,1,16758
7290000571881,false,משקה יוגורט מחלב עיז,,,משקה יוגורט מחלב עיז,מיליליטרים,500.00,"100 מ""ל",false,,11.80,0.0236,true,1,16762
7290000574028,false,לחם אחיד פרוס מועשר,,,לחם אחיד פרוס מועשר,גרמים,750.00,100 גרם,false,,8.90,0.0119,true,1,6046
7290000574035,false,לחם אחיד פרוס דגנית,,,לחם אחיד פרוס דגנית,גרמים,750.00,100 גרם,false,,7.11,0.0095,true,1,6047
7290000574066,false,לחם מלא עם שיפון דגנ,,,לחם מלא עם שיפון דגנ,אין,0.00,יחידה,false,,14.90,0.0000,true,1,6049
7290000574141,false,לחם חיטה מלאה דגנית,,,לחם חיטה מלאה דגנית,גרמים,750.00,100 גרם,false,,14.90,0.0199,true,1,6050
7290000574172,false,לחם קל חיטה מלאה דגנ,,,לחם קל חיטה מלאה דגנ,גרמים,750.00,100 גרם,false,,13.90,0.0185,true,1,6051
7290000574257,false,לחם שחור פרוס קל דגנ,,,לחם שחור פרוס קל דגנ,גרמים,750.00,100 גרם,false,,12.90,0.0172,true,1,6052
7290000574370,false,לחם שיפון אמיתי קל ד,,,לחם שיפון אמיתי קל ד,גרמים,750.00,100 גרם,false,,12.90,0.0172,true,1,6053
7290000574455,false,לחם חיטה מלא+כוסמין,,,לחם חיטה מלא+כוסמין,גרמים,750.00,100 גרם,false,,14.90,0.0199,true,1,6054
7290000574509,false,6 לחמניות חצויות דגנ,,,6 לחמניות חצויות דגנ,גרמים,450.00,100 גרם,false,,9.90,0.0220,true,1,6055
7290000578085,false,גבינת מוצרלה 21% ויל,,,גבינת מוצרלה 21% ויל,קילוגרמים,1.00,"ק""ג",true,,58.00,58.0000,true,1,5302
7290000578600,false,קומטה גורה פלור כשר,,,קומטה גורה פלור כשר,קילוגרמים,1.00,"ק""ג",true,,219.00,219.0000,true,1,288364
7290000578853,false,סיימן גבינת טרמנדס כ,,,סיימן גבינת טרמנדס כ,קילוגרמים,1.00,"ק""ג",true,,199.00,199.0000,true,1,77875
7290000578931,false,סולוגוני ראסטה 20% ו,,,סולוגוני ראסטה 20% ו,קילוגרמים,1.00,"ק""ג",true,,79.00,79.0000,true,1,5303
7290000596523,false,סטייק אנטריקוט משובח,,,סטייק אנטריקוט משובח,קילוגרמים,1.00,"ק""ג",true,,78.90,78.9000,true,1,11996
7290000599847,false,רב מגבת מויסקו,,,רב מגבת מויסקו,אין,0.00,יחידה,false,,8.90,0.0000,true,1,10586
7290000604343,false,תמר דקל נור  400גר,,,תמר דקל נור  400גר,גרמים,400.00,100 גרם,false,,9.90,0.0248,true,1,26412
7290000610549,false,פילה מדומה 6 חלק אור,,,פילה מדומה 6 חלק אור,קילוגרמים,1.00,"ק""ג",true,,39.90,39.9000,true,1,299417
7290000611183,false,פילה סלמון נורבגי קפ,,,פילה סלמון נורבגי קפ,קילוגרמים,1.00,"ק""ג",true,,79.90,79.9000,true,1,81693
7290000611228,false,פילה עוף טרי ארוז,,,פילה עוף טרי ארוז,קילוגרמים,1.00,"ק""ג",true,,34.90,34.9000,true,1,3336
7290000611299,false,פילה נסיכת הנילוס 50,,,פילה נסיכת הנילוס 50,קילוגרמים,1.00,"ק""ג",true,,69.90,69.9000,true,1,420690
7290000611839,false,שוקיים עוף טרי ארוז,,,שוקיים עוף טרי ארוז,קילוגרמים,1.00,"ק""ג",true,,27.90,27.9000,true,1,3317
7290000611853,false,כנפיים עוף טרי ארוז,,,כנפיים עוף טרי ארוז,קילוגרמים,1.00,"ק""ג",true,,10.00,10.0000,true,1,3319
7290000611983,false,חזה עוף פרוס טרי ארו,,,חזה עוף פרוס טרי ארו,קילוגרמים,1.00,"ק""ג",true,,34.90,34.9000,true,1,3323
7290000614535,false,פילה מדומה מס' 6 חלק,,,פילה מדומה מס' 6 חלק,קילוגרמים,1.00,"ק""ג",true,,37.90,37.9000,true,1,196860
7290000614559,false,שריר הזרוע מס' 8 חלק,,,שריר הזרוע מס' 8 חלק,קילוגרמים,1.00,"ק""ג",true,,29.90,29.9000,true,1,196874
7290000614566,false,אסאדו מס' 9 חלק ארוז,,,אסאדו מס' 9 חלק ארוז,קילוגרמים,1.00,"ק""ג",true,,59.90,59.9000,true,1,196754
7290000616421,false,"סטייק טונה בד""ץ חתם",,,"סטייק טונה בד""ץ חתם",קילוגרמים,1.00,"ק""ג",true,,39.90,39.9000,true,1,31605
7290000628170,false,צלי כתף מס' 5 חלק בר,,,צלי כתף מס' 5 חלק בר,קילוגרמים,1.00,"ק""ג",true,,69.90,69.9000,true,1,292023
7290000632220,false,שריר הזרוע 8 מוכשר ב,,,שריר הזרוע 8 מוכשר ב,קילוגרמים,1.00,"ק""ג",true,,29.90,29.9000,true,1,31615
7290000644783,false,דגי תנובה נתחי פילה,,,דגי תנובה נתחי פילה,קילוגרמים,1.00,"ק""ג",true,,89.90,89.9000,true,1,17299
7290000646299,false,פילה נסיכה 100% דגי,,,פילה נסיכה 100% דגי,קילוגרמים,1.00,"ק""ג",true,,54.90,54.9000,true,1,87347
7290000652177,false,נתחי פילה נסיכה 100%,,,נתחי פילה נסיכה 100%,קילוגרמים,1.00,"ק""ג",true,,69.90,69.9000,true,1,17300
7290000652542,false,פילה אמנון 5-7 100%,,,פילה אמנון 5-7 100%,קילוגרמים,1.00,"ק""ג",true,,34.90,34.9000,true,1,17302
7290000652894,false,סטייק דג טונה 100% ד,,,סטייק דג טונה 100% ד,קילוגרמים,1.00,"ק""ג",true,,44.90,44.9000,true,1,17304
7290000654546,false,פילה אמנון 7-9 100%,,,פילה אמנון 7-9 100%,קילוגרמים,1.00,"ק""ג",true,,34.90,34.9000,true,1,17305
7290000655376,false,פילה דניס קפוא,,,פילה דניס קפוא,קילוגרמים,1.00,"ק""ג",true,,89.90,89.9000,true,1,87348
7290000658926,false,פילה מרלוזה קפוא 100,,,פילה מרלוזה קפוא 100,קילוגרמים,1.00,"ק""ג",true,,32.90,32.9000,true,1,87333
7290000659312,false,דגי תנובה פילה סלמון,,,דגי תנובה פילה סלמון,קילוגרמים,1.00,"ק""ג",true,,69.90,69.9000,true,1,17306
7290000662817,false,סלמון מעושן פרוס 100,,,סלמון מעושן פרוס 100,גרמים,100.00,100 גרם,false,,18.90,0.1890,true,1,57420
7290000663036,false,פילה אמנון ללא עור 1,,,פילה אמנון ללא עור 1,קילוגרמים,1.00,"ק""ג",true,,44.90,44.9000,true,1,87349
7290000663135,false,קוביות סלמון 300 גרם,,,קוביות סלמון 300 גרם,גרמים,300.00,100 גרם,false,,29.90,0.0997,true,1,114177
7290000663166,false,פילה הייק דרום אפריק,,,פילה הייק דרום אפריק,קילוגרמים,1.00,"ק""ג",true,,44.90,44.9000,true,1,114163
7290000679440,false,משחה לתינוק קמיל בלו,,,משחה לתינוק קמיל בלו,גרמים,100.00,100 גרם,false,,16.90,0.1690,true,1,18712
7290000680123,false,כנפיים עוף טרי ארוז,,,כנפיים עוף טרי ארוז,קילוגרמים,1.00,"ק""ג",true,,10.00,10.0000,true,1,30540
7290000680130,false,שוקיים עוף טרי ארוז,,,שוקיים עוף טרי ארוז,קילוגרמים,1.00,"ק""ג",true,,27.90,27.9000,true,1,3013
7290000680147,false,כרעיים עוף טרי ארוז,,,כרעיים עוף טרי ארוז,קילוגרמים,1.00,"ק""ג",true,,26.90,26.9000,true,1,3014
7290000680154,false,שניצל עוף טרי ארוז,,,שניצל עוף טרי ארוז,קילוגרמים,1.00,"ק""ג",true,,34.90,34.9000,true,1,3015
7290000680185,false,פילה עוף טרי ארוז,,,פילה עוף טרי ארוז,קילוגרמים,1.00,"ק""ג",true,,34.90,34.9000,true,1,3033
7290000680482,false,פרגית עוף טרי ארוז ש,,,פרגית עוף טרי ארוז ש,קילוגרמים,1.00,"ק""ג",true,,59.90,59.9000,true,1,33858
7290000680529,false,שניצל עוף טרי ארוז,,,שניצל עוף טרי ארוז,קילוגרמים,1.00,"ק""ג",true,,36.90,36.9000,true,1,30545
7290000681281,false,עוף טרי מחפוד ארוז-ק,,,עוף טרי מחפוד ארוז-ק,קילוגרמים,1.00,"ק""ג",true,,27.90,27.9000,true,1,30547
7290000681298,false,חזה עוף טרי מחפוד אר,,,חזה עוף טרי מחפוד אר,קילוגרמים,1.00,"ק""ג",true,,32.90,32.9000,true,1,30548
7290000681304,false,כרעיים עוף טרי מחפוד,,,כרעיים עוף טרי מחפוד,קילוגרמים,1.00,"ק""ג",true,,32.90,32.9000,true,1,30549
7290000681311,false,ירכיים עוף טרי מחפוד,,,ירכיים עוף טרי מחפוד,קילוגרמים,1.00,"ק""ג",true,,32.90,32.9000,true,1,30550
7290000681328,false,מחפוד שוקיים עוף טרי,,,מחפוד שוקיים עוף טרי,קילוגרמים,1.00,"ק""ג",true,,36.90,36.9000,true,1,30551
7290000681335,false,פרגיות עוף טרי מחפוד,,,פרגיות עוף טרי מחפוד,קילוגרמים,1.00,"ק""ג",true,,74.90,74.9000,true,1,30552
7290000681342,false,לבבות עוף טרי מחפוד,,,לבבות עוף טרי מחפוד,קילוגרמים,1.00,"ק""ג",true,,34.90,34.9000,true,1,30553
7290000681359,false,כבד עוף טרי ארוז מחפ,,,כבד עוף טרי ארוז מחפ,קילוגרמים,1.00,"ק""ג",true,,32.90,32.9000,true,1,30554
7290000681366,false,כנפיים עוף מחפוד ב-ק,,,כנפיים עוף מחפוד ב-ק,קילוגרמים,1.00,"ק""ג",true,,13.90,13.9000,true,1,30555
7290000681373,false,גרון עוף טרי מחפוד א,,,גרון עוף טרי מחפוד א,קילוגרמים,1.00,"ק""ג",true,,9.90,9.9000,true,1,30556
7290000681380,false,שניצל עוף טרי מחפוד,,,שניצל עוף טרי מחפוד,קילוגרמים,1.00,"ק""ג",true,,34.90,34.9000,true,1,30557
7290000688084,false,מי עדן 1/2 ליטר ספור,,,מי עדן 1/2 ליטר ספור,מיליליטרים,500.00,"100 מ""ל",false,,2.90,0.0058,true,1,9580
7290000688374,false,"מי עדן בייבי 330 מ""ל",,,"מי עדן בייבי 330 מ""ל",ארגז,1.98,ליטר,false,,14.90,7.5253,true,1,9583
7290000688381,false,מי עדן פקק ספורט 6*5,,,מי עדן פקק ספורט 6*5,ארגז,3.00,ליטר,false,,13.90,4.6333,true,1,9584
7290000688503,false,מי עדן ג'ים 6*750מל,,,מי עדן ג'ים 6*750מל,ארגז,4.50,ליטר,false,,15.90,3.5333,true,1,9587
7290000692203,false,אג'קס ניקוי כללי ורצ,,,אג'קס ניקוי כללי ורצ,ארגז,2.00,ליטר,false,,22.90,11.4500,true,1,14492
7290000692210,false,אג'קס ניקוי כללי ורצ,,,אג'קס ניקוי כללי ורצ,ארגז,2.00,ליטר,false,,22.90,11.4500,true,1,14493
7290000692227,false,פלמוליב לכלים קלאסי-,,,פלמוליב לכלים קלאסי-,אין,0.00,יחידה,false,,13.90,0.0000,true,1,14494
7290000692456,false,אגקס חלונות זוג,,,אגקס חלונות זוג,ארגז,1.50,ליטר,false,,24.90,16.6000,true,1,14496
7290000707116,false,פטם שווארמה במגש קפו,,,פטם שווארמה במגש קפו,קילוגרמים,1.00,"ק""ג",true,,71.90,71.9000,true,1,449250
7290000707345,false,חזה עוף שלם טרי ארוז,,,חזה עוף שלם טרי ארוז,קילוגרמים,1.00,"ק""ג",true,,31.90,31.9000,true,1,12678
7290000707352,false,שניצל עוף טרי ארוז,,,שניצל עוף טרי ארוז,קילוגרמים,1.00,"ק""ג",true,,34.90,34.9000,true,1,12679
7290000707369,false,כרעיים עוף טרי ארוז,,,כרעיים עוף טרי ארוז,קילוגרמים,1.00,"ק""ג",true,,26.90,26.9000,true,1,12680
7290000707383,false,שוקיים עוף טרי ארוז,,,שוקיים עוף טרי ארוז,קילוגרמים,1.00,"ק""ג",true,,27.90,27.9000,true,1,12682
7290000707390,false,פרגית עוף טרי ארוז ש,,,פרגית עוף טרי ארוז ש,קילוגרמים,1.00,"ק""ג",true,,54.90,54.9000,true,1,12683
7290000707420,false,עוף שלם טרי ארוז,,,עוף שלם טרי ארוז,קילוגרמים,1.00,"ק""ג",true,,18.90,18.9000,true,1,12684
7290000707437,false,כנפיים עוף טרי ארוז,,,כנפיים עוף טרי ארוז,קילוגרמים,1.00,"ק""ג",true,,10.00,10.0000,true,1,12685
7290000707444,false,קורקבן עוף טרי ארוז,,,קורקבן עוף טרי ארוז,קילוגרמים,1.00,"ק""ג",true,,9.90,9.9000,true,1,12686
7290000707468,false,כבד עוף טרי ארוז,,,כבד עוף טרי ארוז,קילוגרמים,1.00,"ק""ג",true,,19.90,19.9000,true,1,12688
7290000707543,false,פילה עוף טרי ארוז,,,פילה עוף טרי ארוז,קילוגרמים,1.00,"ק""ג",true,,34.90,34.9000,true,1,12690
7290000708151,false,שניצל עוף טרי ארוז,,,שניצל עוף טרי ארוז,קילוגרמים,1.00,"ק""ג",true,,34.90,34.9000,true,1,12703
7290000708533,false,פטם חזה חצוי ארוז קפ,,,פטם חזה חצוי ארוז קפ,קילוגרמים,1.00,"ק""ג",true,,38.90,38.9000,true,1,449280
7290000725600,false,סקנדינבית חריץ מע.,,,סקנדינבית חריץ מע.,קילוגרמים,1.00,"ק""ג",true,,73.00,73.0000,true,1,16623
7290000728388,false,שורט ריב חלק טרי,,,שורט ריב חלק טרי,קילוגרמים,1.00,"ק""ג",true,,69.90,69.9000,true,1,67881
7290000728425,false,דנבר סטייק חלק טרי,,,דנבר סטייק חלק טרי,קילוגרמים,1.00,"ק""ג",true,,109.00,109.0000,true,1,67909
7290000728562,false,אונטריב חלק מחפוד טר,,,אונטריב חלק מחפוד טר,קילוגרמים,1.00,"ק""ג",true,,89.90,89.9000,true,1,67923
7290000739247,false,פסט. איטלקית זוגלובק,,,פסט. איטלקית זוגלובק,קילוגרמים,1.00,"ק""ג",true,,80.00,80.0000,true,1,24737
7290000740212,false,נקניקיות ג'מבו שקיל,,,נקניקיות ג'מבו שקיל,קילוגרמים,1.00,"ק""ג",true,,19.90,19.9000,true,1,24738
7290000796793,false,בשר ראש בקר קפוא כשר,,,בשר ראש בקר קפוא כשר,קילוגרמים,1.00,"ק""ג",true,,79.90,79.9000,true,1,444794
7290000803067,false,משחת שיניים לילדים א,,,משחת שיניים לילדים א,מיליליטרים,75.00,"100 מ""ל",false,,15.90,0.2120,true,1,14499
7290000803180,false,מי פה דנטלית מרידול,,,מי פה דנטלית מרידול,מיליליטרים,400.00,"100 מ""ל",false,,30.90,0.0772,true,1,14500
7290000835954,false,פילה אמנון 5-7 בוואק,,,פילה אמנון 5-7 בוואק,קילוגרמים,1.00,"ק""ג",true,,26.90,26.9000,true,1,31631
7290000835961,false,פילה אמנון 7-9 בוואק,,,פילה אמנון 7-9 בוואק,קילוגרמים,1.00,"ק""ג",true,,29.90,29.9000,true,1,31632
7290000900313,false,פסט. ספרדית ט.צבי מע,,,פסט. ספרדית ט.צבי מע,קילוגרמים,1.00,"ק""ג",true,,79.00,79.0000,true,1,16378
7290000907970,false,פסטרמה כפרית טירת צב,,,פסטרמה כפרית טירת צב,קילוגרמים,1.00,"ק""ג",true,,49.00,49.0000,true,1,16380
7290000910291,false,פלפל צ`ילי,,,פלפל צ`ילי,גרמים,100.00,100 גרם,false,,7.90,0.0790,true,1,28851
7290000934725,false,עצמות עגל כשר טרי,,,עצמות עגל כשר טרי,קילוגרמים,1.00,"ק""ג",true,,24.90,24.9000,true,1,4580
7290000956012,false,פטאקי 18% שומרון,,,פטאקי 18% שומרון,קילוגרמים,1.00,"ק""ג",true,,29.00,29.0000,true,1,11148
7290000977650,false,פיסטוק מקולף,,,פיסטוק מקולף,קילוגרמים,1.00,"ק""ג",true,,154.00,154.0000,true,1,20534
7290000978871,false,חמוציות ללא סוכר,,,חמוציות ללא סוכר,קילוגרמים,1.00,"ק""ג",true,,80.00,80.0000,true,1,20537
7290000982355,false,סיימן צ`דר טריפל למע,,,סיימן צ`דר טריפל למע,קילוגרמים,1.00,"ק""ג",true,,130.00,130.0000,true,1,3457
7290000982393,false,סיימן ברס בלו במשקל,,,סיימן ברס בלו במשקל,קילוגרמים,1.00,"ק""ג",true,,175.00,175.0000,true,1,12004
7290001041147,false,חומוס 1 ק'ג,,,חומוס 1 ק'ג,אלף,1.00,"ק""ג",false,,11.90,11.9000,true,1,11180
7290001041185,false,פופקורן 1 ק'ג,,,פופקורן 1 ק'ג,אלף,1.00,"ק""ג",false,,9.90,9.9000,true,1,11184
7290001041192,false,עדשים אדומות 1 ק'ג,,,עדשים אדומות 1 ק'ג,אלף,1.00,"ק""ג",false,,10.90,10.9000,true,1,11185
7290001041208,false,עדשים ירוקות 1 ק'ג,,,עדשים ירוקות 1 ק'ג,אלף,1.00,"ק""ג",false,,12.90,12.9000,true,1,11186
7290001041260,false,שומשום מיה 400 גרם,,,שומשום מיה 400 גרם,גרמים,400.00,100 גרם,false,,11.90,0.0298,true,1,11189
7290001041277,false,פרורי לחם 400 גרם,,,פרורי לחם 400 גרם,גרמים,400.00,100 גרם,false,,5.90,0.0148,true,1,11190
7290001041994,false,סוכר זהב דמררה צנצנת,,,סוכר זהב דמררה צנצנת,אלף,1.00,"ק""ג",false,,9.90,9.9000,true,1,11208
7290001045169,false,פרימור מיץ תפוחים צל,,,פרימור מיץ תפוחים צל,ארגז,1.00,ליטר,false,,15.70,15.7000,true,1,15445
7290001045688,false,פרימור מיץ תפוזים 40,,,פרימור מיץ תפוזים 40,מיליליטרים,400.00,"100 מ""ל",false,,7.90,0.0197,true,1,15449
7290001121238,false,יחיעם קורנד ביף 180,,,יחיעם קורנד ביף 180,גרמים,180.00,100 גרם,false,,23.50,0.1306,true,1,11675
7290001121672,false,פסטרמה הודו בפפריקה,,,פסטרמה הודו בפפריקה,גרמים,300.00,100 גרם,false,,19.90,0.0663,true,1,11676
7290001121979,false,יחיעם סלמי הרץ 150ג,,,יחיעם סלמי הרץ 150ג,גרמים,150.00,100 גרם,false,,22.90,0.1527,true,1,11679
7290001123782,false,שווארמה הודו 500 גרם,,,שווארמה הודו 500 גרם,גרמים,500.00,100 גרם,false,,19.90,0.0398,true,1,12063
7290001136287,false,שמפו רגיל ירוק נקה 7,,,שמפו רגיל ירוק נקה 7,מיליליטרים,750.00,"100 מ""ל",false,,11.90,0.0159,true,1,19107
7290001136294,false,שמפו יבש אדום נקה 7,,,שמפו יבש אדום נקה 7,מיליליטרים,750.00,"100 מ""ל",false,,11.90,0.0159,true,1,19108
7290001136362,false,תחליב רחצה אלוורה ות,,,תחליב רחצה אלוורה ות,אין,0.00,יחידה,false,,13.90,0.0000,true,1,19110
7290001136683,false,מרכך רגיל ירוק נקה 7,,,מרכך רגיל ירוק נקה 7,מיליליטרים,750.00,"100 מ""ל",false,,11.90,0.0159,true,1,19111
7290001136799,false,תחליב רחצה ורד ויסמי,,,תחליב רחצה ורד ויסמי,אין,0.00,יחידה,false,,13.90,0.0000,true,1,19112
7290001136973,false,תחליב רחצה קמומיל נק,,,תחליב רחצה קמומיל נק,אין,0.00,יחידה,false,,13.90,0.0000,true,1,19113
7290001201510,false,30 ביצים M  מ.לסר,,,30 ביצים M  מ.לסר,אין,0.00,יחידה,false,,27.87,0.0000,true,1,10723
7290001201589,false,12 ביצים L  מ.לסר,,,12 ביצים L  מ.לסר,אין,0.00,יחידה,false,,12.05,0.0000,true,1,10725
7290001201596,false,12 ביצים M  מ.לסר,,,12 ביצים M  מ.לסר,אין,0.00,יחידה,false,,11.15,0.0000,true,1,10726
7290001201824,false,12 ביצים L  אורגני מ,,,12 ביצים L  אורגני מ,אין,0.00,יחידה,false,,21.90,0.0000,true,1,10732
7290001201862,false,12 ביצים חופש L מ. ל,,,12 ביצים חופש L מ. ל,אין,0.00,יחידה,false,,17.90,0.0000,true,1,10735
7290001201893,false,12 ביצים M  אומגה 3,,,12 ביצים M  אומגה 3,אין,0.00,יחידה,false,,16.90,0.0000,true,1,10737
7290001216040,false,טחינה אל ארז 100% שו,,,טחינה אל ארז 100% שו,גרמים,500.00,100 גרם,false,,15.90,0.0318,true,1,22353
7290001216057,false,טחינה אל ארז 100% שו,,,טחינה אל ארז 100% שו,אלף,1.00,"ק""ג",false,,29.90,29.9000,true,1,22354
7290001216101,false,טחינה אל ארז 100% שו,,,טחינה אל ארז 100% שו,אלף,1.00,"ק""ג",false,,32.90,32.9000,true,1,424373
7290001216231,false,טחינה מלאה 100% שומש,,,טחינה מלאה 100% שומש,גרמים,500.00,100 גרם,false,,16.90,0.0338,true,1,22355
7290001230739,false,כאמל קופסא בודדת כחו,,,כאמל קופסא בודדת כחו,אין,0.00,יחידה,false,,32.00,0.0000,false,1,5773
7290001231932,false,וינסטון קופסא בודדת,,,וינסטון קופסא בודדת,אין,0.00,יחידה,false,,32.00,0.0000,false,1,5777
7290001235938,false,וינסטון קופסא בודדת,,,וינסטון קופסא בודדת,אין,0.00,יחידה,false,,32.00,0.0000,false,1,5779
7290001245736,false,ג'ל כביסה כחול 3 ליט,,,ג'ל כביסה כחול 3 ליט,ארגז,1.00,ליטר,false,,17.90,17.9000,true,1,24220
7290001246061,false,מרכך פרימיום פנטזי 1,,,מרכך פרימיום פנטזי 1,ארגז,1.00,ליטר,false,,12.90,12.9000,true,1,24236
7290001246078,false,מרכך פרימיום סנשואל,,,מרכך פרימיום סנשואל,ארגז,1.00,ליטר,false,,12.90,12.9000,true,1,24237
7290001246528,false,מרכך כביסה מרוכז פרפ,,,מרכך כביסה מרוכז פרפ,ארגז,1.00,ליטר,false,,12.90,12.9000,true,1,24251
7290001246757,false,נוזל רצפות מלון בוטי,,,נוזל רצפות מלון בוטי,ארגז,2.00,ליטר,false,,17.90,8.9500,true,1,24253
7290001246764,false,נוזל רצפות ספא מפנק,,,נוזל רצפות ספא מפנק,ארגז,2.00,ליטר,false,,17.90,8.9500,true,1,24254
7290001246979,false,אקופרנד - נוזל כלים,,,אקופרנד - נוזל כלים,ארגז,1.00,ליטר,false,,14.90,14.9000,true,1,2590
7290001247068,false,ספרינג תות בננה קרטו,,,ספרינג תות בננה קרטו,ארגז,1.00,ליטר,false,,6.90,6.9000,true,1,9599
7290001247082,false,ספרינג עגבניות קרטונ,,,ספרינג עגבניות קרטונ,ארגז,1.00,ליטר,false,,6.50,6.5000,true,1,9600
7290001247099,false,ספרינג מנגו קרטונית,,,ספרינג מנגו קרטונית,ארגז,1.00,ליטר,false,,6.90,6.9000,true,1,9601
7290001247105,false,ספרינג נקטר אפרסק 1ל,,,ספרינג נקטר אפרסק 1ל,ארגז,1.00,ליטר,false,,6.90,6.9000,true,1,9602
7290001247112,false,ספרינג לימונענע קרטו,,,ספרינג לימונענע קרטו,ארגז,1.00,ליטר,false,,6.90,6.9000,true,1,9603
7290001247129,false,ספרינג תפוז קרטונית,,,ספרינג תפוז קרטונית,ארגז,1.00,ליטר,false,,6.90,6.9000,true,1,9604
7290001247143,false,ספרינג תפוח קרטונית,,,ספרינג תפוח קרטונית,ארגז,1.00,ליטר,false,,6.90,6.9000,true,1,9605
7290001274422,false,מאגדת שלגונים ציפוי,,,מאגדת שלגונים ציפוי,גרמים,560.00,100 גרם,false,,23.90,0.0427,true,1,22861
7290001274941,false,פופסיקל בטעם פטל 8 י,,,פופסיקל בטעם פטל 8 י,גרמים,640.00,100 גרם,false,,24.90,0.0389,true,1,22863
7290001305058,false,סבון נוזלי חלב ודבש,,,סבון נוזלי חלב ודבש,מיליליטרים,500.00,"100 מ""ל",false,,15.90,0.0318,true,1,14502
7290001305188,false,פלמוליב לכלים פריחת,,,פלמוליב לכלים פריחת,מיליליטרים,750.00,"100 מ""ל",false,,11.90,0.0159,true,1,14503
7290001327180,false,קרמיסימו וניל ציפ 1.,,,קרמיסימו וניל ציפ 1.,ארגז,1.33,ליטר,false,,18.90,14.2105,true,1,5907
7290001327791,false,קרמיסימו עוגיות 1.33,,,קרמיסימו עוגיות 1.33,ארגז,1.33,ליטר,false,,18.90,14.2105,true,1,5911
7290001343845,false,גרנולה שיבולת שועל ע,,,גרנולה שיבולת שועל ע,אלף,1.00,"ק""ג",false,,18.90,18.9000,true,1,6136
7290001407134,false,פרוסות חלבה שוקו וני,,,פרוסות חלבה שוקו וני,גרמים,350.00,100 גרם,false,,13.90,0.0397,true,1,1291
7290001407547,false,בארכה טחינה שומשום מ,,,בארכה טחינה שומשום מ,גרמים,500.00,100 גרם,false,,12.90,0.0258,true,1,13071
7290001407769,false,בארכה טחינה עם שומשו,,,בארכה טחינה עם שומשו,גרמים,500.00,100 גרם,false,,12.90,0.0258,true,1,13073
7290001407813,false,חלבה שאמית וניל עם פ,,,חלבה שאמית וניל עם פ,גרמים,350.00,100 גרם,false,,14.90,0.0426,true,1,1292
7290001407844,false,חלבה קלאסית וניל באר,,,חלבה קלאסית וניל באר,גרמים,350.00,100 גרם,false,,13.90,0.0397,true,1,1295
7290001415283,false,עוגת שמרים אגוזים 50,,,עוגת שמרים אגוזים 50,גרמים,400.00,100 גרם,false,,21.90,0.0547,true,1,5096
7290001419618,false,וופל עלמה בלגי שוקו,,,וופל עלמה בלגי שוקו,גרמים,200.00,100 גרם,false,,2.90,0.0145,true,1,25540
7290001419779,false,וופל עלמה קלאסי 200,,,וופל עלמה קלאסי 200,גרמים,200.00,100 גרם,false,,2.90,0.0145,true,1,25541
7290001419793,false,גביעים מגולגלים עלמה,,,גביעים מגולגלים עלמה,גרמים,120.00,100 גרם,false,,11.90,0.0992,true,1,25542
7290001436790,false,מרגז מיני אקסטרה חרי,,,מרגז מיני אקסטרה חרי,גרמים,500.00,100 גרם,false,,28.90,0.0578,true,1,183389
7290001459911,false,לקט ירקות העונה בלדי,,,לקט ירקות העונה בלדי,גרמים,800.00,100 גרם,false,,11.90,0.0149,true,1,436266
7290001459935,false,אפונה בלדי 800 גרם,,,אפונה בלדי 800 גרם,גרמים,800.00,100 גרם,false,,11.90,0.0149,true,1,436206
7290001459942,false,אפונה וקוביות גזר בל,,,אפונה וקוביות גזר בל,גרמים,800.00,100 גרם,false,,11.90,0.0149,true,1,436221
7290001461860,false,עשיריית פיתות פילסבר,,,עשיריית פיתות פילסבר,יח',1.00,יח',false,,12.90,12.9000,true,1,5104
7290001468272,false,פלסטרים מעורב נאמן 5,,,פלסטרים מעורב נאמן 5,אין,0.00,יחידה,false,,5.50,0.0000,true,1,11723
7290001482094,false,וילי פוד פרמזן משולש,,,וילי פוד פרמזן משולש,גרמים,200.00,100 גרם,false,,17.90,0.0895,true,1,5308
7290001485019,false,טרה גבינת שמנת טבעי,,,טרה גבינת שמנת טבעי,גרמים,200.00,100 גרם,false,,10.90,0.0545,true,1,6903
7290001491010,false,תה ירוק עם יסמין T.T,,,תה ירוק עם יסמין T.T,גרמים,37.50,100 גרם,false,,23.90,0.6373,true,1,16092
7290001491096,false,תה ירוק בתוספת לימונ,,,תה ירוק בתוספת לימונ,גרמים,75.00,100 גרם,false,,45.90,0.6120,true,1,16093
7290001552025,false,קוסקוס 800גר,,,קוסקוס 800גר,גרמים,800.00,100 גרם,false,,14.90,0.0186,true,1,31667
7290001567760,false,פסטרמה של פעם 300 גר,,,פסטרמה של פעם 300 גר,גרמים,300.00,100 גרם,false,,24.50,0.0817,true,1,11681
7290001567814,false,סלמי מעושן בסגנון אי,,,סלמי מעושן בסגנון אי,גרמים,300.00,100 גרם,false,,19.90,0.0663,true,1,11683
7290001591673,false,קניידלך מקמח תפוח אד,,,קניידלך מקמח תפוח אד,גרמים,500.00,100 גרם,false,,19.90,0.0398,true,1,305713
7290001594025,false,קוקה קולה קלאסי 350,,,קוקה קולה קלאסי 350,מיליליטרים,350.00,"100 מ""ל",false,,6.90,0.0197,true,1,7242
7290001594032,false,קוקה קולה דיאט קלאסי,,,קוקה קולה דיאט קלאסי,מיליליטרים,350.00,"100 מ""ל",false,,6.90,0.0197,true,1,7243
7290001594155,false,קוקה קולה 500מל,,,קוקה קולה 500מל,מיליליטרים,500.00,"100 מ""ל",false,,6.90,0.0138,true,1,7250
7290001594179,false,פאנטה אורנג' 500 בקב,,,פאנטה אורנג' 500 בקב,מיליליטרים,500.00,"100 מ""ל",false,,6.90,0.0138,true,1,7252
7290001594186,false,קוקה קולה דיאט 500,,,קוקה קולה דיאט 500,מיליליטרים,500.00,"100 מ""ל",false,,6.80,0.0136,true,1,7253
7290001594377,false,פריגת משקה תפוזים 50,,,פריגת משקה תפוזים 50,מיליליטרים,500.00,"100 מ""ל",false,,6.50,0.0130,true,1,7259
7290001594810,false,מאלטי טובורג בקבוק 6,,,מאלטי טובורג בקבוק 6,ארגז,1.98,ליטר,false,,31.30,15.8081,true,1,7266
7290001594858,false,טובורג רד בקבוק פקדו,,,טובורג רד בקבוק פקדו,ארגז,1.98,ליטר,false,,43.90,22.1717,true,1,7267
7290001670071,false,.סכום ח.פ.כפות 100יח,,,.סכום ח.פ.כפות 100יח,אין,0.00,יחידה,false,,12.90,0.0000,true,1,7766
7290001670255,false,כוסות שתיה חמה 50 יח,,,כוסות שתיה חמה 50 יח,יח',50.00,יח',false,,8.90,0.1780,true,1,215
7290001696620,false,מיקס פיצוחים 350 גר',,,מיקס פיצוחים 350 גר',גרמים,350.00,100 גרם,false,,12.90,0.0369,true,1,4329
7290001696729,false,פקאן טבעי 100 גרם,,,פקאן טבעי 100 גרם,גרמים,100.00,100 גרם,false,,16.90,0.1690,true,1,4330
7290001696736,false,פקאן סיני 100 גרם,,,פקאן סיני 100 גרם,גרמים,100.00,100 גרם,false,,17.90,0.1790,true,1,4331
7290001710111,false,נקניקיות מרגז 500 גר,,,נקניקיות מרגז 500 גר,גרמים,500.00,100 גרם,false,,19.90,0.0398,true,1,12067
7290001710128,false,נקניקיות צוריסוס 500,,,נקניקיות צוריסוס 500,גרמים,500.00,100 גרם,false,,19.90,0.0398,true,1,12068
7290001713150,false,אקונומיקה קצף ניקוי,,,אקונומיקה קצף ניקוי,ארגז,1.00,ליטר,false,,8.90,8.9000,true,1,13851
7290001713167,false,קצף לניקוי כלים סניט,,,קצף לניקוי כלים סניט,ארגז,1.00,ליטר,false,,8.90,8.9000,true,1,13852
7290001791349,false,אקונומיקה ריחנית פסג,,,אקונומיקה ריחנית פסג,ארגז,4.00,ליטר,false,,11.90,2.9750,true,1,19116
7290001791356,false,סנו פרש אוטומטיק ברי,,,סנו פרש אוטומטיק ברי,גרמים,165.00,100 גרם,false,,13.90,0.0842,true,1,19117
7290001817377,false,ציטוס איקס עיגול 60ג,,,ציטוס איקס עיגול 60ג,גרמים,60.00,100 גרם,false,,3.50,0.0583,true,1,15891
7290001817728,false,ציטוס כאפה 55 גרם,,,ציטוס כאפה 55 גרם,גרמים,55.00,100 גרם,false,,3.50,0.0636,true,1,15892
7290001865439,false,סבון נוזלי וניל + מש,,,סבון נוזלי וניל + מש,אין,0.00,יחידה,false,,10.90,0.0000,true,1,6561
7290001865453,false,סבון נוזלי לבנדר+ מש,,,סבון נוזלי לבנדר+ מש,אין,0.00,יחידה,false,,10.90,0.0000,true,1,6562
7290001867600,false,"תפו""א בייבי  פרימיום",,,"תפו""א בייבי  פרימיום",קילוגרמים,1.00,"ק""ג",true,,6.90,6.9000,true,1,67202
7290001946121,false,פפריקה מתוקה בשמן בי,,,פפריקה מתוקה בשמן בי,גרמים,400.00,100 גרם,false,,17.90,0.0447,true,1,121746
7290001990117,false,שומשום 100 גרם,,,שומשום 100 גרם,גרמים,100.00,100 גרם,false,,3.90,0.0390,true,1,12304
7290001990148,false,סוכר גולדן קלאסי בצנ,,,סוכר גולדן קלאסי בצנ,אלף,1.00,"ק""ג",false,,12.90,12.9000,true,1,12305
7290001990261,false,"סוגת חומוס 1 ק""ג",,,"סוגת חומוס 1 ק""ג",אלף,1.00,"ק""ג",false,,12.90,12.9000,true,1,12306
7290001990278,false,סוגת שעועית לבנה 1 ק,,,סוגת שעועית לבנה 1 ק,אלף,1.00,"ק""ג",false,,18.90,18.9000,true,1,12307
7290001990391,false,"אפונה 1 ק""ג",,,"אפונה 1 ק""ג",אלף,1.00,"ק""ג",false,,11.90,11.9000,true,1,12308
7290001990407,false,עדשים ירוקים 1 קג,,,עדשים ירוקים 1 קג,אלף,1.00,"ק""ג",false,,14.90,14.9000,true,1,12309
7290001990414,false,סוגת עדשים אדומים 1,,,סוגת עדשים אדומים 1,אלף,1.00,"ק""ג",false,,14.90,14.9000,true,1,12310
7290001990421,false,"סוגת פופקורן 1 ק""ג",,,"סוגת פופקורן 1 ק""ג",אלף,1.00,"ק""ג",false,,9.90,9.9000,true,1,12311
7290002000136,false,שעווה להסרת שיער למי,,,שעווה להסרת שיער למי,גרמים,500.00,100 גרם,false,,17.90,0.0358,true,1,6566
7290002000266,false,שעווה תפוח לחימום במ,,,שעווה תפוח לחימום במ,גרמים,500.00,100 גרם,false,,17.90,0.0358,true,1,6568
7290002002857,false,נייר להסרת שיער מגע,,,נייר להסרת שיער מגע,אין,0.00,יחידה,false,,18.90,0.0000,true,1,6571
7290002007234,false,אבקת סוכר 100ג,,,אבקת סוכר 100ג,גרמים,100.00,100 גרם,false,,1.90,0.0190,true,1,7777
7290002007487,false,צמר פלדה 100 גר',,,צמר פלדה 100 גר',גרמים,100.00,100 גרם,false,,3.90,0.0390,true,1,7784
7290002007890,false,כוס שתיה קרה 100 יח,,,כוס שתיה קרה 100 יח,אין,0.00,יחידה,false,,12.90,0.0000,true,1,7788
7290002007975,false,צלחות קטן 50יח,,,צלחות קטן 50יח,אין,0.00,יחידה,false,,12.90,0.0000,true,1,7790
7290002007999,false,צלחות גדול 50יח הנמל,,,צלחות גדול 50יח הנמל,אין,0.00,יחידה,false,,15.90,0.0000,true,1,7792
7290002008187,false,קש לשתיה מתקפל 40יח,,,קש לשתיה מתקפל 40יח,אין,0.00,יחידה,false,,1.90,0.0000,true,1,7797
7290002008224,false,קישוט לעוגה גליד.,,,קישוט לעוגה גליד.,גרמים,60.00,100 גרם,false,,5.90,0.0983,true,1,7798
7290002008347,false,קורנפלור 500 גרם,,,קורנפלור 500 גרם,גרמים,500.00,100 גרם,false,,6.90,0.0138,true,1,7799
7290002008361,false,דפים לסנדוויץ 200יח,,,דפים לסנדוויץ 200יח,אין,0.00,יחידה,false,,10.90,0.0000,true,1,7801
7290002008507,false,נייר אפיה 50יח,,,נייר אפיה 50יח,אין,0.00,יחידה,false,,8.90,0.0000,true,1,7803
7290002008750,false,אבקת אפיה 10*10 גרם,,,אבקת אפיה 10*10 גרם,גרמים,100.00,100 גרם,false,,2.90,0.0290,true,1,7806
7290002008989,false,קישקשים 225 יח,,,קישקשים 225 יח,אין,0.00,יחידה,false,,9.90,0.0000,true,1,7808
7290002026341,false,אריסטו קראנץ-ציפס בט,,,אריסטו קראנץ-ציפס בט,גרמים,500.00,100 גרם,false,,14.90,0.0298,true,1,10985
7290002026402,false,בראנץ אנד קראנץ בלינ,,,בראנץ אנד קראנץ בלינ,גרמים,350.00,100 גרם,false,,13.90,0.0397,true,1,10986
7290002026440,false,פרצלס קפוא 280 גרם,,,פרצלס קפוא 280 גרם,גרמים,280.00,100 גרם,false,,10.90,0.0389,true,1,10988
7290002026587,false,בראנץ אנד קראנץ וופל,,,בראנץ אנד קראנץ וופל,גרמים,28.00,100 גרם,false,,13.90,0.4964,true,1,10989
7290002026891,false,מאגדת קוקי מיקס 400,,,מאגדת קוקי מיקס 400,גרמים,400.00,100 גרם,false,,24.90,0.0622,true,1,10991
7290002026914,false,מאגדת קלאסיק מיקס 28,,,מאגדת קלאסיק מיקס 28,גרמים,288.00,100 גרם,false,,24.90,0.0865,true,1,60321
7290002043102,false,פריכיות 7 זרעי על אר,,,פריכיות 7 זרעי על אר,גרמים,200.00,100 גרם,false,,16.50,0.0825,true,1,3809
7290002043324,false,צ'יפס מלח ים אקסטרה,,,צ'יפס מלח ים אקסטרה,גרמים,25.00,100 גרם,false,,4.90,0.1960,true,1,3814
7290002043331,false,צ'יפס כוסמת אקסטרה 6,,,צ'יפס כוסמת אקסטרה 6,גרמים,60.00,100 גרם,false,,8.50,0.1417,true,1,47903
7290002043348,false,צ'יפס צ'יה וקינואה א,,,צ'יפס צ'יה וקינואה א,גרמים,60.00,100 גרם,false,,8.50,0.1417,true,1,38465
7290002043591,false,חטיף צ'יפס משפחתי בט,,,חטיף צ'יפס משפחתי בט,גרמים,120.00,100 גרם,false,,12.50,0.1042,true,1,275777
7290002043782,false,צ'יפס טקסס ברבקיו אק,,,צ'יפס טקסס ברבקיו אק,גרמים,60.00,100 גרם,false,,8.50,0.1417,true,1,3816
7290002043812,false,פריכיות צ'יה וקינואה,,,פריכיות צ'יה וקינואה,גרמים,24.00,100 גרם,false,,4.90,0.2042,true,1,3818
7290002043829,false,פריכיות מלח היהמלאיה,,,פריכיות מלח היהמלאיה,גרמים,200.00,100 גרם,false,,16.50,0.0825,true,1,3819
7290002053088,false,אטריות ביצים מס' 8 א,,,אטריות ביצים מס' 8 א,גרמים,210.00,100 גרם,false,,7.90,0.0376,true,1,5593
7290002053354,false,נודלס סיני אוריינט 3,,,נודלס סיני אוריינט 3,גרמים,300.00,100 גרם,false,,13.90,0.0463,true,1,5595
7290002053538,false,נודלס אוריינט 400 גר,,,נודלס אוריינט 400 גר,גרמים,500.00,100 גרם,false,,13.90,0.0278,true,1,5597
7290002057017,false,זיתים נובו ענק קבוצת,,,זיתים נובו ענק קבוצת,גרמים,560.00,100 גרם,false,,8.90,0.0159,true,1,32258
7290002057031,false,זיתים מבוקעים פיקנטי,,,זיתים מבוקעים פיקנטי,גרמים,560.00,100 גרם,false,,8.90,0.0159,true,1,32259
7290002057048,false,זית סורי מבוקע יבנה,,,זית סורי מבוקע יבנה,גרמים,540.00,100 גרם,false,,10.90,0.0202,true,1,32260
7290002057147,false,זית מושחר גדול קבוצת,,,זית מושחר גדול קבוצת,גרמים,540.00,100 גרם,false,,8.90,0.0165,true,1,32267
7290002057185,false,טבעות זיתים ירוקים ק,,,טבעות זיתים ירוקים ק,גרמים,540.00,100 גרם,false,,9.90,0.0183,true,1,32269
7290002057352,false,מלפפונים  במלח 7-9 ק,,,מלפפונים  במלח 7-9 ק,גרמים,560.00,100 גרם,false,,6.90,0.0123,true,1,32270
7290002057369,false,מלפפון במלח 10-12 קב,,,מלפפון במלח 10-12 קב,גרמים,560.00,100 גרם,false,,6.90,0.0123,true,1,32271
7290002057376,false,מלפפון במלח 13-17 קב,,,מלפפון במלח 13-17 קב,גרמים,560.00,100 גרם,false,,9.90,0.0177,true,1,32272
7290002057383,false,מלפפון 18-25במלח קבו,,,מלפפון 18-25במלח קבו,גרמים,560.00,100 גרם,false,,11.90,0.0213,true,1,32273
7290002057437,false,שיפקונית קבוצת יבנה,,,שיפקונית קבוצת יבנה,גרמים,560.00,100 גרם,false,,9.90,0.0177,true,1,38707
7290002057451,false,מלפפון בחומץ 7-9 קבו,,,מלפפון בחומץ 7-9 קבו,גרמים,560.00,100 גרם,false,,6.90,0.0123,true,1,32274
7290002057468,false,מלפפון בחומץ 10-12 ק,,,מלפפון בחומץ 10-12 ק,גרמים,560.00,100 גרם,false,,7.90,0.0141,true,1,32275
7290002057475,false,מלפפון בחומץ 13-17 ק,,,מלפפון בחומץ 13-17 ק,גרמים,560.00,100 גרם,false,,9.90,0.0177,true,1,32276
7290002057604,false,פלפל חריף שיפקה קבוצ,,,פלפל חריף שיפקה קבוצ,גרמים,560.00,100 גרם,false,,5.90,0.0105,true,1,32278
7290002065555,false,6 לחמניות רכות אנגל,,,6 לחמניות רכות אנגל,גרמים,450.00,100 גרם,false,,11.50,0.0256,true,1,22632
7290002065616,false,שיפון גרעינים אנגל 7,,,שיפון גרעינים אנגל 7,גרמים,750.00,100 גרם,false,,13.90,0.0185,true,1,22633
7290002065623,false,לחם שיפון כפרי אנגל,,,לחם שיפון כפרי אנגל,גרמים,750.00,100 גרם,false,,13.90,0.0185,true,1,22634
7290002079590,false,חלה רגילה 500 גרם,,,חלה רגילה 500 גרם,גרמים,500.00,100 גרם,false,,4.90,0.0098,true,1,26739
7290002107385,false,צוריאל גליל גבינת עי,,,צוריאל גליל גבינת עי,גרמים,180.00,100 גרם,false,,20.90,0.1161,true,1,6909
7290002107491,false,צוריאל גבינת עזים למ,,,צוריאל גבינת עזים למ,גרמים,250.00,100 גרם,false,,15.20,0.0608,true,1,6910
7290002107798,false,צוריאל בולגרית מעודנ,,,צוריאל בולגרית מעודנ,גרמים,250.00,100 גרם,false,,19.50,0.0780,true,1,6911
7290002107965,false,צוריאל טבורוג גבינה,,,צוריאל טבורוג גבינה,גרמים,500.00,100 גרם,false,,22.90,0.0458,true,1,6912
7290002109372,false,בורקס פילו אצבעות בו,,,בורקס פילו אצבעות בו,גרמים,700.00,100 גרם,false,,19.90,0.0284,true,1,12075
7290002109488,false,קבב אמיתי 100% 440 ג,,,קבב אמיתי 100% 440 ג,גרמים,440.00,100 גרם,false,,16.90,0.0384,true,1,12076
7290002111085,false,רוטב עגבניות 22% פרי,,,רוטב עגבניות 22% פרי,גרמים,100.00,100 גרם,false,,2.20,0.0220,true,1,8116
7290002111139,false,"רסק תפו""ע דיאט פרי מ",,,"רסק תפו""ע דיאט פרי מ",גרמים,560.00,100 גרם,false,,8.90,0.0159,true,1,8118
7290002111474,false,אפונת גדולה פרי מבור,,,אפונת גדולה פרי מבור,גרמים,335.00,100 גרם,false,,7.90,0.0236,true,1,8121
7290002111634,false,חומוס שלם פרי מבורך,,,חומוס שלם פרי מבורך,גרמים,550.00,100 גרם,false,,8.90,0.0162,true,1,8123
7290002111696,false,עגבניות מרוסקות פרי,,,עגבניות מרוסקות פרי,גרמים,800.00,100 גרם,false,,9.90,0.0124,true,1,8126
7290002111764,false,שעועית לבנה ברוטב עג,,,שעועית לבנה ברוטב עג,גרמים,580.00,100 גרם,false,,8.90,0.0153,true,1,8128
7290002111818,false,גרעיני תירס מתוק פרי,,,גרעיני תירס מתוק פרי,גרמים,246.00,100 גרם,false,,5.90,0.0240,true,1,8129
7290002111825,false,גרעיני תירס מתוק פרי,,,גרעיני תירס מתוק פרי,גרמים,335.00,100 גרם,false,,7.90,0.0236,true,1,8130
7290002129455,false,פיצה איטלקית   450 ג,,,פיצה איטלקית   450 ג,גרמים,450.00,100 גרם,false,,18.90,0.0420,true,1,12078
7290002130567,false,דבש טהור מפרחי בר בצ,,,דבש טהור מפרחי בר בצ,גרמים,350.00,100 גרם,false,,18.90,0.0540,true,1,14935
7290002130581,false,דבש טהור מפרחי בר בצ,,,דבש טהור מפרחי בר בצ,אלף,1.00,"ק""ג",false,,43.90,43.9000,true,1,14936
7290002157953,false,טונה בשמן קנולה וילי,,,טונה בשמן קנולה וילי,גרמים,560.00,100 גרם,false,,16.90,0.0302,true,1,12081
7290002190516,false,ממרח ריבת חלב קומידה,,,ממרח ריבת חלב קומידה,גרמים,500.00,100 גרם,false,,12.90,0.0258,true,1,16203
7290002195054,false,המבורגר בלדי 400ג,,,המבורגר בלדי 400ג,גרמים,400.00,100 גרם,false,,12.80,0.0320,true,1,22554
7290002232964,false,דגש ציפוי פז טחון דק,,,דגש ציפוי פז טחון דק,גרמים,500.00,100 גרם,false,,26.90,0.0538,true,1,2272
7290002253006,false,דורות שום כתוש טרי 2,,,דורות שום כתוש טרי 2,גרמים,200.00,100 גרם,false,,15.90,0.0795,true,1,13644
7290002253105,false,דורות מגשית קוביות ש,,,דורות מגשית קוביות ש,גרמים,80.00,100 גרם,false,,9.90,0.1238,true,1,13646
7290002253150,false,בזיליקום טרי קצוץ 70,,,בזיליקום טרי קצוץ 70,גרמים,70.00,100 גרם,false,,9.90,0.1414,true,1,13647
7290002253167,false,פטרוזליה טרייה קצוצה,,,פטרוזליה טרייה קצוצה,גרמים,70.00,100 גרם,false,,10.50,0.1500,true,1,13648
7290002253174,false,שמיר טרי קצוץ 70 גרם,,,שמיר טרי קצוץ 70 גרם,גרמים,70.00,100 גרם,false,,10.00,0.1429,true,1,107646
7290002253181,false,כוסברה טריה קצוצה 70,,,כוסברה טריה קצוצה 70,גרמים,70.00,100 גרם,false,,10.00,0.1429,true,1,13649
7290002253198,false,דורות ג'ינג'ר טרי כת,,,דורות ג'ינג'ר טרי כת,גרמים,70.00,100 גרם,false,,10.50,0.1500,true,1,13650
7290002253235,false,דורות רוטב פסטו 160,,,דורות רוטב פסטו 160,גרמים,160.00,100 גרם,false,,11.90,0.0744,true,1,13651
7290002253259,false,דורות רוטב עגבניות ב,,,דורות רוטב עגבניות ב,גרמים,160.00,100 גרם,false,,11.90,0.0744,true,1,107660
7290002253310,false,דורות שום צילי חריף,,,דורות שום צילי חריף,גרמים,80.00,100 גרם,false,,9.90,0.1238,true,1,107618
7290002253495,false,דורות תבל.לטחינה בית,,,דורות תבל.לטחינה בית,גרמים,70.00,100 גרם,false,,10.00,0.1429,true,1,107689
7290002255048,false,קובה למרק במילוי בשר,,,קובה למרק במילוי בשר,גרמים,800.00,100 גרם,false,,22.90,0.0286,true,1,31671
7290002255055,false,פלאפל חטיפי אלקיים 7,,,פלאפל חטיפי אלקיים 7,גרמים,700.00,100 גרם,false,,12.90,0.0184,true,1,31672
7290002255116,false,קרפלך במילוי בשר חטי,,,קרפלך במילוי בשר חטי,גרמים,800.00,100 גרם,false,,22.90,0.0286,true,1,31674
7290002255130,false,"סיגרים במילוי תפו""א",,,"סיגרים במילוי תפו""א",גרמים,800.00,100 גרם,false,,22.90,0.0286,true,1,31675
7290002255215,false,עלים לסיגר 500ג,,,עלים לסיגר 500ג,גרמים,500.00,100 גרם,false,,8.90,0.0178,true,1,31678
7290002255222,false,"פסטל במילוי תפו""א חט",,,"פסטל במילוי תפו""א חט",גרמים,800.00,100 גרם,false,,22.90,0.0286,true,1,31679
7290002255284,false,"קובה חמוסטה בד""צ חטי",,,"קובה חמוסטה בד""צ חטי",גרמים,800.00,100 גרם,false,,22.90,0.0286,true,1,31680
7290002255475,false,פסטלים במילוי בשר בד,,,פסטלים במילוי בשר בד,גרמים,800.00,100 גרם,false,,22.90,0.0286,true,1,31682
7290002277248,false,גבינת מון בלאן זעתר,,,גבינת מון בלאן זעתר,גרמים,120.00,100 גרם,false,,11.90,0.0992,true,1,193302
7290002278528,false,כריות ניקוי כלים לשב,,,כריות ניקוי כלים לשב,אין,0.00,יחידה,false,,7.90,0.0000,true,1,10595
7290002291046,false,בלדי המבורגר מסעדות,,,בלדי המבורגר מסעדות,גרמים,480.00,100 גרם,false,,22.90,0.0477,true,1,22558
7290002317005,false,טבעות זיתים מושחרים,,,טבעות זיתים מושחרים,גרמים,560.00,100 גרם,false,,10.90,0.0195,true,1,15968
7290002317081,false,זיתים נטולי גלעין 20,,,זיתים נטולי גלעין 20,גרמים,670.00,100 גרם,false,,10.90,0.0163,true,1,15970
7290002317128,false,מלפפון במלח 10-12 מו,,,מלפפון במלח 10-12 מו,גרמים,560.00,100 גרם,false,,10.90,0.0195,true,1,15971
7290002317166,false,מלפפון בחומץ 10-12 מ,,,מלפפון בחומץ 10-12 מ,גרמים,560.00,100 גרם,false,,10.90,0.0195,true,1,15974
7290002317173,false,מלפפון בחומץ 13-17 מ,,,מלפפון בחומץ 13-17 מ,גרמים,560.00,100 גרם,false,,10.90,0.0195,true,1,15975
7290002317265,false,מלפפון במלח 20% 7-9,,,מלפפון במלח 20% 7-9,גרמים,670.00,100 גרם,false,,9.90,0.0148,true,1,15981
7290002317296,false,פלפל שיפקה + 20% מוט,,,פלפל שיפקה + 20% מוט,גרמים,550.00,100 גרם,false,,9.90,0.0180,true,1,15983
7290002317326,false,זיתים מנזלינו 20% 12,,,זיתים מנזלינו 20% 12,גרמים,670.00,100 גרם,false,,9.90,0.0148,true,1,15986
7290002317579,false,טבעות זיתים ירוקים מ,,,טבעות זיתים ירוקים מ,גרמים,560.00,100 גרם,false,,10.90,0.0195,true,1,15997
7290002317609,false,כרוב כבוש מוטולה 560,,,כרוב כבוש מוטולה 560,גרמים,560.00,100 גרם,false,,6.90,0.0123,true,1,15998
7290002317616,false,זיתים חתוכים מרינט 1,,,זיתים חתוכים מרינט 1,גרמים,560.00,100 גרם,false,,10.90,0.0195,true,1,15999
7290002317661,false,זיתים מנזלינו גדול מ,,,זיתים מנזלינו גדול מ,גרמים,560.00,100 גרם,false,,10.90,0.0195,true,1,357169
7290002317678,false,זיתים נטולי גלעין צנ,,,זיתים נטולי גלעין צנ,גרמים,560.00,100 גרם,false,,10.90,0.0195,true,1,16001
7290002317753,false,טבעות זיתים ירוקים ב,,,טבעות זיתים ירוקים ב,גרמים,560.00,100 גרם,false,,10.90,0.0195,true,1,16002
7290002319016,false,אבקת אפיה 10 יח' מיה,,,אבקת אפיה 10 יח' מיה,גרמים,100.00,100 גרם,false,,1.90,0.0190,true,1,11209
7290002319023,false,1/10 סוכר וניל,,,1/10 סוכר וניל,גרמים,100.00,100 גרם,false,,1.90,0.0190,true,1,11210
7290002319054,false,פרג טחון 100ג,,,פרג טחון 100ג,גרמים,100.00,100 גרם,false,,4.90,0.0490,true,1,11213
7290002319061,false,.קוקוס טחון 100 גר.,,,.קוקוס טחון 100 גר.,גרמים,100.00,100 גרם,false,,3.90,0.0390,true,1,11214
7290002319078,false,שומשום 100ג,,,שומשום 100ג,גרמים,100.00,100 גרם,false,,3.90,0.0390,true,1,11215
7290002319115,false,חומוס גדול מיה 500 ג,,,חומוס גדול מיה 500 ג,גרמים,500.00,100 גרם,false,,8.90,0.0178,true,1,11218
7290002319122,false,גריסים מיה 500 גרם,,,גריסים מיה 500 גרם,גרמים,500.00,100 גרם,false,,4.90,0.0098,true,1,11219
7290002319139,false,שעועית מיה 500 גרם,,,שעועית מיה 500 גרם,גרמים,500.00,100 גרם,false,,7.90,0.0158,true,1,11220
7290002319146,false,שעועית אדומה מיה 500,,,שעועית אדומה מיה 500,גרמים,500.00,100 גרם,false,,8.90,0.0178,true,1,11221
7290002319160,false,אפונה יבשה מיה 500 ג,,,אפונה יבשה מיה 500 ג,גרמים,500.00,100 גרם,false,,4.90,0.0098,true,1,11222
7290002319177,false,פופקורן מיה 500 גרם,,,פופקורן מיה 500 גרם,גרמים,500.00,100 גרם,false,,5.90,0.0118,true,1,11223
7290002319184,false,עדשים אדומים מיה 500,,,עדשים אדומים מיה 500,גרמים,500.00,100 גרם,false,,8.90,0.0178,true,1,11224
7290002319191,false,עדשים ירוקים מיה 500,,,עדשים ירוקים מיה 500,גרמים,500.00,100 גרם,false,,6.90,0.0138,true,1,11225
7290002319207,false,כוסמת מיה 500 גרם,,,כוסמת מיה 500 גרם,גרמים,500.00,100 גרם,false,,7.90,0.0158,true,1,11226
7290002319221,false,חיטה מיה 500 גרם,,,חיטה מיה 500 גרם,גרמים,500.00,100 גרם,false,,5.50,0.0110,true,1,11228
7290002319344,false,שקד טבעי מיה 100 גרם,,,שקד טבעי מיה 100 גרם,גרמים,100.00,100 גרם,false,,11.90,0.1190,true,1,11232
7290002319375,false,קורנפלור 250 גר בד`ץ,,,קורנפלור 250 גר בד`ץ,גרמים,200.00,100 גרם,false,,2.90,0.0145,true,1,11233
7290002319528,false,קמח מצה מיה 200 גרם,,,קמח מצה מיה 200 גרם,גרמים,200.00,100 גרם,false,,2.90,0.0145,true,1,11242
7290002319740,false,אגוז טחון 100 גרם,,,אגוז טחון 100 גרם,גרמים,100.00,100 גרם,false,,10.90,0.1090,true,1,11255
7290002319788,false,תמצית אפיה רום,,,תמצית אפיה רום,מיליליטרים,60.00,"100 מ""ל",false,,2.90,0.0483,true,1,11258
7290002319849,false,שזיף מיובש 200 גרם ב,,,שזיף מיובש 200 גרם ב,גרמים,200.00,100 גרם,false,,9.90,0.0495,true,1,11261
7290002327042,false,"בורקס תפו""א 800 ג",,,"בורקס תפו""א 800 ג",גרמים,800.00,100 גרם,false,,19.90,0.0249,true,1,12087
7290002327059,false,בצק עלים 1 ק`ג,,,בצק עלים 1 ק`ג,אלף,1.00,"ק""ג",false,,19.90,19.9000,true,1,12088
7290002327073,false,בורקס גבינה 800 גרם,,,בורקס גבינה 800 גרם,גרמים,800.00,100 גרם,false,,19.90,0.0249,true,1,12090
7290002329626,false,עוגת שיש עוגל'ה 350,,,עוגת שיש עוגל'ה 350,גרמים,350.00,100 גרם,false,,5.90,0.0169,true,1,4600
7290002331025,false,נביעות 1/2 ליטר ספור,,,נביעות 1/2 ליטר ספור,מיליליטרים,500.00,"100 מ""ל",false,,3.90,0.0078,true,1,7276
7290002331322,false,מי נביעות שישייה 1.5,,,מי נביעות שישייה 1.5,ארגז,9.00,ליטר,false,,10.90,1.2111,true,1,7286
7290002331360,false,נביעות TO GO שישייה,,,נביעות TO GO שישייה,ארגז,3.00,ליטר,false,,13.90,4.6333,true,1,7287
7290002331421,false,נביעות 6*755מל,,,נביעות 6*755מל,ארגז,4.53,ליטר,false,,17.90,3.9514,true,1,7288
7290002344056,false,מטליות מיקרופייבר  מ,,,מטליות מיקרופייבר  מ,אין,0.00,יחידה,false,,12.90,0.0000,true,1,400095
7290002345015,false,סינטה דקדק 250 גרם,,,סינטה דקדק 250 גרם,גרמים,250.00,100 גרם,false,,17.90,0.0716,true,1,12094
7290002345022,false,אנטריקוט  דקדק 250 ג,,,אנטריקוט  דקדק 250 ג,גרמים,250.00,100 גרם,false,,15.90,0.0636,true,1,12095
7290002353836,false,סרדינים רוברט בשמן ז,,,סרדינים רוברט בשמן ז,גרמים,120.00,100 גרם,false,,8.90,0.0742,true,1,127190
7290002360285,false,פומפדור חליטת קמומיל,,,פומפדור חליטת קמומיל,גרמים,30.00,100 גרם,false,,15.90,0.5300,true,1,14505
7290002371526,false,טירת צבי סלסולי פסטר,,,טירת צבי סלסולי פסטר,גרמים,120.00,100 גרם,false,,13.90,0.1158,true,1,16401
7290002371540,false,טירת צבי קורנדביף דק,,,טירת צבי קורנדביף דק,גרמים,120.00,100 גרם,false,,13.90,0.1158,true,1,16403
7290002371854,false,נקניקיות עוף מתובלות,,,נקניקיות עוף מתובלות,אלף,1.00,"ק""ג",false,,24.90,24.9000,true,1,16405
7290002371939,false,טירת צבי סרוולד צרפת,,,טירת צבי סרוולד צרפת,גרמים,120.00,100 גרם,false,,27.00,0.2250,true,1,16406
7290002374268,false,שמן חמניות מילומור 1,,,שמן חמניות מילומור 1,ארגז,1.00,ליטר,false,,9.90,9.9000,true,1,222228
7290002374312,false,שמן קנולה מילומור 1,,,שמן קנולה מילומור 1,ארגז,1.00,ליטר,false,,11.90,11.9000,true,1,18821
7290002374640,false,שמן קנולה פלוס אומגה,,,שמן קנולה פלוס אומגה,ארגז,1.00,ליטר,false,,16.90,16.9000,true,1,18822
7290002404637,false,יין וירטואוז שירז 75,,,יין וירטואוז שירז 75,מיליליטרים,750.00,"100 מ""ל",false,,45.90,0.0612,true,1,9860
7290002404828,false,תירוש ארזה 1 ליטר,,,תירוש ארזה 1 ליטר,ארגז,1.00,ליטר,false,,15.90,15.9000,true,1,110792
7290002407348,false,שמן זית כתית מעולה ג,,,שמן זית כתית מעולה ג,מיליליטרים,750.00,"100 מ""ל",false,,29.90,0.0399,true,1,195952
7290002407454,false,שמן זית כתית מעולה ס,,,שמן זית כתית מעולה ס,מיליליטרים,750.00,"100 מ""ל",false,,39.90,0.0532,true,1,195443
7290002410829,false,קבב מרוקאי 800 גרם,,,קבב מרוקאי 800 גרם,גרמים,800.00,100 גרם,false,,45.90,0.0574,true,1,12108
7290002461562,false,נקניקיות מיני מרגז 5,,,נקניקיות מיני מרגז 5,גרמים,500.00,100 גרם,false,,24.90,0.0498,true,1,12111
7290002478416,false,קבב כבש טורקי 800 גר,,,קבב כבש טורקי 800 גר,גרמים,800.00,100 גרם,false,,45.90,0.0574,true,1,12113
7290002507277,false,קציצות דג 700גר,,,קציצות דג 700גר,גרמים,700.00,100 גרם,false,,23.90,0.0341,true,1,12116
7290002512004,false,צנעני מלווח 900 גרם,,,צנעני מלווח 900 גרם,גרמים,900.00,100 גרם,false,,19.90,0.0221,true,1,31687
7290002512035,false,בצק עלים 1קג צנעני,,,בצק עלים 1קג צנעני,אלף,1.00,"ק""ג",false,,13.90,13.9000,true,1,31689
7290002512257,false,מלווח מופחת שומן 700,,,מלווח מופחת שומן 700,גרמים,700.00,100 גרם,false,,17.90,0.0256,true,1,31690
7290002515371,false,קמיל בלו משפחתי 1 לי,,,קמיל בלו משפחתי 1 לי,ארגז,1.00,ליטר,false,,26.90,26.9000,true,1,18716
7290002517283,false,טעם וריח פלפל שחור ג,,,טעם וריח פלפל שחור ג,גרמים,40.00,100 גרם,false,,6.80,0.1700,true,1,26175
7290002517337,false,תבלין אורגנו בשקית ט,,,תבלין אורגנו בשקית ט,גרמים,20.00,100 גרם,false,,6.80,0.3400,true,1,26176
7290002517375,false,תבלין בזיליקום בשקית,,,תבלין בזיליקום בשקית,גרמים,30.00,100 גרם,false,,6.80,0.2267,true,1,26177
7290002517566,false,תערובת תיבול לדג טעם,,,תערובת תיבול לדג טעם,גרמים,80.00,100 גרם,false,,10.50,0.1313,true,1,241900
7290002517580,false,תערובת תיבול לעוף טע,,,תערובת תיבול לעוף טע,גרמים,80.00,100 גרם,false,,10.50,0.1313,true,1,241902
7290002517726,false,תבלין מקל קינמון טעם,,,תבלין מקל קינמון טעם,גרמים,15.00,100 גרם,false,,7.40,0.4933,true,1,241829
7290002517863,false,תבלין ציפורן טחון טע,,,תבלין ציפורן טחון טע,גרמים,40.00,100 גרם,false,,8.00,0.2000,true,1,241845
7290002542506,false,קורונה בירה בקבוק 35,,,קורונה בירה בקבוק 35,מיליליטרים,355.00,"100 מ""ל",false,,6.90,0.0194,true,1,18975
7290002542780,false,סטלה ארטואה בקבוק 6*,,,סטלה ארטואה בקבוק 6*,ארגז,1.98,ליטר,false,,35.90,18.1313,true,1,89638
7290002542841,false,בירה לף בלונד -שישיה,,,בירה לף בלונד -שישיה,ארגז,1.98,ליטר,false,,49.90,25.2020,true,1,115481
7290002542865,false,בירה הוגרדן -שישיה *,,,בירה הוגרדן -שישיה *,ארגז,1.98,ליטר,false,,49.90,25.2020,true,1,115482
7290002543046,false,פרוסטיס דגני קלוגס 7,,,פרוסטיס דגני קלוגס 7,גרמים,750.00,100 גרם,false,,15.90,0.0212,true,1,6377
7290002543237,false,קורנפלקס קלוגס 750 ג,,,קורנפלקס קלוגס 750 ג,גרמים,750.00,100 גרם,false,,14.90,0.0199,true,1,6379
7290002603498,false,פיצת השף מאיטליה CHE,,,פיצת השף מאיטליה CHE,גרמים,220.00,100 גרם,false,,16.90,0.0768,true,1,12122
7290002603504,false,פיצת השף מאיטליה CHE,,,פיצת השף מאיטליה CHE,גרמים,200.00,100 גרם,false,,16.90,0.0845,true,1,12123
7290002628293,false,טחון עוף קפוא 500 גר,,,טחון עוף קפוא 500 גר,גרמים,500.00,100 גרם,false,,9.90,0.0198,true,1,22559
7290002651116,false,"גחנון חמסי 1 ק""ג",,,"גחנון חמסי 1 ק""ג",אלף,1.00,"ק""ג",false,,15.90,15.9000,true,1,12126
7290002651123,false,"מלווח חמסי 1 ק""ג",,,"מלווח חמסי 1 ק""ג",אלף,1.00,"ק""ג",false,,15.90,15.9000,true,1,12127
7290002651253,false,ג'חנון אפוי חמסי  60,,,ג'חנון אפוי חמסי  60,גרמים,600.00,100 גרם,false,,15.90,0.0265,true,1,12128
7290002661023,false,לחם אחיד ברמן 750 גר,,,לחם אחיד ברמן 750 גר,גרמים,750.00,100 גרם,false,,4.90,0.0065,true,1,26748
7290002692393,false,שמן קנולה מועשר עץ ה,,,שמן קנולה מועשר עץ ה,ארגז,1.00,ליטר,false,,15.90,15.9000,true,1,18824
7290002692478,false,שמן זית כתית מעולה מ,,,שמן זית כתית מעולה מ,מיליליטרים,750.00,"100 מ""ל",false,,33.90,0.0452,true,1,2970
7290002692775,false,תרסיס שמן קנולה בטעם,,,תרסיס שמן קנולה בטעם,מיליליטרים,200.00,"100 מ""ל",false,,15.90,0.0795,true,1,18828
7290002692782,false,תרסיס שמן זית עץ הזי,,,תרסיס שמן זית עץ הזי,מיליליטרים,200.00,"100 מ""ל",false,,15.90,0.0795,true,1,18829
7290002703068,false,צנצנת דבש עין חרוד 1,,,צנצנת דבש עין חרוד 1,אלף,1.00,"ק""ג",false,,41.90,41.9000,true,1,29277
7290002703310,false,צנצנת דבש עין חרוד 5,,,צנצנת דבש עין חרוד 5,גרמים,500.00,100 גרם,false,,21.90,0.0438,true,1,29278
7290002703358,false,צנצנת דבש עין חרוד 3,,,צנצנת דבש עין חרוד 3,גרמים,350.00,100 גרם,false,,16.50,0.0471,true,1,29279
7290002703402,false,דבש עין חרוד 400 גרם,,,דבש עין חרוד 400 גרם,גרמים,400.00,100 גרם,false,,19.90,0.0497,true,1,29280
7290002703426,false,דבש לחיץ מכוורת 250,,,דבש לחיץ מכוורת 250,גרמים,250.00,100 גרם,false,,12.90,0.0516,true,1,29281
7290002703617,false,סילאן 100% טבעי לחיץ,,,סילאן 100% טבעי לחיץ,גרמים,385.00,100 גרם,false,,12.90,0.0335,true,1,29282
7290002703655,false,סילאן 100% טבעי עין,,,סילאן 100% טבעי עין,גרמים,385.00,100 גרם,false,,12.90,0.0335,true,1,29283
7290002703662,false,סילאן 100% טבעי צנצנ,,,סילאן 100% טבעי צנצנ,גרמים,900.00,100 גרם,false,,21.90,0.0243,true,1,29284
7290002715375,false,קבב יווני 400 גרם,,,קבב יווני 400 גרם,גרמים,400.00,100 גרם,false,,16.90,0.0422,true,1,12130
7290002730262,false,פלמוליב לכלים קלאסי,,,פלמוליב לכלים קלאסי,מיליליטרים,750.00,"100 מ""ל",false,,11.90,0.0159,true,1,14506
7290002730521,false,צמרונים בקופסא בלונס,,,צמרונים בקופסא בלונס,אין,0.00,יחידה,false,,5.90,0.0000,true,1,14508
7290002730675,false,משחת שיניים משפחתי ק,,,משחת שיניים משפחתי ק,מיליליטרים,100.00,"100 מ""ל",false,,10.90,0.1090,true,1,14510
7290002730811,false,משחת שיניים גל משפחת,,,משחת שיניים גל משפחת,מיליליטרים,100.00,"100 מ""ל",false,,13.10,0.1310,true,1,14511
7290002730941,false,צמר גפן פרוס בלונס 1,,,צמר גפן פרוס בלונס 1,גרמים,100.00,100 גרם,false,,5.90,0.0590,true,1,14513
7290002730958,false,סבון מוצק ירוק זית פ,,,סבון מוצק ירוק זית פ,גרמים,400.00,100 גרם,false,,16.90,0.0422,true,1,14514
7290002735014,false,ינון מלווח ארוז 800,,,ינון מלווח ארוז 800,גרמים,800.00,100 גרם,false,,12.80,0.0160,true,1,2477
7290002735021,false,ינון גחנון ארוז 750,,,ינון גחנון ארוז 750,גרמים,750.00,100 גרם,false,,11.90,0.0159,true,1,2478
7290002735113,false,בורקס גבינה ינון 800,,,בורקס גבינה ינון 800,גרמים,800.00,100 גרם,false,,15.80,0.0198,true,1,2479
7290002735120,false,"בורקס תפו""א ינון 800",,,"בורקס תפו""א ינון 800",גרמים,800.00,100 גרם,false,,13.80,0.0173,true,1,2480
7290002735274,false,ינון גחנון אפוי 600,,,ינון גחנון אפוי 600,גרמים,600.00,100 גרם,false,,14.80,0.0247,true,1,2481
7290002752493,false,טיק טק 1/4,,,טיק טק 1/4,גרמים,64.00,100 גרם,false,,9.90,0.1547,true,1,25658
7290002753223,false,טיק טק תפוז 4/1,,,טיק טק תפוז 4/1,גרמים,64.00,100 גרם,false,,9.90,0.1547,true,1,25659
7290002757139,false,שלושת האופים מלוואח,,,שלושת האופים מלוואח,גרמים,700.00,100 גרם,false,,12.90,0.0184,true,1,12135
7290002757511,false,דלידג קציצות דג לביש,,,דלידג קציצות דג לביש,גרמים,750.00,100 גרם,false,,30.90,0.0412,true,1,12136
7290002757535,false,בורקס פילו אצבעות גב,,,בורקס פילו אצבעות גב,גרמים,700.00,100 גרם,false,,19.90,0.0284,true,1,12137
7290002768036,false,"מי פה תיאדנט 150 מ""ל",,,"מי פה תיאדנט 150 מ""ל",מיליליטרים,150.00,"100 מ""ל",false,,15.90,0.1060,true,1,19122
7290002768043,false,מי פה ענק תיאדנט 150,,,מי פה ענק תיאדנט 150,מיליליטרים,150.00,"100 מ""ל",false,,15.90,0.1060,true,1,19123
7290002768074,false,סבון נוזלי דרמופון 1,,,סבון נוזלי דרמופון 1,אין,0.00,יחידה,false,,16.90,0.0000,true,1,19124
7290002768159,false,קצף אמבט בת אורן 500,,,קצף אמבט בת אורן 500,מיליליטרים,500.00,"100 מ""ל",false,,16.90,0.0338,true,1,19125
7290002775010,false,מיני בורקס פילו גבינ,,,מיני בורקס פילו גבינ,גרמים,650.00,100 גרם,false,,19.90,0.0306,true,1,12141
7290002782131,false,דאו' ספריי לאישה פ.ר,,,דאו' ספריי לאישה פ.ר,מיליליטרים,150.00,"100 מ""ל",false,,21.90,0.1460,true,1,12756
7290002782742,false,פנינה דאודורנט ספריי,,,פנינה דאודורנט ספריי,מיליליטרים,150.00,"100 מ""ל",false,,15.90,0.1060,true,1,12758
7290002782759,false,קרם גוף מס' 2 פנינה,,,קרם גוף מס' 2 פנינה,מיליליטרים,400.00,"100 מ""ל",false,,22.90,0.0572,true,1,12759
7290002787884,false,שלושת האופים מקלות פ,,,שלושת האופים מקלות פ,גרמים,600.00,100 גרם,false,,19.90,0.0332,true,1,12144
7290002793304,false,מיכל גז באריזה,,,מיכל גז באריזה,אין,0.00,יחידה,false,,109.00,0.0000,true,1,12452
7290002793311,false,מילוי למכשיר 50,,,מילוי למכשיר 50,אין,0.00,יחידה,false,,60.00,0.0000,true,1,12453
7290002814054,false,אנטרקטיק במתז 1 ליטר,,,אנטרקטיק במתז 1 ליטר,ארגז,1.00,ליטר,false,,8.90,8.9000,true,1,13860
7290002814160,false,מסיר שומנים קר סנט מ,,,מסיר שומנים קר סנט מ,אין,0.00,יחידה,false,,18.90,0.0000,true,1,13862
7290002814290,false,קצף מרוכז 1 ליטר בלנ,,,קצף מרוכז 1 ליטר בלנ,ארגז,1.00,ליטר,false,,10.90,10.9000,true,1,13865
7290002814603,false,מסיר שומנים קר מבושם,,,מסיר שומנים קר מבושם,מיליליטרים,750.00,"100 מ""ל",false,,10.90,0.0145,true,1,13873
7290002814870,false,מסיר שומנים קר מבושם,,,מסיר שומנים קר מבושם,מיליליטרים,750.00,"100 מ""ל",false,,10.90,0.0145,true,1,13876
7290002824183,false,גבינה לבנה 5% סקי 50,,,גבינה לבנה 5% סקי 50,גרמים,500.00,100 גרם,false,,8.90,0.0178,true,1,15451
7290002824466,false,דנונה יוגורט ביו 0%,,,דנונה יוגורט ביו 0%,מיליליטרים,200.00,"100 מ""ל",false,,3.70,0.0185,true,1,15452
7290002824640,false,גבינה 5% סקי 250 גרם,,,גבינה 5% סקי 250 גרם,גרמים,250.00,100 גרם,false,,4.98,0.0199,true,1,15453
7290002825722,false,אחלה כרוב אדום 500ג,,,אחלה כרוב אדום 500ג,גרמים,500.00,100 גרם,false,,12.90,0.0258,true,1,15454
7290002842002,false,מורנפלייק פתיתי שיבו,,,מורנפלייק פתיתי שיבו,גרמים,500.00,100 גרם,false,,9.90,0.0198,true,1,789
7290002868996,false,טרה קוטג מועשר 5% 25,,,טרה קוטג מועשר 5% 25,גרמים,250.00,100 גרם,false,,5.30,0.0212,true,1,6913
7290002871248,false,בירה טובורג רד בקבוק,,,בירה טובורג רד בקבוק,מיליליטרים,500.00,"100 מ""ל",false,,8.40,0.0168,true,1,7302
7290002871361,false,קרלסברג בירה בק.חוזר,,,קרלסברג בירה בק.חוזר,מיליליטרים,500.00,"100 מ""ל",false,,8.40,0.0168,true,1,7304
7290002881018,false,סן מורנו מעדן תות שד,,,סן מורנו מעדן תות שד,גרמים,284.00,100 גרם,false,,11.90,0.0419,true,1,16204
7290002881032,false,סן מורנו מעדן אוכמני,,,סן מורנו מעדן אוכמני,גרמים,284.00,100 גרם,false,,11.90,0.0419,true,1,16206
7290002881230,false,אננס חתוך תומר 850 ג,,,אננס חתוך תומר 850 ג,גרמים,850.00,100 גרם,false,,9.90,0.0116,true,1,16210
7290002881247,false,אננס שלם פרוסות תומר,,,אננס שלם פרוסות תומר,גרמים,850.00,100 גרם,false,,9.90,0.0116,true,1,16211
7290002881254,false,קוקטייל טרופי תומר 8,,,קוקטייל טרופי תומר 8,גרמים,850.00,100 גרם,false,,9.90,0.0116,true,1,16212
7290002881261,false,ליצי שלם תומר 565 גר,,,ליצי שלם תומר 565 גר,גרמים,565.00,100 גרם,false,,8.90,0.0158,true,1,16213
7290002881506,false,חמאת בוטנים 510 גרם,,,חמאת בוטנים 510 גרם,גרמים,510.00,100 גרם,false,,12.40,0.0243,true,1,16220
7290002881513,false,חמאת בוטנים עם שברי,,,חמאת בוטנים עם שברי,גרמים,510.00,100 גרם,false,,12.40,0.0243,true,1,16221
7290002881612,false,לפתן דובדבנים חמוצים,,,לפתן דובדבנים חמוצים,גרמים,700.00,100 גרם,false,,8.90,0.0127,true,1,16225
7290002881940,false,סרדין מרוקאי בשמן תו,,,סרדין מרוקאי בשמן תו,גרמים,125.00,100 גרם,false,,4.90,0.0392,true,1,16232
7290002881957,false,סרדין מרוקאי חריף תו,,,סרדין מרוקאי חריף תו,גרמים,125.00,100 גרם,false,,4.90,0.0392,true,1,16233
7290002904694,false,דאודורנט ספריי קלאסי,,,דאודורנט ספריי קלאסי,מיליליטרים,180.00,"100 מ""ל",false,,15.90,0.0883,true,1,19126
7290002909880,false,פולי סויה אדממה בלדי,,,פולי סויה אדממה בלדי,גרמים,400.00,100 גרם,false,,11.90,0.0298,true,1,22563
7290002909989,false,שעועית ירוקה חתוכה ב,,,שעועית ירוקה חתוכה ב,גרמים,800.00,100 גרם,false,,11.90,0.0149,true,1,436324
7290002909996,false,שעועית צהובה שלמה בל,,,שעועית צהובה שלמה בל,גרמים,800.00,100 גרם,false,,11.90,0.0149,true,1,436355
7290002921165,false,הזלין: חלב עור 250 מ,,,הזלין: חלב עור 250 מ,מיליליטרים,400.00,"100 מ""ל",false,,32.90,0.0822,true,1,9490
7290002921240,false,שמפוזר מסיר כתים משט,,,שמפוזר מסיר כתים משט,מיליליטרים,650.00,"100 מ""ל",false,,27.90,0.0429,true,1,9492
7290002921349,false,סופר גלו 3 זוגי,,,סופר גלו 3 זוגי,אין,0.00,יחידה,false,,13.90,0.0000,true,1,9494
7290002922117,false,מארז עוגיות אקלר 250,,,מארז עוגיות אקלר 250,100 יח',250.00,100 יח',false,,23.90,0.0956,true,1,237168
7290002929642,false,טונה בשמן ויליגר רבי,,,טונה בשמן ויליגר רבי,גרמים,560.00,100 גרם,false,,19.90,0.0355,true,1,12151
7290002971955,false,קמח לבן 650 ללא צורך,,,קמח לבן 650 ללא צורך,אלף,1.00,"ק""ג",false,,8.50,8.5000,true,1,8458
7290002971962,false,קמח מלא 100% ללא צור,,,קמח מלא 100% ללא צור,אלף,1.00,"ק""ג",false,,7.90,7.9000,true,1,184073
7290002971986,false,קמח שיפון ללא צורך ב,,,קמח שיפון ללא צורך ב,אלף,1.00,"ק""ג",false,,7.90,7.9000,true,1,8459
7290002971993,false,קמח כוסמין מלא ללא צ,,,קמח כוסמין מלא ללא צ,אלף,1.00,"ק""ג",false,,13.90,13.9000,true,1,8460
7290002972006,false,קמח בהיר 405 ללא צור,,,קמח בהיר 405 ללא צור,אלף,1.00,"ק""ג",false,,8.50,8.5000,true,1,8461
7290002972365,false,קמח תופח ללא צורך בנ,,,קמח תופח ללא צורך בנ,אלף,1.00,"ק""ג",false,,8.50,8.5000,true,1,8462
7290002972426,false,קמח מלא 80% ללא צורך,,,קמח מלא 80% ללא צורך,אלף,1.00,"ק""ג",false,,8.50,8.5000,true,1,8463
7290002973669,false,קמח לחם ללא צורך בני,,,קמח לחם ללא צורך בני,אלף,1.00,"ק""ג",false,,7.90,7.9000,true,1,8465
7290002973676,false,קמח לחלה ללא צורך בנ,,,קמח לחלה ללא צורך בנ,אלף,1.00,"ק""ג",false,,7.90,7.9000,true,1,8466
7290002973812,false,קמח כוסמין 80% ללא צ,,,קמח כוסמין 80% ללא צ,אלף,1.00,"ק""ג",false,,14.90,14.9000,true,1,8467
7290002974314,false,"קמח פיצה שטיבל 1 ק""ג",,,"קמח פיצה שטיבל 1 ק""ג",אלף,1.00,"ק""ג",false,,11.90,11.9000,true,1,427069
7290002974338,false,"קמח מניטובה מנופה ""0",,,"קמח מניטובה מנופה ""0",אלף,1.00,"ק""ג",false,,12.90,12.9000,true,1,124781
7290002986652,false,גטניו - פתיבר שוקו 4,,,גטניו - פתיבר שוקו 4,גרמים,470.00,100 גרם,false,,9.90,0.0211,true,1,25547
7290002987963,false,אחלה חומוס 1קג,,,אחלה חומוס 1קג,אלף,1.00,"ק""ג",false,,13.90,13.9000,true,1,15455
7290003009183,false,סירופ דיאט תפוחים פר,,,סירופ דיאט תפוחים פר,מיליליטרים,750.00,"100 מ""ל",false,,21.60,0.0288,true,1,7310
7290003009336,false,קבוקים מצופים 200 גר,,,קבוקים מצופים 200 גר,גרמים,200.00,100 גרם,false,,6.50,0.0325,true,1,10124
7290003009596,false,סירופ דיאט אשכוליות,,,סירופ דיאט אשכוליות,מיליליטרים,750.00,"100 מ""ל",false,,21.60,0.0288,true,1,7313
7290003009640,false,פריגת סחוט מיץ תפוזי,,,פריגת סחוט מיץ תפוזי,ארגז,1.00,ליטר,false,,15.90,15.9000,true,1,6914
7290003011087,false,אלסקה אורז בסמטי אלפ,,,אלסקה אורז בסמטי אלפ,אלף,1.00,"ק""ג",false,,9.90,9.9000,true,1,121365
7290003015627,false,ריצפז פרש אפרסק 2 לי,,,ריצפז פרש אפרסק 2 לי,ארגז,2.00,ליטר,false,,18.90,9.4500,true,1,19132
7290003015641,false,ריצפז פרש יסמין 2 לי,,,ריצפז פרש יסמין 2 לי,ארגז,2.00,ליטר,false,,18.90,9.4500,true,1,19134
7290003015672,false,סנו סופט מפיות צבעונ,,,סנו סופט מפיות צבעונ,אין,0.00,יחידה,false,,7.90,0.0000,true,1,19135
7290003026029,false,קמיל בלו סנסיטיב שמפ,,,קמיל בלו סנסיטיב שמפ,גרמים,500.00,100 גרם,false,,17.90,0.0358,true,1,18717
7290003026036,false,קמיל בלו סנסיטיב מוע,,,קמיל בלו סנסיטיב מוע,אין,0.00,יחידה,false,,33.90,0.0000,true,1,18718
7290003026197,false,קמיל בלו שמן טיפולי,,,קמיל בלו שמן טיפולי,מיליליטרים,500.00,"100 מ""ל",false,,30.90,0.0618,true,1,18719
7290003029181,false,יטבתה שוקו בקבוק 1ל,,,יטבתה שוקו בקבוק 1ל,ארגז,1.00,ליטר,false,,10.90,10.9000,true,1,15457
7290003029372,false,יטבתה משקה חלב בננה,,,יטבתה משקה חלב בננה,ארגז,1.00,ליטר,false,,10.90,10.9000,true,1,15460
7290003029389,false,יטבתה משקה חלב בננה+,,,יטבתה משקה חלב בננה+,מיליליטרים,250.00,"100 מ""ל",false,,5.50,0.0220,true,1,15461
7290003029532,false,יטבתה מוקה 1ל,,,יטבתה מוקה 1ל,ארגז,1.00,ליטר,false,,10.90,10.9000,true,1,15463
7290003029792,false,יטבתה מהדרין שוקו שק,,,יטבתה מהדרין שוקו שק,ארגז,1.80,ליטר,false,,18.80,10.4444,true,1,15465
7290003029815,false,חלב מועשר בכד2 ליטר,,,חלב מועשר בכד2 ליטר,ארגז,2.00,ליטר,false,,14.90,7.4500,true,1,15466
7290003029907,false,יטבתה אייס קפה 1ל,,,יטבתה אייס קפה 1ל,ארגז,1.00,ליטר,false,,10.90,10.9000,true,1,15467
7290003047642,false,תה ליפטון יילו לייבל,,,תה ליפטון יילו לייבל,גרמים,150.00,100 גרם,false,,11.90,0.0793,true,1,9057
7290003054183,false,לחם שיפון מלא מסטמכר,,,לחם שיפון מלא מסטמכר,גרמים,500.00,100 גרם,false,,13.50,0.0270,true,1,6382
7290003054190,false,לחם שיפון 3 דגנים מס,,,לחם שיפון 3 דגנים מס,גרמים,500.00,100 גרם,false,,13.50,0.0270,true,1,6383
7290003054657,false,חרדל דיג'ון אקסטרא פ,,,חרדל דיג'ון אקסטרא פ,גרמים,370.00,100 גרם,false,,9.90,0.0268,true,1,6385
7290003072804,false,טירת צבי פסטרמה של פ,,,טירת צבי פסטרמה של פ,גרמים,200.00,100 גרם,false,,19.90,0.0995,true,1,16426
7290003072859,false,רוסטביף טירת צבי 120,,,רוסטביף טירת צבי 120,גרמים,120.00,100 גרם,false,,22.90,0.1908,true,1,16431
7290003072972,false,קבנוס בתיבול שום 120,,,קבנוס בתיבול שום 120,גרמים,120.00,100 גרם,false,,9.90,0.0825,true,1,55186
7290003102136,false,צמר גפן כוטון סופט 1,,,צמר גפן כוטון סופט 1,גרמים,100.00,100 גרם,false,,4.90,0.0490,true,1,4069
7290003102976,false,קיסמי אוזניים פלסטיק,,,קיסמי אוזניים פלסטיק,אין,0.00,יחידה,false,,4.40,0.0000,true,1,4072
7290003107216,false,"קמח לבן דגן 1 ק""ג",,,"קמח לבן דגן 1 ק""ג",אלף,1.00,"ק""ג",false,,6.50,6.5000,true,1,8472
7290003107223,false,"סולת חיטה דגן 1 ק""ג",,,"סולת חיטה דגן 1 ק""ג",אלף,1.00,"ק""ג",false,,6.50,6.5000,true,1,8473
7290003107315,false,"סולת  דגן 1 ק""ג",,,"סולת  דגן 1 ק""ג",אלף,1.00,"ק""ג",false,,4.50,4.5000,true,1,8476
7290003107346,false,קמח חיטה לבן דגן 1 ק,,,קמח חיטה לבן דגן 1 ק,אלף,1.00,"ק""ג",false,,4.50,4.5000,true,1,8477
7290003126712,false,צוריאל יוגורט עיזים,,,צוריאל יוגורט עיזים,מיליליטרים,150.00,"100 מ""ל",false,,5.90,0.0393,true,1,6915
7290003126958,false,צוריאל גבינה גוש טופ,,,צוריאל גבינה גוש טופ,גרמים,300.00,100 גרם,false,,11.90,0.0397,true,1,6916
7290003141159,false,יוגטה מרשמלו 180 גר',,,יוגטה מרשמלו 180 גר',גרמים,180.00,100 גרם,false,,6.80,0.0378,true,1,25957
7290003143146,false,ממרח תמרים 450 גרם,,,ממרח תמרים 450 גרם,גרמים,450.00,100 גרם,false,,6.50,0.0144,true,1,10132
7290003143276,false,יוגטה מרשמלו מגולגל,,,יוגטה מרשמלו מגולגל,גרמים,180.00,100 גרם,false,,6.80,0.0378,true,1,25958
7290003143337,false,סילאן טבעי 350 גרם,,,סילאן טבעי 350 גרם,גרמים,350.00,100 גרם,false,,13.90,0.0397,true,1,10133
7290003144419,false,סילאן טבעי קלית גת 7,,,סילאן טבעי קלית גת 7,גרמים,710.00,100 גרם,false,,20.90,0.0294,true,1,10136
7290003163939,false,"נקניקיות גריל 1.5 ק""",,,"נקניקיות גריל 1.5 ק""",אלף,1.50,"ק""ג",false,,24.90,16.6000,true,1,12158
7290003185726,false,קבב מזרחי 500 גרם,,,קבב מזרחי 500 גרם,גרמים,500.00,100 גרם,false,,16.90,0.0338,true,1,12160
7290003208586,false,מרטיני ביאנקו 750 מל,,,מרטיני ביאנקו 750 מל,מיליליטרים,750.00,"100 מ""ל",false,,45.90,0.0612,true,1,10532
7290003208593,false,מרטיני אקסטרא דריי 7,,,מרטיני אקסטרא דריי 7,מיליליטרים,750.00,"100 מ""ל",false,,45.90,0.0612,true,1,10533
7290003208609,false,מרטיני רוסו 750 מל,,,מרטיני רוסו 750 מל,מיליליטרים,750.00,"100 מ""ל",false,,45.90,0.0612,true,1,10534
7290003217014,false,5 פיתות מזרחיות תנעמ,,,5 פיתות מזרחיות תנעמ,גרמים,500.00,100 גרם,false,,6.90,0.0138,true,1,6056
7290003217052,false,5 פיתות כפריות קלות,,,5 פיתות כפריות קלות,גרמים,500.00,100 גרם,false,,7.90,0.0158,true,1,6057
7290003220533,false,רוטב צ'ילי מתוק 700,,,רוטב צ'ילי מתוק 700,מיליליטרים,700.00,"100 מ""ל",false,,10.90,0.0156,true,1,25560
7290003220588,false,ווק רוטב צ'ילי מתוק,,,ווק רוטב צ'ילי מתוק,מיליליטרים,700.00,"100 מ""ל",false,,14.90,0.0213,true,1,183574
7290003220595,false,אורז לסושי 1 ק'ג WOK,,,אורז לסושי 1 ק'ג WOK,אלף,1.00,"ק""ג",false,,12.90,12.9000,true,1,183575
7290003220755,false,ווק רוטב סויה כהה 64,,,ווק רוטב סויה כהה 64,מיליליטרים,640.00,"100 מ""ל",false,,14.90,0.0233,true,1,183583
7290003220830,false,חומץ אורז לסושי 500,,,חומץ אורז לסושי 500,מיליליטרים,500.00,"100 מ""ל",false,,14.90,0.0298,true,1,183584
7290003220977,false,מעדני מלך ירח חצי מצ,,,מעדני מלך ירח חצי מצ,גרמים,175.00,100 גרם,false,,5.90,0.0337,true,1,65110
7290003229109,false,א.מ .פסטרמה בפפריקה,,,א.מ .פסטרמה בפפריקה,גרמים,400.00,100 גרם,false,,26.90,0.0672,true,1,16433
7290003229116,false,א.מ פסטרמה בדבש 400,,,א.מ פסטרמה בדבש 400,גרמים,400.00,100 גרם,false,,26.90,0.0672,true,1,16434
7290003229123,false,א.מ. פסטרמה על גחלים,,,א.מ. פסטרמה על גחלים,גרמים,400.00,100 גרם,false,,26.90,0.0672,true,1,16435
7290003229147,false,סלמי בסגנון איטלקי 3,,,סלמי בסגנון איטלקי 3,גרמים,300.00,100 גרם,false,,26.90,0.0897,true,1,16436
7290003229154,false,א.מ. סלמי קוניאק מוב,,,א.מ. סלמי קוניאק מוב,גרמים,300.00,100 גרם,false,,24.90,0.0830,true,1,16437
7290003229192,false,א.מ. כתף בקר מעושן 4,,,א.מ. כתף בקר מעושן 4,גרמים,400.00,100 גרם,false,,26.90,0.0672,true,1,16438
7290003268252,false,לחם חיטה מלא ללא גרע,,,לחם חיטה מלא ללא גרע,גרמים,750.00,100 גרם,false,,13.90,0.0185,true,1,6059
7290003268429,false,לחם מקמח מלא דגנית 7,,,לחם מקמח מלא דגנית 7,גרמים,750.00,100 גרם,false,,14.90,0.0199,true,1,6060
7290003287215,false,גולש בקר קפוא ארוז 8,,,גולש בקר קפוא ארוז 8,גרמים,800.00,100 גרם,false,,35.90,0.0449,true,1,22565
7290003287253,false,מרגז קצביה ארוז 600,,,מרגז קצביה ארוז 600,גרמים,600.00,100 גרם,false,,28.90,0.0482,true,1,22566
7290003310555,false,מאגדת טילון קרם עוגי,,,מאגדת טילון קרם עוגי,גרמים,400.00,100 גרם,false,,24.90,0.0622,true,1,10994
7290003321155,false,דנונה קראנצ' ששבי פק,,,דנונה קראנצ' ששבי פק,מיליליטרים,183.00,"100 מ""ל",false,,4.60,0.0251,true,1,15468
7290003321292,false,גבינה 9% סקי 250 גרם,,,גבינה 9% סקי 250 גרם,גרמים,250.00,100 גרם,false,,4.70,0.0188,true,1,15469
7290003332007,false,קפה נחלה סובחי 250ג,,,קפה נחלה סובחי 250ג,גרמים,250.00,100 גרם,false,,13.90,0.0556,true,1,21464
7290003332045,false,קפה נחלה סובחי 250 ג,,,קפה נחלה סובחי 250 ג,גרמים,250.00,100 גרם,false,,13.90,0.0556,true,1,21467
7290003401376,false,קרם לחות ועיצוב לשיע,,,קרם לחות ועיצוב לשיע,מיליליטרים,400.00,"100 מ""ל",false,,19.90,0.0497,true,1,19138
7290003401642,false,לחות לתלתול טבעי נטו,,,לחות לתלתול טבעי נטו,מיליליטרים,400.00,"100 מ""ל",false,,22.90,0.0572,true,1,19141
7290003411238,false,ברוגמן שמרים יבשים נ,,,ברוגמן שמרים יבשים נ,גרמים,500.00,100 גרם,false,,14.90,0.0298,true,1,7818
7290003411276,false,עמבה מובחרת 500 גרם,,,עמבה מובחרת 500 גרם,גרמים,500.00,100 גרם,false,,8.90,0.0178,true,1,7819
7290003411696,false,מרקיות חד פעמי 25 יח,,,מרקיות חד פעמי 25 יח,אין,0.00,יחידה,false,,9.90,0.0000,true,1,7825
7290003411993,false,גפרורים 10 יחידות,,,גפרורים 10 יחידות,אין,0.00,יחידה,false,,2.90,0.0000,true,1,7829
7290003414406,false,הרשי ריזס נטיפי אפיי,,,הרשי ריזס נטיפי אפיי,גרמים,283.00,100 גרם,false,,14.90,0.0527,true,1,10140
7290003427154,false,שמן זית כתית מעולה ז,,,שמן זית כתית מעולה ז,מיליליטרים,750.00,"100 מ""ל",false,,33.90,0.0452,true,1,16094
7290003438006,false,אוליביה ממרח פסטו אי,,,אוליביה ממרח פסטו אי,גרמים,180.00,100 גרם,false,,12.90,0.0717,true,1,32186
7290003438020,false,אוליביה ממרח עגבניות,,,אוליביה ממרח עגבניות,גרמים,190.00,100 גרם,false,,12.90,0.0679,true,1,32188
7290003438709,false,אוליביה ממרח זיתים ש,,,אוליביה ממרח זיתים ש,גרמים,190.00,100 גרם,false,,12.90,0.0679,true,1,32190
7290003438990,false,עיטורי עגבניות מיובש,,,עיטורי עגבניות מיובש,גרמים,220.00,100 גרם,false,,16.90,0.0768,true,1,32192
7290003450602,false,חרדל אמיתי צהוב בקבו,,,חרדל אמיתי צהוב בקבו,גרמים,255.00,100 גרם,false,,9.90,0.0388,true,1,6386
7290003457991,false,מאגדת קורנטו  קלאסיק,,,מאגדת קורנטו  קלאסיק,גרמים,300.00,100 גרם,false,,33.90,0.1130,true,1,5919
7290003514007,false,שקדי מרק מנה 400 גרם,,,שקדי מרק מנה 400 גרם,גרמים,400.00,100 גרם,false,,7.50,0.0188,true,1,14517
7290003521074,false,סרקל מרכך שיער לילדי,,,סרקל מרכך שיער לילדי,אין,0.00,יחידה,false,,29.90,0.0000,true,1,18722
7290003525898,false,סלט טונה ויליגר שליש,,,סלט טונה ויליגר שליש,גרמים,480.00,100 גרם,false,,14.90,0.0310,true,1,12167
7290003550753,false,טונה בהירה בשמן פוסי,,,טונה בהירה בשמן פוסי,גרמים,308.00,100 גרם,false,,19.90,0.0646,true,1,12170
7290003570171,false,מינוט שניצל 300 גר',,,מינוט שניצל 300 גר',גרמים,300.00,100 גרם,false,,22.90,0.0763,true,1,22577
7290003570928,false,קבב  בלדי קצביה ארוז,,,קבב  בלדי קצביה ארוז,גרמים,500.00,100 גרם,false,,28.90,0.0578,true,1,22580
7290003578078,false,לפתן קוקטיל טרופי פי,,,לפתן קוקטיל טרופי פי,גרמים,850.00,100 גרם,false,,9.90,0.0116,true,1,5313
7290003578177,false,תירס גמדי שלם ויליפו,,,תירס גמדי שלם ויליפו,גרמים,210.00,100 גרם,false,,6.60,0.0314,true,1,5316
7290003578313,false,דובדבנים חמוצים ללא,,,דובדבנים חמוצים ללא,גרמים,350.00,100 גרם,false,,8.90,0.0254,true,1,5318
7290003598267,false,פולי סויה מקולפים אד,,,פולי סויה מקולפים אד,גרמים,400.00,100 גרם,false,,11.90,0.0298,true,1,183616
7290003643004,false,"סוגת אורז בסמטי 1 ק""",,,"סוגת אורז בסמטי 1 ק""",אלף,1.00,"ק""ג",false,,12.90,12.9000,true,1,12312
7290003643127,false,אבקת אפיה 10 יח' במא,,,אבקת אפיה 10 יח' במא,גרמים,100.00,100 גרם,false,,1.90,0.0190,true,1,12313
7290003643134,false,סוגת סוכר וניל 10 יח,,,סוגת סוכר וניל 10 יח,גרמים,100.00,100 גרם,false,,2.50,0.0250,true,1,12314
7290003643325,false,קוסקוס בינוני סוגת 3,,,קוסקוס בינוני סוגת 3,גרמים,350.00,100 גרם,false,,4.80,0.0137,true,1,12318
7290003643387,false,סוכר לבן בצנצנת סוגת,,,סוכר לבן בצנצנת סוגת,אלף,1.00,"ק""ג",false,,7.90,7.9000,true,1,12320
7290003643646,false,סוכר דמררה בצנצנת חו,,,סוכר דמררה בצנצנת חו,אלף,1.00,"ק""ג",false,,12.90,12.9000,true,1,12321
7290003643684,false,אפונה יבשה 500 גרם,,,אפונה יבשה 500 גרם,גרמים,500.00,100 גרם,false,,5.90,0.0118,true,1,12322
7290003643707,false,סוגת גריסים 500גר,,,סוגת גריסים 500גר,גרמים,500.00,100 גרם,false,,5.50,0.0110,true,1,12323
7290003643714,false,חומוס 500 גרם,,,חומוס 500 גרם,גרמים,500.00,100 גרם,false,,7.90,0.0158,true,1,12324
7290003643738,false,סוגת חיטה 500 גר,,,סוגת חיטה 500 גר,גרמים,500.00,100 גרם,false,,5.50,0.0110,true,1,12325
7290003643745,false,כוסמת 500 גרם,,,כוסמת 500 גרם,גרמים,500.00,100 גרם,false,,7.90,0.0158,true,1,12326
7290003643752,false,עדשים ירוקות 500 גרם,,,עדשים ירוקות 500 גרם,גרמים,500.00,100 גרם,false,,7.90,0.0158,true,1,12327
7290003643769,false,עדשים אדומות 500 גרם,,,עדשים אדומות 500 גרם,גרמים,500.00,100 גרם,false,,7.90,0.0158,true,1,12328
7290003643783,false,קוקוס 100 גר,,,קוקוס 100 גר,גרמים,100.00,100 גרם,false,,3.90,0.0390,true,1,12330
7290003643806,false,שעועית לבנה 500 גרם,,,שעועית לבנה 500 גרם,גרמים,500.00,100 גרם,false,,10.90,0.0218,true,1,12331
7290003643813,false,שעועית אדומה 500 גרם,,,שעועית אדומה 500 גרם,גרמים,500.00,100 גרם,false,,10.90,0.0218,true,1,12332
7290003681334,false,קוקוס 400 גר. בדצ,,,קוקוס 400 גר. בדצ,גרמים,400.00,100 גרם,false,,11.90,0.0298,true,1,11282
7290003681693,false,חומוס לבן ענק מיה 50,,,חומוס לבן ענק מיה 50,גרמים,500.00,100 גרם,false,,10.90,0.0218,true,1,11290
7290003681716,false,גריסי פנינה 500 גרם,,,גריסי פנינה 500 גרם,גרמים,500.00,100 גרם,false,,4.90,0.0098,true,1,11291
7290003681945,false,מיץ לימון סחוט טבעי,,,מיץ לימון סחוט טבעי,מיליליטרים,500.00,"100 מ""ל",false,,8.90,0.0178,true,1,11301
7290003706167,false,בצל ירוק ארוז,,,בצל ירוק ארוז,יח',1.00,יח',false,,5.90,5.9000,true,1,22699
7290003718627,false,פול ירוק בלדי 400 גר,,,פול ירוק בלדי 400 גר,גרמים,400.00,100 גרם,false,,11.90,0.0298,true,1,436281
7290003726141,false,טופו משק גאיה  300ג,,,טופו משק גאיה  300ג,גרמים,300.00,100 גרם,false,,10.90,0.0363,true,1,11075
7290003726615,false,טופו ויילר 300 גרם.,,,טופו ויילר 300 גרם.,גרמים,300.00,100 גרם,false,,10.90,0.0363,true,1,15470
7290003726868,false,טופו חומוס עם עגבניו,,,טופו חומוס עם עגבניו,גרמים,300.00,100 גרם,false,,12.90,0.0430,true,1,250651
7290003726875,false,טופו חומוס עם פסטו 3,,,טופו חומוס עם פסטו 3,גרמים,300.00,100 גרם,false,,12.90,0.0430,true,1,250652
7290003781850,false,גבינת קשקבל פרוסות 2,,,גבינת קשקבל פרוסות 2,גרמים,200.00,100 גרם,false,,19.90,0.0995,true,1,134638
7290003804252,false,תיבולית בנוסח הודי ק,,,תיבולית בנוסח הודי ק,גרמים,72.00,100 גרם,false,,7.90,0.1097,true,1,9061
7290003804320,false,תיבוליות שום ופטרוזי,,,תיבוליות שום ופטרוזי,גרמים,72.00,100 גרם,false,,7.30,0.1014,true,1,134035
7290003804368,false,תיבולית בזיליקום קנו,,,תיבולית בזיליקום קנו,גרמים,72.00,100 גרם,false,,7.30,0.1014,true,1,9062
7290003804382,false,תיבולית פטריות קנור,,,תיבולית פטריות קנור,גרמים,72.00,100 גרם,false,,7.30,0.1014,true,1,9064
7290003805501,false,פתית שוודי חסכוני בד,,,פתית שוודי חסכוני בד,גרמים,300.00,100 גרם,false,,16.90,0.0563,true,1,9067
7290003805587,false,פתית חיטה מלאה בד'ץ,,,פתית חיטה מלאה בד'ץ,גרמים,250.00,100 גרם,false,,16.90,0.0676,true,1,9068
7290003807178,false,רוטב סויה בסגנון סינ,,,רוטב סויה בסגנון סינ,מיליליטרים,300.00,"100 מ""ל",false,,10.50,0.0350,true,1,9073
7290003807482,false,"רוטב טריאקי 300 מ""ל",,,"רוטב טריאקי 300 מ""ל",מיליליטרים,300.00,"100 מ""ל",false,,10.50,0.0350,true,1,9074
7290003882922,false,עלי גפן ממולאים באור,,,עלי גפן ממולאים באור,גרמים,360.00,100 גרם,false,,8.90,0.0247,true,1,5326
7290003976140,false,נוזל רצפות דוחה חרקי,,,נוזל רצפות דוחה חרקי,ארגז,2.00,ליטר,false,,17.90,8.9500,true,1,24256
7290003976270,false,"די תוש טאצ' 300 מ""ל",,,"די תוש טאצ' 300 מ""ל",מיליליטרים,300.00,"100 מ""ל",false,,9.90,0.0330,true,1,24260
7290003989096,false,אחלה חציל פיקנטי 500,,,אחלה חציל פיקנטי 500,גרמים,500.00,100 גרם,false,,14.90,0.0298,true,1,15471
7290003989539,false,EAT GOOD רביולי גבינ,,,EAT GOOD רביולי גבינ,גרמים,400.00,100 גרם,false,,16.90,0.0422,true,1,15472
7290003989553,false,שטראוס טורטליני פטרי,,,שטראוס טורטליני פטרי,גרמים,400.00,100 גרם,false,,16.90,0.0422,true,1,15473
7290004011260,false,קפה עם תחליף חלב על,,,קפה עם תחליף חלב על,מיליליטרים,426.00,"100 מ""ל",false,,9.90,0.0232,true,1,422408
7290004011284,false,ריצ בסיס להכנת קצפת,,,ריצ בסיס להכנת קצפת,מיליליטרים,212.00,"100 מ""ל",false,,6.80,0.0321,true,1,12171
7290004011338,false,ריצ קצפת במיכל 250מל,,,ריצ קצפת במיכל 250מל,מיליליטרים,250.00,"100 מ""ל",false,,8.90,0.0356,true,1,12173
7290004011345,false,קצפת ריץ במיכל פרווה,,,קצפת ריץ במיכל פרווה,מיליליטרים,238.00,"100 מ""ל",false,,8.90,0.0374,true,1,12174
7290004011802,false,טיבון ויל צוריסוס אל,,,טיבון ויל צוריסוס אל,גרמים,400.00,100 גרם,false,,21.90,0.0547,true,1,12177
7290004030100,false,מיץ תפוזים סחוט וולנ,,,מיץ תפוזים סחוט וולנ,ארגז,1.00,ליטר,false,,15.90,15.9000,true,1,30050
7290004030216,false,פריניב נקטר חמוציות,,,פריניב נקטר חמוציות,ארגז,1.00,ליטר,false,,12.70,12.7000,true,1,30052
7290004030612,false,פרי ניב מיץ קיוי אגס,,,פרי ניב מיץ קיוי אגס,ארגז,1.00,ליטר,false,,14.90,14.9000,true,1,30057
7290004030834,false,מיץ סחוט רימונים 100,,,מיץ סחוט רימונים 100,ארגז,1.00,ליטר,false,,23.80,23.8000,true,1,30064
7290004063016,false,"מלח שולחן סלית 1 ק""ג",,,"מלח שולחן סלית 1 ק""ג",אלף,1.00,"ק""ג",false,,1.70,1.7000,true,1,11629
7290004063115,false,מלח מטבח גס לבישול כ,,,מלח מטבח גס לבישול כ,אלף,1.00,"ק""ג",false,,1.70,1.7000,true,1,11630
7290004064099,false,מטחנה מלח מהרי ההימל,,,מטחנה מלח מהרי ההימל,גרמים,250.00,100 גרם,false,,15.90,0.0636,true,1,12336
7290004064174,false,מלח ההימלאיה דק בצנצ,,,מלח ההימלאיה דק בצנצ,אלף,1.00,"ק""ג",false,,16.90,16.9000,true,1,12337
7290004064280,false,מלח מופחת נתרן בצנצנ,,,מלח מופחת נתרן בצנצנ,גרמים,600.00,100 גרם,false,,17.90,0.0298,true,1,12341
7290004064303,false,מלח אטלנטי בצנצנת הא,,,מלח אטלנטי בצנצנת הא,גרמים,800.00,100 גרם,false,,17.90,0.0224,true,1,12343
7290004064327,false,מלח פלוס פפריקה מלחי,,,מלח פלוס פפריקה מלחי,גרמים,175.00,100 גרם,false,,9.90,0.0566,true,1,96646
7290004064334,false,מלח פלוס שום מלחייה,,,מלח פלוס שום מלחייה,גרמים,175.00,100 גרם,false,,9.90,0.0566,true,1,96647
7290004064365,false,מלח דק מועשר ביוד קר,,,מלח דק מועשר ביוד קר,אלף,1.00,"ק""ג",false,,5.90,5.9000,true,1,12345
7290004064389,false,מלח הימלאיה דק מלחיי,,,מלח הימלאיה דק מלחיי,גרמים,250.00,100 גרם,false,,9.90,0.0396,true,1,51638
7290004068011,false,גד יוגורט כבשים 5% 6,,,גד יוגורט כבשים 5% 6,מיליליטרים,600.00,"100 מ""ל",false,,15.90,0.0265,true,1,11076
7290004068028,false,גד משקה צזיקי 2% 500,,,גד משקה צזיקי 2% 500,מיליליטרים,500.00,"100 מ""ל",false,,9.90,0.0198,true,1,11077
7290004068035,false,גד משקה איירן בסגנון,,,גד משקה איירן בסגנון,גרמים,500.00,100 גרם,false,,7.90,0.0158,true,1,11078
7290004068172,false,גד יוגורט עיזים 5% 6,,,גד יוגורט עיזים 5% 6,מיליליטרים,600.00,"100 מ""ל",false,,15.90,0.0265,true,1,11079
7290004078225,false,מי פה פלקס סופט מינט,,,מי פה פלקס סופט מינט,מיליליטרים,500.00,"100 מ""ל",false,,30.90,0.0618,true,1,14521
7290004078263,false,צמרונים בקופסא זוג ב,,,צמרונים בקופסא זוג ב,אין,0.00,יחידה,false,,9.90,0.0000,true,1,14522
7290004078270,false,פלמוליב לכלים לימון-,,,פלמוליב לכלים לימון-,אין,0.00,יחידה,false,,13.90,0.0000,true,1,14523
7290004078690,false,אגקס כלורון נוזל לני,,,אגקס כלורון נוזל לני,מיליליטרים,750.00,"100 מ""ל",false,,14.90,0.0199,true,1,14524
7290004078942,false,דיאודורנט ג'ל מרענן,,,דיאודורנט ג'ל מרענן,גרמים,65.00,100 גרם,false,,17.90,0.2754,true,1,14525
7290004119225,false,יופלה אננס 3% 150מל,,,יופלה אננס 3% 150מל,גרמים,150.00,100 גרם,false,,4.90,0.0327,true,1,16770
7290004119928,false,קרלו וניל 3% 125מל,,,קרלו וניל 3% 125מל,מיליליטרים,125.00,"100 מ""ל",false,,2.90,0.0232,true,1,16772
7290004119973,false,קרלו שוקולדה 3% 125מ,,,קרלו שוקולדה 3% 125מ,מיליליטרים,125.00,"100 מ""ל",false,,2.90,0.0232,true,1,16773
7290004120108,false,יופלה דיאט דובדבן 0%,,,יופלה דיאט דובדבן 0%,מיליליטרים,150.00,"100 מ""ל",false,,4.90,0.0327,true,1,16775
7290004120566,false,פיראוס בולגרית 24% 2,,,פיראוס בולגרית 24% 2,גרמים,250.00,100 גרם,false,,20.90,0.0836,true,1,16779
7290004120573,false,פיראוס בולגרית בקר 1,,,פיראוס בולגרית בקר 1,גרמים,250.00,100 גרם,false,,20.90,0.0836,true,1,16780
7290004120634,false,פיראוס בולגרית 5% 25,,,פיראוס בולגרית 5% 25,גרמים,250.00,100 גרם,false,,20.90,0.0836,true,1,16781
7290004120832,false,"חלב תנובה טרי 3% בד""",,,"חלב תנובה טרי 3% בד""",ארגז,2.00,ליטר,false,,12.46,6.2300,true,1,16782
7290004121488,false,יופלה דיאט אפרסק 0%,,,יופלה דיאט אפרסק 0%,מיליליטרים,150.00,"100 מ""ל",false,,4.90,0.0327,true,1,16783
7290004121525,false,יופלה אפרסק תות 3% 8,,,יופלה אפרסק תות 3% 8,אלף,1.20,"ק""ג",false,,29.90,24.9167,true,1,16784
7290004121754,false,יופלה קרם גבינה ותות,,,יופלה קרם גבינה ותות,גרמים,150.00,100 גרם,false,,4.90,0.0327,true,1,16785
7290004121839,false,פיראוס פטה כבשים 20%,,,פיראוס פטה כבשים 20%,גרמים,250.00,100 גרם,false,,26.90,0.1076,true,1,16786
7290004121853,false,פיראוס בולגרית בקובי,,,פיראוס בולגרית בקובי,גרמים,200.00,100 גרם,false,,19.80,0.0990,true,1,16787
7290004122119,false,שף לבן פתיתי פרמזן ל,,,שף לבן פתיתי פרמזן ל,גרמים,100.00,100 גרם,false,,10.90,0.1090,true,1,16788
7290004122195,false,גוש חלב פרוס 28% 200,,,גוש חלב פרוס 28% 200,גרמים,200.00,100 גרם,false,,12.90,0.0645,true,1,16789
7290004122270,false,עמק פרוס סגירה חוזרת,,,עמק פרוס סגירה חוזרת,גרמים,200.00,100 גרם,false,,15.80,0.0790,true,1,16790
7290004122348,false,עמק לייט 9% 200ג,,,עמק לייט 9% 200ג,גרמים,200.00,100 גרם,false,,16.50,0.0825,true,1,16791
7290004122676,false,פיראוס חמד לייט 5% 2,,,פיראוס חמד לייט 5% 2,גרמים,250.00,100 גרם,false,,17.90,0.0716,true,1,16792
7290004122683,false,עמק אצבעות 172ג,,,עמק אצבעות 172ג,גרמים,172.00,100 גרם,false,,15.80,0.0919,true,1,16793
7290004124205,false,יופלה דיאט תות 0% 15,,,יופלה דיאט תות 0% 15,מיליליטרים,150.00,"100 מ""ל",false,,4.90,0.0327,true,1,16796
7290004124847,false,שף לבן קצפת צמחית 24,,,שף לבן קצפת צמחית 24,מיליליטרים,500.00,"100 מ""ל",false,,13.90,0.0278,true,1,16797
7290004125400,false,"אשל 4.5% בד""צ מהדרין",,,"אשל 4.5% בד""צ מהדרין",מיליליטרים,200.00,"100 מ""ל",false,,1.69,0.0084,true,1,16800
7290004125417,false,"גיל 3% בד""צ מהדרין",,,"גיל 3% בד""צ מהדרין",מיליליטרים,200.00,"100 מ""ל",false,,1.51,0.0076,true,1,16801
7290004125455,false,תנובה שמנת אורגינל מ,,,תנובה שמנת אורגינל מ,מיליליטרים,200.00,"100 מ""ל",false,,2.40,0.0120,true,1,16802
7290004125462,false,תנובה שמנת חמוצה 15%,,,תנובה שמנת חמוצה 15%,מיליליטרים,500.00,"100 מ""ל",false,,6.00,0.0120,true,1,16803
7290004125509,false,תנובה שמנת חצי מנה 1,,,תנובה שמנת חצי מנה 1,מיליליטרים,100.00,"100 מ""ל",false,,1.60,0.0160,true,1,16804
7290004125578,false,משקה סויה תנובה מועש,,,משקה סויה תנובה מועש,ארגז,1.00,ליטר,false,,9.90,9.9000,true,1,16805
7290004125585,false,סויה תנובה משקה סויה,,,סויה תנובה משקה סויה,ארגז,1.00,ליטר,false,,9.90,9.9000,true,1,16806
7290004125721,false,שף לבן שמנת לבישול 1,,,שף לבן שמנת לבישול 1,מיליליטרים,250.00,"100 מ""ל",false,,7.90,0.0316,true,1,16807
7290004125738,false,שף לבן שמנת להקצפה 3,,,שף לבן שמנת להקצפה 3,מיליליטרים,250.00,"100 מ""ל",false,,6.50,0.0260,true,1,16808
7290004125776,false,עמק גבינה קשה פרוסה,,,עמק גבינה קשה פרוסה,גרמים,400.00,100 גרם,false,,27.50,0.0688,true,1,16809
7290004126674,false,עמק טל לייט 9% 200ג,,,עמק טל לייט 9% 200ג,גרמים,200.00,100 גרם,false,,18.40,0.0920,true,1,16810
7290004126759,false,יופלה דיאט פירות יער,,,יופלה דיאט פירות יער,מיליליטרים,150.00,"100 מ""ל",false,,4.90,0.0327,true,1,16811
7290004127329,false,קוטג' 5% תנובה מהדרי,,,קוטג' 5% תנובה מהדרי,גרמים,250.00,100 גרם,false,,5.40,0.0216,true,1,16814
7290004127336,false,קוטג' תנובה מהדרין 9,,,קוטג' תנובה מהדרין 9,גרמים,250.00,100 גרם,false,,5.40,0.0216,true,1,16815
7290004127800,false,תנובה גבינה לבנה 5%,,,תנובה גבינה לבנה 5%,גרמים,500.00,100 גרם,false,,9.96,0.0199,true,1,16817
7290004127817,false,תנובה גבינה לבנה 9%,,,תנובה גבינה לבנה 9%,גרמים,500.00,100 גרם,false,,9.20,0.0184,true,1,16818
7290004127862,false,תנובה גבינה למריחה מ,,,תנובה גבינה למריחה מ,גרמים,750.00,100 גרם,false,,14.90,0.0199,true,1,16819
7290004128333,false,פיראוס לאבנה גביע %9,,,פיראוס לאבנה גביע %9,גרמים,500.00,100 גרם,false,,19.90,0.0398,true,1,16821
7290004128432,false,שף לבן פתיתי גבינה מ,,,שף לבן פתיתי גבינה מ,גרמים,500.00,100 גרם,false,,21.90,0.0438,true,1,16824
7290004129101,false,נפוליאון בטעם טבעי 2,,,נפוליאון בטעם טבעי 2,גרמים,225.00,100 גרם,false,,13.90,0.0618,true,1,16825
7290004129156,false,נפוליאון שום שמיר 25,,,נפוליאון שום שמיר 25,גרמים,225.00,100 גרם,false,,13.90,0.0618,true,1,16827
7290004129767,false,יופלה לבן מאגדת 3% 8,,,יופלה לבן מאגדת 3% 8,אלף,1.20,"ק""ג",false,,17.50,14.5833,true,1,16831
7290004130794,false,סויה תנובה טבעי במתי,,,סויה תנובה טבעי במתי,ארגז,1.00,ליטר,false,,9.90,9.9000,true,1,16835
7290004130916,false,יופלה בטעם פירות יער,,,יופלה בטעם פירות יער,גרמים,150.00,100 גרם,false,,4.90,0.0327,true,1,16836
7290004131074,false,חלב תנובה הומוגני מה,,,חלב תנובה הומוגני מה,ארגז,1.00,ליטר,false,,6.23,6.2300,true,1,16837
7290004131432,false,יופלה לבן 3% 200מל,,,יופלה לבן 3% 200מל,מיליליטרים,200.00,"100 מ""ל",false,,3.90,0.0195,true,1,16841
7290004131456,false,יופלה לבן 1.5% 200מל,,,יופלה לבן 1.5% 200מל,מיליליטרים,200.00,"100 מ""ל",false,,3.90,0.0195,true,1,16842
7290004131814,false,פיראוס צפתית מעודנת,,,פיראוס צפתית מעודנת,גרמים,200.00,100 גרם,false,,13.80,0.0690,true,1,16844
7290004132552,false,סויה תנובה לייט בטעם,,,סויה תנובה לייט בטעם,ארגז,1.00,ליטר,false,,9.90,9.9000,true,1,16848
7290004132712,false,עמק אצבעות מוצרלה 20,,,עמק אצבעות מוצרלה 20,גרמים,174.00,100 גרם,false,,15.80,0.0908,true,1,16850
7290004133511,false,יופלה לבן מעודן 1.5%,,,יופלה לבן מעודן 1.5%,ארגז,1.20,ליטר,false,,19.50,16.2500,true,1,16854
7290004135058,false,קרלו מהדרין מיני שוק,,,קרלו מהדרין מיני שוק,מיליליטרים,800.00,"100 מ""ל",false,,13.90,0.0174,true,1,16859
7290004135225,false,מעדן תנובה דיאט שוקו,,,מעדן תנובה דיאט שוקו,מיליליטרים,150.00,"100 מ""ל",false,,3.90,0.0260,true,1,16862
7290004135614,false,פיראוס בולגרית מעודנ,,,פיראוס בולגרית מעודנ,גרמים,250.00,100 גרם,false,,19.80,0.0792,true,1,16864
7290004136598,false,מארז הפסקת אוכל חלב,,,מארז הפסקת אוכל חלב,גרמים,150.00,100 גרם,false,,9.50,0.0633,true,1,16868
7290004136857,false,ג'לי תנובה פטל 125מל,,,ג'לי תנובה פטל 125מל,מיליליטרים,125.00,"100 מ""ל",false,,2.50,0.0200,true,1,16869
7290004136864,false,ג'לי תנובה אננס עם ח,,,ג'לי תנובה אננס עם ח,מיליליטרים,125.00,"100 מ""ל",false,,2.90,0.0232,true,1,16870
7290004136871,false,ג'לי תנובה אפרסק עם,,,ג'לי תנובה אפרסק עם,מיליליטרים,125.00,"100 מ""ל",false,,2.90,0.0232,true,1,16871
7290004137021,false,שף לבן שמנת לבישול 1,,,שף לבן שמנת לבישול 1,מיליליטרים,250.00,"100 מ""ל",false,,7.90,0.0316,true,1,16872
7290004137311,false,עמק לייט משפחתית 9%,,,עמק לייט משפחתית 9%,גרמים,400.00,100 גרם,false,,29.80,0.0745,true,1,16873
7290004137809,false,פיראוס לאבנה 5% 250ג,,,פיראוס לאבנה 5% 250ג,גרמים,250.00,100 גרם,false,,11.90,0.0476,true,1,16874
7290004150112,false,חומוס מזרחי 300 גרם,,,חומוס מזרחי 300 גרם,גרמים,300.00,100 גרם,false,,14.90,0.0497,true,1,430626
7290004150136,false,חציל על האש 300 גרם,,,חציל על האש 300 גרם,גרמים,300.00,100 גרם,false,,14.90,0.0497,true,1,430628
7290004150143,false,חציל במיונז 300 גרם,,,חציל במיונז 300 גרם,גרמים,300.00,100 גרם,false,,14.90,0.0497,true,1,430629
7290004150150,false,חציל בטחינה 300 גרם,,,חציל בטחינה 300 גרם,גרמים,300.00,100 גרם,false,,14.90,0.0497,true,1,430630
7290004150181,false,סלט חמוצים סיני 300,,,סלט חמוצים סיני 300,גרמים,300.00,100 גרם,false,,14.90,0.0497,true,1,430633
7290004150198,false,סלק מגורד 300 גרם,,,סלק מגורד 300 גרם,גרמים,300.00,100 גרם,false,,14.90,0.0497,true,1,430634
7290004150204,false,סלט מטבוחה 300 גרם,,,סלט מטבוחה 300 גרם,גרמים,300.00,100 גרם,false,,14.90,0.0497,true,1,430635
7290004150211,false,סלט תורכי איסטנבול 3,,,סלט תורכי איסטנבול 3,גרמים,300.00,100 גרם,false,,14.90,0.0497,true,1,430636
7290004150235,false,חומוס עם חריף 300 גר,,,חומוס עם חריף 300 גר,גרמים,300.00,100 גרם,false,,14.90,0.0497,true,1,430638
7290004150372,false,חומוס עם וואסבי 300,,,חומוס עם וואסבי 300,גרמים,300.00,100 גרם,false,,14.90,0.0497,true,1,430644
7290004199784,false,כפפות לאטקס סייף טאצ,,,כפפות לאטקס סייף טאצ,אין,0.00,יחידה,false,,22.90,0.0000,true,1,4083
7290004199807,false,כפפות לאטקס סייף טאצ,,,כפפות לאטקס סייף טאצ,אין,0.00,יחידה,false,,22.90,0.0000,true,1,4085
7290004200244,false,פרסים רמה 3,,,פרסים רמה 3,אין,0.00,יחידה,false,,9.50,0.0000,true,1,20764
7290004225285,false,סגנון דנאבלו 100 גרם,,,סגנון דנאבלו 100 גרם,גרמים,100.00,100 גרם,false,,9.90,0.0990,true,1,12180
7290004230081,false,שגב קציצות עוף ברוטב,,,שגב קציצות עוף ברוטב,גרמים,800.00,100 גרם,false,,24.90,0.0311,true,1,12184
7290004324858,false,קבב כבש 500 גרם,,,קבב כבש 500 גרם,גרמים,500.00,100 גרם,false,,16.90,0.0338,true,1,12196
7290004492274,false,טבעות מלוחות 400 גר,,,טבעות מלוחות 400 גר,גרמים,400.00,100 גרם,false,,9.90,0.0248,true,1,1130
7290004537241,false,אפונת גינה קפואה 800,,,אפונת גינה קפואה 800,גרמים,800.00,100 גרם,false,,11.90,0.0149,true,1,31696
7290004537258,false,אפונה וגזר 800 גר שד,,,אפונה וגזר 800 גר שד,גרמים,800.00,100 גרם,false,,11.90,0.0149,true,1,31697
7290004537272,false,פול קפוא 800גר שדה ב,,,פול קפוא 800גר שדה ב,גרמים,800.00,100 גרם,false,,17.90,0.0224,true,1,31699
7290004537296,false,שעועית ירוקה שלמה קפ,,,שעועית ירוקה שלמה קפ,גרמים,800.00,100 גרם,false,,7.20,0.0090,true,1,31701
7290004537326,false,לקט ירקות העונה 800,,,לקט ירקות העונה 800,גרמים,800.00,100 גרם,false,,11.90,0.0149,true,1,31703
7290004537333,false,חומוס גרגירים 800 גר,,,חומוס גרגירים 800 גר,גרמים,800.00,100 גרם,false,,11.90,0.0149,true,1,31704
7290004554354,false,פנטסיה שוקו וניל 900,,,פנטסיה שוקו וניל 900,מיליליטרים,900.00,"100 מ""ל",false,,19.90,0.0221,true,1,5922
7290004554903,false,פנטסיה שוקו וניל פרו,,,פנטסיה שוקו וניל פרו,מיליליטרים,900.00,"100 מ""ל",false,,19.90,0.0221,true,1,5926
7290004584306,false,גמדים תות בננה 4*100,,,גמדים תות בננה 4*100,מיליליטרים,400.00,"100 מ""ל",false,,10.80,0.0270,true,1,15474
7290004584351,false,סימפוניה חמישית 200ג,,,סימפוניה חמישית 200ג,גרמים,200.00,100 גרם,false,,11.50,0.0575,true,1,15475
7290004584528,false,דנונה יוגורט טבעי 1.,,,דנונה יוגורט טבעי 1.,מיליליטרים,200.00,"100 מ""ל",false,,3.70,0.0185,true,1,15476
7290004603175,false,מלח ים האדום גס הארץ,,,מלח ים האדום גס הארץ,גרמים,500.00,100 גרם,false,,7.90,0.0158,true,1,12346
7290004658847,false,"תירוש כרמל 187 מ""ל",,,"תירוש כרמל 187 מ""ל",מיליליטרים,187.00,"100 מ""ל",false,,5.90,0.0316,true,1,3924
7290004731076,false,אלסבון אלוורה כיף 1,,,אלסבון אלוורה כיף 1,ארגז,1.00,ליטר,false,,12.90,12.9000,true,1,19144
7290004731083,false,אלסבון ג'נסנג כיף 1,,,אלסבון ג'נסנג כיף 1,ארגז,1.00,ליטר,false,,12.90,12.9000,true,1,19145
7290004731410,false,כרית קרצוף סנו סושי,,,כרית קרצוף סנו סושי,אין,0.00,יחידה,false,,9.90,0.0000,true,1,19150
7290004731472,false,שלישיית אלסבון צבעונ,,,שלישיית אלסבון צבעונ,ארגז,1.50,ליטר,false,,19.90,13.2667,true,1,19151
7290004731519,false,סנו מקסימה למייבש סנ,,,סנו מקסימה למייבש סנ,מיליליטרים,750.00,"100 מ""ל",false,,17.90,0.0239,true,1,19152
7290004731564,false,סנו מקסימה מבשם ומרכ,,,סנו מקסימה מבשם ומרכ,מיליליטרים,750.00,"100 מ""ל",false,,17.90,0.0239,true,1,19153
7290004731670,false,דואופרש פצ'ולי לבנדר,,,דואופרש פצ'ולי לבנדר,מיליליטרים,300.00,"100 מ""ל",false,,11.90,0.0397,true,1,19154
7290004731984,false,אורביטול משחת שיניים,,,אורביטול משחת שיניים,גרמים,145.00,100 גרם,false,,14.90,0.1028,true,1,19157
7290004829230,false,מגב פטנט 50,,,מגב פטנט 50,אין,0.00,יחידה,false,,16.90,0.0000,true,1,6795
7290005008184,false,סבון נוזלי חלב שקדים,,,סבון נוזלי חלב שקדים,מיליליטרים,500.00,"100 מ""ל",false,,15.90,0.0318,true,1,14527
7290005020162,false,וויסקי בלנטיין 700 מ,,,וויסקי בלנטיין 700 מ,מיליליטרים,700.00,"100 מ""ל",false,,84.90,0.1213,true,1,21478
7290005020346,false,בקרדי קרטה בלנקה סופ,,,בקרדי קרטה בלנקה סופ,מיליליטרים,750.00,"100 מ""ל",false,,102.90,0.1372,true,1,10536
7290005040993,false,ערמונים קלויים קלופי,,,ערמונים קלויים קלופי,יח',1.00,יח',false,,4.90,4.9000,true,1,679
7290005041136,false,"קבב גמבו רומני 1 ק""ג",,,"קבב גמבו רומני 1 ק""ג",אלף,1.00,"ק""ג",false,,45.90,45.9000,true,1,12198
7290005041167,false,קבב גמבו עגל וכבש 1,,,קבב גמבו עגל וכבש 1,אלף,1.00,"ק""ג",false,,45.90,45.9000,true,1,12199
7290005041198,false,"קבב ביתי 1ק""ג",,,"קבב ביתי 1ק""ג",אלף,1.00,"ק""ג",false,,45.90,45.9000,true,1,12200
7290005084355,false,משחת שיניים דואל קר,,,משחת שיניים דואל קר,מיליליטרים,75.00,"100 מ""ל",false,,20.90,0.2787,true,1,5680
7290005113222,false,זיתים מיקס יבנה 540,,,זיתים מיקס יבנה 540,גרמים,340.00,100 גרם,false,,9.90,0.0291,true,1,32281
7290005174513,false,חציל במיונז אחלה 500,,,חציל במיונז אחלה 500,גרמים,500.00,100 גרם,false,,14.90,0.0298,true,1,15478
7290005174551,false,אחלה חומוס 125ג,,,אחלה חומוס 125ג,גרמים,125.00,100 גרם,false,,4.90,0.0392,true,1,15479
7290005174568,false,אחלה חציל במיונז 125,,,אחלה חציל במיונז 125,גרמים,125.00,100 גרם,false,,4.90,0.0392,true,1,15480
7290005174575,false,אחלה טחינה 125גר,,,אחלה טחינה 125גר,גרמים,125.00,100 גרם,false,,4.90,0.0392,true,1,15481
7290005197758,false,חיוכים של שוקו,,,חיוכים של שוקו,גרמים,150.00,100 גרם,false,,4.90,0.0327,true,1,14943
7290005199578,false,עלית אוריגינס קפה נט,,,עלית אוריגינס קפה נט,גרמים,200.00,100 גרם,false,,33.90,0.1695,true,1,14946
7290005200786,false,תפוציפס שמנת ובצל 50,,,תפוציפס שמנת ובצל 50,גרמים,50.00,100 גרם,false,,3.90,0.0780,true,1,15894
7290005201455,false,ארומה קפה נמס 200 גר,,,ארומה קפה נמס 200 גר,גרמים,200.00,100 גרם,false,,21.90,0.1095,true,1,14949
7290005201882,false,טורקי עלית 200 גר',,,טורקי עלית 200 גר',גרמים,200.00,100 גרם,false,,14.90,0.0745,true,1,14950
7290005287206,false,טונה בשמן סטארקיסט ר,,,טונה בשמן סטארקיסט ר,גרמים,640.00,100 גרם,false,,24.90,0.0389,true,1,17387
7290005287213,false,טונה בשמן סטארקיסט ב,,,טונה בשמן סטארקיסט ב,גרמים,640.00,100 גרם,false,,24.90,0.0389,true,1,17388
7290005287251,false,טונה במים סטארקיסט ר,,,טונה במים סטארקיסט ר,גרמים,640.00,100 גרם,false,,24.90,0.0389,true,1,17389
7290005287930,false,טונה במים סטארקיסט ב,,,טונה במים סטארקיסט ב,גרמים,640.00,100 גרם,false,,24.90,0.0389,true,1,17395
7290005296246,false,יעקבי פותח סתימות אק,,,יעקבי פותח סתימות אק,מיליליטרים,946.00,"100 מ""ל",false,,26.90,0.0284,true,1,9496
7290005296260,false,אסטוניש רסס ונגב 750,,,אסטוניש רסס ונגב 750,מיליליטרים,750.00,"100 מ""ל",false,,11.90,0.0159,true,1,9497
7290005326387,false,עגבניות מיובשות בשמן,,,עגבניות מיובשות בשמן,גרמים,280.00,100 גרם,false,,16.90,0.0604,true,1,32193
7290005326523,false,אוליביה ממרח פסטו פט,,,אוליביה ממרח פסטו פט,גרמים,180.00,100 גרם,false,,12.90,0.0717,true,1,32194
7290005326585,false,אוליביה פסטו בזיליקו,,,אוליביה פסטו בזיליקו,גרמים,180.00,100 גרם,false,,11.90,0.0661,true,1,16876
7290005400155,false,פתיתים אפויים כוסמין,,,פתיתים אפויים כוסמין,גרמים,500.00,100 גרם,false,,14.90,0.0298,true,1,25206
7290005403965,false,פולי סויה 800 גר' שד,,,פולי סויה 800 גר' שד,גרמים,800.00,100 גרם,false,,14.90,0.0186,true,1,693
7290005403972,false,תחתיות ארטישוק 400 ג,,,תחתיות ארטישוק 400 ג,גרמים,400.00,100 גרם,false,,15.90,0.0398,true,1,31708
7290005403989,false,במיה קפואה 600 גרם ש,,,במיה קפואה 600 גרם ש,גרמים,600.00,100 גרם,false,,10.90,0.0182,true,1,31709
7290005418716,false,לחות לבניית תלתלים נ,,,לחות לבניית תלתלים נ,מיליליטרים,400.00,"100 מ""ל",false,,22.90,0.0572,true,1,19159
7290005423055,false,מתז פורטה פלוס בניחו,,,מתז פורטה פלוס בניחו,ליטרים,1.00,100 ליטר,false,,17.90,17.9000,true,1,19160
7290005423253,false,סנו מקסימה למייבש או,,,סנו מקסימה למייבש או,מיליליטרים,750.00,"100 מ""ל",false,,17.90,0.0239,true,1,19163
7290005423420,false,משמיד עש מבושם,,,משמיד עש מבושם,אין,0.00,יחידה,false,,21.90,0.0000,true,1,19168
7290005423499,false,סנו נירוסטה אירוסול,,,סנו נירוסטה אירוסול,מיליליטרים,476.00,"100 מ""ל",false,,19.90,0.0418,true,1,19170
7290005423567,false,סנו סושי מטלית לכל 3,,,סנו סושי מטלית לכל 3,אין,0.00,יחידה,false,,19.90,0.0000,true,1,19173
7290005423635,false,נוזל לניקוי רצפות דו,,,נוזל לניקוי רצפות דו,ארגז,2.00,ליטר,false,,21.90,10.9500,true,1,19174
7290005423734,false,מרכך כביסה סנו מקסימ,,,מרכך כביסה סנו מקסימ,ארגז,4.00,ליטר,false,,22.90,5.7250,true,1,19175
7290005423833,false,סנו פוליויקס פרקט 2,,,סנו פוליויקס פרקט 2,ארגז,2.00,ליטר,false,,21.90,10.9500,true,1,19176
7290005423918,false,מרכך כביסה סנו מקסימ,,,מרכך כביסה סנו מקסימ,ארגז,4.00,ליטר,false,,23.90,5.9750,true,1,19179
7290005424113,false,סנו סושי מטליות רצפה,,,סנו סושי מטליות רצפה,אין,0.00,יחידה,false,,12.90,0.0000,true,1,19181
7290005424403,false,אל סבון אצות ים כיף,,,אל סבון אצות ים כיף,ארגז,1.00,ליטר,false,,12.90,12.9000,true,1,19183
7290005424700,false,פורטה פלוס - קצף ברי,,,פורטה פלוס - קצף ברי,מיליליטרים,1.00,"100 מ""ל",false,,17.90,17.9000,true,1,19187
7290005424762,false,ריצפז פלוס ווקס דוחה,,,ריצפז פלוס ווקס דוחה,ארגז,2.00,ליטר,false,,28.90,14.4500,true,1,19189
7290005424847,false,סנו סופט מפיות 30*30,,,סנו סופט מפיות 30*30,אין,0.00,יחידה,false,,7.90,0.0000,true,1,19193
7290005425110,false,מתז מחטא ומשמיד 99.9,,,מתז מחטא ומשמיד 99.9,מיליליטרים,750.00,"100 מ""ל",false,,12.90,0.0172,true,1,2157
7290005425127,false,מתז 99.9% מנקה שומני,,,מתז 99.9% מנקה שומני,מיליליטרים,750.00,"100 מ""ל",false,,12.90,0.0172,true,1,183650
7290005425196,false,אבקת כביסה סנו מקסימ,,,אבקת כביסה סנו מקסימ,אלף,2.50,"ק""ג",false,,26.90,10.7600,true,1,19199
7290005425202,false,אבקת כביסה סנו מקסימ,,,אבקת כביסה סנו מקסימ,אלף,2.50,"ק""ג",false,,26.90,10.7600,true,1,19200
7290005425646,false,סנוקליר נוזל רב תכלי,,,סנוקליר נוזל רב תכלי,אין,0.00,יחידה,false,,11.90,0.0000,true,1,19202
7290005425714,false,סנו שמפו שטיחים פלוס,,,סנו שמפו שטיחים פלוס,מיליליטרים,600.00,"100 מ""ל",false,,26.90,0.0448,true,1,19203
7290005426230,false,סנו סושי מטלית הפלא,,,סנו סושי מטלית הפלא,אין,0.00,יחידה,false,,12.90,0.0000,true,1,19210
7290005426940,false,סנו 300 K פלוס 8,,,סנו 300 K פלוס 8,מיליליטרים,400.00,"100 מ""ל",false,,19.90,0.0497,true,1,19221
7290005426964,false,סנובון כחול שלישיה ב,,,סנובון כחול שלישיה ב,גרמים,165.00,100 גרם,false,,15.90,0.0964,true,1,19222
7290005426971,false,סנובון כחול שלישיה ב,,,סנובון כחול שלישיה ב,גרמים,165.00,100 גרם,false,,15.90,0.0964,true,1,19223
7290005427107,false,סנו סושי מגבות הפלא,,,סנו סושי מגבות הפלא,מטרים,63.50,מטר,false,,11.90,0.1874,true,1,19224
7290005427725,false,ליטופים מגבונים מבוש,,,ליטופים מגבונים מבוש,אין,0.00,יחידה,false,,18.90,0.0000,true,1,19230
7290005427978,false,תחליב רחצה לפנים קרמ,,,תחליב רחצה לפנים קרמ,מיליליטרים,180.00,"100 מ""ל",false,,13.90,0.0772,true,1,19237
7290005428845,false,סנו סופט מפיות 33*33,,,סנו סופט מפיות 33*33,אין,0.00,יחידה,false,,7.90,0.0000,true,1,19239
7290005428852,false,סנו סופט מגבוני טישו,,,סנו סופט מגבוני טישו,אין,0.00,יחידה,false,,14.90,0.0000,true,1,19240
7290005429279,false,אבקת כביסה סנו מקסימ,,,אבקת כביסה סנו מקסימ,אלף,6.00,"ק""ג",false,,49.90,8.3167,true,1,19243
7290005429286,false,אבקת כביסה סנו מקסימ,,,אבקת כביסה סנו מקסימ,אלף,6.00,"ק""ג",false,,49.90,8.3167,true,1,19244
7290005430602,false,סנו אוקסיג'ן מסיר כת,,,סנו אוקסיג'ן מסיר כת,מיליליטרים,750.00,"100 מ""ל",false,,17.90,0.0239,true,1,19246
7290005430671,false,סנו פוליווקס קרמיקה,,,סנו פוליווקס קרמיקה,ארגז,2.00,ליטר,false,,20.90,10.4500,true,1,19247
7290005431159,false,תותים בקצפת לייט 80,,,תותים בקצפת לייט 80,גרמים,80.00,100 גרם,false,,6.90,0.0863,true,1,162625
7290005431883,false,עדן מלבי חלבי 165 גר,,,עדן מלבי חלבי 165 גר,גרמים,165.00,100 גרם,false,,6.90,0.0418,true,1,16881
7290005431906,false,עדן קדאיף 82 גרם,,,עדן קדאיף 82 גרם,גרמים,82.00,100 גרם,false,,6.90,0.0841,true,1,16883
7290005431913,false,קינוחי עדן עוגת גבינ,,,קינוחי עדן עוגת גבינ,גרמים,92.00,100 גרם,false,,6.90,0.0750,true,1,16884
7290005431920,false,עדן עוגת גבינה פירור,,,עדן עוגת גבינה פירור,גרמים,78.00,100 גרם,false,,6.90,0.0885,true,1,16885
7290005431937,false,עדן טירמיסו 82 גרם,,,עדן טירמיסו 82 גרם,גרמים,82.00,100 גרם,false,,6.90,0.0841,true,1,16886
7290005431951,false,עדן מוס שוקולד 75 גר,,,עדן מוס שוקולד 75 גר,גרמים,75.00,100 גרם,false,,6.90,0.0920,true,1,16887
7290005477669,false,סבון נוזלי מועשר בלח,,,סבון נוזלי מועשר בלח,אין,0.00,יחידה,false,,16.90,0.0000,true,1,19249
7290005543296,false,שריר בשר מס' 8 מחפוד,,,שריר בשר מס' 8 מחפוד,קילוגרמים,1.00,"ק""ג",true,,54.90,54.9000,true,1,84992
7290005559587,false,מאפה נקניקיות 800גר,,,מאפה נקניקיות 800גר,גרמים,800.00,100 גרם,false,,29.90,0.0374,true,1,22746
7290005559709,false,בורקס פיצה 700 גרם,,,בורקס פיצה 700 גרם,גרמים,700.00,100 גרם,false,,24.90,0.0356,true,1,22747
7290005559907,false,פיצה משפחתית גבינה 5,,,פיצה משפחתית גבינה 5,גרמים,500.00,100 גרם,false,,19.90,0.0398,true,1,22748
7290005559914,false,פיצה משפחתית זיתים 5,,,פיצה משפחתית זיתים 5,גרמים,550.00,100 גרם,false,,19.90,0.0362,true,1,22749
7290005559990,false,בצק פילאס תורכי מעדנ,,,בצק פילאס תורכי מעדנ,גרמים,600.00,100 גרם,false,,19.90,0.0332,true,1,22750
7290005576010,false,חסה מהדרין,,,חסה מהדרין,יח',1.00,יח',false,,7.90,7.9000,true,1,27617
7290005576027,false,פטרוזיליה גלאט עלים,,,פטרוזיליה גלאט עלים,יח',1.00,יח',false,,6.90,6.9000,true,1,27618
7290005576034,false,כוסברה מהדרין,,,כוסברה מהדרין,יח',1.00,יח',false,,6.90,6.9000,true,1,27619
7290005576041,false,שמיר מהדרין,,,שמיר מהדרין,יח',1.00,יח',false,,6.90,6.9000,true,1,27620
7290005576058,false,נענע מהדרין,,,נענע מהדרין,יח',1.00,יח',false,,6.90,6.9000,true,1,27621
7290005576065,false,סלרי מהדרין,,,סלרי מהדרין,יח',1.00,יח',false,,7.90,7.9000,true,1,27622
7290005576072,false,מנגולד מהדרין,,,מנגולד מהדרין,יח',1.00,יח',false,,7.90,7.9000,true,1,27623
7290005576089,false,בצל ירוק מהדרין,,,בצל ירוק מהדרין,יח',1.00,יח',false,,7.90,7.9000,true,1,27624
7290005576096,false,כרוב לבן גלאט,,,כרוב לבן גלאט,קילוגרמים,1.00,"ק""ג",true,,15.90,15.9000,true,1,27609
7290005576164,false,עשבי תיבול מהדרין,,,עשבי תיבול מהדרין,יח',1.00,יח',false,,8.90,8.9000,true,1,27627
7290005576201,false,כרוב לבן קצוץ 400 גר,,,כרוב לבן קצוץ 400 גר,גרמים,400.00,100 גרם,false,,12.90,0.0323,true,1,27629
7290005576218,false,כרוב אדום 400 גרם,,,כרוב אדום 400 גרם,גרמים,400.00,100 גרם,false,,12.90,0.0323,true,1,27630
7290005576225,false,קולסלאו 400 גרם בדץ,,,קולסלאו 400 גרם בדץ,גרמים,400.00,100 גרם,false,,12.90,0.0323,true,1,14043
7290005576348,false,גזרדק דק 250 גרם,,,גזרדק דק 250 גרם,גרמים,250.00,100 גרם,false,,7.90,0.0316,true,1,27639
7290005591761,false,דבש טהור מפרחי בר בל,,,דבש טהור מפרחי בר בל,גרמים,400.00,100 גרם,false,,20.90,0.0522,true,1,14951
7290005610011,false,תפו`א אדום דוד משה,,,תפו`א אדום דוד משה,קילוגרמים,1.00,"ק""ג",true,,5.90,5.9000,true,1,32554
7290005610127,false,תפו`א גורמה  לבן דוד,,,תפו`א גורמה  לבן דוד,קילוגרמים,1.00,"ק""ג",true,,7.90,7.9000,true,1,32556
7290005610196,false,תפו`א בייבי גורמה,,,תפו`א בייבי גורמה,קילוגרמים,1.00,"ק""ג",true,,4.90,4.9000,true,1,32557
7290005838002,false,דניאלה מעדן גבינה 15,,,דניאלה מעדן גבינה 15,מיליליטרים,150.00,"100 מ""ל",false,,4.10,0.0273,true,1,15483
7290005838613,false,גבינה וניל 3% סקי 12,,,גבינה וניל 3% סקי 12,גרמים,125.00,100 גרם,false,,3.90,0.0312,true,1,15484
7290005839078,false,דנונה ביו מארז חסכון,,,דנונה ביו מארז חסכון,אלף,1.20,"ק""ג",false,,16.90,14.0833,true,1,15486
7290005839108,false,סימפוניה עם זיתים 5%,,,סימפוניה עם זיתים 5%,גרמים,200.00,100 גרם,false,,11.50,0.0575,true,1,15487
7290005839313,false,מילקי טופ מגולגלת 14,,,מילקי טופ מגולגלת 14,מיליליטרים,142.00,"100 מ""ל",false,,4.90,0.0345,true,1,15488
7290005896439,false,מכבי בקבוק חוזר 500,,,מכבי בקבוק חוזר 500,מיליליטרים,500.00,"100 מ""ל",false,,8.00,0.0160,true,1,8586
7290005896460,false,איגל בירה חזקה 7.8%,,,איגל בירה חזקה 7.8%,מיליליטרים,500.00,"100 מ""ל",false,,6.90,0.0138,true,1,8588
7290005896620,false,סאן בנדטו מים מינרלי,,,סאן בנדטו מים מינרלי,ארגז,1.50,ליטר,false,,4.50,3.0000,true,1,8589
7290005901362,false,קבב רומני מעדני המנג,,,קבב רומני מעדני המנג,גרמים,400.00,100 גרם,false,,12.90,0.0323,true,1,31712
7290005901409,false,"""טעים טעים"" נקניקיות",,,"""טעים טעים"" נקניקיות",גרמים,500.00,100 גרם,false,,28.90,0.0578,true,1,31716
7290005901454,false,סטייק מינוט טעים טעי,,,סטייק מינוט טעים טעי,גרמים,300.00,100 גרם,false,,35.90,0.1197,true,1,31721
7290005902048,false,מטאטא גומי `רב מגב,,,מטאטא גומי `רב מגב,אין,0.00,יחידה,false,,59.90,0.0000,true,1,29300
7290005902185,false,יעה הפלא,,,יעה הפלא,אין,0.00,יחידה,false,,75.00,0.0000,true,1,29303
7290005902345,false,מטאטא גומי `רב מגב 2,,,מטאטא גומי `רב מגב 2,אין,0.00,יחידה,false,,59.90,0.0000,true,1,29305
7290005902505,false,רב מגב 2 גומי טבעי,,,רב מגב 2 גומי טבעי,אין,0.00,יחידה,false,,62.90,0.0000,true,1,288552
7290005938238,false,פרסקו ממרח מצונן צ'י,,,פרסקו ממרח מצונן צ'י,גרמים,220.00,100 גרם,false,,17.90,0.0814,true,1,12201
7290005938245,false,פרסקו ממרח מצונן פסט,,,פרסקו ממרח מצונן פסט,גרמים,220.00,100 גרם,false,,17.90,0.0814,true,1,12202
7290005966033,false,יקבי רמת הגולן הר חר,,,יקבי רמת הגולן הר חר,מיליליטרים,750.00,"100 מ""ל",false,,32.90,0.0439,true,1,25747
7290005966088,false,יקבי רמת הגולן הר חר,,,יקבי רמת הגולן הר חר,מיליליטרים,750.00,"100 מ""ל",false,,32.90,0.0439,true,1,25748
7290005992018,false,גד יוגורט עיזים 3% 5,,,גד יוגורט עיזים 3% 5,מיליליטרים,500.00,"100 מ""ל",false,,12.90,0.0258,true,1,11080
7290005992575,false,גד בולגרית למריחה 5%,,,גד בולגרית למריחה 5%,גרמים,250.00,100 גרם,false,,15.80,0.0632,true,1,11081
7290005992735,false,גד לאבנה 5% 250ג,,,גד לאבנה 5% 250ג,גרמים,250.00,100 גרם,false,,10.90,0.0436,true,1,11082
7290005996078,false,סלמי סרוולט הונגרי 1,,,סלמי סרוולט הונגרי 1,גרמים,125.00,100 גרם,false,,27.90,0.2232,true,1,11686
7290005996153,true,נקניקיות צרפתיות פרי,,,נקניקיות צרפתיות פרי,גרמים,280.00,100 גרם,false,,20.90,0.0746,true,1,11687
7290006065018,false,אמנון 7-9 80% דג קפו,,,אמנון 7-9 80% דג קפו,קילוגרמים,1.00,"ק""ג",true,,34.90,34.9000,true,1,373151
7290006065049,false,פילה באס יפני 7-9 20,,,פילה באס יפני 7-9 20,קילוגרמים,1.00,"ק""ג",true,,41.90,41.9000,true,1,106413
7290006065179,false,סטייק טונה קפוא בואק,,,סטייק טונה קפוא בואק,קילוגרמים,1.00,"ק""ג",true,,39.90,39.9000,true,1,52729
7290006065407,false,נתחי פילה  נסיכת הני,,,נתחי פילה  נסיכת הני,קילוגרמים,1.00,"ק""ג",true,,46.90,46.9000,true,1,106397
7290006065599,false,פילה בקלה מרלוזה ארג,,,פילה בקלה מרלוזה ארג,קילוגרמים,1.00,"ק""ג",true,,37.90,37.9000,true,1,106398
7290006185501,false,אל סבון נוזלי ורוד פ,,,אל סבון נוזלי ורוד פ,אין,0.00,יחידה,false,,8.90,0.0000,true,1,12765
7290006185518,false,אל סבון נוזלי כחול פ,,,אל סבון נוזלי כחול פ,אין,0.00,יחידה,false,,8.90,0.0000,true,1,12766
7290006199027,false,גלידל מאגדת בטעם תות,,,גלידל מאגדת בטעם תות,גרמים,600.00,100 גרם,false,,31.90,0.0532,true,1,22864
7290006199218,false,גלידל מאגדת בטעם איי,,,גלידל מאגדת בטעם איי,גרמים,400.00,100 גרם,false,,31.90,0.0797,true,1,22865
7290006199942,false,פופסיקל בטעם דובדבן,,,פופסיקל בטעם דובדבן,גרמים,640.00,100 גרם,false,,24.90,0.0389,true,1,22867
7290006229427,false,"סאן בנדטו 6*500 מ""ל",,,"סאן בנדטו 6*500 מ""ל",ארגז,3.00,ליטר,false,,11.90,3.9667,true,1,8601
7290006229588,false,איגל בירה פחית זהב 5,,,איגל בירה פחית זהב 5,מיליליטרים,500.00,"100 מ""ל",false,,5.90,0.0118,true,1,8602
7290006235244,false,קמיל צמחי מרפא פסטה,,,קמיל צמחי מרפא פסטה,גרמים,100.00,100 גרם,false,,18.90,0.1890,true,1,18737
7290006241504,false,קפוא תפוזים 340 גרם,,,קפוא תפוזים 340 גרם,גרמים,340.00,100 גרם,false,,13.90,0.0409,true,1,6918
7290006241511,false,קפוא לימון נענע 340,,,קפוא לימון נענע 340,גרמים,340.00,100 גרם,false,,13.90,0.0409,true,1,6919
7290006241535,false,קפוא מנגו 340 גרם,,,קפוא מנגו 340 גרם,גרמים,340.00,100 גרם,false,,13.90,0.0409,true,1,6920
7290006241689,false,קפוא לימון 340 גרם,,,קפוא לימון 340 גרם,גרמים,340.00,100 גרם,false,,13.90,0.0409,true,1,6921
7290006251107,false,תה מסאלה ויסוצקי 2/2,,,תה מסאלה ויסוצקי 2/2,גרמים,50.00,100 גרם,false,,18.90,0.3780,true,1,16097
7290006251275,false,תה ירוק סיני,,,תה ירוק סיני,גרמים,37.50,100 גרם,false,,23.90,0.6373,true,1,16099
7290006251343,false,תה חליטה הגן הקסום פ,,,תה חליטה הגן הקסום פ,גרמים,62.50,100 גרם,false,,17.50,0.2800,true,1,1176
7290006251589,false,תה ירוק עם עלי נענע,,,תה ירוק עם עלי נענע,גרמים,75.00,100 גרם,false,,45.90,0.6120,true,1,16101
7290006256089,false,גאטו נגרו קברנה סובי,,,גאטו נגרו קברנה סובי,מיליליטרים,750.00,"100 מ""ל",false,,39.90,0.0532,true,1,234003
7290006256102,false,גאטו נגרו מרלו 750 מ,,,גאטו נגרו מרלו 750 מ,מיליליטרים,750.00,"100 מ""ל",false,,39.90,0.0532,true,1,234017
7290006265548,false,נבטים סינים,,,נבטים סינים,יח',1.00,יח',false,,6.90,6.9000,true,1,25695
7290006265890,false,נבטי חמניה יח,,,נבטי חמניה יח,יח',1.00,יח',false,,8.90,8.9000,true,1,22702
7290006271174,false,גחנון לאפיה בתנור מע,,,גחנון לאפיה בתנור מע,גרמים,700.00,100 גרם,false,,13.90,0.0199,true,1,22751
7290006271181,false,מעדנות גחנון אפוי 75,,,מעדנות גחנון אפוי 75,גרמים,750.00,100 גרם,false,,21.90,0.0292,true,1,22752
7290006271648,false,מיני בורקס תפו`א 800,,,מיני בורקס תפו`א 800,גרמים,800.00,100 גרם,false,,19.90,0.0249,true,1,22753
7290006271655,false,מיני בורקס גבינה 800,,,מיני בורקס גבינה 800,גרמים,800.00,100 גרם,false,,19.90,0.0249,true,1,22754
7290006272072,false,חטיפי פיצה מעדנות 65,,,חטיפי פיצה מעדנות 65,גרמים,650.00,100 גרם,false,,29.90,0.0460,true,1,22756
7290006272430,false,בצק עלים חמאה 600 גר,,,בצק עלים חמאה 600 גר,גרמים,600.00,100 גרם,false,,28.90,0.0482,true,1,22757
7290006306296,false,פסטה נונה פסטה נונה,,,פסטה נונה פסטה נונה,גרמים,400.00,100 גרם,false,,21.90,0.0547,true,1,11086
7290006306302,false,פסטה נונה ריביולי פר,,,פסטה נונה ריביולי פר,גרמים,400.00,100 גרם,false,,21.90,0.0547,true,1,11087
7290006306319,false,פסטה נונה פסטה נונה,,,פסטה נונה פסטה נונה,גרמים,400.00,100 גרם,false,,21.90,0.0547,true,1,11088
7290006306326,false,פסטה נונה ריביולי פט,,,פסטה נונה ריביולי פט,גרמים,400.00,100 גרם,false,,21.90,0.0547,true,1,11089
7290006306357,false,פסטה נונה ריביולי גב,,,פסטה נונה ריביולי גב,גרמים,400.00,100 גרם,false,,22.90,0.0572,true,1,11092
7290006342447,false,גרעיני אבטיח 200  גר,,,גרעיני אבטיח 200  גר,גרמים,200.00,100 גרם,false,,12.90,0.0645,true,1,32635
7290006342645,false,טורטייה 840 גרם,,,טורטייה 840 גרם,גרמים,840.00,100 גרם,false,,14.90,0.0177,true,1,6139
7290006374738,false,קונפיטורת תות יד מור,,,קונפיטורת תות יד מור,גרמים,340.00,100 גרם,false,,11.90,0.0350,true,1,1352
7290006449955,false,מלפפון בייבי,,,מלפפון בייבי,יח',1.00,יח',false,,9.90,9.9000,true,1,103939
7290006492432,false,גד בייבי מוצרלה 150ג,,,גד בייבי מוצרלה 150ג,גרמים,170.00,100 גרם,false,,13.90,0.0818,true,1,11094
7290006492616,false,גד בולגרית פרוסות 5%,,,גד בולגרית פרוסות 5%,גרמים,250.00,100 גרם,false,,26.90,0.1076,true,1,11095
7290006492630,false,גד גבינת גליל גד עזי,,,גד גבינת גליל גד עזי,גרמים,180.00,100 גרם,false,,21.80,0.1211,true,1,11096
7290006492685,false,גד לאבנה עזים 3% 250,,,גד לאבנה עזים 3% 250,גרמים,250.00,100 גרם,false,,16.90,0.0676,true,1,11098
7290006492852,false,גד גבינת עיזים למריח,,,גד גבינת עיזים למריח,גרמים,250.00,100 גרם,false,,16.50,0.0660,true,1,11099
7290006492913,false,לאבנה ציזיקי גד 250,,,לאבנה ציזיקי גד 250,גרמים,250.00,100 גרם,false,,12.90,0.0516,true,1,11100
7290006494917,false,טוסו וופל טעם שוקולד,,,טוסו וופל טעם שוקולד,גרמים,180.00,100 גרם,false,,10.50,0.0583,true,1,6582
7290006494924,false,מרמולייט ופל בטעם לי,,,מרמולייט ופל בטעם לי,גרמים,180.00,100 גרם,false,,10.50,0.0583,true,1,6583
7290006511157,false,פטריות שלמות שמפיניו,,,פטריות שלמות שמפיניו,גרמים,230.00,100 גרם,false,,6.90,0.0300,true,1,5335
7290006511751,false,פטריות חתוכות ויליפו,,,פטריות חתוכות ויליפו,גרמים,870.00,100 גרם,false,,11.90,0.0137,true,1,3438
7290006532008,false,צ'יפס טעים טעים 1.8,,,צ'יפס טעים טעים 1.8,אלף,1.80,"ק""ג",false,,22.90,12.7222,true,1,31723
7290006556004,false,מלפפון  מובחר ארוז,,,מלפפון  מובחר ארוז,יח',1.00,יח',false,,6.90,6.9000,true,1,2843
7290006567048,false,קוסקוס ישראלי בשקית,,,קוסקוס ישראלי בשקית,גרמים,350.00,100 גרם,false,,7.90,0.0226,true,1,13075
7290006618078,false,אסטוניש מרסס ניקוי צ,,,אסטוניש מרסס ניקוי צ,מיליליטרים,750.00,"100 מ""ל",false,,11.90,0.0159,true,1,9500
7290006618085,false,אסטוניש מרסס לאמבט 7,,,אסטוניש מרסס לאמבט 7,מיליליטרים,750.00,"100 מ""ל",false,,11.90,0.0159,true,1,9501
7290006644480,false,משקה תפוזים Move תפו,,,משקה תפוזים Move תפו,מיליליטרים,500.00,"100 מ""ל",false,,5.40,0.0108,true,1,9642
7290006651730,false,20 אלכוויפס מגבונים,,,20 אלכוויפס מגבונים,אין,0.00,יחידה,false,,15.90,0.0000,true,1,42124
7290006652027,false,במבה יום הולדת מאח.1,,,במבה יום הולדת מאח.1,גרמים,300.00,100 גרם,false,,23.90,0.0797,true,1,13076
7290006653765,false,פטוציני פרפקטו 500 ג,,,פטוציני פרפקטו 500 ג,גרמים,500.00,100 גרם,false,,6.50,0.0130,true,1,13077
7290006653819,false,קוסקוס דק בשקית אסם,,,קוסקוס דק בשקית אסם,גרמים,350.00,100 גרם,false,,7.90,0.0226,true,1,13078
7290006660602,false,גרין קוקו - מי קוקוס,,,גרין קוקו - מי קוקוס,ארגז,1.00,ליטר,false,,16.90,16.9000,true,1,2112
7290006664051,false,אקטימל טבעי 14*100מל,,,אקטימל טבעי 14*100מל,ארגז,1.40,ליטר,false,,29.90,21.3571,true,1,15490
7290006664310,false,גבינה 3% סקי 250 גרם,,,גבינה 3% סקי 250 גרם,גרמים,250.00,100 גרם,false,,4.70,0.0188,true,1,15491
7290006664402,false,שטראוס גבינה 5% 750ג,,,שטראוס גבינה 5% 750ג,גרמים,750.00,100 גרם,false,,13.50,0.0180,true,1,15492
7290006664532,false,דנונה תות 3% 150מל,,,דנונה תות 3% 150מל,גרמים,150.00,100 גרם,false,,3.90,0.0260,true,1,15493
7290006664655,false,אקטימל טבעי 8*100מל,,,אקטימל טבעי 8*100מל,מיליליטרים,800.00,"100 מ""ל",false,,19.90,0.0249,true,1,15495
7290006664693,false,דנונה אפרסק 3% 150מל,,,דנונה אפרסק 3% 150מל,גרמים,150.00,100 גרם,false,,3.90,0.0260,true,1,15496
7290006664990,false,דנונה ביו מארז חיסכו,,,דנונה ביו מארז חיסכו,אלף,1.20,"ק""ג",false,,16.90,14.0833,true,1,15497
7290006681003,false,קרמיסימו תות לימון ס,,,קרמיסימו תות לימון ס,ארגז,1.33,ליטר,false,,18.90,14.2105,true,1,5929
7290006704016,false,בזיליקום ארוז יחידה,,,בזיליקום ארוז יחידה,יח',1.00,יח',false,,5.90,5.9000,true,1,22703
7290006704047,false,רוזמרין,,,רוזמרין,יח',1.00,יח',false,,5.90,5.9000,true,1,25697
7290006704092,false,מרווה יחידה,,,מרווה יחידה,יח',1.00,יח',false,,5.90,5.9000,true,1,25699
7290006704108,false,קורנית /טימין  יח',,,קורנית /טימין  יח',יח',1.00,יח',false,,5.90,5.9000,true,1,25700
7290006704511,false,תפוא ננסי מיקרוגל,,,תפוא ננסי מיקרוגל,גרמים,750.00,100 גרם,false,,6.90,0.0092,true,1,22705
7290006704733,false,אספרגוס ארוז,,,אספרגוס ארוז,יח',1.00,יח',false,,31.90,31.9000,true,1,25702
7290006712981,false,מ.שיניים סמיילס לגיל,,,מ.שיניים סמיילס לגיל,מיליליטרים,50.00,"100 מ""ל",false,,11.90,0.2380,true,1,14531
7290006739292,false,פסטרמה תבור 330גר,,,פסטרמה תבור 330גר,גרמים,330.00,100 גרם,false,,27.90,0.0845,true,1,24758
7290006739407,false,שניצל תירס לייט 630,,,שניצל תירס לייט 630,גרמים,600.00,100 גרם,false,,21.90,0.0365,true,1,805
7290006739414,false,סלמי קוניאק זוגלובק,,,סלמי קוניאק זוגלובק,גרמים,300.00,100 גרם,false,,26.90,0.0897,true,1,24760
7290006739445,false,שניצל תירס קלאסי 750,,,שניצל תירס קלאסי 750,גרמים,750.00,100 גרם,false,,21.90,0.0292,true,1,806
7290006739544,false,כתף בקר זוגלובק 300,,,כתף בקר זוגלובק 300,גרמים,300.00,100 גרם,false,,29.90,0.0997,true,1,24762
7290006741363,false,"זוגלובק בורקס תפו""א",,,"זוגלובק בורקס תפו""א",גרמים,800.00,100 גרם,false,,13.90,0.0174,true,1,24764
7290006742179,false,קבב מזרחי 400 גרם,,,קבב מזרחי 400 גרם,גרמים,400.00,100 גרם,false,,19.90,0.0497,true,1,740
7290006742278,false,פסטרממיה צלויה על לב,,,פסטרממיה צלויה על לב,גרמים,330.00,100 גרם,false,,27.90,0.0845,true,1,24765
7290006742292,false,פסטרממיה בדבש 1% 330,,,פסטרממיה בדבש 1% 330,גרמים,330.00,100 גרם,false,,27.90,0.0845,true,1,24766
7290006742315,false,חזה הודו ברביקיו 1%,,,חזה הודו ברביקיו 1%,גרמים,330.00,100 גרם,false,,27.90,0.0845,true,1,24767
7290006764072,false,גולדסטאר בירה בק חוז,,,גולדסטאר בירה בק חוז,מיליליטרים,500.00,"100 מ""ל",false,,7.90,0.0158,true,1,8605
7290006764096,false,בירה איגל בקבוק 500,,,בירה איגל בקבוק 500,מיליליטרים,500.00,"100 מ""ל",false,,6.70,0.0134,true,1,8606
7290006764157,false,בירה גולדסטאר לא מסו,,,בירה גולדסטאר לא מסו,מיליליטרים,500.00,"100 מ""ל",false,,7.90,0.0158,true,1,8608
7290006764164,false,גולדסטאר לא מסונן שי,,,גולדסטאר לא מסונן שי,ארגז,3.00,ליטר,false,,53.10,17.7000,true,1,8609
7290006764737,false,נשר מאלט דיאט בקבוק,,,נשר מאלט דיאט בקבוק,מיליליטרים,500.00,"100 מ""ל",false,,4.90,0.0098,true,1,8616
7290006765000,false,8 טורטיות חיטה מלאה,,,8 טורטיות חיטה מלאה,גרמים,540.00,100 גרם,false,,9.90,0.0183,true,1,6141
7290006775016,false,עוגת תפוז מבית טוב 4,,,עוגת תפוז מבית טוב 4,גרמים,450.00,100 גרם,false,,10.90,0.0242,true,1,4001
7290006775030,false,עוגת שוקו-ציפס מבית,,,עוגת שוקו-ציפס מבית,גרמים,450.00,100 גרם,false,,10.90,0.0242,true,1,4003
7290006775047,false,עוגת שוקולד מבית טוב,,,עוגת שוקולד מבית טוב,גרמים,450.00,100 גרם,false,,10.90,0.0242,true,1,4004
7290006775054,false,עוגת שיש מבית טוב 45,,,עוגת שיש מבית טוב 45,גרמים,450.00,100 גרם,false,,10.90,0.0242,true,1,4005
7290006775795,false,אחווה עוגת תפוע ממול,,,אחווה עוגת תפוע ממול,גרמים,450.00,100 גרם,false,,11.90,0.0264,true,1,4011
7290006784308,false,"מבשם אוויר 400 מ""ל נ",,,"מבשם אוויר 400 מ""ל נ",מיליליטרים,400.00,"100 מ""ל",false,,9.90,0.0248,true,1,152648
7290006784469,false,"מבשם אוויר 400 מ""ל נ",,,"מבשם אוויר 400 מ""ל נ",מיליליטרים,400.00,"100 מ""ל",false,,9.90,0.0248,true,1,152663
7290006784865,false,ניקוי משטחי מטבח סנט,,,ניקוי משטחי מטבח סנט,ארגז,1.00,ליטר,false,,11.90,11.9000,true,1,13882
7290006788429,false,דאו' רולאון נושם סאנ,,,דאו' רולאון נושם סאנ,גרמים,75.00,100 גרם,false,,12.90,0.1720,true,1,19267
7290006788436,false,דאו' רולאון נושם פיו,,,דאו' רולאון נושם פיו,גרמים,75.00,100 גרם,false,,12.90,0.1720,true,1,19268
7290006788443,false,דאו' רולאון נושם אוק,,,דאו' רולאון נושם אוק,גרמים,75.00,100 גרם,false,,12.90,0.1720,true,1,19269
7290006788498,false,דאו' תרסיס נושם ורוד,,,דאו' תרסיס נושם ורוד,מיליליטרים,200.00,"100 מ""ל",false,,12.90,0.0645,true,1,19273
7290006805850,false,תערובת להכנת פנקייקס,,,תערובת להכנת פנקייקס,גרמים,500.00,100 גרם,false,,16.90,0.0338,true,1,10145
7290006822192,false,אושן ספרי דיאט חמוצי,,,אושן ספרי דיאט חמוצי,ארגז,1.00,ליטר,false,,11.90,11.9000,true,1,7347
7290006908360,false,שקד קלוי 150 גר` פיצ,,,שקד קלוי 150 גר` פיצ,גרמים,150.00,100 גרם,false,,13.90,0.0927,true,1,4336
7290006908377,false,שקד טבעי 150 גר` פיצ,,,שקד טבעי 150 גר` פיצ,גרמים,150.00,100 גרם,false,,13.90,0.0927,true,1,4337
7290006908384,false,פיסטוק חלבי 150 גרם,,,פיסטוק חלבי 150 גרם,גרמים,150.00,100 גרם,false,,17.90,0.1193,true,1,4338
7290006908391,false,קשיו קלוי 150 גר` פי,,,קשיו קלוי 150 גר` פי,גרמים,150.00,100 גרם,false,,17.90,0.1193,true,1,4339
7290006908414,false,חמנייה 400 גרם,,,חמנייה 400 גרם,גרמים,400.00,100 גרם,false,,10.90,0.0273,true,1,4340
7290006983152,false,קרוטונים מתובלים אסם,,,קרוטונים מתובלים אסם,גרמים,400.00,100 גרם,false,,17.90,0.0447,true,1,13080
7290006983176,false,לחמית שיפון אסם 250,,,לחמית שיפון אסם 250,גרמים,230.00,100 גרם,false,,7.90,0.0343,true,1,13081
7290006983763,false,עוגת הבית שוקולד 400,,,עוגת הבית שוקולד 400,גרמים,400.00,100 גרם,false,,11.90,0.0298,true,1,13084
7290006983770,false,עוגת הבית שיש 400גר,,,עוגת הבית שיש 400גר,גרמים,400.00,100 גרם,false,,11.90,0.0298,true,1,13085
7290006983787,false,עוגת הבית שוקוציפס 4,,,עוגת הבית שוקוציפס 4,גרמים,400.00,100 גרם,false,,11.90,0.0298,true,1,13086
7290006983794,false,עוגת הבית תפוז 400גר,,,עוגת הבית תפוז 400גר,גרמים,400.00,100 גרם,false,,11.90,0.0298,true,1,13087
7290007811403,false,קנדה דריי גינגר בפחי,,,קנדה דריי גינגר בפחי,אין,0.00,יחידה,false,,7.10,0.0000,true,1,434865
7290008000826,false,משחת שיניים ברבי ליל,,,משחת שיניים ברבי ליל,מיליליטרים,50.00,"100 מ""ל",false,,10.90,0.2180,true,1,5684
7290008101318,false,פירורי לחם זהוב קלאס,,,פירורי לחם זהוב קלאס,גרמים,300.00,100 גרם,false,,6.90,0.0230,true,1,355563
7290008101356,false,פירורי לחם פנקו זהוב,,,פירורי לחם פנקו זהוב,גרמים,300.00,100 גרם,false,,9.90,0.0330,true,1,372980
7290008102469,false,פירורי לחם זהוב קלאס,,,פירורי לחם זהוב קלאס,גרמים,800.00,100 גרם,false,,12.90,0.0161,true,1,355606
7290008116534,false,קולמינט מי פה ליסטרי,,,קולמינט מי פה ליסטרי,מיליליטרים,250.00,"100 מ""ל",false,,17.90,0.0716,true,1,18896
7290008116565,false,מי פה פרש ליסטרין 50,,,מי פה פרש ליסטרין 50,מיליליטרים,500.00,"100 מ""ל",false,,22.90,0.0458,true,1,18899
7290008154222,false,שניצלונים עוף טוב 70,,,שניצלונים עוף טוב 70,גרמים,700.00,100 גרם,false,,19.90,0.0284,true,1,13653
7290008175173,false,חמאה מפינלנד 200גר',,,חמאה מפינלנד 200גר',גרמים,200.00,100 גרם,false,,11.90,0.0595,true,1,5337
7290008175814,false,פטריות חתוכות שמפיני,,,פטריות חתוכות שמפיני,גרמים,400.00,100 גרם,false,,4.90,0.0123,true,1,5340
7290008190640,false,אגו אגוזים בציפוי שו,,,אגו אגוזים בציפוי שו,גרמים,130.00,100 גרם,false,,6.90,0.0531,true,1,24601
7290008190664,false,אגו אגוזים 110 גרם,,,אגו אגוזים 110 גרם,גרמים,130.00,100 גרם,false,,6.90,0.0531,true,1,24602
7290008268301,false,אוכמניות,,,אוכמניות,גרמים,120.00,100 גרם,false,,11.90,0.0992,true,1,29472
7290008300308,false,45 מפת שולחן ניילון,,,45 מפת שולחן ניילון,אין,0.00,יחידה,false,,35.90,0.0000,true,1,183509
7290008300599,false,70*50 'שקיות אשפה שר,,,70*50 'שקיות אשפה שר,אין,0.00,יחידה,false,,14.90,0.0000,true,1,183512
7290008300629,false,שקיות אוכל בקופסא של,,,שקיות אוכל בקופסא של,אין,0.00,יחידה,false,,11.90,0.0000,true,1,26710
7290008333115,false,.ג'לטין טהור 28 גר,,,.ג'לטין טהור 28 גר,גרמים,28.00,100 גרם,false,,9.90,0.3536,true,1,12207
7290008340618,false,סלמון 100 מעושן מצונ,,,סלמון 100 מעושן מצונ,גרמים,100.00,100 גרם,false,,19.90,0.1990,true,1,12209
7290008343466,false,בצק פילו 500 גרם,,,בצק פילו 500 גרם,גרמים,500.00,100 גרם,false,,19.90,0.0398,true,1,12210
7290008344258,false,המבורגר מזרחי 400 ג',,,המבורגר מזרחי 400 ג',גרמים,400.00,100 גרם,false,,16.90,0.0422,true,1,12212
7290008344272,false,המבורגר 100% 400 ג'-,,,המבורגר 100% 400 ג'-,גרמים,400.00,100 גרם,false,,16.90,0.0422,true,1,12213
7290008345583,false,300 איקרה ביתית ורוד,,,300 איקרה ביתית ורוד,גרמים,300.00,100 גרם,false,,19.90,0.0663,true,1,12216
7290008347211,false,דלידג אצבעות דג 700,,,דלידג אצבעות דג 700,גרמים,700.00,100 גרם,false,,19.90,0.0284,true,1,12217
7290008409100,false,אצבעות שניצל ציפוי ש,,,אצבעות שניצל ציפוי ש,גרמים,700.00,100 גרם,false,,30.90,0.0441,true,1,16553
7290008409124,false,מאמא עוף קפוא שניצל,,,מאמא עוף קפוא שניצל,גרמים,700.00,100 גרם,false,,30.90,0.0441,true,1,16554
7290008409216,false,מאמא עוף קפוא שניצל,,,מאמא עוף קפוא שניצל,גרמים,700.00,100 גרם,false,,35.90,0.0513,true,1,16555
7290008409315,false,מאמא עוף מיני דק שני,,,מאמא עוף מיני דק שני,גרמים,500.00,100 גרם,false,,24.90,0.0498,true,1,16557
7290008409407,false,מאמא עוף שניצל דק צי,,,מאמא עוף שניצל דק צי,גרמים,700.00,100 גרם,false,,35.90,0.0513,true,1,16559
7290008409551,false,שניצל עוף אמיתי בציפ,,,שניצל עוף אמיתי בציפ,גרמים,700.00,100 גרם,false,,29.90,0.0427,true,1,16563
7290008409582,false,שניצל אמיתי בציפוי ב,,,שניצל אמיתי בציפוי ב,גרמים,700.00,100 גרם,false,,29.90,0.0427,true,1,16565
7290008409773,false,מאמא עוף קפוא קציצות,,,מאמא עוף קפוא קציצות,גרמים,700.00,100 גרם,false,,28.90,0.0413,true,1,16569
7290008443616,false,מרכך לשיער יבש אדום,,,מרכך לשיער יבש אדום,מיליליטרים,750.00,"100 מ""ל",false,,11.90,0.0159,true,1,19281
7290008443630,false,שמפו מתולתל סגול נקה,,,שמפו מתולתל סגול נקה,מיליליטרים,750.00,"100 מ""ל",false,,11.90,0.0159,true,1,19282
7290008443647,false,מרכך לשיער מתולתל סג,,,מרכך לשיער מתולתל סג,מיליליטרים,750.00,"100 מ""ל",false,,11.90,0.0159,true,1,19283
7290008461238,false,סרדינים רוברט בשמן ח,,,סרדינים רוברט בשמן ח,גרמים,115.00,100 גרם,false,,6.90,0.0600,true,1,127205
7290008464109,false,גולדסטאר לא מסונן בו,,,גולדסטאר לא מסונן בו,מיליליטרים,330.00,"100 מ""ל",false,,8.90,0.0270,true,1,8624
7290008464130,false,גולדסטאר לא מסונן 6*,,,גולדסטאר לא מסונן 6*,ארגז,1.98,ליטר,false,,36.90,18.6364,true,1,8625
7290008464208,false,בירה מכבי 7.9% בקבוק,,,בירה מכבי 7.9% בקבוק,מיליליטרים,330.00,"100 מ""ל",false,,6.50,0.0197,true,1,113615
7290008464222,false,מכבי 7.9 פחית 500 מל,,,מכבי 7.9 פחית 500 מל,מיליליטרים,500.00,"100 מ""ל",false,,7.90,0.0158,true,1,8626
7290008464345,false,"גולדסטאר בירה ח""פ 33",,,"גולדסטאר בירה ח""פ 33",אין,330.00,יחידה,false,,8.70,0.0264,true,1,8631
7290008464468,false,"גולדסטאר פחית 500מ""ל",,,"גולדסטאר פחית 500מ""ל",מיליליטרים,500.00,"100 מ""ל",false,,7.90,0.0158,true,1,8633
7290008464604,false,הייניקן בירה פח 500מ,,,הייניקן בירה פח 500מ,מיליליטרים,500.00,"100 מ""ל",false,,12.50,0.0250,true,1,8638
7290008464611,false,"מי סודה טמפו 275 מ""ל",,,"מי סודה טמפו 275 מ""ל",מיליליטרים,275.00,"100 מ""ל",false,,3.50,0.0127,true,1,8639
7290008464673,false,גולדסטאר SLOWBREW 10,,,גולדסטאר SLOWBREW 10,מיליליטרים,500.00,"100 מ""ל",false,,8.90,0.0178,true,1,8640
7290008464697,false,מכבי 7.9% בקבוק 6* 3,,,מכבי 7.9% בקבוק 6* 3,ארגז,1.98,ליטר,false,,37.90,19.1414,true,1,8641
7290008464741,false,"גולדסטאר ח""פ בקבוק 6",,,"גולדסטאר ח""פ בקבוק 6",ארגז,1.98,ליטר,false,,37.90,19.1414,true,1,8644
7290008464796,false,"הייניקן בקבוק ח""פ 6*",,,"הייניקן בקבוק ח""פ 6*",ארגז,1.98,ליטר,false,,38.90,19.6465,true,1,8645
7290008470766,false,אורביט סטיקס בטעם פפ,,,אורביט סטיקס בטעם פפ,אין,0.00,יחידה,false,,14.00,0.0000,true,1,14176
7290008496209,false,פילה סלמון קפוא 1.0-,,,פילה סלמון קפוא 1.0-,קילוגרמים,1.00,"ק""ג",true,,79.90,79.9000,true,1,169799
7290008500005,false,תערובת להכנת בראוניז,,,תערובת להכנת בראוניז,גרמים,415.00,100 גרם,false,,19.90,0.0480,true,1,123512
7290008634045,false,סאני פלסטר שקוף  30י,,,סאני פלסטר שקוף  30י,אין,0.00,יחידה,false,,6.90,0.0000,true,1,410525
7290008634700,false,כפפות לאטקס סייף טאצ,,,כפפות לאטקס סייף טאצ,אין,0.00,יחידה,false,,22.90,0.0000,true,1,4087
7290008636926,false,קקאו הולנדי 500גר. ב,,,קקאו הולנדי 500גר. ב,גרמים,500.00,100 גרם,false,,16.90,0.0338,true,1,11311
7290008636933,false,אגוז מלך גרוסים 100,,,אגוז מלך גרוסים 100,גרמים,100.00,100 גרם,false,,10.90,0.1090,true,1,11312
7290008644112,false,אחלה מטבוחה 125ג,,,אחלה מטבוחה 125ג,גרמים,125.00,100 גרם,false,,4.90,0.0392,true,1,15499
7290008644235,false,עלי בייבי 120 ג ירקו,,,עלי בייבי 120 ג ירקו,גרמים,120.00,100 גרם,false,,9.90,0.0825,true,1,15500
7290008644945,false,סלט המושבה 450 ג ירק,,,סלט המושבה 450 ג ירק,גרמים,450.00,100 גרם,false,,10.90,0.0242,true,1,15502
7290008670012,false,רקנאטי  קברנה סובניו,,,רקנאטי  קברנה סובניו,מיליליטרים,750.00,"100 מ""ל",false,,54.90,0.0732,true,1,25753
7290008670029,false,רקנאטי  מרלו 750מל,,,רקנאטי  מרלו 750מל,מיליליטרים,750.00,"100 מ""ל",false,,54.90,0.0732,true,1,25754
7290008670142,false,רקנאטי יסמין אדום 75,,,רקנאטי יסמין אדום 75,מיליליטרים,750.00,"100 מ""ל",false,,36.90,0.0492,true,1,25755
7290008670210,false,"רקנאטי שירז 750 מ""ל",,,"רקנאטי שירז 750 מ""ל",ליטרים,750.00,100 ליטר,false,,54.90,0.0732,true,1,25757
7290008690713,false,אושן ספרי חמוציות 1ל,,,אושן ספרי חמוציות 1ל,ארגז,1.00,ליטר,false,,11.90,11.9000,true,1,7362
7290008693134,false,דניאלה תות מעדן גבינ,,,דניאלה תות מעדן גבינ,מיליליטרים,150.00,"100 מ""ל",false,,4.10,0.0273,true,1,15504
7290008713900,false,לחם שיפון עגול אנגל,,,לחם שיפון עגול אנגל,גרמים,750.00,100 גרם,false,,13.90,0.0185,true,1,22639
7290008713917,false,לחם שיפון כהה אנגל 7,,,לחם שיפון כהה אנגל 7,גרמים,750.00,100 גרם,false,,13.90,0.0185,true,1,22640
7290008745239,false,תפוציפס קראנץ טבעי 5,,,תפוציפס קראנץ טבעי 5,גרמים,50.00,100 גרם,false,,3.90,0.0780,true,1,15895
7290008747547,false,תפוציפס קראנץ טבעי 2,,,תפוציפס קראנץ טבעי 2,גרמים,200.00,100 גרם,false,,9.90,0.0495,true,1,15896
7290008752244,false,תפוציפס קראנץ גריל 5,,,תפוציפס קראנץ גריל 5,גרמים,50.00,100 גרם,false,,3.90,0.0780,true,1,15897
7290008753111,false,תפוציפס מקסיקני 50גר,,,תפוציפס מקסיקני 50גר,גרמים,50.00,100 גרם,false,,3.90,0.0780,true,1,15898
7290008754415,false,מאסט מנטה עדין 28 גר,,,מאסט מנטה עדין 28 גר,גרמים,28.00,100 גרם,false,,4.30,0.1536,true,1,1100
7290008757072,false,שוופס פחית תות 330 מ,,,שוופס פחית תות 330 מ,מיליליטרים,330.00,"100 מ""ל",false,,4.50,0.0136,true,1,9661
7290008757980,false,ספרינג רימונים 1ל,,,ספרינג רימונים 1ל,ארגז,1.00,ליטר,false,,6.90,6.9000,true,1,9666
7290008775816,false,ערגליות שוקולד 300 ג,,,ערגליות שוקולד 300 ג,גרמים,300.00,100 גרם,false,,9.90,0.0330,true,1,13094
7290008792264,false,מפיות טאצ' 100,,,מפיות טאצ' 100,אין,0.00,יחידה,false,,4.90,0.0000,true,1,16010
7290008801010,false,יין  P.C  קברנה סובי,,,יין  P.C  קברנה סובי,מיליליטרים,750.00,"100 מ""ל",false,,39.90,0.0532,true,1,3928
7290008801157,false,יין סלקטד מרלו 750 מ,,,יין סלקטד מרלו 750 מ,מיליליטרים,750.00,"100 מ""ל",false,,29.90,0.0399,true,1,3931
7290008801478,false,"טופז זהב 750 מ""ל",,,"טופז זהב 750 מ""ל",מיליליטרים,750.00,"100 מ""ל",false,,20.90,0.0279,true,1,3932
7290008801522,false,יין קונקורד קינג דיו,,,יין קונקורד קינג דיו,מיליליטרים,750.00,"100 מ""ל",false,,21.90,0.0292,true,1,3933
7290008801546,false,יין קונקורד קינג דיו,,,יין קונקורד קינג דיו,מיליליטרים,750.00,"100 מ""ל",false,,21.90,0.0292,true,1,3935
7290008801843,false,יין סלקטד קברנה סובנ,,,יין סלקטד קברנה סובנ,מיליליטרים,750.00,"100 מ""ל",false,,29.90,0.0399,true,1,3936
7290008801850,false,יין סלקטד אמרלד ריזל,,,יין סלקטד אמרלד ריזל,מיליליטרים,750.00,"100 מ""ל",false,,29.90,0.0399,true,1,3937
7290008802291,false,"יין  P.C  מרלו 750מ""",,,"יין  P.C  מרלו 750מ""",מיליליטרים,750.00,"100 מ""ל",false,,39.90,0.0532,true,1,3938
7290008802895,false,יין  P.C  קברנה סובי,,,יין  P.C  קברנה סובי,מיליליטרים,750.00,"100 מ""ל",false,,39.90,0.0532,true,1,3941
7290008805049,false,יין סלקטד רוזה כרמל,,,יין סלקטד רוזה כרמל,מיליליטרים,750.00,"100 מ""ל",false,,29.90,0.0399,true,1,3950
7290008805520,false,יין סלקטד קברנה סובנ,,,יין סלקטד קברנה סובנ,מיליליטרים,750.00,"100 מ""ל",false,,29.90,0.0399,true,1,3952
7290008805964,false,קברנה/שיראז סדרה אזו,,,קברנה/שיראז סדרה אזו,מיליליטרים,750.00,"100 מ""ל",false,,59.90,0.0799,true,1,3953
7290008806961,false,קרמיסימו שוקולד שבבי,,,קרמיסימו שוקולד שבבי,ארגז,1.33,ליטר,false,,18.90,14.2105,true,1,5939
7290008806985,false,קרמיסימו נישנושים ש.,,,קרמיסימו נישנושים ש.,גרמים,630.00,100 גרם,false,,49.90,0.0792,true,1,5940
7290008830676,false,"פריט מבצע 5 ש""ח",,,"פריט מבצע 5 ש""ח",אין,0.00,יחידה,false,,5.00,0.0000,true,1,20539
7290008830690,false,"פריט מבצע 10 ש""ח.",,,"פריט מבצע 10 ש""ח.",אין,0.00,יחידה,false,,10.00,0.0000,true,1,20540
7290008837866,false,שירת הלל 100% מיץ ענ,,,שירת הלל 100% מיץ ענ,ארגז,1.00,ליטר,false,,17.90,17.9000,true,1,9874
7290008849470,false,אוליביה ממרח פלפל צו,,,אוליביה ממרח פלפל צו,גרמים,185.00,100 גרם,false,,12.90,0.0697,true,1,32195
7290008849586,false,אוליביה רוטב רוטב רי,,,אוליביה רוטב רוטב רי,גרמים,310.00,100 גרם,false,,13.90,0.0448,true,1,32196
7290008849845,false,אוליביה אריסה פיקנטי,,,אוליביה אריסה פיקנטי,גרמים,185.00,100 גרם,false,,11.90,0.0643,true,1,16892
7290008909853,false,קוקה קולה זירו 500 מ,,,קוקה קולה זירו 500 מ,מיליליטרים,500.00,"100 מ""ל",false,,6.90,0.0138,true,1,7376
7290008909860,false,קוקה קולה זירו בקבוק,,,קוקה קולה זירו בקבוק,ארגז,1.50,ליטר,false,,8.00,5.3333,true,1,7377
7290008945172,false,גלילונית אשפה למטבח,,,גלילונית אשפה למטבח,אין,0.00,יחידה,false,,12.90,0.0000,true,1,6585
7290008945202,false,גלילונית לאשפה משרדי,,,גלילונית לאשפה משרדי,אין,0.00,יחידה,false,,12.90,0.0000,true,1,6586
7290008975551,false,מטרנה מהדרין  שלב 3,,,מטרנה מהדרין  שלב 3,גרמים,700.00,100 גרם,false,,49.90,0.0713,true,1,13097
7290009018004,false,פיקדון בקבוק/פחית בו,,,פיקדון בקבוק/פחית בו,אין,0.00,יחידה,false,,0.30,0.0000,true,1,773
7290009018011,false,פיקדון בקבוק/פחיות ש,,,פיקדון בקבוק/פחיות ש,אין,0.00,יחידה,false,,1.80,0.0000,true,1,3704
7290009018264,false,פיקדון בקבוק/פחית רב,,,פיקדון בקבוק/פחית רב,אין,0.00,יחידה,false,,1.20,0.0000,true,1,3712
7290009174397,false,כריך עובד מגה,,,כריך עובד מגה,אין,0.00,יחידה,false,,1.50,0.0000,true,1,29125
7290009400108,false,סל נשיאה רב פעמי - מ,,,סל נשיאה רב פעמי - מ,אין,0.00,יחידה,false,,3.90,0.0000,true,1,127683
7290010002023,false,מימון כורכום הודי טח,,,מימון כורכום הודי טח,גרמים,100.00,100 גרם,false,,11.90,0.1190,true,1,3840
7290010002030,false,מימון כמון במיכל 100,,,מימון כמון במיכל 100,גרמים,100.00,100 גרם,false,,11.90,0.1190,true,1,3841
7290010002061,false,מימון פלפל לבן טחון,,,מימון פלפל לבן טחון,גרמים,100.00,100 גרם,false,,17.50,0.1750,true,1,3842
7290010002078,false,מימון פלפל שחור טחון,,,מימון פלפל שחור טחון,גרמים,100.00,100 גרם,false,,14.50,0.1450,true,1,3843
7290010002092,false,מימון פלפל שחור גרוס,,,מימון פלפל שחור גרוס,גרמים,90.00,100 גרם,false,,14.50,0.1611,true,1,3844
7290010002108,false,מימון פלפל שחור גרוס,,,מימון פלפל שחור גרוס,גרמים,90.00,100 גרם,false,,14.50,0.1611,true,1,3845
7290010002122,false,מימון פפריקה הונגרית,,,מימון פפריקה הונגרית,גרמים,100.00,100 גרם,false,,11.90,0.1190,true,1,3846
7290010002139,false,מימון פפריקה הונגרית,,,מימון פפריקה הונגרית,גרמים,100.00,100 גרם,false,,11.90,0.1190,true,1,3847
7290010002146,false,מימון פפריקה מרוקאית,,,מימון פפריקה מרוקאית,גרמים,100.00,100 גרם,false,,11.90,0.1190,true,1,3848
7290010002153,false,מימון פפריקה מרוקאית,,,מימון פפריקה מרוקאית,גרמים,100.00,100 גרם,false,,11.90,0.1190,true,1,3849
7290010002207,false,מימון קינמון טחון במ,,,מימון קינמון טחון במ,גרמים,100.00,100 גרם,false,,9.50,0.0950,true,1,1203
7290010002283,false,מימון תבלין על האש ב,,,מימון תבלין על האש ב,גרמים,100.00,100 גרם,false,,11.90,0.1190,true,1,3851
7290010002290,false,מימון תערובת לשווארמ,,,מימון תערובת לשווארמ,גרמים,100.00,100 גרם,false,,11.90,0.1190,true,1,3852
7290010002337,false,מימון תיבול לסטייק 1,,,מימון תיבול לסטייק 1,גרמים,110.00,100 גרם,false,,11.90,0.1082,true,1,3856
7290010002368,false,מימון תערובת חווג` ל,,,מימון תערובת חווג` ל,גרמים,100.00,100 גרם,false,,11.90,0.1190,true,1,3859
7290010002375,false,מימון קארי 100 גרם,,,מימון קארי 100 גרם,גרמים,100.00,100 גרם,false,,11.90,0.1190,true,1,3860
7290010002382,false,מימון אורגנו במיכל 4,,,מימון אורגנו במיכל 4,גרמים,40.00,100 גרם,false,,9.50,0.2375,true,1,1204
7290010002399,false,מימון בזיליקום 40 גר,,,מימון בזיליקום 40 גר,גרמים,40.00,100 גרם,false,,9.50,0.2375,true,1,1205
7290010002436,false,מימון פטרוזיליה במיכ,,,מימון פטרוזיליה במיכ,גרמים,25.00,100 גרם,false,,9.50,0.3800,true,1,1208
7290010002498,false,מימון שום גבישי 120,,,מימון שום גבישי 120,גרמים,120.00,100 גרם,false,,14.50,0.1208,true,1,3862
7290010002597,false,מימון כוסברה ירוקה ב,,,מימון כוסברה ירוקה ב,גרמים,20.00,100 גרם,false,,9.50,0.4750,true,1,1211
7290010002658,false,מימון פלפל יבש מתוק,,,מימון פלפל יבש מתוק,גרמים,150.00,100 גרם,false,,15.90,0.1060,true,1,3863
7290010002726,false,מימון תיבול לפרגיות,,,מימון תיבול לפרגיות,גרמים,100.00,100 גרם,false,,11.90,0.1190,true,1,3864
7290010003051,false,מימון פפריקה הונגרית,,,מימון פפריקה הונגרית,גרמים,400.00,100 גרם,false,,24.90,0.0622,true,1,3865
7290010003693,false,מימון פפריקה מתוקה ש,,,מימון פפריקה מתוקה ש,גרמים,80.00,100 גרם,false,,5.90,0.0738,true,1,1213
7290010003709,false,מימון פלפל שחור טחון,,,מימון פלפל שחור טחון,גרמים,50.00,100 גרם,false,,7.90,0.1580,true,1,3868
7290010003754,false,מימון כמון טחון שקית,,,מימון כמון טחון שקית,גרמים,50.00,100 גרם,false,,5.90,0.1180,true,1,1214
7290010003761,false,מימון כורכום טחון שק,,,מימון כורכום טחון שק,גרמים,80.00,100 גרם,false,,5.90,0.0738,true,1,1215
7290010003778,false,מימון תיבול לגריל עו,,,מימון תיבול לגריל עו,גרמים,80.00,100 גרם,false,,5.90,0.0738,true,1,1216
7290010003792,false,מימון מלח לימון שקית,,,מימון מלח לימון שקית,גרמים,100.00,100 גרם,false,,5.90,0.0590,true,1,1217
7290010003822,false,מימון פפריקה חריפה ש,,,מימון פפריקה חריפה ש,גרמים,80.00,100 גרם,false,,5.90,0.0738,true,1,1219
7290010003839,false,מימון קינמון טחון שק,,,מימון קינמון טחון שק,גרמים,80.00,100 גרם,false,,5.90,0.0738,true,1,1220
7290010003846,false,מימון אורגנו שקית 20,,,מימון אורגנו שקית 20,גרמים,20.00,100 גרם,false,,5.90,0.2950,true,1,1221
7290010003990,false,מימון פטרוזיליה שקית,,,מימון פטרוזיליה שקית,גרמים,20.00,100 גרם,false,,5.90,0.2950,true,1,1222
7290010023141,false,תה לימונענע 25 שק',,,תה לימונענע 25 שק',גרמים,50.00,100 גרם,false,,17.50,0.3500,true,1,1177
7290010045006,false,עוגיות חמאה פריכות ל,,,עוגיות חמאה פריכות ל,גרמים,200.00,100 גרם,false,,18.90,0.0945,true,1,16107
7290010045051,false,עוגיות מלבן שקדים לח,,,עוגיות מלבן שקדים לח,גרמים,200.00,100 גרם,false,,18.90,0.0945,true,1,16109
7290010045068,false,עוגיות הנסיכה לחמי 2,,,עוגיות הנסיכה לחמי 2,גרמים,250.00,100 גרם,false,,18.90,0.0756,true,1,16110
7290010051243,false,תרד ניו זילנדי,,,תרד ניו זילנדי,גרמים,150.00,100 גרם,false,,11.90,0.0793,true,1,419108
7290010060597,false,סרקל שמפו לילדים 1.2,,,סרקל שמפו לילדים 1.2,ארגז,1.25,ליטר,false,,31.90,25.5200,true,1,225740
7290010065745,false,פרינוק ג'וניור לפתן,,,פרינוק ג'וניור לפתן,גרמים,190.00,100 גרם,false,,6.90,0.0363,true,1,5616
7290010066025,false,טונה בשמן פילטונה 15,,,טונה בשמן פילטונה 15,גרמים,170.00,100 גרם,false,,6.90,0.0406,true,1,97510
7290010066087,false,טונה בשמן זית פילטונ,,,טונה בשמן זית פילטונ,גרמים,160.00,100 גרם,false,,7.50,0.0469,true,1,17349
7290010066513,false,נתחי טונה בשמן צמחי,,,נתחי טונה בשמן צמחי,גרמים,632.00,100 גרם,false,,22.90,0.0362,true,1,17350
7290010066520,false,טונה בשמן קנולה פילט,,,טונה בשמן קנולה פילט,גרמים,158.00,100 גרם,false,,6.00,0.0380,true,1,17351
7290010066575,false,נתחי טונה במים פילטו,,,נתחי טונה במים פילטו,גרמים,632.00,100 גרם,false,,22.90,0.0362,true,1,17352
7290010066582,false,נתחי טונה בשמן קנולה,,,נתחי טונה בשמן קנולה,גרמים,632.00,100 גרם,false,,22.90,0.0362,true,1,17353
7290010066599,false,נתחי טונה בשמן זית פ,,,נתחי טונה בשמן זית פ,גרמים,632.00,100 גרם,false,,26.90,0.0426,true,1,17354
7290010116980,false,שוקולית 850 גרם,,,שוקולית 850 גרם,גרמים,850.00,100 גרם,false,,15.90,0.0187,true,1,14971
7290010117864,false,דוריטוס חריף אש 70 ג,,,דוריטוס חריף אש 70 ג,גרמים,70.00,100 גרם,false,,3.60,0.0514,true,1,15899
7290010118328,false,תפוצ'יפס טבעי 6*40 ג,,,תפוצ'יפס טבעי 6*40 ג,גרמים,240.00,100 גרם,false,,11.90,0.0496,true,1,15901
7290010124107,false,סטייק בורגר 400 גרם,,,סטייק בורגר 400 גרם,גרמים,400.00,100 גרם,false,,14.90,0.0373,true,1,22588
7290010124190,false,שניצל בקר מלינסה אל,,,שניצל בקר מלינסה אל,גרמים,250.00,100 גרם,false,,10.90,0.0436,true,1,22589
7290010129300,false,עוגיות רייף מרוקאיות,,,עוגיות רייף מרוקאיות,גרמים,350.00,100 גרם,false,,17.90,0.0511,true,1,13903
7290010129652,false,עוגיות לקפה דולצ'ה ו,,,עוגיות לקפה דולצ'ה ו,גרמים,350.00,100 גרם,false,,17.90,0.0511,true,1,13917
7290010153510,false,בורגול מיה 500 גרם,,,בורגול מיה 500 גרם,גרמים,500.00,100 גרם,false,,5.50,0.0110,true,1,11320
7290010153527,false,גריש 500 גרם,,,גריש 500 גרם,גרמים,500.00,100 גרם,false,,4.90,0.0098,true,1,11321
7290010153534,false,קמח תירס מיה 400 גרם,,,קמח תירס מיה 400 גרם,גרמים,400.00,100 גרם,false,,9.90,0.0248,true,1,11322
7290010153688,false,חומץ טבעי מיה 1 ליטר,,,חומץ טבעי מיה 1 ליטר,ארגז,1.00,ליטר,false,,6.90,6.9000,true,1,11324
7290010153787,false,ציפוי לשניצל עם שום,,,ציפוי לשניצל עם שום,גרמים,500.00,100 גרם,false,,8.90,0.0178,true,1,11328
7290010153794,false,ציפוי לשניצל עם עשבי,,,ציפוי לשניצל עם עשבי,גרמים,500.00,100 גרם,false,,8.90,0.0178,true,1,11329
7290010153800,false,ציפוי לשניצל עם תיבו,,,ציפוי לשניצל עם תיבו,גרמים,500.00,100 גרם,false,,8.90,0.0178,true,1,11330
7290010153879,false,ריבת חלב בטעם שמנת 4,,,ריבת חלב בטעם שמנת 4,גרמים,400.00,100 גרם,false,,12.50,0.0313,true,1,11335
7290010154012,false,לימון כבוש 250 ביטון,,,לימון כבוש 250 ביטון,גרמים,250.00,100 גרם,false,,12.90,0.0516,true,1,12223
7290010154029,false,250 אריסה מתוקה ביטו,,,250 אריסה מתוקה ביטו,גרמים,250.00,100 גרם,false,,12.90,0.0516,true,1,12224
7290010154241,false,סלט חזרת ביטון 250 ג,,,סלט חזרת ביטון 250 ג,גרמים,250.00,100 גרם,false,,12.90,0.0516,true,1,12226
7290010154418,false,יוחאי ביטון סחוג אדו,,,יוחאי ביטון סחוג אדו,גרמים,130.00,100 גרם,false,,7.90,0.0608,true,1,12228
7290010154685,false,סלט שום כתוש 250 גר',,,סלט שום כתוש 250 גר',גרמים,250.00,100 גרם,false,,12.90,0.0516,true,1,12231
7290010192007,false,פטרוזיליה,,,פטרוזיליה,יח',1.00,יח',false,,3.50,3.5000,true,1,22707
7290010192014,false,שמיר,,,שמיר,יח',1.00,יח',false,,3.50,3.5000,true,1,22708
7290010192021,false,כוסברה,,,כוסברה,יח',1.00,יח',false,,3.50,3.5000,true,1,22709
7290010192038,false,שורש פטרוזיליה ארוז,,,שורש פטרוזיליה ארוז,יח',1.00,יח',false,,5.90,5.9000,true,1,22710
7290010192045,false,נענע יחידה,,,נענע יחידה,יח',1.00,יח',false,,3.50,3.5000,true,1,22711
7290010192052,false,סלרי עלים (אמריקאי),,,סלרי עלים (אמריקאי),יח',1.00,יח',false,,5.90,5.9000,true,1,22712
7290010192069,false,סלרי ראש ארוז,,,סלרי ראש ארוז,יח',1.00,יח',false,,5.90,5.9000,true,1,22713
7290010192083,false,מנגולד ארוז,,,מנגולד ארוז,יח',1.00,יח',false,,6.90,6.9000,true,1,22714
7290010192137,false,לוף ארוז ליח,,,לוף ארוז ליח,יח',1.00,יח',false,,8.90,8.9000,true,1,22715
7290010195268,false,פופסטאר פופקורן מופח,,,פופסטאר פופקורן מופח,גרמים,425.00,100 גרם,false,,12.90,0.0304,true,1,6590
7290010237531,false,פפסי קולה 500 מ'ל,,,פפסי קולה 500 מ'ל,מיליליטרים,500.00,"100 מ""ל",false,,4.90,0.0098,true,1,8650
7290010237586,false,דיאט סבן אפ 500 מ'ל,,,דיאט סבן אפ 500 מ'ל,מיליליטרים,500.00,"100 מ""ל",false,,4.50,0.0090,true,1,8654
7290010237890,false,הייניקן בירה בקבוק ח,,,הייניקן בירה בקבוק ח,מיליליטרים,500.00,"100 מ""ל",false,,9.40,0.0188,true,1,8660
7290010259007,false,עוגיות בישקוטים וניל,,,עוגיות בישקוטים וניל,גרמים,200.00,100 גרם,false,,6.50,0.0325,true,1,821
7290010259823,false,נודלס בטעם עוף מנת ה,,,נודלס בטעם עוף מנת ה,גרמים,70.00,100 גרם,false,,4.90,0.0700,true,1,3439
7290010259830,false,נודלס בטעם סיני פיקנ,,,נודלס בטעם סיני פיקנ,גרמים,70.00,100 גרם,false,,4.90,0.0700,true,1,3440
7290010259854,false,נודלס בטעם פטריות מנ,,,נודלס בטעם פטריות מנ,גרמים,70.00,100 גרם,false,,4.90,0.0700,true,1,3442
7290010259861,false,נודלס בטעם ירקות מנת,,,נודלס בטעם ירקות מנת,גרמים,70.00,100 גרם,false,,4.90,0.0700,true,1,3443
7290010259977,false,שמן קנולה ויליפוד 1,,,שמן קנולה ויליפוד 1,ארגז,1.00,ליטר,false,,10.90,10.9000,true,1,242034
7290010279227,false,זיקוק 15 ס`מ 6 יח`,,,זיקוק 15 ס`מ 6 יח`,אין,0.00,יחידה,false,,14.00,0.0000,true,1,20783
7290010329595,false,אגו דבל שוקולד 110 ג,,,אגו דבל שוקולד 110 ג,גרמים,130.00,100 גרם,false,,6.90,0.0531,true,1,24604
7290010429554,false,שמן זית כתית מעולה 2,,,שמן זית כתית מעולה 2,מיליליטרים,750.00,"100 מ""ל",false,,33.90,0.0452,true,1,14972
7290010439287,false,מגבת גוף ענק חלק,,,מגבת גוף ענק חלק,אין,0.00,יחידה,false,,39.90,0.0000,true,1,11632
7290010472390,false,מארז  דני  שוקולד 8*,,,מארז  דני  שוקולד 8*,מיליליטרים,1000.00,"100 מ""ל",false,,16.90,0.0169,true,1,15508
7290010513703,false,צ'ופסטיקס צפצפה מזרח,,,צ'ופסטיקס צפצפה מזרח,אין,0.00,יחידה,false,,6.90,0.0000,true,1,435010
7290010513727,false,פנקו פרורי לחם יפניי,,,פנקו פרורי לחם יפניי,גרמים,200.00,100 גרם,false,,7.90,0.0395,true,1,431386
7290010548514,false,דורות עשבי תיבול לבי,,,דורות עשבי תיבול לבי,גרמים,70.00,100 גרם,false,,10.00,0.1429,true,1,107675
7290010627004,false,טחינה ירושלים 500 גר,,,טחינה ירושלים 500 גר,גרמים,500.00,100 גרם,false,,14.50,0.0290,true,1,16111
7290010627844,false,טחינה ירושלים 500 מל,,,טחינה ירושלים 500 מל,גרמים,500.00,100 גרם,false,,14.50,0.0290,true,1,16113
7290010632787,false,צימרוני אוזניים עץ כ,,,צימרוני אוזניים עץ כ,אין,0.00,יחידה,false,,4.50,0.0000,true,1,4100
7290010650064,false,פטריות יער מיובשות 2,,,פטריות יער מיובשות 2,גרמים,25.00,100 גרם,false,,9.90,0.3960,true,1,31173
7290010650071,false,פטריות שיטאקי  מיובש,,,פטריות שיטאקי  מיובש,גרמים,25.00,100 גרם,false,,9.90,0.3960,true,1,31174
7290010650088,false,פטריות שמפיניון מיוב,,,פטריות שמפיניון מיוב,גרמים,25.00,100 גרם,false,,9.90,0.3960,true,1,31175
7290010650255,false,לקט פטריות מיובשות ל,,,לקט פטריות מיובשות ל,גרמים,40.00,100 גרם,false,,16.90,0.4225,true,1,31180
7290010650279,false,לקט פיטריות לפסטה 25,,,לקט פיטריות לפסטה 25,גרמים,25.00,100 גרם,false,,16.90,0.6760,true,1,31181
7290010650590,false,ריזוטו פטריות מיובשו,,,ריזוטו פטריות מיובשו,גרמים,285.00,100 גרם,false,,15.90,0.0558,true,1,31183
7290010650668,false,למון גראס,,,למון גראס,יח',1.00,יח',false,,12.90,12.9000,true,1,30499
7290010690527,false,כרוב על - קייל,,,כרוב על - קייל,יח',1.00,יח',false,,9.90,9.9000,true,1,25705
7290010711901,false,שייני מטליות מיקרופי,,,שייני מטליות מיקרופי,אין,0.00,יחידה,false,,15.90,0.0000,true,1,10619
7290010718634,false,אל סבון נוזלי לבן פנ,,,אל סבון נוזלי לבן פנ,אין,0.00,יחידה,false,,8.90,0.0000,true,1,12769
7290010748860,false,קרם ידיים אינטנסיב א,,,קרם ידיים אינטנסיב א,מיליליטרים,150.00,"100 מ""ל",false,,15.90,0.1060,true,1,18741
7290010757954,false,זיווה גבינה ללא גלוט,,,זיווה גבינה ללא גלוט,גרמים,500.00,100 גרם,false,,19.90,0.0398,true,1,214448
7290010766697,false,אוליביה רוטב שקשוקה,,,אוליביה רוטב שקשוקה,גרמים,415.00,100 גרם,false,,13.90,0.0335,true,1,32203
7290010766734,false,רוטב פיצה אוליביה 41,,,רוטב פיצה אוליביה 41,מיליליטרים,415.00,"100 מ""ל",false,,12.90,0.0311,true,1,32204
7290010766949,false,אוליביה ממרח ארטישוק,,,אוליביה ממרח ארטישוק,גרמים,180.00,100 גרם,false,,12.90,0.0717,true,1,32205
7290010777099,false,8 פיתות במרקם מיוחד,,,8 פיתות במרקם מיוחד,גרמים,800.00,100 גרם,false,,11.30,0.0141,true,1,14383
7290010777150,false,8 פיתות בריבוע חיטה,,,8 פיתות בריבוע חיטה,גרמים,500.00,100 גרם,false,,13.90,0.0278,true,1,14384
7290010777297,false,10 פיתות ביס,,,10 פיתות ביס,אלף,1.00,"ק""ג",false,,12.90,12.9000,true,1,14387
7290010777358,false,8 פיתות כוסמין מלא 1,,,8 פיתות כוסמין מלא 1,גרמים,400.00,100 גרם,false,,15.90,0.0398,true,1,14389
7290010777488,false,פיתה מחמצת מקמח מלא,,,פיתה מחמצת מקמח מלא,אין,0.00,יחידה,false,,15.90,0.0000,true,1,340914
7290010777525,false,פיתות קוסמין-פיתה אק,,,פיתות קוסמין-פיתה אק,גרמים,50.00,100 גרם,false,,15.90,0.3180,true,1,340900
7290010814251,false,שוקולד חלב אגו 3 יח',,,שוקולד חלב אגו 3 יח',גרמים,255.00,100 גרם,false,,9.90,0.0388,true,1,24608
7290010814695,false,חופשי שוק.מריר ללס 8,,,חופשי שוק.מריר ללס 8,גרמים,85.00,100 גרם,false,,5.90,0.0694,true,1,2397
7290010838219,false,סטיביה 100 שקיות,,,סטיביה 100 שקיות,גרמים,100.00,100 גרם,false,,27.90,0.2790,true,1,6593
7290010838431,false,דאק ג'ל נוזל 750 זוג,,,דאק ג'ל נוזל 750 זוג,ארגז,1.50,ליטר,false,,14.80,9.8667,true,1,6595
7290010839865,false,רוטב רימונים 320 גרם,,,רוטב רימונים 320 גרם,מיליליטרים,320.00,"100 מ""ל",false,,10.90,0.0341,true,1,5348
7290010849512,false,למברוסקו די לואיג'י,,,למברוסקו די לואיג'י,מיליליטרים,750.00,"100 מ""ל",false,,24.90,0.0332,true,1,7607
7290010883356,false,סנו סושי זוג כפפות א,,,סנו סושי זוג כפפות א,אין,0.00,יחידה,false,,9.90,0.0000,true,1,19286
7290010883363,false,סנו סושי זוג כפפות א,,,סנו סושי זוג כפפות א,אין,0.00,יחידה,false,,9.90,0.0000,true,1,19287
7290010883370,false,סנו סושי זוג כפפות א,,,סנו סושי זוג כפפות א,אין,0.00,יחידה,false,,9.90,0.0000,true,1,19288
7290010922949,false,תות שדה קפוא שייק אי,,,תות שדה קפוא שייק אי,גרמים,250.00,100 גרם,false,,10.00,0.0400,true,1,406138
7290010931330,false,אחלה מטבוחה 500ג,,,אחלה מטבוחה 500ג,גרמים,500.00,100 גרם,false,,13.90,0.0278,true,1,15509
7290010945146,false,טרה קוטג מועשר 3% 25,,,טרה קוטג מועשר 3% 25,גרמים,250.00,100 גרם,false,,5.30,0.0212,true,1,6929
7290010945450,false,טרה גבינה לבנה מהדרי,,,טרה גבינה לבנה מהדרי,גרמים,250.00,100 גרם,false,,4.98,0.0199,true,1,6931
7290010945481,false,טרה גבינה לבנה 5% 50,,,טרה גבינה לבנה 5% 50,גרמים,500.00,100 גרם,false,,9.96,0.0199,true,1,6932
7290011015862,false,סירופ דיאט לימונענע,,,סירופ דיאט לימונענע,מיליליטרים,750.00,"100 מ""ל",false,,21.60,0.0288,true,1,7380
7290011015985,false,פריגת סירופ דיאט אננ,,,פריגת סירופ דיאט אננ,מיליליטרים,750.00,"100 מ""ל",false,,21.90,0.0292,true,1,408599
7290011017866,false,קוקה קולה פחית סליק,,,קוקה קולה פחית סליק,מיליליטרים,330.00,"100 מ""ל",false,,5.50,0.0167,true,1,7394
7290011017873,false,ZERO קולה פחית סליק,,,ZERO קולה פחית סליק,מיליליטרים,330.00,"100 מ""ל",false,,5.50,0.0167,true,1,7395
7290011017880,false,קולה דיאט פחית סליק,,,קולה דיאט פחית סליק,מיליליטרים,330.00,"100 מ""ל",false,,5.50,0.0167,true,1,7396
7290011018368,false,ויינשטפן בירה לבנה 6,,,ויינשטפן בירה לבנה 6,ארגז,1.98,ליטר,false,,71.70,36.2121,true,1,7407
7290011026066,false,סרקל שמפו + מרכך ליל,,,סרקל שמפו + מרכך ליל,אין,0.00,יחידה,false,,29.90,0.0000,true,1,18744
7290011026301,false,שמפו לשיער כסוף לגבר,,,שמפו לשיער כסוף לגבר,מיליליטרים,400.00,"100 מ""ל",false,,24.90,0.0622,true,1,42576
7290011064075,false,ניצן אבו גוש מעדן לא,,,ניצן אבו גוש מעדן לא,גרמים,200.00,100 גרם,false,,13.10,0.0655,true,1,6753
7290011064099,false,נועם פלפלוני שרי ממו,,,נועם פלפלוני שרי ממו,גרמים,125.00,100 גרם,false,,19.90,0.1592,true,1,6754
7290011081492,false,קרמיסימו שלושה שוקול,,,קרמיסימו שלושה שוקול,ארגז,1.33,ליטר,false,,18.90,14.2105,true,1,5942
7290011110000,false,חסה רומית שלמה,,,חסה רומית שלמה,גרמים,430.00,100 גרם,false,,8.90,0.0207,true,1,29476
7290011110024,false,חסה סלנובה,,,חסה סלנובה,יח',1.00,יח',false,,12.90,12.9000,true,1,29478
7290011110031,false,לבבות חסה,,,לבבות חסה,יח',1.00,יח',false,,10.90,10.9000,true,1,29479
7290011110048,false,פלפל סוויט בייט,,,פלפל סוויט בייט,גרמים,220.00,100 גרם,false,,9.90,0.0450,true,1,145194
7290011110079,false,בזיליקום.,,,בזיליקום.,יח',1.00,יח',false,,6.90,6.9000,true,1,29481
7290011110093,false,מנגולד,,,מנגולד,גרמים,250.00,גרם,false,,7.90,0.0316,true,1,29482
7290011110109,false,תירס סופרסוויט,,,תירס סופרסוויט,גרמים,800.00,100 גרם,false,,15.90,0.0199,true,1,29483
7290011110116,false,תרד ניו-זילנדי,,,תרד ניו-זילנדי,גרמים,200.00,גרם,false,,9.90,0.0495,true,1,29484
7290011110123,false,עירית,,,עירית,יח',1.00,יח',false,,6.90,6.9000,true,1,29485
7290011110130,false,רוקולה,,,רוקולה,יח',1.00,יח',false,,9.90,9.9000,true,1,29486
7290011110154,false,קורנית (טימין),,,קורנית (טימין),יח',1.00,יח',false,,6.90,6.9000,true,1,29488
7290011110215,false,מלפפון בייבי,,,מלפפון בייבי,גרמים,350.00,100 גרם,false,,9.90,0.0283,true,1,145210
7290011110512,false,חסה לאליק   -יגור,,,חסה לאליק   -יגור,יח',1.00,יח',false,,12.90,12.9000,true,1,103288
7290011115166,false,תחליב רחצה לבנדר נקה,,,תחליב רחצה לבנדר נקה,אין,0.00,יחידה,false,,13.90,0.0000,true,1,19289
7290011115203,false,סבון מוצק ורוד נקה 7,,,סבון מוצק ורוד נקה 7,גרמים,400.00,100 גרם,false,,10.90,0.0273,true,1,19291
7290011115258,false,סבון מוצק ירוק נקה 7,,,סבון מוצק ירוק נקה 7,גרמים,400.00,100 גרם,false,,10.90,0.0273,true,1,19293
7290011115289,false,סבון מוצק לילך נקה 7,,,סבון מוצק לילך נקה 7,גרמים,400.00,100 גרם,false,,10.90,0.0273,true,1,19296
7290011126209,false,תה הגן הקסום תפוח וק,,,תה הגן הקסום תפוח וק,גרמים,55.00,100 גרם,false,,17.50,0.3182,true,1,1178
7290011126452,false,תה קמומיל ונענע 1.5ג,,,תה קמומיל ונענע 1.5ג,גרמים,37.50,100 גרם,false,,17.50,0.4667,true,1,1179
7290011126469,false,תה קמומיל ודבש 1.5גר,,,תה קמומיל ודבש 1.5גר,גרמים,37.50,100 גרם,false,,17.50,0.4667,true,1,1180
7290011126957,false,תה ירוק ארל גריי T.T,,,תה ירוק ארל גריי T.T,גרמים,37.50,100 גרם,false,,23.90,0.6373,true,1,16115
7290011131050,false,גרנולה פקאן גרין 1 ק,,,גרנולה פקאן גרין 1 ק,אלף,1.00,"ק""ג",false,,26.90,26.9000,true,1,10777
7290011131371,false,מיזלי קראנצ' שקדים ג,,,מיזלי קראנצ' שקדים ג,אלף,1.00,"ק""ג",false,,25.40,25.4000,true,1,10778
7290011131395,false,מיזלי קראנצ' 30% פיר,,,מיזלי קראנצ' 30% פיר,אלף,1.00,"ק""ג",false,,25.40,25.4000,true,1,10780
7290011131654,false,מיזלי ביג מיקס גרין,,,מיזלי ביג מיקס גרין,אלף,1.00,"ק""ג",false,,25.40,25.4000,true,1,10783
7290011132309,false,בירה גולדסטאר Black,,,בירה גולדסטאר Black,ארגז,1.98,ליטר,false,,36.90,18.6364,true,1,371467
7290011132507,false,סאן בנדטו מוגז עדין,,,סאן בנדטו מוגז עדין,מיליליטרים,500.00,"100 מ""ל",false,,2.90,0.0058,true,1,8661
7290011133375,false,מכבי שנדי אפרסק בקבו,,,מכבי שנדי אפרסק בקבו,ארגז,1.98,ליטר,false,,30.90,15.6061,true,1,8666
7290011148911,false,פלפלים מתוקים טינקרב,,,פלפלים מתוקים טינקרב,גרמים,300.00,100 גרם,false,,9.90,0.0330,true,1,22717
7290011153885,false,נייר אכיל לעוגה ממות,,,נייר אכיל לעוגה ממות,אין,0.00,יחידה,false,,14.90,0.0000,true,1,20789
7290011154080,false,תרכיז תפוחים צלול טע,,,תרכיז תפוחים צלול טע,מיליליטרים,500.00,"100 מ""ל",false,,19.90,0.0398,true,1,267808
7290011194215,false,"דניאלה בננה 150 מ""ל",,,"דניאלה בננה 150 מ""ל",מיליליטרים,150.00,"100 מ""ל",false,,4.10,0.0273,true,1,15510
7290011194246,false,קוטג שטראוס 5% עם סי,,,קוטג שטראוס 5% עם סי,גרמים,250.00,100 גרם,false,,5.80,0.0232,true,1,15511
7290011223205,false,דולקור ריבת חלב 454,,,דולקור ריבת חלב 454,גרמים,454.00,100 גרם,false,,14.90,0.0328,true,1,6600
7290011223229,false,דאק ג'ל אסלה ניחוח ט,,,דאק ג'ל אסלה ניחוח ט,מיליליטרים,55.00,"100 מ""ל",false,,9.90,0.1800,true,1,6601
7290011223243,false,דאק ג'ל אסלה ניחוח ל,,,דאק ג'ל אסלה ניחוח ל,מיליליטרים,55.00,"100 מ""ל",false,,9.90,0.1800,true,1,6602
7290011236649,false,שוקולד צ'יפס בלגי שק,,,שוקולד צ'יפס בלגי שק,גרמים,300.00,100 גרם,false,,9.90,0.0330,true,1,6143
7290011239213,false,עמוס חטיפים מתוקים מ,,,עמוס חטיפים מתוקים מ,גרמים,100.00,100 גרם,false,,5.90,0.0590,true,1,26358
7290011239237,false,חטיפי אגוזים ישראלי,,,חטיפי אגוזים ישראלי,גרמים,250.00,100 גרם,false,,18.90,0.0756,true,1,101504
7290011239336,false,מחרום חלבה ללא סוכר,,,מחרום חלבה ללא סוכר,גרמים,400.00,100 גרם,false,,21.90,0.0547,true,1,3538
7290011239404,false,עמוס חטיפים שונים אר,,,עמוס חטיפים שונים אר,גרמים,300.00,100 גרם,false,,13.90,0.0463,true,1,26360
7290011249755,false,רולים אגוז 100 גרם,,,רולים אגוז 100 גרם,גרמים,100.00,100 גרם,false,,3.90,0.0390,true,1,25568
7290011254018,false,שעועית מש 500 גרם,,,שעועית מש 500 גרם,גרמים,500.00,100 גרם,false,,8.90,0.0178,true,1,11341
7290011254032,false,קינואה 500 גרם,,,קינואה 500 גרם,גרמים,500.00,100 גרם,false,,12.90,0.0258,true,1,11343
7290011254254,false,שוקולד ציפס 300גר,,,שוקולד ציפס 300גר,גרמים,300.00,100 גרם,false,,8.90,0.0297,true,1,11363
7290011254773,false,שעועית ארגנטינאית 50,,,שעועית ארגנטינאית 50,גרמים,500.00,100 גרם,false,,8.90,0.0178,true,1,11378
7290011378028,false,בארכה חלבה וניל ללא,,,בארכה חלבה וניל ללא,גרמים,350.00,100 גרם,false,,14.90,0.0426,true,1,1296
7290011378233,false,בארכה בקטנה מאגדת ונ,,,בארכה בקטנה מאגדת ונ,גרמים,120.00,100 גרם,false,,10.90,0.0908,true,1,13098
7290011378769,false,בארכה בקטנה מאגדת ונ,,,בארכה בקטנה מאגדת ונ,גרמים,120.00,100 גרם,false,,10.90,0.0908,true,1,13102
7290011378776,false,בארכה בקטנה מאגדת פי,,,בארכה בקטנה מאגדת פי,גרמים,120.00,100 גרם,false,,10.90,0.0908,true,1,13103
7290011379018,false,פטריות צמד חמד,,,פטריות צמד חמד,גרמים,500.00,100 גרם,false,,15.90,0.0318,true,1,25707
7290011435226,false,דבש מפרחי בר לחיץ 65,,,דבש מפרחי בר לחיץ 65,גרמים,650.00,100 גרם,false,,34.90,0.0537,true,1,14973
7290011438142,false,יטבתה אייס קפה בבקבו,,,יטבתה אייס קפה בבקבו,מיליליטרים,350.00,"100 מ""ל",false,,6.50,0.0186,true,1,15513
7290011447304,false,מטרנה חלבי שלב 3 12*,,,מטרנה חלבי שלב 3 12*,גרמים,700.00,100 גרם,false,,48.90,0.0699,true,1,13109
7290011447359,false,מטרנה מהדרין שלב 1,,,מטרנה מהדרין שלב 1,גרמים,700.00,100 גרם,false,,49.90,0.0713,true,1,13110
7290011447373,false,מטרנה מהדרין שלב 2,,,מטרנה מהדרין שלב 2,גרמים,700.00,100 גרם,false,,49.90,0.0713,true,1,13111
7290011461058,false,גומא - מקלות ריחניים,,,גומא - מקלות ריחניים,אין,0.00,יחידה,false,,20.00,0.0000,true,1,10928
7290011473051,false,קוואקר עבה אורגני תב,,,קוואקר עבה אורגני תב,גרמים,500.00,100 גרם,false,,10.90,0.0218,true,1,213740
7290011473211,false,עדשים אדומות אורגני,,,עדשים אדומות אורגני,גרמים,500.00,100 גרם,false,,12.90,0.0258,true,1,213644
7290011473280,false,חומוס אורגני תבואות,,,חומוס אורגני תבואות,גרמים,500.00,100 גרם,false,,10.90,0.0218,true,1,213781
7290011473464,false,סובין שיבולת שועל או,,,סובין שיבולת שועל או,גרמים,400.00,100 גרם,false,,10.90,0.0273,true,1,420868
7290011473600,false,מלח הימליה דק תבואות,,,מלח הימליה דק תבואות,אלף,1.00,"ק""ג",false,,14.90,14.9000,true,1,420781
7290011473648,false,סוכר דמררה אורגני תב,,,סוכר דמררה אורגני תב,אלף,1.00,"ק""ג",false,,12.90,12.9000,true,1,213878
7290011473655,false,סוכר קנים אורגני תבו,,,סוכר קנים אורגני תבו,אלף,1.00,"ק""ג",false,,10.90,10.9000,true,1,5619
7290011473952,false,שבולת שועל דקה מהיר,,,שבולת שועל דקה מהיר,גרמים,400.00,100 גרם,false,,5.90,0.0148,true,1,420983
7290011473969,false,קינואה טריו אורגנית,,,קינואה טריו אורגנית,גרמים,500.00,100 גרם,false,,22.90,0.0458,true,1,213672
7290011474003,false,שמן קוקוס כתית אורגנ,,,שמן קוקוס כתית אורגנ,מיליליטרים,300.00,"100 מ""ל",false,,16.90,0.0563,true,1,421026
7290011474386,false,קוואקר דק אורגני תבו,,,קוואקר דק אורגני תבו,גרמים,500.00,100 גרם,false,,11.90,0.0238,true,1,5621
7290011474447,false,שיבולת שועל עבה טבעי,,,שיבולת שועל עבה טבעי,גרמים,400.00,100 גרם,false,,5.90,0.0148,true,1,214100
7290011474683,false,מגדרה קינואה אורגנית,,,מגדרה קינואה אורגנית,גרמים,500.00,100 גרם,false,,20.90,0.0418,true,1,214071
7290011474898,false,סוכר קוקוס אורגני תב,,,סוכר קוקוס אורגני תב,גרמים,300.00,100 גרם,false,,15.90,0.0530,true,1,420925
7290011499051,false,גד פטה כבשים גביע 20,,,גד פטה כבשים גביע 20,גרמים,250.00,100 גרם,false,,24.50,0.0980,true,1,11101
7290011499105,false,גד בולגרית 5% 250ג,,,גד בולגרית 5% 250ג,גרמים,250.00,100 גרם,false,,21.80,0.0872,true,1,11102
7290011499112,false,גד בולגרית 16% 250ג,,,גד בולגרית 16% 250ג,גרמים,250.00,100 גרם,false,,21.80,0.0872,true,1,11103
7290011499129,false,גד בולגרית מעודנת קו,,,גד בולגרית מעודנת קו,גרמים,200.00,100 גרם,false,,19.90,0.0995,true,1,11104
7290011499303,false,פטה עיזים מעודנת 5%,,,פטה עיזים מעודנת 5%,גרמים,250.00,100 גרם,false,,30.90,0.1236,true,1,11105
7290011499327,false,גד בולגרית בקר מעודנ,,,גד בולגרית בקר מעודנ,גרמים,250.00,100 גרם,false,,21.80,0.0872,true,1,11106
7290011499341,false,קשקבל מחלבות גד 200,,,קשקבל מחלבות גד 200,גרמים,250.00,100 גרם,false,,28.90,0.1156,true,1,11108
7290011499358,false,גד פטה עיזים 20% 200,,,גד פטה עיזים 20% 200,גרמים,200.00,100 גרם,false,,26.90,0.1345,true,1,11109
7290011499365,false,גד חלומי 24% 200ג,,,גד חלומי 24% 200ג,גרמים,200.00,100 גרם,false,,18.90,0.0945,true,1,11110
7290011499419,false,גבינה במרקם  שמנת 5%,,,גבינה במרקם  שמנת 5%,גרמים,200.00,100 גרם,false,,10.90,0.0545,true,1,11111
7290011499525,false,גד לאבנה דרוזית 9% 5,,,גד לאבנה דרוזית 9% 5,גרמים,500.00,100 גרם,false,,19.50,0.0390,true,1,11112
7290011499624,false,גד ניו יורק גבינת שמ,,,גד ניו יורק גבינת שמ,גרמים,200.00,100 גרם,false,,12.90,0.0645,true,1,11113
7290011499846,false,גד ריקוטה פרסקה 5% 3,,,גד ריקוטה פרסקה 5% 3,גרמים,300.00,100 גרם,false,,16.80,0.0560,true,1,11120
7290011501563,false,נקטר חמוציות דין שיו,,,נקטר חמוציות דין שיו,מיליליטרים,948.00,"100 מ""ל",false,,15.20,0.0160,true,1,6144
7290011515683,false,אקסטרים וניל מאגדת 6,,,אקסטרים וניל מאגדת 6,גרמים,432.00,100 גרם,false,,33.90,0.0785,true,1,11833
7290011515911,false,מאגדת לייט ריבת חלב,,,מאגדת לייט ריבת חלב,גרמים,312.00,100 גרם,false,,27.90,0.0894,true,1,11834
7290011518561,false,אקטימל תות משפחתי 14,,,אקטימל תות משפחתי 14,ארגז,1.40,ליטר,false,,29.90,21.3571,true,1,15514
7290011525712,false,קמיל בלו סנסיטיב לפנ,,,קמיל בלו סנסיטיב לפנ,אין,0.00,יחידה,false,,33.90,0.0000,true,1,18749
7290011530358,false,שייק איט(3*150 גר')-,,,שייק איט(3*150 גר')-,גרמים,450.00,100 גרם,false,,32.90,0.0731,true,1,22592
7290011530488,false,שייק איט(3*150 גר')-,,,שייק איט(3*150 גר')-,גרמים,450.00,100 גרם,false,,32.90,0.0731,true,1,22594
7290011530525,false,שייק איט יום שלישי 4,,,שייק איט יום שלישי 4,גרמים,450.00,100 גרם,false,,32.90,0.0731,true,1,22595
7290011530532,false,שייט איט יום שני 450,,,שייט איט יום שני 450,גרמים,450.00,100 גרם,false,,32.90,0.0731,true,1,22596
7290011530549,false,שייק איט יום ראשון 4,,,שייק איט יום ראשון 4,גרמים,450.00,100 גרם,false,,32.90,0.0731,true,1,22597
7290011530730,false,שייק איט יום חמישי 4,,,שייק איט יום חמישי 4,גרמים,450.00,100 גרם,false,,32.90,0.0731,true,1,22599
7290011530747,false,שייק איט יום רביעי 4,,,שייק איט יום רביעי 4,גרמים,450.00,100 גרם,false,,32.90,0.0731,true,1,22600
7290011530945,false,קרפציו עגל 210 גר',,,קרפציו עגל 210 גר',גרמים,210.00,100 גרם,false,,40.90,0.1948,true,1,22602
7290011570507,false,קמח נטול גלוטן כרגיל,,,קמח נטול גלוטן כרגיל,גרמים,450.00,100 גרם,false,,14.90,0.0331,true,1,16239
7290011570781,false,קמח נטול גלוטן כרגיל,,,קמח נטול גלוטן כרגיל,גרמים,450.00,100 גרם,false,,14.90,0.0331,true,1,2395
7290011587123,false,קרם קוקוס תומר 400 מ,,,קרם קוקוס תומר 400 מ,מיליליטרים,400.00,"100 מ""ל",false,,9.90,0.0248,true,1,16242
7290011587468,false,מוזלי קראנצ + אגוז ת,,,מוזלי קראנצ + אגוז ת,גרמים,600.00,100 גרם,false,,13.90,0.0232,true,1,16247
7290011587833,false,עגבניות מיובשות בשמן,,,עגבניות מיובשות בשמן,גרמים,340.00,100 גרם,false,,11.50,0.0338,true,1,16254
7290011587857,false,עגבניות מיובשות מתוב,,,עגבניות מיובשות מתוב,גרמים,250.00,100 גרם,false,,9.90,0.0396,true,1,16255
7290011593087,false,סבא חביב שמן זית כתי,,,סבא חביב שמן זית כתי,מיליליטרים,750.00,"100 מ""ל",false,,30.90,0.0412,true,1,182935
7290011593704,false,שמן זית סורי הסדרה ה,,,שמן זית סורי הסדרה ה,מיליליטרים,750.00,"100 מ""ל",false,,42.90,0.0572,true,1,447143
7290011598211,false,מנקה כללי אנטיקאלק 7,,,מנקה כללי אנטיקאלק 7,מיליליטרים,700.00,"100 מ""ל",false,,17.90,0.0256,true,1,19298
7290011598259,false,סנו פרש אוטומטיק מאס,,,סנו פרש אוטומטיק מאס,מיליליטרים,250.00,"100 מ""ל",false,,13.90,0.0556,true,1,19299
7290011598402,false,מרכך כביסה סנו מקסימ,,,מרכך כביסה סנו מקסימ,ארגז,4.00,ליטר,false,,22.90,5.7250,true,1,19301
7290011599836,false,משפר אפיה רובינפלד 1,,,משפר אפיה רובינפלד 1,גרמים,100.00,100 גרם,false,,10.90,0.1090,true,1,296921
7290011607180,false,"קולון 101 1.25 ק""ג",,,"קולון 101 1.25 ק""ג",אלף,1.25,"ק""ג",false,,14.90,11.9200,true,1,14236
7290011622428,false,כתמטמינים-חטיף בריאו,,,כתמטמינים-חטיף בריאו,גרמים,100.00,100 גרם,false,,5.90,0.0590,true,1,5624
7290011659042,false,קוביות פטרוזליה קפוא,,,קוביות פטרוזליה קפוא,גרמים,70.00,100 גרם,false,,9.90,0.1414,true,1,79619
7290011659066,false,קוביות בזיליקום קפוא,,,קוביות בזיליקום קפוא,גרמים,70.00,100 גרם,false,,9.90,0.1414,true,1,79620
7290011659073,false,קוביות שום קפוא 80 ג,,,קוביות שום קפוא 80 ג,גרמים,80.00,100 גרם,false,,9.90,0.1238,true,1,79634
7290011668143,false,מסיכה משקמת 1 ליטר פ,,,מסיכה משקמת 1 ליטר פ,ארגז,1.00,ליטר,false,,29.90,29.9000,true,1,12773
7290011668570,false,חגיגת גרנולה פירות י,,,חגיגת גרנולה פירות י,גרמים,500.00,100 גרם,false,,26.90,0.0538,true,1,12774
7290011668587,false,גרנולה בטעם עשיר פני,,,גרנולה בטעם עשיר פני,גרמים,500.00,100 גרם,false,,26.90,0.0538,true,1,12775
7290011668594,false,פנינה תוספת בריאה לס,,,פנינה תוספת בריאה לס,גרמים,550.00,100 גרם,false,,35.90,0.0653,true,1,1012
7290011723200,false,טחינה הר ברכה טחינה,,,טחינה הר ברכה טחינה,גרמים,500.00,100 גרם,false,,19.90,0.0398,true,1,25573
7290011765408,false,שמפו+מרכך כיף בוב ספ,,,שמפו+מרכך כיף בוב ספ,מיליליטרים,750.00,"100 מ""ל",false,,11.90,0.0159,true,1,19314
7290011765446,false,משחת שיניים בוב ספוג,,,משחת שיניים בוב ספוג,מיליליטרים,50.00,"100 מ""ל",false,,7.90,0.1580,true,1,19315
7290011765620,false,"נוזל כלים 750 מ""ל GR",,,"נוזל כלים 750 מ""ל GR",מיליליטרים,750.00,"100 מ""ל",false,,9.90,0.0132,true,1,19317
7290011800840,false,צבר רפי כהן טחינה בל,,,צבר רפי כהן טחינה בל,גרמים,400.00,100 גרם,false,,14.90,0.0373,true,1,13662
7290011860271,false,תפוגן ביס בול טבעי 7,,,תפוגן ביס בול טבעי 7,גרמים,700.00,100 גרם,false,,15.90,0.0227,true,1,13664
7290011876494,false,מאמא עוף קפוא שניצל,,,מאמא עוף קפוא שניצל,גרמים,750.00,100 גרם,false,,30.90,0.0412,true,1,16571
7290011877088,false,סנו סושי צמד רדידי א,,,סנו סושי צמד רדידי א,מטרים,15.00,מטר,false,,16.90,1.1267,true,1,19318
7290011877095,false,סנו סושי צמד רדידי א,,,סנו סושי צמד רדידי א,מטרים,15.00,מטר,false,,19.90,1.3267,true,1,19319
7290011877446,false,קרם נגד גירויים בייב,,,קרם נגד גירויים בייב,גרמים,100.00,100 גרם,false,,11.90,0.1190,true,1,2158
7290011877859,false,סנו אינסטלטור פותח ס,,,סנו אינסטלטור פותח ס,מיליליטרים,200.00,"100 מ""ל",false,,15.90,0.0795,true,1,19324
7290011877866,false,אבקת כביסה סנו מקסימ,,,אבקת כביסה סנו מקסימ,אלף,6.00,"ק""ג",false,,49.90,8.3167,true,1,19325
7290011912642,false,מי פה טאגד ליסטרין 5,,,מי פה טאגד ליסטרין 5,מיליליטרים,500.00,"100 מ""ל",false,,22.90,0.0458,true,1,18900
7290011947316,false,זיתי קלמטה זיתא 215,,,זיתי קלמטה זיתא 215,גרמים,215.00,100 גרם,false,,11.90,0.0553,true,1,16119
7290011947743,false,מיקס זית ירוק וזית ק,,,מיקס זית ירוק וזית ק,גרמים,215.00,100 גרם,false,,11.90,0.0553,true,1,16123
7290011947798,false,זית קלמטה ללא גלעין,,,זית קלמטה ללא גלעין,גרמים,190.00,100 גרם,false,,13.90,0.0732,true,1,44756
7290011964344,false,שום גבישי 120 גר' במ,,,שום גבישי 120 גר' במ,גרמים,120.00,100 גרם,false,,10.90,0.0908,true,1,26181
7290011964689,false,תבלין על האש ללא מונ,,,תבלין על האש ללא מונ,גרמים,100.00,100 גרם,false,,9.70,0.0970,true,1,241179
7290011964702,false,תבלין לשווארמה ללא מ,,,תבלין לשווארמה ללא מ,גרמים,100.00,100 גרם,false,,9.70,0.0970,true,1,241195
7290012001994,false,חרדל דיגון גרעינים 3,,,חרדל דיגון גרעינים 3,גרמים,350.00,100 גרם,false,,9.90,0.0283,true,1,6397
7290012019265,false,"מחית תפו""ע ללא סוכר",,,"מחית תפו""ע ללא סוכר",גרמים,452.00,100 גרם,false,,9.90,0.0219,true,1,456
7290012022203,false,קליליות חיטה מלאה די,,,קליליות חיטה מלאה די,גרמים,100.00,100 גרם,false,,13.90,0.1390,true,1,20410
7290012022227,false,קליליות בטעם טבעי די,,,קליליות בטעם טבעי די,גרמים,60.00,100 גרם,false,,11.90,0.1983,true,1,20411
7290012022272,false,פריכיות קליליות קידס,,,פריכיות קליליות קידס,אין,0.00,יחידה,false,,10.90,0.0000,true,1,20412
7290012031151,false,אל אם בלו מושיין בוד,,,אל אם בלו מושיין בוד,אין,0.00,יחידה,false,,25.00,0.0000,false,1,18620
7290012086113,false,עגבניות שרי,,,עגבניות שרי,גרמים,500.00,100 גרם,false,,9.90,0.0198,true,1,31187
7290012116025,false,שמפו כיף פיות 750 מל,,,שמפו כיף פיות 750 מל,מיליליטרים,750.00,"100 מ""ל",false,,11.90,0.0159,true,1,19328
7290012116063,false,אל סבון כיף פיות בתמ,,,אל סבון כיף פיות בתמ,מיליליטרים,750.00,"100 מ""ל",false,,11.90,0.0159,true,1,19330
7290012116261,false,"סנו מדיק ג'ל 500 מ""ל",,,"סנו מדיק ג'ל 500 מ""ל",מיליליטרים,500.00,"100 מ""ל",false,,19.90,0.0398,true,1,19332
7290012116612,false,מארז מברשות שיניים א,,,מארז מברשות שיניים א,אין,0.00,יחידה,false,,10.90,0.0000,true,1,2473
7290012116629,false,תחליב סנו די לתינוקו,,,תחליב סנו די לתינוקו,מיליליטרים,50.00,"100 מ""ל",false,,19.90,0.3980,true,1,19337
7290012116735,false,נייר טואלט סופט ג'מב,,,נייר טואלט סופט ג'מב,מטרים,900.00,מטר,false,,41.90,0.0466,true,1,19340
7290012117091,false,אבקת כביסה סנו מקסימ,,,אבקת כביסה סנו מקסימ,אלף,6.00,"ק""ג",false,,49.90,8.3167,true,1,19342
7290012117275,false,סנוקליר שקית מילוי 7,,,סנוקליר שקית מילוי 7,מיליליטרים,750.00,"100 מ""ל",false,,6.90,0.0092,true,1,19345
7290012117350,false,ריצפז פרש לילך לבנדר,,,ריצפז פרש לילך לבנדר,ארגז,2.00,ליטר,false,,18.90,9.4500,true,1,19346
7290012117534,false,סנו מקסימה מרכך קומפ,,,סנו מקסימה מרכך קומפ,אין,0.00,יחידה,false,,18.90,0.0000,true,1,19353
7290012117541,false,סנו מקסימה מרכך קומפ,,,סנו מקסימה מרכך קומפ,אין,0.00,יחידה,false,,18.90,0.0000,true,1,19354
7290012117558,false,סנו מקסימה מרכך קומפ,,,סנו מקסימה מרכך קומפ,אין,0.00,יחידה,false,,18.90,0.0000,true,1,19355
7290012117565,false,סנו סושי 100 כפפות ל,,,סנו סושי 100 כפפות ל,אין,0.00,יחידה,false,,44.90,0.0000,true,1,19356
7290012117572,false,M סנו סושי כפפות לטק,,,M סנו סושי כפפות לטק,אין,0.00,יחידה,false,,44.90,0.0000,true,1,19357
7290012117589,false,L סנו סושי כפפות לטק,,,L סנו סושי כפפות לטק,אין,0.00,יחידה,false,,44.90,0.0000,true,1,19358
7290012117626,false,אורביטול בוב ספוג מי,,,אורביטול בוב ספוג מי,מיליליטרים,250.00,"100 מ""ל",false,,9.90,0.0396,true,1,90929
7290012117732,false,מרכך כביסה סנו מקסימ,,,מרכך כביסה סנו מקסימ,ארגז,4.00,ליטר,false,,22.90,5.7250,true,1,19360
7290012117916,false,סנו אינסטלאטור פותח,,,סנו אינסטלאטור פותח,אין,0.00,יחידה,false,,29.90,0.0000,true,1,19362
7290012191053,true,המנגליסט גפרור ארוך,,,המנגליסט גפרור ארוך,אין,0.00,יחידה,false,,5.90,0.0000,true,1,67484
7290012191091,false,מדליק פחמים המנגליסט,,,מדליק פחמים המנגליסט,אין,0.00,יחידה,false,,4.90,0.0000,true,1,6803
7290012191107,false,המנגליסט גפרורים XL,,,המנגליסט גפרורים XL,אין,0.00,יחידה,false,,5.90,0.0000,true,1,67785
7290012212154,false,מלפפון במלח קטן בצנצ,,,מלפפון במלח קטן בצנצ,גרמים,560.00,100 גרם,false,,12.90,0.0230,true,1,357050
7290012226021,false,סלמי מעושן פראג יבש,,,סלמי מעושן פראג יבש,גרמים,400.00,100 גרם,false,,16.90,0.0422,true,1,24770
7290012226120,false,זוגלובק קבנוס 135ג.,,,זוגלובק קבנוס 135ג.,גרמים,135.00,100 גרם,false,,10.90,0.0807,true,1,24771
7290012226342,false,נקניקיה מן הצומח טבע,,,נקניקיה מן הצומח טבע,גרמים,460.00,100 גרם,false,,24.90,0.0541,true,1,807
7290012226939,false,זוגלובק קבנוס בטעם צ,,,זוגלובק קבנוס בטעם צ,גרמים,135.00,100 גרם,false,,10.90,0.0807,true,1,24775
7290012227325,false,זוגלובק סלמי מעושן ד,,,זוגלובק סלמי מעושן ד,גרמים,120.00,100 גרם,false,,11.90,0.0992,true,1,24778
7290012227912,false,קבנוס מעודן  זוגלובק,,,קבנוס מעודן  זוגלובק,גרמים,135.00,100 גרם,false,,10.90,0.0807,true,1,24787
7290012227974,false,זוגלובק פסטרמה בדבש,,,זוגלובק פסטרמה בדבש,גרמים,120.00,100 גרם,false,,11.90,0.0992,true,1,24788
7290012227981,false,פסטרמה ברביקיו זוגלו,,,פסטרמה ברביקיו זוגלו,גרמים,120.00,100 גרם,false,,11.90,0.0992,true,1,24789
7290012227998,false,זוגלובק  חזה בקר  12,,,זוגלובק  חזה בקר  12,גרמים,120.00,100 גרם,false,,12.90,0.1075,true,1,24790
7290012228278,false,נקנקיות בוקוורסט הוד,,,נקנקיות בוקוורסט הוד,גרמים,300.00,100 גרם,false,,19.90,0.0663,true,1,24794
7290012260827,false,שערות קדאיף  475 גרם,,,שערות קדאיף  475 גרם,גרמים,475.00,100 גרם,false,,13.90,0.0293,true,1,30011
7290012309878,false,חלבה פיסטוק שקדיה 50,,,חלבה פיסטוק שקדיה 50,גרמים,500.00,100 גרם,false,,12.90,0.0258,true,1,121691
7290012313141,false,פרוסות מלפפון במלח י,,,פרוסות מלפפון במלח י,גרמים,540.00,100 גרם,false,,6.30,0.0117,true,1,32282
7290012313240,false,מיקס זית ירוק וקלמטה,,,מיקס זית ירוק וקלמטה,גרמים,560.00,100 גרם,false,,10.90,0.0195,true,1,38708
7290012372100,false,קמח חיטה 80% רובינפל,,,קמח חיטה 80% רובינפל,אלף,1.00,"ק""ג",false,,10.90,10.9000,true,1,296851
7290012372117,false,קמח חיטה מלא 100% רו,,,קמח חיטה מלא 100% רו,אלף,1.00,"ק""ג",false,,10.90,10.9000,true,1,296852
7290012372124,false,קמח כוסמין 100% רובי,,,קמח כוסמין 100% רובי,אלף,1.00,"ק""ג",false,,16.90,16.9000,true,1,296879
7290012372155,false,קמח כוסמין 80% רובינ,,,קמח כוסמין 80% רובינ,אלף,1.00,"ק""ג",false,,16.90,16.9000,true,1,296880
7290012372209,false,קמח חיטה לבן מנופה ר,,,קמח חיטה לבן מנופה ר,אלף,1.00,"ק""ג",false,,7.90,7.9000,true,1,296837
7290012372247,false,קמח כוסמין לבן רובינ,,,קמח כוסמין לבן רובינ,אלף,1.00,"ק""ג",false,,16.90,16.9000,true,1,296894
7290012404955,false,ספרינג נקטר חמוציות,,,ספרינג נקטר חמוציות,ארגז,1.25,ליטר,false,,12.50,10.0000,true,1,9702
7290012413636,false,תה ירוק צ'אי T.Tשמינ,,,תה ירוק צ'אי T.Tשמינ,גרמים,37.50,100 גרם,false,,23.90,0.6373,true,1,16126
7290012413643,false,תה ירוק קמומיל T.Tשמ,,,תה ירוק קמומיל T.Tשמ,גרמים,37.50,100 גרם,false,,23.90,0.6373,true,1,16127
7290012522581,false,טבעול שניצל תירס ללא,,,טבעול שניצל תירס ללא,גרמים,664.00,100 גרם,false,,19.90,0.0300,true,1,13667
7290012557972,false,עוגיות נמסות במילוי,,,עוגיות נמסות במילוי,גרמים,150.00,100 גרם,false,,5.90,0.0393,true,1,10389
7290012561313,false,בצל מטוגן דורות 400,,,בצל מטוגן דורות 400,גרמים,400.00,100 גרם,false,,16.90,0.0422,true,1,107717
7290012561405,false,בצל חצי מטוגן דורות,,,בצל חצי מטוגן דורות,גרמים,180.00,100 גרם,false,,10.50,0.0583,true,1,13668
7290012576379,false,מרלו ספיישל רזרב 750,,,מרלו ספיישל רזרב 750,מיליליטרים,750.00,"100 מ""ל",false,,59.90,0.0799,true,1,271797
7290012576607,false,ברקן יין פרמייר אדום,,,ברקן יין פרמייר אדום,מיליליטרים,750.00,"100 מ""ל",false,,26.90,0.0359,true,1,8685
7290012642586,false,ערמונים קלופים וקלוי,,,ערמונים קלופים וקלוי,גרמים,100.00,100 גרם,false,,5.90,0.0590,true,1,16264
7290012642852,false,פלפל אדום קלוי על הא,,,פלפל אדום קלוי על הא,גרמים,330.00,100 גרם,false,,11.90,0.0361,true,1,16265
7290012645068,false,ישראלה גבינת עיזים 1,,,ישראלה גבינת עיזים 1,גרמים,180.00,100 גרם,false,,22.90,0.1272,true,1,68904
7290012645112,false,יוגורט עיזים בדלי 75,,,יוגורט עיזים בדלי 75,מיליליטרים,750.00,"100 מ""ל",false,,18.90,0.0252,true,1,15517
7290012645129,false,יוגורט כבשים בדלי 75,,,יוגורט כבשים בדלי 75,מיליליטרים,750.00,"100 מ""ל",false,,18.90,0.0252,true,1,15518
7290012645174,false,גבינת עיזים 5% חלב ה,,,גבינת עיזים 5% חלב ה,גרמים,200.00,100 גרם,false,,13.90,0.0695,true,1,349480
7290012645181,false,לאבנה עיזים 5% חלב ה,,,לאבנה עיזים 5% חלב ה,גרמים,200.00,100 גרם,false,,13.90,0.0695,true,1,349494
7290012645280,false,יוגורט כבשים בסגנון,,,יוגורט כבשים בסגנון,מיליליטרים,150.00,"100 מ""ל",false,,5.90,0.0393,true,1,139465
7290012645297,false,סוסיא יוגורט עיזים ב,,,סוסיא יוגורט עיזים ב,מיליליטרים,150.00,"100 מ""ל",false,,5.90,0.0393,true,1,15519
7290012645389,false,חלב הארץ יוגורט ביו,,,חלב הארץ יוגורט ביו,ארגז,1.00,ליטר,false,,20.90,20.9000,true,1,15521
7290012697081,false,סוכרזית מהטבע סטיווי,,,סוכרזית מהטבע סטיווי,גרמים,100.00,100 גרם,false,,32.00,0.3200,true,1,14983
7290012803215,false,טוסו וופל בלגי שוקול,,,טוסו וופל בלגי שוקול,גרמים,200.00,100 גרם,false,,10.00,0.0500,true,1,6617
7290012803222,false,טוסו וופל בלגי לימון,,,טוסו וופל בלגי לימון,גרמים,200.00,100 גרם,false,,10.00,0.0500,true,1,6618
7290012803765,false,טוסו שוקלד מריר 100ג,,,טוסו שוקלד מריר 100ג,גרמים,100.00,100 גרם,false,,8.90,0.0890,true,1,6623
7290012803772,false,טוסו שוקלד חלב 100ג,,,טוסו שוקלד חלב 100ג,גרמים,100.00,100 גרם,false,,8.90,0.0890,true,1,6624
7290012803789,false,טוסו שוקלד מריר ואגו,,,טוסו שוקלד מריר ואגו,גרמים,100.00,100 גרם,false,,8.90,0.0890,true,1,6625
7290012823381,false,סנו מקסימה סנסטיב מר,,,סנו מקסימה סנסטיב מר,אין,0.00,יחידה,false,,18.90,0.0000,true,1,19367
7290012823398,false,ריצפז מטליות לחות בנ,,,ריצפז מטליות לחות בנ,אין,0.00,יחידה,false,,11.90,0.0000,true,1,19368
7290012823558,false,סנו סושי מטליות ענק,,,סנו סושי מטליות ענק,אין,0.00,יחידה,false,,10.90,0.0000,true,1,19371
7290012823565,false,פוליויקס פרקט מטליות,,,פוליויקס פרקט מטליות,אין,0.00,יחידה,false,,14.90,0.0000,true,1,19372
7290012823602,false,נייר טואלט סופט סילק,,,נייר טואלט סופט סילק,מטרים,588.00,מטר,false,,33.90,0.0577,true,1,19374
7290012823947,false,סנו מקסימה מרכך פרפי,,,סנו מקסימה מרכך פרפי,מיליליטרים,750.00,"100 מ""ל",false,,18.90,0.0252,true,1,19380
7290012884986,false,תפוגן ציפס לתנור עד,,,תפוגן ציפס לתנור עד,אלף,1.50,"ק""ג",false,,24.90,16.6000,true,1,13670
7290012901973,false,שעועית אדומה 400 גרם,,,שעועית אדומה 400 גרם,גרמים,400.00,100 גרם,false,,9.90,0.0248,true,1,96769
7290012936937,false,מימון בהרט 40 גרם,,,מימון בהרט 40 גרם,גרמים,50.00,100 גרם,false,,11.90,0.2380,true,1,3886
7290012938405,false,דאיימונד נייר כסף 87,,,דאיימונד נייר כסף 87,מטרים,7.60,מטר,false,,17.50,2.3026,true,1,5692
7290012938580,false,משחת שיניים הלבנה עד,,,משחת שיניים הלבנה עד,מיליליטרים,75.00,"100 מ""ל",false,,20.90,0.2787,true,1,5693
7290012938740,false,משחת שיניים פרש מינט,,,משחת שיניים פרש מינט,מיליליטרים,75.00,"100 מ""ל",false,,20.90,0.2787,true,1,5694
7290012938924,false,מי פה אקווה פרש 500,,,מי פה אקווה פרש 500,מיליליטרים,500.00,"100 מ""ל",false,,19.70,0.0394,true,1,5695
7290012962448,false,מדליק פחם נוזלי 250,,,מדליק פחם נוזלי 250,מיליליטרים,250.00,"100 מ""ל",false,,9.90,0.0396,true,1,4106
7290012962929,false,כפפות ניטריל סייף טא,,,כפפות ניטריל סייף טא,אין,0.00,יחידה,false,,27.90,0.0000,true,1,309291
7290012962936,false,כפפות ניטריל סייף טא,,,כפפות ניטריל סייף טא,אין,0.00,יחידה,false,,27.90,0.0000,true,1,309292
7290013010018,false,רוטב לפסטה פרי מבורך,,,רוטב לפסטה פרי מבורך,גרמים,260.00,100 גרם,false,,5.50,0.0212,true,1,8135
7290013010025,false,רוטב לפיצה פרי מבורך,,,רוטב לפיצה פרי מבורך,גרמים,260.00,100 גרם,false,,5.50,0.0212,true,1,8136
7290013027399,false,לחם 100 בתוספת שיפון,,,לחם 100 בתוספת שיפון,גרמים,750.00,100 גרם,false,,13.90,0.0185,true,1,22644
7290013038432,false,אקווה נובה 2 ליטר,,,אקווה נובה 2 ליטר,ארגז,2.00,ליטר,false,,4.70,2.3500,true,1,8690
7290013083685,false,מטרנה אקסטרה קר שלב,,,מטרנה אקסטרה קר שלב,גרמים,700.00,100 גרם,false,,58.90,0.0841,true,1,13114
7290013117212,false,בורקס פילו גבינה מעד,,,בורקס פילו גבינה מעד,גרמים,600.00,100 גרם,false,,15.90,0.0265,true,1,22758
7290013117229,false,בורקס פילו תפוא מעדנ,,,בורקס פילו תפוא מעדנ,גרמים,600.00,100 גרם,false,,15.90,0.0265,true,1,22759
7290013117243,false,בורקס פילו בולגרית מ,,,בורקס פילו בולגרית מ,גרמים,600.00,100 גרם,false,,15.90,0.0265,true,1,22761
7290013117410,false,מעדנות בצק פריך מרוד,,,מעדנות בצק פריך מרוד,גרמים,900.00,100 גרם,false,,19.90,0.0221,true,1,22762
7290013117427,false,מעדנות בצק פריך מרוד,,,מעדנות בצק פריך מרוד,גרמים,900.00,100 גרם,false,,19.90,0.0221,true,1,22763
7290013117526,false,מעדנות בצק שמרים למא,,,מעדנות בצק שמרים למא,גרמים,900.00,100 גרם,false,,19.90,0.0221,true,1,22764
7290013121028,false,לחם לבן ללא גלוטן גר,,,לחם לבן ללא גלוטן גר,גרמים,500.00,100 גרם,false,,17.90,0.0358,true,1,32433
7290013121127,false,לחמניות מיני ללא גלו,,,לחמניות מיני ללא גלו,גרמים,480.00,100 גרם,false,,17.90,0.0373,true,1,32434
7290013121158,false,רביעיית לחמניות סנדב,,,רביעיית לחמניות סנדב,גרמים,460.00,100 גרם,false,,15.90,0.0346,true,1,32435
7290013121165,false,"לחמניות נקניקיה כשל""",,,"לחמניות נקניקיה כשל""",גרמים,460.00,100 גרם,false,,17.90,0.0389,true,1,32436
7290013144171,false,תערובת עוגת שוקולד 5,,,תערובת עוגת שוקולד 5,גרמים,560.00,100 גרם,false,,14.90,0.0266,true,1,11536
7290013144317,false,ג`וני - גלילית וופל,,,ג`וני - גלילית וופל,גרמים,400.00,100 גרם,false,,21.90,0.0547,true,1,11547
7290013144393,false,תמצית בטעם וניל 50גר,,,תמצית בטעם וניל 50גר,גרמים,50.00,100 גרם,false,,4.50,0.0900,true,1,11550
7290013144409,false,תמצית בטעם רום 50גר,,,תמצית בטעם רום 50גר,מיליליטרים,50.00,"100 מ""ל",false,,4.50,0.0900,true,1,11551
7290013144416,false,תמציתבטעם שקדים 50גר,,,תמציתבטעם שקדים 50גר,גרמים,50.00,100 גרם,false,,4.50,0.0900,true,1,11552
7290013144539,false,צבע מאכל אדום 50גר,,,צבע מאכל אדום 50גר,גרמים,50.00,100 גרם,false,,4.50,0.0900,true,1,11556
7290013144751,false,מימונס סירופ בטעם מי,,,מימונס סירופ בטעם מי,מיליליטרים,500.00,"100 מ""ל",false,,13.90,0.0278,true,1,11559
7290013144768,false,מימונס סירופ בטעם שו,,,מימונס סירופ בטעם שו,מיליליטרים,500.00,"100 מ""ל",false,,13.90,0.0278,true,1,11560
7290013144980,false,תרסיס שמן קונולה מימ,,,תרסיס שמן קונולה מימ,גרמים,170.00,100 גרם,false,,15.90,0.0935,true,1,11561
7290013145055,false,פרג שלם 100גר,,,פרג שלם 100גר,גרמים,100.00,100 גרם,false,,6.90,0.0690,true,1,11567
7290013145062,false,סירופ מייפל אמיתי %1,,,סירופ מייפל אמיתי %1,מיליליטרים,187.00,"100 מ""ל",false,,19.90,0.1064,true,1,11568
7290013145116,false,מימונס שקד מולבן מקל,,,מימונס שקד מולבן מקל,גרמים,100.00,100 גרם,false,,12.90,0.1290,true,1,11572
7290013145130,false,מימונס שקד מולבן חצו,,,מימונס שקד מולבן חצו,גרמים,100.00,100 גרם,false,,12.90,0.1290,true,1,11574
7290013145192,false,שומשום 100גר,,,שומשום 100גר,גרמים,100.00,100 גרם,false,,4.90,0.0490,true,1,11577
7290013145215,false,שומשום 400גר,,,שומשום 400גר,גרמים,400.00,100 גרם,false,,14.90,0.0373,true,1,11578
7290013145277,false,עלים לקרמשניט 300 גר,,,עלים לקרמשניט 300 גר,גרמים,300.00,100 גרם,false,,15.90,0.0530,true,1,11580
7290013145390,false,מימונס שוקולד ציפס מ,,,מימונס שוקולד ציפס מ,גרמים,250.00,100 גרם,false,,8.90,0.0356,true,1,11581
7290013145406,false,מימונס שוקולד ציפס ל,,,מימונס שוקולד ציפס ל,גרמים,250.00,100 גרם,false,,9.90,0.0396,true,1,11582
7290013145437,false,מימונס שוקולד ציפס 4,,,מימונס שוקולד ציפס 4,גרמים,250.00,100 גרם,false,,12.90,0.0516,true,1,11583
7290013145444,false,מימונס שוקולד ציפס 6,,,מימונס שוקולד ציפס 6,גרמים,250.00,100 גרם,false,,12.70,0.0508,true,1,11584
7290013145628,false,סוכריות צבעוניות לקי,,,סוכריות צבעוניות לקי,גרמים,200.00,100 גרם,false,,8.90,0.0445,true,1,11591
7290013145710,false,דובדבנים מסוכרים 100,,,דובדבנים מסוכרים 100,גרמים,100.00,100 גרם,false,,9.90,0.0990,true,1,1011
7290013145840,false,מימונס סוכר וניל 10*,,,מימונס סוכר וניל 10*,גרמים,100.00,100 גרם,false,,2.50,0.0250,true,1,11597
7290013145857,false,אבקת אפיה 10* 10 גרם,,,אבקת אפיה 10* 10 גרם,גרמים,100.00,100 גרם,false,,2.50,0.0250,true,1,11598
7290013145901,false,סודה לשתיה 100 גרם,,,סודה לשתיה 100 גרם,גרמים,100.00,100 גרם,false,,2.00,0.0200,true,1,11601
7290013145918,false,אבקת סוכר 100 גרם,,,אבקת סוכר 100 גרם,גרמים,100.00,100 גרם,false,,2.00,0.0200,true,1,11602
7290013145963,false,מימונס שמרים יבשים ב,,,מימונס שמרים יבשים ב,גרמים,125.00,100 גרם,false,,5.50,0.0440,true,1,11605
7290013146670,false,סוכריות לב צבעוניות,,,סוכריות לב צבעוניות,אין,0.00,יחידה,false,,11.90,0.0000,true,1,11625
7290013146724,false,אייס קפה להכנה ביתית,,,אייס קפה להכנה ביתית,גרמים,350.00,100 גרם,false,,17.90,0.0511,true,1,181517
7290013146762,false,קצפת לזילוף 24% שומן,,,קצפת לזילוף 24% שומן,גרמים,500.00,100 גרם,false,,6.80,0.0136,true,1,132981
7290013153418,false,פריגת מצונן סחוט לימ,,,פריגת מצונן סחוט לימ,אין,0.00,יחידה,false,,15.90,0.0000,true,1,6937
7290013153432,false,פריגת סחוט לימונענע,,,פריגת סחוט לימונענע,מיליליטרים,400.00,"100 מ""ל",false,,9.90,0.0248,true,1,6939
7290013156822,false,עוגיות רייף גיקובס 3,,,עוגיות רייף גיקובס 3,גרמים,350.00,100 גרם,false,,16.90,0.0483,true,1,237306
7290013156846,false,עוגיות מלוחות גיקובס,,,עוגיות מלוחות גיקובס,גרמים,350.00,100 גרם,false,,16.90,0.0483,true,1,237307
7290013156914,false,עוגיות כעך טוניסאי ג,,,עוגיות כעך טוניסאי ג,גרמים,350.00,100 גרם,false,,16.90,0.0483,true,1,237308
7290013156921,false,"עוגיות  מרוקאיות לל""",,,"עוגיות  מרוקאיות לל""",גרמים,350.00,100 גרם,false,,16.90,0.0483,true,1,237309
7290013215031,false,פטריות פורטובלה למיל,,,פטריות פורטובלה למיל,יח',1.00,יח',false,,19.90,19.9000,true,1,175914
7290013215123,false,פטריות שמפניון למילו,,,פטריות שמפניון למילו,יח',1.00,יח',false,,19.90,19.9000,true,1,175915
7290013220042,false,מיקס טרופי 400 גרם ב,,,מיקס טרופי 400 גרם ב,גרמים,400.00,100 גרם,false,,19.90,0.0497,true,1,31790
7290013220103,false,דובדבן קפוא 500 גרם,,,דובדבן קפוא 500 גרם,גרמים,500.00,100 גרם,false,,19.90,0.0398,true,1,31791
7290013220127,false,דומדמנית שחורה 500 ג,,,דומדמנית שחורה 500 ג,גרמים,500.00,100 גרם,false,,19.90,0.0398,true,1,31793
7290013220134,false,פירות יער 500 גרם בק,,,פירות יער 500 גרם בק,גרמים,500.00,100 גרם,false,,19.90,0.0398,true,1,31794
7290013220899,false,תות שדה קפוא 500 גרם,,,תות שדה קפוא 500 גרם,גרמים,500.00,100 גרם,false,,19.90,0.0398,true,1,31797
7290013220929,false,אוכמנית  כחולות 400,,,אוכמנית  כחולות 400,גרמים,400.00,100 גרם,false,,19.90,0.0497,true,1,31798
7290013221001,false,אננס 500 גרם בקופסא,,,אננס 500 גרם בקופסא,גרמים,500.00,100 גרם,false,,19.90,0.0398,true,1,31802
7290013267665,false,סולרו מאגדת מיני   *,,,סולרו מאגדת מיני   *,גרמים,354.00,100 גרם,false,,21.90,0.0619,true,1,5947
7290013268020,false,סנו מקסימה אולטרא פר,,,סנו מקסימה אולטרא פר,אין,0.00,יחידה,false,,18.90,0.0000,true,1,19381
7290013268037,false,סנו מקסימה פצ'ולי מר,,,סנו מקסימה פצ'ולי מר,אין,0.00,יחידה,false,,18.90,0.0000,true,1,19382
7290013268242,false,ריצפז פרש הום בניחוח,,,ריצפז פרש הום בניחוח,ארגז,2.00,ליטר,false,,21.90,10.9500,true,1,19386
7290013268839,false,סנו פוליויקס פרקט בנ,,,סנו פוליויקס פרקט בנ,ארגז,2.00,ליטר,false,,21.90,10.9500,true,1,19391
7290013268884,false,ריצפז פרש מאסק 2 ליט,,,ריצפז פרש מאסק 2 ליט,ארגז,2.00,ליטר,false,,18.90,9.4500,true,1,19393
7290013268907,false,מקסימה ג'ל כביסה ביו,,,מקסימה ג'ל כביסה ביו,ארגז,3.00,ליטר,false,,33.90,11.3000,true,1,19395
7290013268983,false,מקסימה מרכך כביסה בב,,,מקסימה מרכך כביסה בב,אין,0.00,יחידה,false,,18.90,0.0000,true,1,90145
7290013268990,false,סנו מקסימה מרכך מרוכ,,,סנו מקסימה מרכך מרוכ,אין,0.00,יחידה,false,,18.90,0.0000,true,1,19398
7290013269003,false,סנו מקסימה קר בייבי,,,סנו מקסימה קר בייבי,ארגז,1.00,ליטר,false,,19.90,19.9000,true,1,19399
7290013269263,false,מקסימה גל כביסה קריס,,,מקסימה גל כביסה קריס,ארגז,3.00,ליטר,false,,33.90,11.3000,true,1,19400
7290013269287,false,מקסימה מאסק גל כביסה,,,מקסימה מאסק גל כביסה,ארגז,3.00,ליטר,false,,33.90,11.3000,true,1,19401
7290013269348,false,סנו K3 תחנות פיתיון,,,סנו K3 תחנות פיתיון,אין,0.00,יחידה,false,,50.90,0.0000,true,1,19403
7290013269621,false,ריצפז פרש הום בניחוח,,,ריצפז פרש הום בניחוח,ארגז,2.00,ליטר,false,,21.90,10.9500,true,1,19405
7290013269638,false,סנו סושי ספוג הפלא א,,,סנו סושי ספוג הפלא א,אין,0.00,יחידה,false,,9.70,0.0000,true,1,19406
7290013269645,false,ריצפז פרש מטליות לחו,,,ריצפז פרש מטליות לחו,אין,0.00,יחידה,false,,11.90,0.0000,true,1,19407
7290013269652,false,פוליויקס גרניט פורצל,,,פוליויקס גרניט פורצל,ארגז,2.00,ליטר,false,,20.90,10.4500,true,1,19408
7290013269669,false,ריצפז פנטזיה 3ל,,,ריצפז פנטזיה 3ל,ארגז,3.00,ליטר,false,,12.90,4.3000,true,1,19409
7290013269706,false,סנובון ג'ל אסלה ריח,,,סנובון ג'ל אסלה ריח,מיליליטרים,55.00,"100 מ""ל",false,,6.90,0.1255,true,1,19411
7290013269751,false,ריצפז מטליות לחות לנ,,,ריצפז מטליות לחות לנ,אין,0.00,יחידה,false,,11.90,0.0000,true,1,19412
7290013269850,false,סנו סושי נייר אפיה א,,,סנו סושי נייר אפיה א,אין,0.00,יחידה,false,,14.90,0.0000,true,1,19413
7290013358356,false,מאסטר שף פירורי לחם,,,מאסטר שף פירורי לחם,גרמים,350.00,100 גרם,false,,4.90,0.0140,true,1,525
7290013358363,false,מאסטר שף  פירורי לחם,,,מאסטר שף  פירורי לחם,גרמים,300.00,100 גרם,false,,9.90,0.0330,true,1,14533
7290013358417,false,מאסטר שף אסייאתי רוט,,,מאסטר שף אסייאתי רוט,מיליליטרים,300.00,"100 מ""ל",false,,11.90,0.0397,true,1,14535
7290013358486,false,מאסטר שף פירורים  מו,,,מאסטר שף פירורים  מו,גרמים,300.00,100 גרם,false,,4.90,0.0163,true,1,526
7290013358493,false,מאסטר שף אסייאתי קרם,,,מאסטר שף אסייאתי קרם,מיליליטרים,400.00,"100 מ""ל",false,,9.80,0.0245,true,1,14537
7290013366634,false,חסה סלנובה,,,חסה סלנובה,יח',1.00,יח',false,,11.90,11.9000,true,1,29384
7290013389077,false,6 טורטיות חיטה תומר,,,6 טורטיות חיטה תומר,גרמים,425.00,100 גרם,false,,7.90,0.0186,true,1,16267
7290013389374,false,קמח תירס תומר 500 גר,,,קמח תירס תומר 500 גר,גרמים,500.00,100 גרם,false,,7.90,0.0158,true,1,16271
7290013389381,false,"קמח תירס תומר 1 ק""ג",,,"קמח תירס תומר 1 ק""ג",אלף,1.00,"ק""ג",false,,9.90,9.9000,true,1,16272
7290013412966,false,תולי מגבונים לחים 4*,,,תולי מגבונים לחים 4*,אין,0.00,יחידה,false,,10.00,0.0000,true,1,18911
7290013424952,false,אננס חתוך קפוא 500 ג,,,אננס חתוך קפוא 500 ג,גרמים,500.00,100 גרם,false,,11.90,0.0238,true,1,68504
7290013424976,false,תות שדה שלם קפוא 500,,,תות שדה שלם קפוא 500,גרמים,500.00,100 גרם,false,,11.90,0.0238,true,1,68518
7290013430083,false,אלכסנדר בלונד בירה 3,,,אלכסנדר בלונד בירה 3,מיליליטרים,330.00,"100 מ""ל",false,,13.20,0.0400,true,1,54539
7290013430250,false,אלכסנדר חיטה ישראלית,,,אלכסנדר חיטה ישראלית,מיליליטרים,330.00,"100 מ""ל",false,,13.20,0.0400,true,1,54541
7290013440648,false,אבטיח קרחונים מאגדת,,,אבטיח קרחונים מאגדת,גרמים,540.00,100 גרם,false,,24.90,0.0461,true,1,11838
7290013472199,false,וילי פוד ערמונים 100,,,וילי פוד ערמונים 100,גרמים,100.00,100 גרם,false,,5.90,0.0590,true,1,5353
7290013472205,false,תפארת פטריות שמפניון,,,תפארת פטריות שמפניון,גרמים,230.00,100 גרם,false,,4.50,0.0196,true,1,375892
7290013525253,false,שמיר טחינה מיוחדת 16,,,שמיר טחינה מיוחדת 16,גרמים,160.00,100 גרם,false,,5.90,0.0369,true,1,12558
7290013525802,false,שמיר סחוג אדום 150ג,,,שמיר סחוג אדום 150ג,גרמים,150.00,100 גרם,false,,8.90,0.0593,true,1,12567
7290013525819,false,שמיר שום כתוש 150ג,,,שמיר שום כתוש 150ג,גרמים,150.00,100 גרם,false,,8.90,0.0593,true,1,12568
7290013531117,false,רוטב לפסטה לילדים יכ,,,רוטב לפסטה לילדים יכ,גרמים,260.00,100 גרם,false,,5.50,0.0212,true,1,8143
7290013531346,false,סירופ דיאט לימונענע,,,סירופ דיאט לימונענע,ארגז,1.00,ליטר,false,,16.90,16.9000,true,1,8144
7290013531582,false,זיתים חרוזית מגולעני,,,זיתים חרוזית מגולעני,גרמים,600.00,100 גרם,false,,11.90,0.0198,true,1,8147
7290013531759,false,שעועית אפויה במים יכ,,,שעועית אפויה במים יכ,גרמים,550.00,100 גרם,false,,9.90,0.0180,true,1,8150
7290013534057,false,מיה ציפס בטטה טבעי 1,,,מיה ציפס בטטה טבעי 1,גרמים,100.00,100 גרם,false,,8.90,0.0890,true,1,11402
7290013558800,false,עלי תרד,,,עלי תרד,גרמים,500.00,100 גרם,false,,12.90,0.0258,true,1,29942
7290013558824,false,תבלין טרי,,,תבלין טרי,גרמים,100.00,100 גרם,false,,8.90,0.0890,true,1,29943
7290013558855,false,לבבות פלמניגו,,,לבבות פלמניגו,יח',1.00,יח',false,,10.90,10.9000,true,1,29944
7290013579232,false,אוכמניות כחולות קפוא,,,אוכמניות כחולות קפוא,גרמים,250.00,100 גרם,false,,10.00,0.0400,true,1,406108
7290013580009,false,המבורגר זהב 400 גרם,,,המבורגר זהב 400 גרם,גרמים,400.00,100 גרם,false,,14.90,0.0373,true,1,22605
7290013585233,false,פחית סליק 330 מל ZER,,,פחית סליק 330 מל ZER,מיליליטרים,330.00,"100 מ""ל",false,,5.50,0.0167,true,1,7427
7290013585387,false,קולה זירו 1 ליטר,,,קולה זירו 1 ליטר,ארגז,1.00,ליטר,false,,6.90,6.9000,true,1,7437
7290013585394,false,קוקה קולה 1 ליטר,,,קוקה קולה 1 ליטר,ארגז,1.00,ליטר,false,,7.50,7.5000,true,1,7438
7290013608260,false,פרימור מיץ רימונים ס,,,פרימור מיץ רימונים ס,אין,0.00,יחידה,false,,22.90,0.0000,true,1,15524
7290013608864,false,פרימור משקה פירות הד,,,פרימור משקה פירות הד,ארגז,1.00,ליטר,false,,15.70,15.7000,true,1,15528
7290013652171,false,נטורל קר מגב.הסרת אי,,,נטורל קר מגב.הסרת אי,אין,0.00,יחידה,false,,24.90,0.0000,true,1,115068
7290013675545,false,שניצל כלי תחבורה 700,,,שניצל כלי תחבורה 700,גרמים,700.00,100 גרם,false,,30.90,0.0441,true,1,16577
7290013675811,false,פסטה א-לה רומא להקפצ,,,פסטה א-לה רומא להקפצ,גרמים,450.00,100 גרם,false,,19.90,0.0442,true,1,16587
7290013675835,false,ירוק גלילי להקפצה מא,,,ירוק גלילי להקפצה מא,גרמים,450.00,100 גרם,false,,19.90,0.0442,true,1,16589
7290013677679,false,סודה לשתיה בשקית 80,,,סודה לשתיה בשקית 80,גרמים,80.00,100 גרם,false,,3.90,0.0487,true,1,11438
7290013677747,false,מיה אבקת שוקו בשקית,,,מיה אבקת שוקו בשקית,גרמים,500.00,100 גרם,false,,6.50,0.0130,true,1,11442
7290013702036,false,שוופס אפרסק ווטר 0.5,,,שוופס אפרסק ווטר 0.5,מיליליטרים,500.00,"100 מ""ל",false,,5.50,0.0110,true,1,9707
7290013713025,false,ג'מס בקבוקי פילס 330,,,ג'מס בקבוקי פילס 330,מיליליטרים,330.00,"100 מ""ל",false,,13.20,0.0400,true,1,9449
7290013713032,false,בירה ג'מס חיטה 330 מ,,,בירה ג'מס חיטה 330 מ,מיליליטרים,330.00,"100 מ""ל",false,,13.20,0.0400,true,1,9450
7290013713049,false,ג'מס בקבוקי 8.8 330,,,ג'מס בקבוקי 8.8 330,מיליליטרים,330.00,"100 מ""ל",false,,13.20,0.0400,true,1,9451
7290013724946,false,שקדים בציפוי שוקלד מ,,,שקדים בציפוי שוקלד מ,גרמים,140.00,100 גרם,false,,10.90,0.0779,true,1,121528
7290013724991,false,אגוזי לוז בציפוי שוק,,,אגוזי לוז בציפוי שוק,גרמים,140.00,100 גרם,false,,10.90,0.0779,true,1,121473
7290013787408,false,רביולי בטטה ריקו 330,,,רביולי בטטה ריקו 330,גרמים,330.00,100 גרם,false,,25.90,0.0785,true,1,16898
7290013848345,false,מטליות לחות לחיטוי י,,,מטליות לחות לחיטוי י,אין,0.00,יחידה,false,,22.90,0.0000,true,1,19419
7290013848383,false,ג'ל רחצה אנטי בלוק ק,,,ג'ל רחצה אנטי בלוק ק,מיליליטרים,700.00,"100 מ""ל",false,,18.90,0.0270,true,1,19420
7290013848758,false,סנו מקסימה ג'ל כביסה,,,סנו מקסימה ג'ל כביסה,ארגז,3.00,ליטר,false,,36.90,12.3000,true,1,2159
7290013906052,false,טירת צבי נקניקיות פר,,,טירת צבי נקניקיות פר,גרמים,300.00,100 גרם,false,,11.80,0.0393,true,1,16442
7290013906205,false,טירת צבי פסטרמה שום,,,טירת צבי פסטרמה שום,גרמים,400.00,100 גרם,false,,26.90,0.0672,true,1,16443
7290013906212,false,טירת צבי נקניקיות וי,,,טירת צבי נקניקיות וי,אלף,1.00,"ק""ג",false,,22.90,22.9000,true,1,16444
7290013906441,false,טירת צבי קבנוס 120 ג,,,טירת צבי קבנוס 120 ג,גרמים,120.00,100 גרם,false,,9.90,0.0825,true,1,16454
7290013906458,false,טירת צבי קבנוס פיקנט,,,טירת צבי קבנוס פיקנט,גרמים,120.00,100 גרם,false,,9.90,0.0825,true,1,16455
7290013906489,false,טירת צבי חטיפי מיני,,,טירת צבי חטיפי מיני,גרמים,120.00,100 גרם,false,,9.90,0.0825,true,1,16456
7290013906496,false,טירת צבי פסטרמה עגל,,,טירת צבי פסטרמה עגל,גרמים,120.00,100 גרם,false,,13.90,0.1158,true,1,16457
7290013906519,false,טירת צבי פרשוטו בקר,,,טירת צבי פרשוטו בקר,גרמים,100.00,100 גרם,false,,24.90,0.2490,true,1,16458
7290013906687,false,טירת צבי צמד כפרית ב,,,טירת צבי צמד כפרית ב,גרמים,600.00,100 גרם,false,,24.90,0.0415,true,1,16460
7290013927323,false,עוגת בראוניס אחוה 40,,,עוגת בראוניס אחוה 40,גרמים,400.00,100 גרם,false,,11.90,0.0298,true,1,4029
7290013927996,false,עוגת שמרים קרנץ בטעם,,,עוגת שמרים קרנץ בטעם,גרמים,400.00,100 גרם,false,,10.90,0.0273,true,1,255289
7290014002197,false,תה חליטת קמומיל ולימ,,,תה חליטת קמומיל ולימ,גרמים,37.50,100 גרם,false,,17.50,0.4667,true,1,1181
7290014002203,false,תה חליטת לימונית ולו,,,תה חליטת לימונית ולו,גרמים,37.50,100 גרם,false,,17.50,0.4667,true,1,1182
7290014002944,false,תה גן קסום חליטת חמא,,,תה גן קסום חליטת חמא,גרמים,62.50,100 גרם,false,,17.50,0.2800,true,1,82070
7290014002982,false,תה ירוק לימונית סטיב,,,תה ירוק לימונית סטיב,גרמים,37.50,100 גרם,false,,23.90,0.6373,true,1,16134
7290014046474,false,יחיעם נקניקיות עוף 1,,,יחיעם נקניקיות עוף 1,אלף,1.50,"ק""ג",false,,27.90,18.6000,true,1,11695
7290014046757,false,סלמי תה `שרולה` 300,,,סלמי תה `שרולה` 300,גרמים,300.00,100 גרם,false,,19.90,0.0663,true,1,11699
7290014059085,false,משחה לשיקום והגנה סנ,,,משחה לשיקום והגנה סנ,מיליליטרים,75.00,"100 מ""ל",false,,23.90,0.3187,true,1,93
7290014059436,false,משחת שיניים לשיקום ס,,,משחת שיניים לשיקום ס,מיליליטרים,75.00,"100 מ""ל",false,,23.90,0.3187,true,1,94
7290014066373,false,לנדוור קפה אספרסו קל,,,לנדוור קפה אספרסו קל,אין,0.00,יחידה,false,,14.90,0.0000,true,1,14544
7290014066533,false,לנדוור קפסולות אספרס,,,לנדוור קפסולות אספרס,אין,0.00,יחידה,false,,14.90,0.0000,true,1,14549
7290014079014,false,לבבות קיסר,,,לבבות קיסר,גרמים,300.00,100 גרם,false,,10.90,0.0363,true,1,22719
7290014079076,false,נבטי אלפלפא,,,נבטי אלפלפא,יח',1.00,יח',false,,6.90,6.9000,true,1,25708
7290014083479,false,סיי צ'יז גבינה גאודה,,,סיי צ'יז גבינה גאודה,גרמים,150.00,100 גרם,false,,7.90,0.0527,true,1,5356
7290014083813,false,בריוולס וילניס שפרוט,,,בריוולס וילניס שפרוט,גרמים,190.00,100 גרם,false,,7.90,0.0416,true,1,108046
7290014094338,false,גרעיני דלעת קלופים 2,,,גרעיני דלעת קלופים 2,גרמים,250.00,100 גרם,false,,14.90,0.0596,true,1,32642
7290014094345,false,ששון הקולה גרעיני חמ,,,ששון הקולה גרעיני חמ,גרמים,300.00,100 גרם,false,,9.90,0.0330,true,1,32643
7290014094369,false,ששון הקולה שקד טבעי,,,ששון הקולה שקד טבעי,גרמים,200.00,100 גרם,false,,21.90,0.1095,true,1,32645
7290014094376,false,שזיף ללא גלעין בקופס,,,שזיף ללא גלעין בקופס,גרמים,330.00,100 גרם,false,,23.90,0.0724,true,1,32646
7290014094383,false,שקדיה משמש מיובש 330,,,שקדיה משמש מיובש 330,גרמים,330.00,100 גרם,false,,23.90,0.0724,true,1,32647
7290014094390,false,חמוציות מסוכרות בקופ,,,חמוציות מסוכרות בקופ,גרמים,330.00,100 גרם,false,,14.90,0.0452,true,1,32648
7290014094406,false,צימוק בהיר  בקופסא 3,,,צימוק בהיר  בקופסא 3,גרמים,330.00,100 גרם,false,,16.90,0.0512,true,1,32649
7290014094635,false,אגוז ברזיל טבעי 250ג,,,אגוז ברזיל טבעי 250ג,גרמים,250.00,100 גרם,false,,39.90,0.1596,true,1,32652
7290014094642,false,קשיו טבעי 250 גר' שש,,,קשיו טבעי 250 גר' שש,גרמים,250.00,100 גרם,false,,24.90,0.0996,true,1,32653
7290014094895,false,אגוז מלך 150גר ששון,,,אגוז מלך 150גר ששון,גרמים,150.00,100 גרם,false,,10.90,0.0727,true,1,32657
7290014094901,false,פקאן טבעי 150 גרם,,,פקאן טבעי 150 גרם,גרמים,150.00,100 גרם,false,,19.90,0.1327,true,1,32658
7290014095946,false,פקאן בציפוי שוקולד מ,,,פקאן בציפוי שוקולד מ,גרמים,140.00,100 גרם,false,,10.90,0.0779,true,1,6161
7290014204027,false,פנינה שמפו יומי 750,,,פנינה שמפו יומי 750,מיליליטרים,750.00,"100 מ""ל",false,,9.90,0.0132,true,1,12778
7290014204614,false,גרנולה שוקולד מריר +,,,גרנולה שוקולד מריר +,גרמים,400.00,100 גרם,false,,26.90,0.0672,true,1,12784
7290014204645,false,שמפו לאחר החלקה פ.רו,,,שמפו לאחר החלקה פ.רו,מיליליטרים,750.00,"100 מ""ל",false,,24.90,0.0332,true,1,12785
7290014204683,false,פנינה סבון נוזלי משא,,,פנינה סבון נוזלי משא,אין,0.00,יחידה,false,,9.90,0.0000,true,1,12787
7290014204690,false,סבון נוזלי משאבה ורו,,,סבון נוזלי משאבה ורו,אין,0.00,יחידה,false,,9.90,0.0000,true,1,12788
7290014217003,false,תבלין פפריקה מעושנת,,,תבלין פפריקה מעושנת,גרמים,90.00,100 גרם,false,,11.30,0.1256,true,1,241196
7290014217065,false,טעם וריח אורגנו מיכל,,,טעם וריח אורגנו מיכל,גרמים,30.00,100 גרם,false,,10.10,0.3367,true,1,26184
7290014217140,false,תבלין ראס אל חנות טע,,,תבלין ראס אל חנות טע,גרמים,100.00,100 גרם,false,,9.00,0.0900,true,1,26185
7290014217157,false,תבלין תערובת תיבול ט,,,תבלין תערובת תיבול ט,גרמים,120.00,100 גרם,false,,11.80,0.0983,true,1,241180
7290014217164,false,תבלין פטרויליה טעם ו,,,תבלין פטרויליה טעם ו,גרמים,20.00,100 גרם,false,,10.80,0.5400,true,1,241181
7290014217171,false,תבלין בתיבול גריל דג,,,תבלין בתיבול גריל דג,גרמים,100.00,100 גרם,false,,11.80,0.1180,true,1,241165
7290014217225,false,טעם וריח גריל עוף מי,,,טעם וריח גריל עוף מי,גרמים,120.00,100 גרם,false,,10.80,0.0900,true,1,26186
7290014217263,false,תבלין תיבול פרגית טע,,,תבלין תיבול פרגית טע,גרמים,100.00,100 גרם,false,,11.90,0.1190,true,1,26187
7290014217348,false,תבליני טעם וריח צילי,,,תבליני טעם וריח צילי,גרמים,70.00,100 גרם,false,,10.80,0.1543,true,1,26188
7290014217355,false,תבלין אבקת קרי טעם ו,,,תבלין אבקת קרי טעם ו,גרמים,100.00,100 גרם,false,,11.80,0.1180,true,1,241197
7290014217522,false,תבלין תערובת לחם שום,,,תבלין תערובת לחם שום,גרמים,100.00,100 גרם,false,,10.90,0.1090,true,1,241278
7290014218932,false,חטיפי פיצה בתוספת זי,,,חטיפי פיצה בתוספת זי,גרמים,710.00,100 גרם,false,,26.90,0.0379,true,1,22775
7290014256620,false,יין באזז קריניאנו 75,,,יין באזז קריניאנו 75,מיליליטרים,750.00,"100 מ""ל",false,,27.90,0.0372,true,1,3954
7290014256637,false,יין באזז מוסקטו 750מ,,,יין באזז מוסקטו 750מ,מיליליטרים,750.00,"100 מ""ל",false,,27.90,0.0372,true,1,3955
7290014258730,false,מטרנה צמחי מגיל שנה,,,מטרנה צמחי מגיל שנה,גרמים,700.00,100 גרם,false,,66.90,0.0956,true,1,13120
7290014369627,false,פיינט שוקולד בלגי עם,,,פיינט שוקולד בלגי עם,מיליליטרים,500.00,"100 מ""ל",false,,30.90,0.0618,true,1,88258
7290014397279,false,סנו סושי שקיות מזון,,,סנו סושי שקיות מזון,אין,0.00,יחידה,false,,13.90,0.0000,true,1,19440
7290014397514,false,סנו פרש הום כותנה מל,,,סנו פרש הום כותנה מל,מיליליטרים,350.00,"100 מ""ל",false,,11.90,0.0340,true,1,19444
7290014397668,false,מארז קרמה מן + תיק ר,,,מארז קרמה מן + תיק ר,אין,0.00,יחידה,false,,49.90,0.0000,true,1,19446
7290014397699,false,פוליווקס גרניט פורצל,,,פוליווקס גרניט פורצל,ארגז,2.00,ליטר,false,,19.90,9.9500,true,1,283771
7290014397705,false,פוליויקס פרקט בניחוח,,,פוליויקס פרקט בניחוח,ארגז,2.00,ליטר,false,,21.90,10.9500,true,1,19449
7290014397767,false,ריצפז פרש הום כותנה,,,ריצפז פרש הום כותנה,ארגז,2.00,ליטר,false,,21.90,10.9500,true,1,19452
7290014397781,false,ריצפז פרש הום סבון מ,,,ריצפז פרש הום סבון מ,ארגז,2.00,ליטר,false,,21.90,10.9500,true,1,19454
7290014397873,false,מרכך כביסה סנו מקסימ,,,מרכך כביסה סנו מקסימ,ארגז,4.00,ליטר,false,,22.90,5.7250,true,1,19457
7290014435704,false,סלמון מעושן סלטי שמי,,,סלמון מעושן סלטי שמי,גרמים,100.00,100 גרם,false,,23.90,0.2390,true,1,12573
7290014435803,false,מטיאס הולנדי פרובנצי,,,מטיאס הולנדי פרובנצי,גרמים,180.00,100 גרם,false,,18.90,0.1050,true,1,12575
7290014435810,false,הרינג כבוש עם בצל במ,,,הרינג כבוש עם בצל במ,גרמים,180.00,100 גרם,false,,18.90,0.1050,true,1,12576
7290014435827,false,פילה מקרל מעושן בשמן,,,פילה מקרל מעושן בשמן,גרמים,180.00,100 גרם,false,,24.90,0.1383,true,1,12577
7290014435834,false,מקרל מעושן פרוס בשמן,,,מקרל מעושן פרוס בשמן,גרמים,180.00,100 גרם,false,,24.90,0.1383,true,1,12578
7290014435841,false,פילה מטיאס הולנדי  ב,,,פילה מטיאס הולנדי  ב,גרמים,180.00,100 גרם,false,,18.90,0.1050,true,1,12579
7290014455245,false,גד גרנה פדנו משולש כ,,,גד גרנה פדנו משולש כ,גרמים,200.00,100 גרם,false,,23.90,0.1195,true,1,11122
7290014455252,false,גד גרנה פדנו מגורד כ,,,גד גרנה פדנו מגורד כ,גרמים,100.00,100 גרם,false,,10.90,0.1090,true,1,11123
7290014455320,false,גד כדור מוצרלה פרסקה,,,גד כדור מוצרלה פרסקה,גרמים,100.00,100 גרם,false,,8.90,0.0890,true,1,11124
7290014455467,false,גד מעדן שיבולת שועל,,,גד מעדן שיבולת שועל,מיליליטרים,150.00,"100 מ""ל",false,,5.90,0.0393,true,1,11125
7290014459137,false,תפוגן סטייק ציפס 1.5,,,תפוגן סטייק ציפס 1.5,אלף,1.50,"ק""ג",false,,23.90,15.9333,true,1,13672
7290014459373,false,תפוגן ציפס קראנצי 1.,,,תפוגן ציפס קראנצי 1.,אלף,1.50,"ק""ג",false,,24.90,16.6000,true,1,13675
7290014459472,false,תפוגן צ`יפס קלאסי 2,,,תפוגן צ`יפס קלאסי 2,אלף,2.00,"ק""ג",false,,24.90,12.4500,true,1,13676
7290014459632,false,"טוגן 1.5 ק""ג",,,"טוגן 1.5 ק""ג",אלף,1.50,"ק""ג",false,,15.90,10.6000,true,1,13677
7290014466128,false,יקבי רמת הגולן הר חר,,,יקבי רמת הגולן הר חר,מיליליטרים,750.00,"100 מ""ל",false,,32.90,0.0439,true,1,25765
7290014466463,false,יקבי רמת הגולן הר חר,,,יקבי רמת הגולן הר חר,מיליליטרים,750.00,"100 מ""ל",false,,32.90,0.0439,true,1,25768
7290014471412,false,מוזלי בוטנים אגוזים,,,מוזלי בוטנים אגוזים,אלף,1.00,"ק""ג",false,,18.90,18.9000,true,1,6164
7290014471443,false,גרנולה צימוקים אגוזי,,,גרנולה צימוקים אגוזי,אלף,1.00,"ק""ג",false,,18.90,18.9000,true,1,6167
7290014472136,false,גרעין שחור קלוי 150,,,גרעין שחור קלוי 150,גרמים,150.00,100 גרם,false,,4.90,0.0327,true,1,32659
7290014472228,false,תאנים בקופסא 330גר,,,תאנים בקופסא 330גר,גרמים,330.00,100 גרם,false,,21.90,0.0664,true,1,32660
7290014472235,false,פקאן סיני מסוכר בקופ,,,פקאן סיני מסוכר בקופ,גרמים,200.00,100 גרם,false,,24.90,0.1245,true,1,32661
7290014472471,false,גרעין שחור ענק 200 ג,,,גרעין שחור ענק 200 ג,גרמים,200.00,100 גרם,false,,6.90,0.0345,true,1,32662
7290014472488,false,שקד קלוי פרימיום 250,,,שקד קלוי פרימיום 250,גרמים,250.00,100 גרם,false,,26.90,0.1076,true,1,32663
7290014472495,false,קשיו קלוי ענק פרימיו,,,קשיו קלוי ענק פרימיו,גרמים,250.00,100 גרם,false,,21.90,0.0876,true,1,32664
7290014472501,false,פיסטוק קלוי ענק 250,,,פיסטוק קלוי ענק 250,גרמים,250.00,100 גרם,false,,25.90,0.1036,true,1,32665
7290014472518,false,בוטן קלוי פרימיום 25,,,בוטן קלוי פרימיום 25,גרמים,250.00,100 גרם,false,,11.90,0.0476,true,1,32666
7290014472525,false,תערובת פיצוחים מובחר,,,תערובת פיצוחים מובחר,גרמים,250.00,100 גרם,false,,19.90,0.0796,true,1,32667
7290014472990,false,ממרח 100% שקדים שקדי,,,ממרח 100% שקדים שקדי,גרמים,300.00,100 גרם,false,,30.90,0.1030,true,1,6171
7290014503137,false,כנען  אדום-דלתון 750,,,כנען  אדום-דלתון 750,מיליליטרים,750.00,"100 מ""ל",false,,38.90,0.0519,true,1,7617
7290014503144,false,כנען  לבן-דלתון 750,,,כנען  לבן-דלתון 750,מיליליטרים,500.00,"100 מ""ל",false,,38.90,0.0778,true,1,7618
7290014525306,false,חטיף מרבה קריספי אוכ,,,חטיף מרבה קריספי אוכ,גרמים,125.00,100 גרם,false,,10.90,0.0872,true,1,14554
7290014525313,false,חטיף מרבה קריספי שוק,,,חטיף מרבה קריספי שוק,גרמים,125.00,100 גרם,false,,10.90,0.0872,true,1,14555
7290014636668,false,סט מצעים זוגי מיקרו,,,סט מצעים זוגי מיקרו,אין,0.00,יחידה,false,,70.90,0.0000,true,1,11642
7290014636675,false,מגבת גוף מנהטן 70*13,,,מגבת גוף מנהטן 70*13,אין,0.00,יחידה,false,,34.90,0.0000,true,1,11643
7290014636682,false,מגבת פנים,,,מגבת פנים,אין,0.00,יחידה,false,,19.90,0.0000,true,1,11644
7290014673014,false,תבליני מימון פלפל אנ,,,תבליני מימון פלפל אנ,גרמים,90.00,100 גרם,false,,14.50,0.1611,true,1,3888
7290014673359,false,מלח לימון 400 גר,,,מלח לימון 400 גר,גרמים,400.00,100 גרם,false,,21.90,0.0547,true,1,3892
7290014673373,false,מימון פפריקה הונגרית,,,מימון פפריקה הונגרית,גרמים,250.00,100 גרם,false,,21.90,0.0876,true,1,3894
7290014673380,false,מימון כמון טחון 250,,,מימון כמון טחון 250,גרמים,250.00,100 גרם,false,,21.90,0.0876,true,1,3895
7290014673403,false,מימון פלפל שחור טחון,,,מימון פלפל שחור טחון,גרמים,250.00,100 גרם,false,,30.00,0.1200,true,1,3897
7290014673434,false,פלפל שחור גרוס דק בש,,,פלפל שחור גרוס דק בש,גרמים,80.00,100 גרם,false,,8.90,0.1113,true,1,3899
7290014674004,false,פירורי לחם עם שומשום,,,פירורי לחם עם שומשום,גרמים,300.00,100 גרם,false,,7.90,0.0263,true,1,355577
7290014692299,false,גבינת ברי 125 גרם EU,,,גבינת ברי 125 גרם EU,גרמים,125.00,100 גרם,false,,14.90,0.1192,true,1,3409
7290014692305,false,גבינת קממבר 125 גרם,,,גבינת קממבר 125 גרם,גרמים,125.00,100 גרם,false,,14.90,0.1192,true,1,5360
7290014692817,false,סיי צ'יז גבינת מוצרל,,,סיי צ'יז גבינת מוצרל,גרמים,200.00,100 גרם,false,,9.90,0.0495,true,1,5364
7290014731189,false,כפיות P.P לבן 100 יח,,,כפיות P.P לבן 100 יח,יח',100.00,יח',false,,6.90,0.0690,true,1,422260
7290014731264,false,כוסות לשתיה קרה חד פ,,,כוסות לשתיה קרה חד פ,יח',100.00,יח',false,,6.90,0.0690,true,1,32347
7290014748651,false,דג טוב פילה אמנון מצ,,,דג טוב פילה אמנון מצ,גרמים,360.00,100 גרם,false,,32.90,0.0914,true,1,13702
7290014749078,false,עוף טוב מקלוני קבנוס,,,עוף טוב מקלוני קבנוס,גרמים,200.00,100 גרם,false,,17.90,0.0895,true,1,13711
7290014749764,false,שניצל עוף ביתי כזה ע,,,שניצל עוף ביתי כזה ע,גרמים,700.00,100 גרם,false,,38.90,0.0556,true,1,13720
7290014749788,false,רצועות שניצל ציפס צ',,,רצועות שניצל ציפס צ',גרמים,600.00,100 גרם,false,,30.90,0.0515,true,1,13721
7290014749801,false,רצועות שניצל צ'ילי צ,,,רצועות שניצל צ'ילי צ,גרמים,600.00,100 גרם,false,,30.90,0.0515,true,1,13722
7290014749825,false,רצועות שניצל גריל צ',,,רצועות שניצל גריל צ',גרמים,600.00,100 גרם,false,,30.90,0.0515,true,1,13723
7290014749887,false,שניצל עוף דקיק ענקיס,,,שניצל עוף דקיק ענקיס,גרמים,720.00,100 גרם,false,,30.90,0.0429,true,1,74849
7290014758100,false,יוגורט תנובה 3% 8*15,,,יוגורט תנובה 3% 8*15,אלף,1.20,"ק""ג",false,,16.90,14.0833,true,1,16902
7290014758117,false,יוגורט תנובה 1.5% 8*,,,יוגורט תנובה 1.5% 8*,אלף,1.20,"ק""ג",false,,16.90,14.0833,true,1,16903
7290014758162,false,חלב תנובה עיזים מלא,,,חלב תנובה עיזים מלא,ארגז,1.00,ליטר,false,,14.90,14.9000,true,1,16904
7290014759084,false,נפוליאון 16% 225גר,,,נפוליאון 16% 225גר,גרמים,225.00,100 גרם,false,,13.90,0.0618,true,1,16907
7290014759237,false,יוגורט כדים תנובה בי,,,יוגורט כדים תנובה בי,ארגז,3.00,ליטר,false,,28.90,9.6333,true,1,16908
7290014759534,false,פיראוס בולגרית למריח,,,פיראוס בולגרית למריח,גרמים,200.00,100 גרם,false,,13.90,0.0695,true,1,16910
7290014759909,false,פיראוס פטה עזים פירא,,,פיראוס פטה עזים פירא,גרמים,250.00,100 גרם,false,,28.90,0.1156,true,1,16912
7290014759978,false,גבינות תנובה קצקבל פ,,,גבינות תנובה קצקבל פ,גרמים,200.00,100 גרם,false,,24.90,0.1245,true,1,16913
7290014759985,false,גבינה קשה מחלב בקר 2,,,גבינה קשה מחלב בקר 2,גרמים,200.00,100 גרם,false,,23.90,0.1195,true,1,1934
7290014759992,false,גבינות תנובה רוקפור,,,גבינות תנובה רוקפור,גרמים,140.00,100 גרם,false,,18.40,0.1314,true,1,1935
7290014760134,false,גביע מעדן סויה בטעם,,,גביע מעדן סויה בטעם,גרמים,125.00,100 גרם,false,,3.90,0.0312,true,1,16914
7290014760141,false,תנובה משקה שקדים טרי,,,תנובה משקה שקדים טרי,אין,0.00,יחידה,false,,12.90,0.0000,true,1,16915
7290014760448,false,גלבוע 22% 400 גרם,,,גלבוע 22% 400 גרם,גרמים,400.00,100 גרם,false,,22.80,0.0570,true,1,16916
7290014760912,false,גוש חלב 28% מהדרין 4,,,גוש חלב 28% מהדרין 4,גרמים,400.00,100 גרם,false,,24.80,0.0620,true,1,16918
7290014761056,false,יולו שוקולד חלב מעול,,,יולו שוקולד חלב מעול,גרמים,122.00,100 גרם,false,,4.90,0.0402,true,1,16920
7290014761063,false,יולו שוקולד מריר מעו,,,יולו שוקולד מריר מעו,גרמים,122.00,100 גרם,false,,4.90,0.0402,true,1,16921
7290014761070,false,יולו שוקולד לבן מעול,,,יולו שוקולד לבן מעול,גרמים,122.00,100 גרם,false,,4.90,0.0402,true,1,16922
7290014761193,false,פרילי פירות יער 1.5%,,,פרילי פירות יער 1.5%,גרמים,125.00,100 גרם,false,,3.50,0.0280,true,1,16923
7290014762756,false,נפוליאון 16% עם בצל,,,נפוליאון 16% עם בצל,גרמים,225.00,100 גרם,false,,13.90,0.0618,true,1,16936
7290014762800,false,גביע מעדן סויה בטעם,,,גביע מעדן סויה בטעם,גרמים,125.00,100 גרם,false,,3.90,0.0312,true,1,16941
7290014762831,false,גבינת שמנת נפוליאון,,,גבינת שמנת נפוליאון,גרמים,225.00,100 גרם,false,,13.90,0.0618,true,1,16942
7290014762909,false,פתיתי מוצרלה 200 גר`,,,פתיתי מוצרלה 200 גר`,גרמים,200.00,100 גרם,false,,15.90,0.0795,true,1,16944
7290014762947,false,לאבנה גלילית פיראוס,,,לאבנה גלילית פיראוס,גרמים,750.00,100 גרם,false,,23.90,0.0319,true,1,16945
7290014763272,false,משקה סויה ביו עם תות,,,משקה סויה ביו עם תות,מיליליטרים,250.00,"100 מ""ל",false,,4.80,0.0192,true,1,16948
7290014789913,false,עוגיות אוראו  מארז 3,,,עוגיות אוראו  מארז 3,גרמים,528.00,100 גרם,false,,22.90,0.0434,true,1,411064
7290014791091,false,משקה למונייד שוופס 5,,,משקה למונייד שוופס 5,מיליליטרים,500.00,"100 מ""ל",false,,5.90,0.0118,true,1,9729
7290014855434,false,בייביסיטר פרפורמנס מ,,,בייביסיטר פרפורמנס מ,אין,0.00,יחידה,false,,14.90,0.0000,true,1,18913
7290014855458,false,מגבוני בייבי פרפורמנ,,,מגבוני בייבי פרפורמנ,אין,0.00,יחידה,false,,14.90,0.0000,true,1,18914
7290014860070,false,"מקלוני אורז 5 מ""מ לל",,,"מקלוני אורז 5 מ""מ לל",גרמים,454.00,100 גרם,false,,10.90,0.0240,true,1,306249
7290014860988,false,שימורי קרם קוקוס 17%,,,שימורי קרם קוקוס 17%,מיליליטרים,400.00,"100 מ""ל",false,,9.90,0.0248,true,1,306221
7290014901896,false,מי פה סנסודיין 500 מ,,,מי פה סנסודיין 500 מ,מיליליטרים,500.00,"100 מ""ל",false,,35.90,0.0718,true,1,97
7290014910515,false,שפרוטים מעושנים רויא,,,שפרוטים מעושנים רויא,גרמים,250.00,100 גרם,false,,10.90,0.0436,true,1,9456
7290014931008,false,פטרוזיליה עם שורש,,,פטרוזיליה עם שורש,יח',1.00,יח',false,,7.90,7.9000,true,1,29946
7290014931053,false,בזיליקום עם שורש,,,בזיליקום עם שורש,יח',1.00,יח',false,,7.90,7.9000,true,1,29950
7290014931077,false,עירית עם שורש,,,עירית עם שורש,יח',1.00,יח',false,,7.90,7.9000,true,1,29952
7290014931084,false,אורגנו עם שורש,,,אורגנו עם שורש,יח',1.00,יח',false,,7.90,7.9000,true,1,29953
7290014931091,false,טימין עם שורש,,,טימין עם שורש,יח',1.00,יח',false,,7.90,7.9000,true,1,29954
7290014931107,false,נענע עם שורש,,,נענע עם שורש,יח',1.00,יח',false,,7.90,7.9000,true,1,29955
7290014931190,false,באק-צוי,,,באק-צוי,יח',1.00,יח',false,,11.90,11.9000,true,1,29956
7290014931206,false,גרגר הנחלים,,,גרגר הנחלים,יח',1.00,יח',false,,9.90,9.9000,true,1,29957
7290014940901,false,לחם פשוט מלא אנגל 75,,,לחם פשוט מלא אנגל 75,גרמים,750.00,100 גרם,false,,14.90,0.0199,true,1,22647
7290014945029,false,גליל מפת אלבד 25 מטר,,,גליל מפת אלבד 25 מטר,מטרים,25.00,מטר,false,,29.90,1.1960,true,1,10646
7290014945210,false,צמרוני עץ 300 יח בשק,,,צמרוני עץ 300 יח בשק,יח',300.00,יח',false,,3.50,0.0117,true,1,10655
7290014945890,false,מברשת שטיחים,,,מברשת שטיחים,אין,0.00,יחידה,false,,14.90,0.0000,true,1,432092
7290014949744,false,אוטן ספריי טרופי יבש,,,אוטן ספריי טרופי יבש,מיליליטרים,100.00,"100 מ""ל",false,,19.90,0.1990,true,1,6634
7290014949751,false,אוטן ספריי ג'וניור ג,,,אוטן ספריי ג'וניור ג,מיליליטרים,100.00,"100 מ""ל",false,,19.90,0.1990,true,1,6635
7290015009010,false,חומץ בן יין אדום 5%ד,,,חומץ בן יין אדום 5%ד,מיליליטרים,500.00,"100 מ""ל",false,,20.00,0.0400,true,1,336627
7290015009041,false,חומץ תפוחים חומציות,,,חומץ תפוחים חומציות,מיליליטרים,500.00,"100 מ""ל",false,,20.00,0.0400,true,1,336655
7290015009218,false,ניוקי תפוחי אדמה עם,,,ניוקי תפוחי אדמה עם,גרמים,300.00,100 גרם,false,,9.90,0.0330,true,1,337174
7290015009256,false,רוטב סלסה רגיל סבורי,,,רוטב סלסה רגיל סבורי,גרמים,454.00,100 גרם,false,,19.90,0.0438,true,1,368710
7290015009393,false,זיתים שחורים מגולעני,,,זיתים שחורים מגולעני,גרמים,430.00,100 גרם,false,,19.90,0.0463,true,1,337133
7290015009409,false,זיתים שחורים זן טאטו,,,זיתים שחורים זן טאטו,גרמים,250.00,100 גרם,false,,19.90,0.0796,true,1,55991
7290015009478,false,שעועית אדומה במי מלח,,,שעועית אדומה במי מלח,גרמים,240.00,100 גרם,false,,9.90,0.0413,true,1,337760
7290015009560,false,רוטב חריף מפלפל קאיי,,,רוטב חריף מפלפל קאיי,גרמים,148.00,100 גרם,false,,19.90,0.1345,true,1,396143
7290015009621,false,רוטב סויה עם שומשום,,,רוטב סויה עם שומשום,גרמים,355.00,100 גרם,false,,24.90,0.0701,true,1,396187
7290015039499,false,ויליפוד עוגיות חמאה,,,ויליפוד עוגיות חמאה,אלף,1.00,"ק""ג",false,,10.90,10.9000,true,1,5367
7290015129145,false,סקיני פסטה קונג'אק ב,,,סקיני פסטה קונג'אק ב,גרמים,270.00,100 גרם,false,,11.90,0.0441,true,1,247572
7290015129220,false,סקיני פסטה קונג'אק ב,,,סקיני פסטה קונג'אק ב,גרמים,270.00,100 גרם,false,,11.90,0.0441,true,1,247589
7290015129251,false,סקיני - פסטה פטוצ'ינ,,,סקיני - פסטה פטוצ'ינ,גרמים,270.00,100 גרם,false,,11.90,0.0441,true,1,2307
7290015129756,false,סקיני פסטה שיבולת שו,,,סקיני פסטה שיבולת שו,גרמים,270.00,100 גרם,false,,11.90,0.0441,true,1,247586
7290015139229,false,לני מטבעות שוקולד חל,,,לני מטבעות שוקולד חל,גרמים,42.00,100 גרם,false,,4.90,0.1167,true,1,24628
7290015139250,false,חופשי שוקולד מריר עם,,,חופשי שוקולד מריר עם,גרמים,85.00,100 גרם,false,,5.90,0.0694,true,1,24629
7290015139267,false,חופשי שוקולד מריר עם,,,חופשי שוקולד מריר עם,גרמים,85.00,100 גרם,false,,5.90,0.0694,true,1,24630
7290015150088,false,מחית עגבניות בלה איט,,,מחית עגבניות בלה איט,גרמים,700.00,100 גרם,false,,11.90,0.0170,true,1,16136
7290015150118,false,עגבניות חתוכות דק בל,,,עגבניות חתוכות דק בל,גרמים,400.00,100 גרם,false,,16.90,0.0422,true,1,16137
7290015150200,false,עגבניות חתוכות דק  ו,,,עגבניות חתוכות דק  ו,גרמים,400.00,100 גרם,false,,6.50,0.0163,true,1,16138
7290015155830,false,פאוץ' פרינוק מחית תפ,,,פאוץ' פרינוק מחית תפ,גרמים,120.00,100 גרם,false,,5.90,0.0492,true,1,5632
7290015155847,false,פאוץ' פרינוק מחית סל,,,פאוץ' פרינוק מחית סל,גרמים,120.00,100 גרם,false,,5.90,0.0492,true,1,5633
7290015164832,false,מחית ירוקה על בסיס ק,,,מחית ירוקה על בסיס ק,גרמים,400.00,100 גרם,false,,19.90,0.0497,true,1,431096
7290015178198,false,אוליביה ממרח חצילים,,,אוליביה ממרח חצילים,גרמים,180.00,100 גרם,false,,11.90,0.0661,true,1,37612
7290015193559,false,אובלטים מלח 300 גר',,,אובלטים מלח 300 גר',גרמים,300.00,100 גרם,false,,9.90,0.0330,true,1,25595
7290015193566,false,אובלטים שומשום 300 ג,,,אובלטים שומשום 300 ג,גרמים,300.00,100 גרם,false,,9.90,0.0330,true,1,25596
7290015193634,false,אובלטים קימל 300 גרם,,,אובלטים קימל 300 גרם,גרמים,300.00,100 גרם,false,,9.90,0.0330,true,1,25598
7290015253314,false,"פחם נמיביה אדום 4 ק""",,,"פחם נמיביה אדום 4 ק""",אין,0.00,יחידה,false,,26.90,0.0000,true,1,255023
7290015253321,false,"פחם 2 ק""ג ירוק פרימי",,,"פחם 2 ק""ג ירוק פרימי",אלף,2.00,"ק""ג",false,,13.90,6.9500,true,1,18015
7290015282000,false,איקרה אדומה סלטי שמי,,,איקרה אדומה סלטי שמי,גרמים,200.00,100 גרם,false,,13.90,0.0695,true,1,12584
7290015282024,false,איקרה לבנה סלטי שמיר,,,איקרה לבנה סלטי שמיר,גרמים,200.00,100 גרם,false,,13.90,0.0695,true,1,12586
7290015282581,false,חומוס אבו גוש עם חרי,,,חומוס אבו גוש עם חרי,גרמים,200.00,100 גרם,false,,10.90,0.0545,true,1,12599
7290015282598,false,חומוס מסעדות,,,חומוס מסעדות,גרמים,200.00,100 גרם,false,,10.90,0.0545,true,1,12600
7290015282604,false,טחינה מיוחדת,,,טחינה מיוחדת,גרמים,200.00,100 גרם,false,,10.90,0.0545,true,1,12601
7290015282628,false,חציל בטעם כבד סלטי ש,,,חציל בטעם כבד סלטי ש,גרמים,200.00,100 גרם,false,,12.90,0.0645,true,1,12603
7290015282635,false,חומוס מסבחה,,,חומוס מסבחה,גרמים,200.00,100 גרם,false,,10.90,0.0545,true,1,12604
7290015282642,false,חומוס אבו גוש,,,חומוס אבו גוש,גרמים,200.00,100 גרם,false,,10.90,0.0545,true,1,12605
7290015282666,false,סלט טונה בריאות 200,,,סלט טונה בריאות 200,גרמים,200.00,100 גרם,false,,17.90,0.0895,true,1,12606
7290015282673,false,חציל במיונז ביתי,,,חציל במיונז ביתי,גרמים,200.00,100 גרם,false,,10.90,0.0545,true,1,12607
7290015282680,false,קישוא בטעם כבד סלטי,,,קישוא בטעם כבד סלטי,גרמים,200.00,100 גרם,false,,12.90,0.0645,true,1,12608
7290015282697,false,סלט כרוב אדום 200ג ש,,,סלט כרוב אדום 200ג ש,גרמים,200.00,100 גרם,false,,12.90,0.0645,true,1,12609
7290015282710,false,קוביות סלק סלטי שמיר,,,קוביות סלק סלטי שמיר,גרמים,200.00,100 גרם,false,,10.90,0.0545,true,1,12610
7290015282727,false,גזר מרוקאי ברוטב פיק,,,גזר מרוקאי ברוטב פיק,גרמים,200.00,100 גרם,false,,12.90,0.0645,true,1,12611
7290015282741,false,חציל תילאנדי סלטי שמ,,,חציל תילאנדי סלטי שמ,גרמים,200.00,100 גרם,false,,12.90,0.0645,true,1,12613
7290015282796,false,סלט תפוח אדמה 200 ג,,,סלט תפוח אדמה 200 ג,גרמים,200.00,100 גרם,false,,12.90,0.0645,true,1,12617
7290015324007,false,טעם וריח פלפל שחור ג,,,טעם וריח פלפל שחור ג,גרמים,80.00,100 גרם,false,,12.40,0.1550,true,1,26190
7290015324014,false,טעם וריח פלפל שחור ט,,,טעם וריח פלפל שחור ט,גרמים,80.00,100 גרם,false,,12.40,0.1550,true,1,26191
7290015324038,false,טעם וריח פפריקה בשמן,,,טעם וריח פפריקה בשמן,גרמים,80.00,100 גרם,false,,6.50,0.0813,true,1,26192
7290015324052,false,טעם וריח פפריקה מתוק,,,טעם וריח פפריקה מתוק,גרמים,80.00,100 גרם,false,,6.50,0.0813,true,1,26194
7290015324069,false,טעם וריח גריל עוף שק,,,טעם וריח גריל עוף שק,גרמים,80.00,100 גרם,false,,6.50,0.0813,true,1,26195
7290015324076,false,טעם וריח זעתר שקית 8,,,טעם וריח זעתר שקית 8,גרמים,80.00,100 גרם,false,,6.00,0.0750,true,1,26196
7290015324083,false,טעם וריח מלח לימון ש,,,טעם וריח מלח לימון ש,גרמים,80.00,100 גרם,false,,6.50,0.0813,true,1,26197
7290015324090,false,טעם וריח כמון שקית 8,,,טעם וריח כמון שקית 8,גרמים,80.00,100 גרם,false,,6.80,0.0850,true,1,26198
7290015324106,false,טעם וריח כורכום שקית,,,טעם וריח כורכום שקית,גרמים,80.00,100 גרם,false,,6.80,0.0850,true,1,26199
7290015324113,false,טעם וריח בהרט שקית 8,,,טעם וריח בהרט שקית 8,גרמים,80.00,100 גרם,false,,6.00,0.0750,true,1,26200
7290015324120,false,טעם וריח שום גבישי ב,,,טעם וריח שום גבישי ב,גרמים,80.00,100 גרם,false,,10.10,0.1262,true,1,26201
7290015324168,false,תערובת תיבול על האש,,,תערובת תיבול על האש,גרמים,80.00,100 גרם,false,,7.00,0.0875,true,1,26203
7290015324717,false,מחית שום 210 גרם,,,מחית שום 210 גרם,גרמים,210.00,100 גרם,false,,13.90,0.0662,true,1,331659
7290015328685,false,מנורת לד 9 וולט,,,מנורת לד 9 וולט,אין,0.00,יחידה,false,,8.90,0.0000,true,1,10427
7290015328708,false,מנורת לד 15 וולט,,,מנורת לד 15 וולט,אין,0.00,יחידה,false,,12.90,0.0000,true,1,10429
7290015347273,false,נטיפי שוקולד מריר לא,,,נטיפי שוקולד מריר לא,גרמים,250.00,100 גרם,false,,9.90,0.0396,true,1,11466
7290015347464,false,מיה קינואה מעורבת 50,,,מיה קינואה מעורבת 50,גרמים,400.00,100 גרם,false,,14.90,0.0373,true,1,11476
7290015348089,false,למברוסקו אמיליאנו לב,,,למברוסקו אמיליאנו לב,מיליליטרים,750.00,"100 מ""ל",false,,25.20,0.0336,true,1,8692
7290015348096,false,למברוסקו אמיליאנו רו,,,למברוסקו אמיליאנו רו,מיליליטרים,750.00,"100 מ""ל",false,,25.20,0.0336,true,1,8693
7290015366663,false,מש.שיניים מנטה עדין,,,מש.שיניים מנטה עדין,גרמים,100.00,100 גרם,false,,7.90,0.0790,true,1,5711
7290015366670,false,מש.שיניים מנטה אקווה,,,מש.שיניים מנטה אקווה,גרמים,100.00,100 גרם,false,,7.90,0.0790,true,1,5712
7290015374323,false,קובה ביתי במילוי בשר,,,קובה ביתי במילוי בשר,גרמים,400.00,100 גרם,false,,12.90,0.0323,true,1,31747
7290015437431,false,רכז רימונים תומר  42,,,רכז רימונים תומר  42,גרמים,420.00,100 גרם,false,,19.90,0.0474,true,1,16281
7290015437578,false,מוזלי קראנצי צימוק ת,,,מוזלי קראנצי צימוק ת,גרמים,600.00,100 גרם,false,,13.90,0.0232,true,1,16282
7290015437646,false,מחית עגבניות איטלקיו,,,מחית עגבניות איטלקיו,גרמים,680.00,100 גרם,false,,9.90,0.0146,true,1,292979
7290015596817,false,קרם גוף  אפקטיב קר 4,,,קרם גוף  אפקטיב קר 4,מיליליטרים,450.00,"100 מ""ל",false,,24.90,0.0553,true,1,42295
7290015597210,false,מאגדת טילון קורנטו פ,,,מאגדת טילון קורנטו פ,גרמים,300.00,100 גרם,false,,33.90,0.1130,true,1,5954
7290015603188,false,אטריות ביצים מזרח ומ,,,אטריות ביצים מזרח ומ,גרמים,454.00,100 גרם,false,,9.90,0.0218,true,1,430821
7290015603201,false,אטריות מחיטה מלאה מז,,,אטריות מחיטה מלאה מז,גרמים,454.00,100 גרם,false,,10.90,0.0240,true,1,430836
7290015603218,false,אטריות עם עגבניות מז,,,אטריות עם עגבניות מז,גרמים,454.00,100 גרם,false,,9.90,0.0218,true,1,430866
7290015603225,false,אטריות עם גזר מזרח ו,,,אטריות עם גזר מזרח ו,גרמים,454.00,100 גרם,false,,10.90,0.0240,true,1,430851
7290015603546,false,שימורי קרם קוקוס 17-,,,שימורי קרם קוקוס 17-,מיליליטרים,400.00,"100 מ""ל",false,,8.90,0.0223,true,1,306277
7290015603560,false,שימורי קרם קוקוס 20-,,,שימורי קרם קוקוס 20-,מיליליטרים,400.00,"100 מ""ל",false,,9.90,0.0248,true,1,306291
7290015603584,false,ג'ינג'ר לבן כבוש ללא,,,ג'ינג'ר לבן כבוש ללא,גרמים,160.00,100 גרם,false,,7.90,0.0494,true,1,430895
7290015603591,false,ג'ינג'ר ורוד כבוש לל,,,ג'ינג'ר ורוד כבוש לל,גרמים,160.00,100 גרם,false,,7.90,0.0494,true,1,430910
7290015644297,false,6 לחמניות פשוט מלא א,,,6 לחמניות פשוט מלא א,אין,0.00,יחידה,false,,11.50,0.0000,true,1,22648
7290015644426,false,לחם מחמצת חיטה מלאה,,,לחם מחמצת חיטה מלאה,גרמים,600.00,100 גרם,false,,17.90,0.0298,true,1,22649
7290015644433,false,לחם מחמצת 100% שיפון,,,לחם מחמצת 100% שיפון,גרמים,600.00,100 גרם,false,,17.90,0.0298,true,1,22650
7290015652254,false,גרעיני חמניה קלויים,,,גרעיני חמניה קלויים,גרמים,400.00,100 גרם,false,,10.00,0.0250,true,1,6175
7290015652261,false,בוטנים קלויים ששון ה,,,בוטנים קלויים ששון ה,גרמים,300.00,100 גרם,false,,10.00,0.0333,true,1,6176
7290015652278,false,תערובת פיצוחים ששון,,,תערובת פיצוחים ששון,גרמים,250.00,100 גרם,false,,20.00,0.0800,true,1,6177
7290015652285,false,אגוזים קלופים 250 גר,,,אגוזים קלופים 250 גר,גרמים,250.00,100 גרם,false,,20.00,0.0800,true,1,121394
7290015652292,false,קבוקים עם שומשום ששו,,,קבוקים עם שומשום ששו,גרמים,400.00,100 גרם,false,,10.00,0.0250,true,1,6178
7290015652308,false,מנצ'ס ששון הקולה 300,,,מנצ'ס ששון הקולה 300,גרמים,300.00,100 גרם,false,,10.00,0.0333,true,1,6179
7290015652322,false,בוטנים אמריקאים מצופ,,,בוטנים אמריקאים מצופ,גרמים,400.00,100 גרם,false,,10.00,0.0250,true,1,6181
7290015733120,false,מטרנה גולד שלב אחד 7,,,מטרנה גולד שלב אחד 7,גרמים,700.00,100 גרם,false,,75.90,0.1084,true,1,2589
7290015733205,false,מטרנה אקסטרה קר מהדר,,,מטרנה אקסטרה קר מהדר,גרמים,700.00,100 גרם,false,,59.90,0.0856,true,1,13124
7290015733243,false,מטרנה אקסטרה קר מהדר,,,מטרנה אקסטרה קר מהדר,גרמים,700.00,100 גרם,false,,59.90,0.0856,true,1,13126
7290015733977,false,מטרנה קומפורט 700 גר,,,מטרנה קומפורט 700 גר,גרמים,700.00,100 גרם,false,,59.90,0.0856,true,1,58383
7290015766005,false,שרי וויטני יחידה,,,שרי וויטני יחידה,גרמים,500.00,100 גרם,false,,9.90,0.0198,true,1,32562
7290015766029,false,שרי כתום יח',,,שרי כתום יח',גרמים,460.00,100 גרם,false,,9.90,0.0215,true,1,31190
7290015781008,false,ויז'ן מרלו,,,ויז'ן מרלו,מיליליטרים,750.00,"100 מ""ל",false,,39.90,0.0532,true,1,9843
7290015781015,false,ויז'ן מלבק,,,ויז'ן מלבק,מיליליטרים,750.00,"100 מ""ל",false,,39.90,0.0532,true,1,397313
7290015781046,false,ויז'ן לבן חצי יבש 75,,,ויז'ן לבן חצי יבש 75,מיליליטרים,750.00,"100 מ""ל",false,,39.90,0.0532,true,1,397314
7290015781091,false,ויז'ן קברנה סובניון,,,ויז'ן קברנה סובניון,מיליליטרים,750.00,"100 מ""ל",false,,39.90,0.0532,true,1,397316
7290015781114,false,אימפרשן מרלו,,,אימפרשן מרלו,מיליליטרים,750.00,"100 מ""ל",false,,49.90,0.0665,true,1,9844
7290015781121,false,אימפרשן קברנה סובניו,,,אימפרשן קברנה סובניו,מיליליטרים,750.00,"100 מ""ל",false,,49.90,0.0665,true,1,9845
7290015781169,false,אימפרשן אדום חצי יבש,,,אימפרשן אדום חצי יבש,מיליליטרים,750.00,"100 מ""ל",false,,49.90,0.0665,true,1,397321
7290015781275,false,טפרברג מוסקטו לבן 75,,,טפרברג מוסקטו לבן 75,מיליליטרים,750.00,"100 מ""ל",false,,39.90,0.0532,true,1,397322
7290015781305,false,אימפרשן יין סירה,,,אימפרשן יין סירה,מיליליטרים,750.00,"100 מ""ל",false,,49.90,0.0665,true,1,397325
7290015855082,false,ברוקולי מיני,,,ברוקולי מיני,יח',1.00,יח',false,,9.90,9.9000,true,1,22720
7290015855143,false,שום קלוף,,,שום קלוף,גרמים,170.00,100 גרם,false,,11.90,0.0700,true,1,30000
7290015855181,false,ג'ינג'ר ארוז,,,ג'ינג'ר ארוז,יח',1.00,יח',false,,8.90,8.9000,true,1,22721
7290015855341,false,אנדיב  (עולש),,,אנדיב  (עולש),יח',1.00,יח',false,,15.90,15.9000,true,1,225347
7290015855495,false,חסה לאליק,,,חסה לאליק,יח',1.00,יח',false,,12.90,12.9000,true,1,252028
7290015858106,false,ממרח פסטו ביתי עללחם,,,ממרח פסטו ביתי עללחם,גרמים,180.00,100 גרם,false,,16.90,0.0939,true,1,15531
7290015858175,false,ממרח פלפלים קלויים ע,,,ממרח פלפלים קלויים ע,גרמים,180.00,100 גרם,false,,16.90,0.0939,true,1,15533
7290015858243,false,ממרח צימיצורי עללחם,,,ממרח צימיצורי עללחם,גרמים,180.00,100 גרם,false,,16.90,0.0939,true,1,15535
7290015858434,false,שום כתוש עללחם 250 ג,,,שום כתוש עללחם 250 ג,גרמים,250.00,100 גרם,false,,14.90,0.0596,true,1,15536
7290015865692,false,תענוג פרי תות שדה ענ,,,תענוג פרי תות שדה ענ,גרמים,400.00,100 גרם,false,,17.90,0.0447,true,1,187941
7290015865722,false,קונפיטורה לייט תות ש,,,קונפיטורה לייט תות ש,גרמים,400.00,100 גרם,false,,19.90,0.0497,true,1,187996
7290015865739,false,קונפיטורה לייט אוכמנ,,,קונפיטורה לייט אוכמנ,גרמים,400.00,100 גרם,false,,19.90,0.0497,true,1,187997
7290015865746,false,קונפיטורה לייט פירות,,,קונפיטורה לייט פירות,גרמים,400.00,100 גרם,false,,19.90,0.0497,true,1,187998
7290015872553,false,חומוס מסעדה שמיר 700,,,חומוס מסעדה שמיר 700,גרמים,700.00,100 גרם,false,,9.90,0.0141,true,1,12623
7290015951869,false,יקבי רמת הגולן הר חר,,,יקבי רמת הגולן הר חר,מיליליטרים,750.00,"100 מ""ל",false,,32.90,0.0439,true,1,25771
7290015951890,false,יקבי רמת הגולן הר חר,,,יקבי רמת הגולן הר חר,מיליליטרים,750.00,"100 מ""ל",false,,32.90,0.0439,true,1,25772
7290016006025,false,שוופס סודה 500מל,,,שוופס סודה 500מל,מיליליטרים,500.00,"100 מ""ל",false,,3.90,0.0078,true,1,9752
7290016006292,false,ספרינג מנגו בננה מלו,,,ספרינג מנגו בננה מלו,אין,0.00,יחידה,false,,6.90,0.0000,true,1,9756
7290016006322,false,מי עדן 1 ליטר,,,מי עדן 1 ליטר,ארגז,1.00,ליטר,false,,2.90,2.9000,true,1,9757
7290016006339,false,מי עדן רביעייה 1 ליט,,,מי עדן רביעייה 1 ליט,ארגז,4.00,ליטר,false,,10.90,2.7250,true,1,9758
7290016006346,false,שוופס סודה שישייה 0.,,,שוופס סודה שישייה 0.,ארגז,3.00,ליטר,false,,13.90,4.6333,true,1,9759
7290016087222,false,ברוטב עגבניות מרוכז,,,ברוטב עגבניות מרוכז,גרמים,240.00,100 גרם,false,,4.90,0.0204,true,1,25610
7290016087239,false,רוטב עגבניות לשקשוקה,,,רוטב עגבניות לשקשוקה,גרמים,240.00,100 גרם,false,,4.90,0.0204,true,1,25611
7290016094015,false,אולטרסול קרם פנים קי,,,אולטרסול קרם פנים קי,מיליליטרים,75.00,"100 מ""ל",false,,29.90,0.3987,true,1,18776
7290016096675,false,טונה בשמן זית פילטונ,,,טונה בשמן זית פילטונ,גרמים,240.00,100 גרם,false,,17.90,0.0746,true,1,17366
7290016096705,false,טונה בשמן צמחי פילטו,,,טונה בשמן צמחי פילטו,גרמים,440.00,100 גרם,false,,17.90,0.0407,true,1,17367
7290016096811,false,ממרח טונה פילטונה רב,,,ממרח טונה פילטונה רב,גרמים,160.00,100 גרם,false,,19.90,0.1244,true,1,36342
7290016096934,false,סלט טונה 2 יח' פילטו,,,סלט טונה 2 יח' פילטו,גרמים,320.00,100 גרם,false,,11.90,0.0372,true,1,83146
7290016136111,false,תערובת קמח להכנת לחם,,,תערובת קמח להכנת לחם,גרמים,500.00,100 גרם,false,,16.90,0.0338,true,1,25217
7290016150117,false,מעדן סלק בוואקום 500,,,מעדן סלק בוואקום 500,גרמים,500.00,100 גרם,false,,5.90,0.0118,true,1,29158
7290016162233,false,עוגיות דיזרט פרימיום,,,עוגיות דיזרט פרימיום,גרמים,200.00,100 גרם,false,,19.90,0.0995,true,1,25165
7290016188608,false,למברוסקו לבן חצי יבש,,,למברוסקו לבן חצי יבש,מיליליטרים,750.00,"100 מ""ל",false,,24.90,0.0332,true,1,3964
7290016197495,false,מטלית קסם לרצפה מארז,,,מטלית קסם לרצפה מארז,אין,0.00,יחידה,false,,14.90,0.0000,true,1,8361
7290016197839,false,ניקול השקית החזקה XL,,,ניקול השקית החזקה XL,אין,0.00,יחידה,false,,23.90,0.0000,true,1,8364
7290016197877,false,שקית לפחי מטבח קטנים,,,שקית לפחי מטבח קטנים,אין,0.00,יחידה,false,,19.90,0.0000,true,1,8366
7290016217742,false,חציל בטחינה סלטי שמי,,,חציל בטחינה סלטי שמי,גרמים,200.00,100 גרם,false,,10.90,0.0545,true,1,12626
7290016233384,false,גפילטא פיש 7 קציצות,,,גפילטא פיש 7 קציצות,גרמים,555.00,100 גרם,false,,14.90,0.0268,true,1,16286
7290016246018,false,בארכה מיקס פינוקיות,,,בארכה מיקס פינוקיות,גרמים,200.00,100 גרם,false,,11.90,0.0595,true,1,13128
7290016246445,false,בארכה טחינה גולמית מ,,,בארכה טחינה גולמית מ,גרמים,310.00,100 גרם,false,,10.90,0.0352,true,1,13133
7290016246490,false,בארכה חלבה קלאסית 40,,,בארכה חלבה קלאסית 40,גרמים,400.00,100 גרם,false,,10.50,0.0263,true,1,13135
7290016277630,false,צנובר טבעי 150 גרם ש,,,צנובר טבעי 150 גרם ש,גרמים,150.00,100 גרם,false,,30.90,0.2060,true,1,32671
7290016277678,false,שקד מולבן חצאים   20,,,שקד מולבן חצאים   20,גרמים,200.00,100 גרם,false,,19.90,0.0995,true,1,32673
7290016319194,false,עוגיות סנדוויץ שוקו,,,עוגיות סנדוויץ שוקו,גרמים,300.00,100 גרם,false,,16.90,0.0563,true,1,1772
7290016319309,false,אל סבון מאסק+משאבה פ,,,אל סבון מאסק+משאבה פ,ארגז,1.00,ליטר,false,,10.90,10.9000,true,1,6645
7290016321661,false,מגבוני פרש וואנס רבי,,,מגבוני פרש וואנס רבי,אין,0.00,יחידה,false,,14.90,0.0000,true,1,6657
7290016321678,false,פרשוואנס רביעייה נטו,,,פרשוואנס רביעייה נטו,אין,0.00,יחידה,false,,14.90,0.0000,true,1,6658
7290016321777,false,רצועות שעווה לפנים מ,,,רצועות שעווה לפנים מ,אין,0.00,יחידה,false,,22.90,0.0000,true,1,6659
7290016321890,false,פרשוואנס נייר טואלט,,,פרשוואנס נייר טואלט,אין,0.00,יחידה,false,,13.50,0.0000,true,1,6661
7290016334500,false,לבבות חסה זוגות בשקי,,,לבבות חסה זוגות בשקי,יח',1.00,יח',false,,9.90,9.9000,true,1,29398
7290016370270,false,זית קלמטה ללא גלעין,,,זית קלמטה ללא גלעין,גרמים,560.00,100 גרם,false,,11.90,0.0213,true,1,38709
7290016370300,false,זית קלמטה שלם בצנצנת,,,זית קלמטה שלם בצנצנת,גרמים,560.00,100 גרם,false,,14.90,0.0266,true,1,38532
7290016370959,false,חציל קלוי על האש בצנ,,,חציל קלוי על האש בצנ,גרמים,580.00,100 גרם,false,,10.90,0.0188,true,1,32284
7290016372335,false,עגבניות חתוכות לקובי,,,עגבניות חתוכות לקובי,גרמים,400.00,100 גרם,false,,7.00,0.0175,true,1,97774
7290016372342,false,עגבניות חתוכות לקובי,,,עגבניות חתוכות לקובי,גרמים,400.00,100 גרם,false,,16.90,0.0422,true,1,16143
7290016372373,false,רסק עגבניות איטליה ב,,,רסק עגבניות איטליה ב,גרמים,280.00,100 גרם,false,,5.90,0.0211,true,1,16145
7290016372489,false,סודות הצמחים ג'ינג'ר,,,סודות הצמחים ג'ינג'ר,גרמים,30.00,100 גרם,false,,17.50,0.5833,true,1,268934
7290016372496,false,סודות הצמחים ג'ינג'ר,,,סודות הצמחים ג'ינג'ר,גרמים,30.00,100 גרם,false,,17.50,0.5833,true,1,268935
7290016387339,false,2 מטליות מיקרופייבר,,,2 מטליות מיקרופייבר,אין,0.00,יחידה,false,,16.90,0.0000,true,1,10673
7290016408980,false,לני מטבעות שוקולד חל,,,לני מטבעות שוקולד חל,גרמים,36.00,100 גרם,false,,3.90,0.1083,true,1,3108
7290016440652,false,תערובת פרוסות ירקות,,,תערובת פרוסות ירקות,גרמים,500.00,100 גרם,false,,19.90,0.0398,true,1,132858
7290016440881,false,ירקות חמוצים בטעם טב,,,ירקות חמוצים בטעם טב,גרמים,500.00,100 גרם,false,,19.90,0.0398,true,1,132859
7290016440911,false,מלפפונים ביתיים כבוש,,,מלפפונים ביתיים כבוש,גרמים,500.00,100 גרם,false,,19.90,0.0398,true,1,132844
7290016440928,false,ירקות כבושים חמוץ מת,,,ירקות כבושים חמוץ מת,גרמים,500.00,100 גרם,false,,19.90,0.0398,true,1,132860
7290016446043,false,רביולי בטעם בטטה קפו,,,רביולי בטעם בטטה קפו,גרמים,360.00,100 גרם,false,,21.90,0.0608,true,1,79661
7290016446319,false,רביולי בטעם תרד קפוא,,,רביולי בטעם תרד קפוא,גרמים,360.00,100 גרם,false,,24.90,0.0692,true,1,79676
7290016509342,false,סוד מארז שלישיה כדור,,,סוד מארז שלישיה כדור,גרמים,150.00,100 גרם,false,,16.90,0.1127,true,1,22375
7290016509786,false,פרסיל ג'ל 2.5 ליטר י,,,פרסיל ג'ל 2.5 ליטר י,ארגז,2.50,ליטר,false,,34.90,13.9600,true,1,22379
7290016509793,false,פרסיל ג'ל 4 ליטר ירו,,,פרסיל ג'ל 4 ליטר ירו,ארגז,4.00,ליטר,false,,44.90,11.2250,true,1,22380
7290016509809,false,פרסיל ג'ל 2.5 ליטר ק,,,פרסיל ג'ל 2.5 ליטר ק,ארגז,2.50,ליטר,false,,34.90,13.9600,true,1,22381
7290016509823,false,פרסיל ג'ל 2.5 ליטר ב,,,פרסיל ג'ל 2.5 ליטר ב,ארגז,2.50,ליטר,false,,34.90,13.9600,true,1,22383
7290016509847,false,פרסיל ג'ל 2.5 ליטר ב,,,פרסיל ג'ל 2.5 ליטר ב,ארגז,2.50,ליטר,false,,34.90,13.9600,true,1,22385
7290016510232,false,תחליב רחצה יוגורט קו,,,תחליב רחצה יוגורט קו,מיליליטרים,700.00,"100 מ""ל",false,,8.90,0.0127,true,1,7935
7290016510249,false,תחליב רחצה יוגורט שק,,,תחליב רחצה יוגורט שק,מיליליטרים,700.00,"100 מ""ל",false,,8.90,0.0127,true,1,7936
7290016510317,false,תחליב רחצה לגבר פול,,,תחליב רחצה לגבר פול,מיליליטרים,700.00,"100 מ""ל",false,,8.90,0.0127,true,1,7942
7290016510683,false,הוואי סבון נוזלי שמי,,,הוואי סבון נוזלי שמי,ארגז,1.00,ליטר,false,,10.90,10.9000,true,1,7946
7290016510850,false,שמפו לילדים עם ברבי,,,שמפו לילדים עם ברבי,מיליליטרים,700.00,"100 מ""ל",false,,13.90,0.0199,true,1,7949
7290016513974,false,קרפלך במילוי פטריות,,,קרפלך במילוי פטריות,יח',1.00,יח',false,,20.90,20.9000,true,1,422349
7290016513981,false,קרפלך במילוי תפוח אד,,,קרפלך במילוי תפוח אד,יח',1.00,יח',false,,17.90,17.9000,true,1,422334
7290016548341,false,מגבונים MONO  בייבי,,,מגבונים MONO  בייבי,אלף,1.05,"ק""ג",false,,8.90,8.4762,true,1,72964
7290016682052,false,"מיץ לימונענע 400 מ""ל",,,"מיץ לימונענע 400 מ""ל",מיליליטרים,400.00,"100 מ""ל",false,,9.50,0.0238,true,1,30070
7290016682182,false,שייק תמר בננה מופחת,,,שייק תמר בננה מופחת,אין,0.00,יחידה,false,,16.90,0.0000,true,1,30072
7290016682328,false,פרי ניב מיץ תפוזים ט,,,פרי ניב מיץ תפוזים ט,ארגז,2.00,ליטר,false,,20.60,10.3000,true,1,154277
7290016682342,false,פרי ניב מיץ 100% טבע,,,פרי ניב מיץ 100% טבע,ארגז,2.00,ליטר,false,,26.60,13.3000,true,1,154291
7290016682441,false,פריניב מיץ תפוזים סח,,,פריניב מיץ תפוזים סח,ארגז,1.00,ליטר,false,,13.90,13.9000,true,1,216545
7290016717044,false,"יין באזז מנגו 750 מ""",,,"יין באזז מנגו 750 מ""",מיליליטרים,750.00,"100 מ""ל",false,,27.90,0.0372,true,1,3966
7290016717051,false,יין באזז רימון 750 מ,,,יין באזז רימון 750 מ,מיליליטרים,750.00,"100 מ""ל",false,,27.90,0.0372,true,1,3967
7290016717631,false,יין  P.C  מוסקטו יין,,,יין  P.C  מוסקטו יין,מיליליטרים,750.00,"100 מ""ל",false,,39.90,0.0532,true,1,3971
7290016717754,false,"ישן נושן 750מ""ל.",,,"ישן נושן 750מ""ל.",מיליליטרים,750.00,"100 מ""ל",false,,18.90,0.0252,true,1,3972
7290016717976,false,יין באזז ספארקלינג א,,,יין באזז ספארקלינג א,מיליליטרים,750.00,"100 מ""ל",false,,27.90,0.0372,true,1,3973
7290016865943,false,אטריות ביצים פטוצ'ינ,,,אטריות ביצים פטוצ'ינ,גרמים,400.00,100 גרם,false,,13.90,0.0348,true,1,5640
7290016866643,false,מש.שיניים פרש פרודונ,,,מש.שיניים פרש פרודונ,מיליליטרים,75.00,"100 מ""ל",false,,31.90,0.4253,true,1,5731
7290016866674,false,"מש.שיניים מ""לבינה פר",,,"מש.שיניים מ""לבינה פר",מיליליטרים,75.00,"100 מ""ל",false,,31.90,0.4253,true,1,5734
7290016867008,false,לחם כוסמין מחמצת 700,,,לחם כוסמין מחמצת 700,גרמים,700.00,100 גרם,false,,17.90,0.0256,true,1,131569
7290016867046,false,פיתות קלות כוסמין במ,,,פיתות קלות כוסמין במ,גרמים,303.00,100 גרם,false,,14.90,0.0492,true,1,131632
7290016867053,false,לחם קל כוסמין בתוספת,,,לחם קל כוסמין בתוספת,גרמים,450.00,100 גרם,false,,18.90,0.0420,true,1,131570
7290016867114,false,לחם כוסמין קל מלא 50,,,לחם כוסמין קל מלא 50,גרמים,500.00,100 גרם,false,,17.90,0.0358,true,1,131571
7290016867145,false,פיתות קלות קמח מלא 3,,,פיתות קלות קמח מלא 3,גרמים,360.00,100 גרם,false,,13.90,0.0386,true,1,131634
7290016867152,false,פיתות קלות כוסמין 29,,,פיתות קלות כוסמין 29,גרמים,292.00,100 גרם,false,,13.90,0.0476,true,1,131635
7290016867176,false,לחמניות ק. כוסמין שו,,,לחמניות ק. כוסמין שו,גרמים,300.00,100 גרם,false,,13.90,0.0463,true,1,131617
7290016867244,false,לחמניות מחמצת כוסמין,,,לחמניות מחמצת כוסמין,גרמים,321.00,100 גרם,false,,14.90,0.0464,true,1,131601
7290016883091,false,חרדל דיז'ון שקדיה 35,,,חרדל דיז'ון שקדיה 35,גרמים,350.00,100 גרם,false,,10.00,0.0286,true,1,408055
7290016967074,false,חיטה מלאה אנגל 750 ג,,,חיטה מלאה אנגל 750 ג,גרמים,750.00,100 גרם,false,,16.90,0.0225,true,1,22651
7290016967456,false,לחם מחמצת כוסמין אנג,,,לחם מחמצת כוסמין אנג,גרמים,600.00,100 גרם,false,,17.90,0.0298,true,1,22652
7290016980004,false,בטטה סגולה מארז,,,בטטה סגולה מארז,יח',1.00,יח',false,,9.90,9.9000,true,1,31192
7290016998184,false,עלי חסה ערבית שטופה,,,עלי חסה ערבית שטופה,גרמים,250.00,100 גרם,false,,10.90,0.0436,true,1,73277
7290016998320,false,לבבות קיסר  מארז,,,לבבות קיסר  מארז,יח',1.00,יח',false,,11.90,11.9000,true,1,73290
7290017023212,false,רביעיית משקה שוופס ב,,,רביעיית משקה שוופס ב,ארגז,1.32,ליטר,false,,13.90,10.5303,true,1,9766
7290017023229,false,רביעיית משקה שוופס ב,,,רביעיית משקה שוופס ב,ארגז,1.32,ליטר,false,,13.90,10.5303,true,1,9767
7290017023236,false,רביעיית משקה שוופס ב,,,רביעיית משקה שוופס ב,ארגז,1.32,ליטר,false,,13.90,10.5303,true,1,9768
7290017023663,false,רביעיית משקה שוופס ל,,,רביעיית משקה שוופס ל,ארגז,1.32,ליטר,false,,13.90,10.5303,true,1,9781
7290017023670,false,פחית שוופס לימונייד,,,פחית שוופס לימונייד,מיליליטרים,330.00,"100 מ""ל",false,,4.20,0.0127,true,1,9782
7290017023854,false,"שוופס סודה 250 מ""ל ר",,,"שוופס סודה 250 מ""ל ר",ארגז,1.00,ליטר,false,,9.90,9.9000,true,1,9790
7290017058573,false,פרוסות פלפל חלפיניו,,,פרוסות פלפל חלפיניו,גרמים,340.00,100 גרם,false,,6.90,0.0203,true,1,16299
7290017058689,false,זית שחור טבעי תומר 4,,,זית שחור טבעי תומר 4,גרמים,400.00,100 גרם,false,,14.90,0.0373,true,1,16300
7290017062662,false,מרכך כביסה מרוכז טאצ,,,מרכך כביסה מרוכז טאצ,ארגז,1.00,ליטר,false,,12.90,12.9000,true,1,38205
7290017062730,false,נוזל כלים לבנדר 36%,,,נוזל כלים לבנדר 36%,מיליליטרים,750.00,"100 מ""ל",false,,8.90,0.0119,true,1,24298
7290017062747,false,נוזל כלים תפוח 36% 7,,,נוזל כלים תפוח 36% 7,מיליליטרים,750.00,"100 מ""ל",false,,8.90,0.0119,true,1,24299
7290017062754,false,נוזל כלים לימון 36%,,,נוזל כלים לימון 36%,מיליליטרים,750.00,"100 מ""ל",false,,8.90,0.0119,true,1,24300
7290017065007,false,מוצרלה פרוסה  חצי קש,,,מוצרלה פרוסה  חצי קש,גרמים,200.00,100 גרם,false,,17.90,0.0895,true,1,11126
7290017065137,false,גבינה ריקוטה למריחה,,,גבינה ריקוטה למריחה,גרמים,200.00,100 גרם,false,,9.90,0.0495,true,1,11127
7290017065212,false,קרם מסקרפונה להקצפה,,,קרם מסקרפונה להקצפה,גרמים,250.00,100 גרם,false,,20.50,0.0820,true,1,11131
7290017065236,false,בולגרית מעודנת 24% 2,,,בולגרית מעודנת 24% 2,גרמים,250.00,100 גרם,false,,21.80,0.0872,true,1,11132
7290017065380,false,גרנה פדנו שבבים 100,,,גרנה פדנו שבבים 100,גרמים,100.00,100 גרם,false,,12.90,0.1290,true,1,11135
7290017065434,false,גד פרוסות גאודה 200,,,גד פרוסות גאודה 200,גרמים,200.00,100 גרם,false,,19.90,0.0995,true,1,11137
7290017065441,false,גד פרוסות גאודה עיזי,,,גד פרוסות גאודה עיזי,גרמים,200.00,100 גרם,false,,30.90,0.1545,true,1,11138
7290017065526,false,גד קוואטרו פורמאג'י,,,גד קוואטרו פורמאג'י,גרמים,300.00,100 גרם,false,,28.90,0.0963,true,1,11139
7290017065663,false,גבינת פטה עיזים מעוד,,,גבינת פטה עיזים מעוד,גרמים,250.00,100 גרם,false,,30.90,0.1236,true,1,35300
7290017065731,false,גבינת שמנת ניו יורק,,,גבינת שמנת ניו יורק,גרמים,200.00,100 גרם,false,,12.90,0.0645,true,1,67811
7290017065786,false,גבינה אנגלית קשה צ'ד,,,גבינה אנגלית קשה צ'ד,גרמים,210.00,100 גרם,false,,18.40,0.0876,true,1,212753
7290017068350,false,עדשים שחורות בלוגה מ,,,עדשים שחורות בלוגה מ,גרמים,500.00,100 גרם,false,,7.90,0.0158,true,1,240952
7290017068367,false,מיה שמרים בוואקום 12,,,מיה שמרים בוואקום 12,גרמים,125.00,100 גרם,false,,4.90,0.0392,true,1,11507
7290017068374,false,מיה שמרים בוואקום 50,,,מיה שמרים בוואקום 50,גרמים,500.00,100 גרם,false,,10.90,0.0218,true,1,11508
7290017068381,false,מעדן משמש 370 גר' לל,,,מעדן משמש 370 גר' לל,גרמים,370.00,100 גרם,false,,12.90,0.0349,true,1,11509
7290017068886,false,ג'לי דובונים מיה 350,,,ג'לי דובונים מיה 350,גרמים,350.00,100 גרם,false,,14.90,0.0426,true,1,237352
7290017068909,false,ג'לי לבבות מיה 350 ג,,,ג'לי לבבות מיה 350 ג,גרמים,350.00,100 גרם,false,,14.90,0.0426,true,1,11514
7290017068978,false,שיבולת שועל מלאה להכ,,,שיבולת שועל מלאה להכ,אלף,1.00,"ק""ג",false,,9.90,9.9000,true,1,386979
7290017068985,false,שיבולת שועל מלאה עבה,,,שיבולת שועל מלאה עבה,אלף,1.00,"ק""ג",false,,9.90,9.9000,true,1,386965
7290017088105,false,ביייביסיטר נוחות מיד,,,ביייביסיטר נוחות מיד,יח',40.00,יח',false,,34.90,0.8725,true,1,18919
7290017088112,false,ביייביסיטר נוחות מיד,,,ביייביסיטר נוחות מיד,יח',36.00,יח',false,,34.90,0.9694,true,1,18920
7290017088129,false,ביייביסיטר נוחות מיד,,,ביייביסיטר נוחות מיד,יח',40.00,יח',false,,34.90,0.8725,true,1,18921
7290017088136,false,ביייביסיטר נוחות מיד,,,ביייביסיטר נוחות מיד,יח',40.00,יח',false,,34.90,0.8725,true,1,18922
7290017088631,false,מגבון Tooly רביעייה,,,מגבון Tooly רביעייה,אין,0.00,יחידה,false,,10.00,0.0000,true,1,18928
7290017088815,false,תחבושות Breeze לבריח,,,תחבושות Breeze לבריח,יח',12.00,יח',false,,18.90,1.5750,true,1,78564
7290017088846,false,תחבושות Breeze לבריח,,,תחבושות Breeze לבריח,יח',12.00,יח',false,,18.90,1.5750,true,1,78567
7290017088914,false,מגבונים מבושם בייביס,,,מגבונים מבושם בייביס,אין,0.00,יחידה,false,,16.90,0.0000,true,1,18934
7290017088969,false,חיתולי בייביסיטר  NB,,,חיתולי בייביסיטר  NB,אין,0.00,יחידה,false,,29.90,0.0000,true,1,140088
7290017088983,false,חיתולי בייביסיטר  NB,,,חיתולי בייביסיטר  NB,אין,0.00,יחידה,false,,29.90,0.0000,true,1,140089
7290017090993,false,כירה חשמלית כפול פלט,,,כירה חשמלית כפול פלט,אין,0.00,יחידה,false,,149.90,0.0000,true,1,29843
7290017094199,false,מעדן חצילים  200 גרם,,,מעדן חצילים  200 גרם,גרמים,200.00,100 גרם,false,,10.90,0.0545,true,1,63648
7290017105048,false,טבעות ירוקים זיתים י,,,טבעות ירוקים זיתים י,גרמים,200.00,100 גרם,false,,11.90,0.0595,true,1,8154
7290017105062,false,חומוס 6OZ יכין 200 ג,,,חומוס 6OZ יכין 200 ג,גרמים,200.00,100 גרם,false,,3.90,0.0195,true,1,8155
7290017105079,false,שעועית אפויה 6OZ יכי,,,שעועית אפויה 6OZ יכי,גרמים,200.00,100 גרם,false,,3.90,0.0195,true,1,8156
7290017105086,false,שעועית צ'ילי 6OZ יכי,,,שעועית צ'ילי 6OZ יכי,גרמים,200.00,100 גרם,false,,3.90,0.0195,true,1,8157
7290017105116,false,תורמוס 6OZ יכין 200,,,תורמוס 6OZ יכין 200,גרמים,200.00,100 גרם,false,,3.90,0.0195,true,1,8159
7290017105468,false,אפונה יכין 3*120 גרם,,,אפונה יכין 3*120 גרם,גרמים,360.00,100 גרם,false,,13.90,0.0386,true,1,8162
7290017105550,false,מאגדת רסק עגבניות יכ,,,מאגדת רסק עגבניות יכ,גרמים,400.00,100 גרם,false,,11.90,0.0298,true,1,8163
7290017105895,false,גרגרי חומוס מסעדות י,,,גרגרי חומוס מסעדות י,גרמים,550.00,100 גרם,false,,9.90,0.0180,true,1,8170
7290017106069,false,קוביות סלק יכין 550,,,קוביות סלק יכין 550,גרמים,550.00,100 גרם,false,,9.90,0.0180,true,1,8171
7290017121048,false,ממרח פלפל צ'ומה עללח,,,ממרח פלפל צ'ומה עללח,גרמים,250.00,100 גרם,false,,14.90,0.0596,true,1,15537
7290017121086,false,אריסה מתוקה ביתית על,,,אריסה מתוקה ביתית על,גרמים,250.00,100 גרם,false,,14.90,0.0596,true,1,238057
7290017121093,false,ממרח אריסה חריפה עלל,,,ממרח אריסה חריפה עלל,גרמים,250.00,100 גרם,false,,14.90,0.0596,true,1,15538
7290017129273,false,מטבעות שוקולד חלב כר,,,מטבעות שוקולד חלב כר,גרמים,500.00,100 גרם,false,,29.90,0.0598,true,1,916
7290017140056,false,קמח חומוס שי של הטבע,,,קמח חומוס שי של הטבע,גרמים,500.00,100 גרם,false,,15.90,0.0318,true,1,214128
7290017142005,false,שמן קוקוס אורגני כתי,,,שמן קוקוס אורגני כתי,מיליליטרים,320.00,"100 מ""ל",false,,30.90,0.0966,true,1,18831
7290017142012,false,שמן קוקוס אורגני כתי,,,שמן קוקוס אורגני כתי,מיליליטרים,500.00,"100 מ""ל",false,,40.90,0.0818,true,1,18832
7290017142128,false,שמן זית כתית מעולה ק,,,שמן זית כתית מעולה ק,מיליליטרים,750.00,"100 מ""ל",false,,33.90,0.0452,true,1,2971
7290017142159,false,נתחי טונה בהירה בשמן,,,נתחי טונה בהירה בשמן,גרמים,240.00,100 גרם,false,,23.90,0.0996,true,1,18839
7290017142180,false,פילה טונה פרוס זית ל,,,פילה טונה פרוס זית ל,גרמים,120.00,100 גרם,false,,11.90,0.0992,true,1,18841
7290017142234,false,פתיתי טונה בהירה בשמ,,,פתיתי טונה בהירה בשמ,גרמים,85.00,100 גרם,false,,6.90,0.0812,true,1,18843
7290017142289,false,תרסיס שמן חמניות עץ,,,תרסיס שמן חמניות עץ,מיליליטרים,200.00,"100 מ""ל",false,,15.90,0.0795,true,1,18847
7290017142340,false,שמן זרעי ענבים מזוכך,,,שמן זרעי ענבים מזוכך,ארגז,1.00,ליטר,false,,29.90,29.9000,true,1,18851
7290017142371,false,שמן שומשום לא מזוכך,,,שמן שומשום לא מזוכך,מיליליטרים,250.00,"100 מ""ל",false,,29.90,0.1196,true,1,18853
7290017142388,false,שמן חמניות פלוס אומג,,,שמן חמניות פלוס אומג,ארגז,1.00,ליטר,false,,15.90,15.9000,true,1,18854
7290017142395,false,פסטה עם טונה בשמן זי,,,פסטה עם טונה בשמן זי,גרמים,160.00,100 גרם,false,,12.90,0.0806,true,1,18855
7290017142401,false,קינואה לבנה ואדומה ע,,,קינואה לבנה ואדומה ע,גרמים,160.00,100 גרם,false,,12.90,0.0806,true,1,18856
7290017142418,false,אורז עדשים עם טונה ב,,,אורז עדשים עם טונה ב,גרמים,160.00,100 גרם,false,,12.90,0.0806,true,1,18857
7290017142500,false,תרסיס שמן זית כתית ב,,,תרסיס שמן זית כתית ב,מיליליטרים,150.00,"100 מ""ל",false,,19.90,0.1327,true,1,408124
7290017142609,false,תרסיס שמן זית כתית ב,,,תרסיס שמן זית כתית ב,מיליליטרים,150.00,"100 מ""ל",false,,19.90,0.1327,true,1,408125
7290017217307,false,נרות חימום ריחניים ב,,,נרות חימום ריחניים ב,אין,0.00,יחידה,false,,12.90,0.0000,true,1,414397
7290017217338,false,נרות חימום ריחניים ב,,,נרות חימום ריחניים ב,אין,0.00,יחידה,false,,12.90,0.0000,true,1,414400
7290017217413,false,סבון אסלה מבושם בניח,,,סבון אסלה מבושם בניח,אין,0.00,יחידה,false,,11.90,0.0000,true,1,410630
7290017239200,false,סלמון נורווגי מעושן,,,סלמון נורווגי מעושן,גרמים,100.00,100 גרם,false,,12.90,0.1290,true,1,70283
7290017239767,false,מקלות סורימי ארוז 54,,,מקלות סורימי ארוז 54,גרמים,150.00,100 גרם,false,,19.90,0.1327,true,1,250209
7290017239774,false,מקלות סורימי ארוז 35,,,מקלות סורימי ארוז 35,גרמים,250.00,100 גרם,false,,24.90,0.0996,true,1,250223
7290017289588,false,אינספייר בלנד לבן יב,,,אינספייר בלנד לבן יב,מיליליטרים,750.00,"100 מ""ל",false,,74.90,0.0999,true,1,412683
7290017304885,false,לחם שיפון וחיטה מלאה,,,לחם שיפון וחיטה מלאה,גרמים,750.00,100 גרם,false,,16.90,0.0225,true,1,22658
7290017374857,false,מטאטא דבורה BUZZZ +,,,מטאטא דבורה BUZZZ +,אין,0.00,יחידה,false,,22.90,0.0000,true,1,431917
7290017389028,false,אננס מיובש ללא סוכר,,,אננס מיובש ללא סוכר,גרמים,160.00,100 גרם,false,,19.90,0.1244,true,1,32677
7290017440231,false,סרקל מתולתל שמפו 1 ל,,,סרקל מתולתל שמפו 1 ל,ארגז,1.00,ליטר,false,,28.90,28.9000,true,1,18799
7290017440248,false,סרקל מתולתל  מרכך 1,,,סרקל מתולתל  מרכך 1,ארגז,1.00,ליטר,false,,28.90,28.9000,true,1,18800
7290017440286,false,"ד""ר פישר מרכך קידס 7",,,"ד""ר פישר מרכך קידס 7",מיליליטרים,750.00,"100 מ""ל",false,,16.90,0.0225,true,1,18802
7290017440309,false,"ד""ר פישר שמפו קידס 7",,,"ד""ר פישר שמפו קידס 7",מיליליטרים,750.00,"100 מ""ל",false,,16.90,0.0225,true,1,18803
7290017440798,false,מרכך סילבר כסוף 400,,,מרכך סילבר כסוף 400,מיליליטרים,400.00,"100 מ""ל",false,,24.90,0.0622,true,1,42349
7290017457574,false,סוד סבון 4 כדוריות ל,,,סוד סבון 4 כדוריות ל,גרמים,150.00,100 גרם,false,,16.90,0.1127,true,1,22391
7290017457581,false,מרכך כביסה מרוכז סוד,,,מרכך כביסה מרוכז סוד,מיליליטרים,900.00,"100 מ""ל",false,,9.90,0.0110,true,1,22392
7290017457611,false,ג'ל כביסה  ירוק סוד,,,ג'ל כביסה  ירוק סוד,ארגז,2.50,ליטר,false,,24.90,9.9600,true,1,22395
7290017457628,false,ג'ל כביסה  סוד כחול,,,ג'ל כביסה  סוד כחול,ארגז,2.50,ליטר,false,,24.90,9.9600,true,1,22396
7290017457710,false,מרכך כביסה מרוכז סוד,,,מרכך כביסה מרוכז סוד,מיליליטרים,900.00,"100 מ""ל",false,,9.90,0.0110,true,1,22399
7290017457727,false,מרכך כביסה מרוכז סוד,,,מרכך כביסה מרוכז סוד,מיליליטרים,900.00,"100 מ""ל",false,,9.90,0.0110,true,1,22400
7290017457734,false,מרכך כביסה מרוכז סוד,,,מרכך כביסה מרוכז סוד,מיליליטרים,900.00,"100 מ""ל",false,,9.90,0.0110,true,1,22401
7290017457871,false,ג'ל כביסה סוד ירוק 4,,,ג'ל כביסה סוד ירוק 4,ארגז,4.00,ליטר,false,,34.90,8.7250,true,1,22407
7290017457888,false,ג'ל כביסה סוד כחול 4,,,ג'ל כביסה סוד כחול 4,ארגז,4.00,ליטר,false,,34.90,8.7250,true,1,22408
7290017457932,false,מרכך כביסה מרוכז סוד,,,מרכך כביסה מרוכז סוד,מיליליטרים,900.00,"100 מ""ל",false,,9.90,0.0110,true,1,22413
7290017477169,false,קשיו קלוי ששון הקולה,,,קשיו קלוי ששון הקולה,גרמים,250.00,100 גרם,false,,20.00,0.0800,true,1,6200
7290017513782,false,בייגלה מצופה שוקולד,,,בייגלה מצופה שוקולד,גרמים,140.00,100 גרם,false,,7.90,0.0564,true,1,16162
7290017589633,false,יין רזרב קברנה גולד,,,יין רזרב קברנה גולד,מיליליטרים,750.00,"100 מ""ל",false,,48.90,0.0652,true,1,8705
7290017599229,false,סוכרזית סוכרלוז 200,,,סוכרזית סוכרלוז 200,גרמים,17.00,100 גרם,false,,23.90,1.4059,true,1,223440
7290017599267,false,סוכרזית סוכרלוז ממתי,,,סוכרזית סוכרלוז ממתי,גרמים,120.00,100 גרם,false,,24.90,0.2075,true,1,434132
7290017599304,false,סוכרזית כפית לכפית מ,,,סוכרזית כפית לכפית מ,גרמים,400.00,100 גרם,false,,35.90,0.0897,true,1,438678
7290017616902,false,שעועית ירוקה שלמה עד,,,שעועית ירוקה שלמה עד,גרמים,800.00,100 גרם,false,,7.20,0.0090,true,1,82790
7290017617046,false,טונה בשמן זית סטארקי,,,טונה בשמן זית סטארקי,גרמים,560.00,100 גרם,false,,24.90,0.0445,true,1,17407
7290017617084,false,סטארקיסט מיקס 185 גר,,,סטארקיסט מיקס 185 גר,גרמים,185.00,100 גרם,false,,12.90,0.0697,true,1,156320
7290017617107,false,סטארקיסט מיקס 185 גר,,,סטארקיסט מיקס 185 גר,גרמים,185.00,100 גרם,false,,12.90,0.0697,true,1,153538
7290017618111,false,עוגיות מלבן שקדים עם,,,עוגיות מלבן שקדים עם,גרמים,180.00,100 גרם,false,,18.90,0.1050,true,1,16166
7290017619316,false,מפיץ ריח אפור UV גבו,,,מפיץ ריח אפור UV גבו,מיליליטרים,120.00,"100 מ""ל",false,,24.90,0.2075,true,1,125427
7290017637150,false,ג'ל אלכוהול נובו 500,,,ג'ל אלכוהול נובו 500,מיליליטרים,500.00,"100 מ""ל",false,,21.90,0.0438,true,1,24303
7290017637563,false,שמפו CURLS לתלתלים מ,,,שמפו CURLS לתלתלים מ,מיליליטרים,500.00,"100 מ""ל",false,,24.90,0.0498,true,1,359771
7290017637631,false,מרכך לשיער רגיל  500,,,מרכך לשיער רגיל  500,מיליליטרים,500.00,"100 מ""ל",false,,24.90,0.0498,true,1,344414
7290017637662,false,שמפו SHIMMER להדגשת,,,שמפו SHIMMER להדגשת,מיליליטרים,500.00,"100 מ""ל",false,,24.90,0.0498,true,1,344477
7290017637679,false,מרכך SHIMMER להדגשת,,,מרכך SHIMMER להדגשת,מיליליטרים,500.00,"100 מ""ל",false,,24.90,0.0498,true,1,344478
7290017641096,false,שוקולד מריר מעולה קל,,,שוקולד מריר מעולה קל,גרמים,100.00,100 גרם,false,,9.90,0.0990,true,1,267887
7290017641379,false,חמישיית שוקולד חלב,,,חמישיית שוקולד חלב,גרמים,425.00,100 גרם,false,,15.90,0.0374,true,1,58200
7290017641720,false,שוקולד 70% שברי שקד,,,שוקולד 70% שברי שקד,גרמים,100.00,100 גרם,false,,7.90,0.0790,true,1,24692
7290017641997,false,שוקולד מריר מעולה עם,,,שוקולד מריר מעולה עם,גרמים,100.00,100 גרם,false,,9.90,0.0990,true,1,267888
7290017677804,false,קיקומן רוטב סויה ללא,,,קיקומן רוטב סויה ללא,מיליליטרים,444.00,"100 מ""ל",false,,19.90,0.0448,true,1,6400
7290017682563,false,שיפוד עובי 5 אורך 30,,,שיפוד עובי 5 אורך 30,אין,0.00,יחידה,false,,4.00,0.0000,true,1,10687
7290017715346,false,זית שחור טאסוס תומר,,,זית שחור טאסוס תומר,גרמים,400.00,100 גרם,false,,14.90,0.0373,true,1,16311
7290017715407,false,זית שחור עם פלפל חרי,,,זית שחור עם פלפל חרי,גרמים,400.00,100 גרם,false,,14.90,0.0373,true,1,16312
7290017715506,false,חומץ תומר 1 ליטר,,,חומץ תומר 1 ליטר,ארגז,1.00,ליטר,false,,5.90,5.9000,true,1,16317
7290017715674,false,זית ירוק חרוזית תומר,,,זית ירוק חרוזית תומר,גרמים,560.00,100 גרם,false,,9.90,0.0177,true,1,16321
7290017715735,false,זית סורי מבוקע תומר,,,זית סורי מבוקע תומר,גרמים,560.00,100 גרם,false,,9.90,0.0177,true,1,16327
7290017715872,false,כרוב כבוש תומר 560 ג,,,כרוב כבוש תומר 560 ג,גרמים,560.00,100 גרם,false,,6.30,0.0112,true,1,16332
7290017724003,false,עוגיות גרסיני אקלר 2,,,עוגיות גרסיני אקלר 2,גרמים,250.00,100 גרם,false,,23.90,0.0956,true,1,237267
7290017724058,false,עוגיות מעדן תמר אגוז,,,עוגיות מעדן תמר אגוז,גרמים,250.00,100 גרם,false,,23.90,0.0956,true,1,237139
7290017724072,false,עוגיות רולדה שוקו/תמ,,,עוגיות רולדה שוקו/תמ,גרמים,200.00,100 גרם,false,,23.90,0.1195,true,1,237197
7290017724096,false,עוגיות רולדה לוקום א,,,עוגיות רולדה לוקום א,גרמים,250.00,100 גרם,false,,23.90,0.0956,true,1,237198
7290017724164,false,"עוגיות אוזניים לל""תס",,,"עוגיות אוזניים לל""תס",גרמים,200.00,100 גרם,false,,23.90,0.1195,true,1,237284
7290017724201,false,"עוגיות ואן גוך לל""תס",,,"עוגיות ואן גוך לל""תס",גרמים,200.00,100 גרם,false,,23.90,0.1195,true,1,237286
7290017724218,false,"עוגיות מעדן תמר לל""ת",,,"עוגיות מעדן תמר לל""ת",גרמים,250.00,100 גרם,false,,23.90,0.0956,true,1,237287
7290017724263,false,"עוגיות בטהובן לל""תס",,,"עוגיות בטהובן לל""תס",גרמים,300.00,100 גרם,false,,23.90,0.0797,true,1,300404
7290017724300,false,עוגיות גרנולה אקלר 2,,,עוגיות גרנולה אקלר 2,גרמים,200.00,100 גרם,false,,23.90,0.1195,true,1,260602
7290017812069,false,אקסלנס ריזלינג שרדונ,,,אקסלנס ריזלינג שרדונ,מיליליטרים,750.00,"100 מ""ל",false,,25.90,0.0345,true,1,3975
7290017812380,false,תירוש מיץ ענבים אדום,,,תירוש מיץ ענבים אדום,מיליליטרים,750.00,"100 מ""ל",false,,12.90,0.0172,true,1,3981
7290017812571,false,תירוש מיץ ענבים אדום,,,תירוש מיץ ענבים אדום,ארגז,1.00,ליטר,false,,19.90,19.9000,true,1,3982
7290017812588,false,תירוש מיץ ענבים לבן,,,תירוש מיץ ענבים לבן,ארגז,1.00,ליטר,false,,19.90,19.9000,true,1,3983
7290017812663,false,תירוש לבן מבעבע יקבי,,,תירוש לבן מבעבע יקבי,מיליליטרים,750.00,"100 מ""ל",false,,20.90,0.0279,true,1,108156
7290017812861,false,יין וינו לבן יבש יקב,,,יין וינו לבן יבש יקב,מיליליטרים,750.00,"100 מ""ל",false,,21.90,0.0292,true,1,108115
7290017812885,false,יין פרייבט קולקשן גו,,,יין פרייבט קולקשן גו,מיליליטרים,750.00,"100 מ""ל",false,,39.90,0.0532,true,1,83367
7290017812977,false,יין באזז אננס יקבי כ,,,יין באזז אננס יקבי כ,מיליליטרים,750.00,"100 מ""ל",false,,27.90,0.0372,true,1,82943
7290017816005,false,בייגלה כוסמין בתוספת,,,בייגלה כוסמין בתוספת,גרמים,300.00,100 גרם,false,,15.90,0.0530,true,1,214214
7290017816081,false,טורטיה מקור הכוסמין,,,טורטיה מקור הכוסמין,גרמים,320.00,100 גרם,false,,15.90,0.0497,true,1,214261
7290017816135,false,פריכיות כוסמין ללא ת,,,פריכיות כוסמין ללא ת,גרמים,90.00,100 גרם,false,,9.90,0.1100,true,1,214232
7290017871370,true,סבון ידיים מועשר בשמ,,,סבון ידיים מועשר בשמ,מיליליטרים,500.00,"100 מ""ל",false,,8.90,0.0178,true,1,6664
7290017872049,false,פמלי אל סבון שלישייה,,,פמלי אל סבון שלישייה,ארגז,1.50,ליטר,false,,13.50,9.0000,true,1,6689
7290017872056,false,פמלי אל סבון סידרה ל,,,פמלי אל סבון סידרה ל,מיליליטרים,500.00,"100 מ""ל",false,,13.50,0.0270,true,1,6690
7290017872070,false,פרשוואנס מגבונים מאר,,,פרשוואנס מגבונים מאר,אין,0.00,יחידה,false,,12.90,0.0000,true,1,381597
7290017872179,false,עוגיות טחינה טוסו 20,,,עוגיות טחינה טוסו 20,גרמים,200.00,100 גרם,false,,14.90,0.0745,true,1,6696
7290017872193,false,עוגיות שקדים וקינמון,,,עוגיות שקדים וקינמון,גרמים,200.00,100 גרם,false,,14.90,0.0745,true,1,3095
7290017873008,false,גלילונית שקיות רב שי,,,גלילונית שקיות רב שי,אין,0.00,יחידה,false,,11.90,0.0000,true,1,169704
7290017873039,false,גלילונית שקיות אוכל,,,גלילונית שקיות אוכל,אין,0.00,יחידה,false,,10.90,0.0000,true,1,169731
7290017873169,false,תחליב רחצה לטיפוח עו,,,תחליב רחצה לטיפוח עו,מיליליטרים,500.00,"100 מ""ל",false,,9.90,0.0198,true,1,288962
7290017873176,false,תחליב רחצה לטיפוח עו,,,תחליב רחצה לטיפוח עו,מיליליטרים,500.00,"100 מ""ל",false,,9.90,0.0198,true,1,288963
7290017888026,false,פרוט & וג' אננס תפוח,,,פרוט & וג' אננס תפוח,מיליליטרים,330.00,"100 מ""ל",false,,7.90,0.0239,true,1,9803
7290017888033,false,פרוט & וג' בננה מלון,,,פרוט & וג' בננה מלון,מיליליטרים,330.00,"100 מ""ל",false,,7.90,0.0239,true,1,9804
7290017888095,false,רביעיית מ.עדין שוופס,,,רביעיית מ.עדין שוופס,ארגז,1.32,ליטר,false,,10.90,8.2576,true,1,9807
7290017888248,false,תרומה מי עדן  1 ל' פ,,,תרומה מי עדן  1 ל' פ,ארגז,1.00,ליטר,false,,5.00,5.0000,true,1,51110
7290017888644,false,פרוט & וג' אננס בננה,,,פרוט & וג' אננס בננה,גרמים,330.00,100 גרם,false,,7.90,0.0239,true,1,9825
7290017888729,false,שוופס סודה 1 ליטר,,,שוופס סודה 1 ליטר,ארגז,1.00,ליטר,false,,4.50,4.5000,true,1,9826
7290017888972,false,מי עדן פקק ספורט 1 ל,,,מי עדן פקק ספורט 1 ל,ארגז,1.00,ליטר,false,,4.90,4.9000,true,1,9829
7290017894041,false,דגש פתיתי שיבולת שוע,,,דגש פתיתי שיבולת שוע,גרמים,400.00,100 גרם,false,,19.90,0.0497,true,1,2050
7290017894102,false,דגש פנה אורז תירס לל,,,דגש פנה אורז תירס לל,גרמים,400.00,100 גרם,false,,9.90,0.0248,true,1,2287
7290017894119,false,דגש פוזלי אורז תירס,,,דגש פוזלי אורז תירס,גרמים,400.00,100 גרם,false,,9.90,0.0248,true,1,2288
7290017917566,false,שמפו סילבר ללא מלחים,,,שמפו סילבר ללא מלחים,מיליליטרים,400.00,"100 מ""ל",false,,39.90,0.0997,true,1,42350
7290017917764,false,קרם גוף  אפקטיב קר 4,,,קרם גוף  אפקטיב קר 4,מיליליטרים,450.00,"100 מ""ל",false,,24.90,0.0553,true,1,42296
7290017928036,false,מקלות גריסיני שומשום,,,מקלות גריסיני שומשום,גרמים,175.00,100 גרם,false,,11.90,0.0680,true,1,6401
7290017928043,false,גריסיני קראנץ' מלח מ,,,גריסיני קראנץ' מלח מ,גרמים,175.00,100 גרם,false,,11.90,0.0680,true,1,6402
7290017928432,false,גריסיני קראנץ' פרג מ,,,גריסיני קראנץ' פרג מ,גרמים,175.00,100 גרם,false,,11.90,0.0680,true,1,6407
7290017928524,false,בייגלה שטוח ניגובים,,,בייגלה שטוח ניגובים,גרמים,300.00,100 גרם,false,,11.90,0.0397,true,1,140562
7290017928616,false,שטוחלה שומשום מאיר ב,,,שטוחלה שומשום מאיר ב,גרמים,300.00,100 גרם,false,,11.90,0.0397,true,1,1399
7290017928661,false,שברי בייגלה בטעם צ'ד,,,שברי בייגלה בטעם צ'ד,גרמים,300.00,100 גרם,false,,12.90,0.0430,true,1,49225
7290017928807,false,אצבעות שומשום מאיר ב,,,אצבעות שומשום מאיר ב,גרמים,300.00,100 גרם,false,,11.90,0.0397,true,1,1400
7290017928821,false,מקלות גריסיני קלאסי,,,מקלות גריסיני קלאסי,גרמים,200.00,100 גרם,false,,11.90,0.0595,true,1,6412
7290017941110,false,סכינים 100 יח' לבן,,,סכינים 100 יח' לבן,אין,0.00,יחידה,false,,7.90,0.0000,true,1,83613
7290017941219,false,כפות 40 יח' עבה במיו,,,כפות 40 יח' עבה במיו,אין,0.00,יחידה,false,,7.90,0.0000,true,1,55706
7290017941226,false,מזלגות 40 יח' עבה במ,,,מזלגות 40 יח' עבה במ,אין,0.00,יחידה,false,,7.90,0.0000,true,1,55736
7290017941240,false,כפיות 40 יח' עבה במי,,,כפיות 40 יח' עבה במי,אין,0.00,יחידה,false,,7.90,0.0000,true,1,55708
7290017941257,false,כפות 40 יח' עבה במיו,,,כפות 40 יח' עבה במיו,אין,0.00,יחידה,false,,7.90,0.0000,true,1,55709
7290017941288,false,נר נשמה 24 שעות,,,נר נשמה 24 שעות,אין,0.00,יחידה,false,,1.90,0.0000,true,1,102379
7290017941349,false,נרונים 72 יח' 4 שעות,,,נרונים 72 יח' 4 שעות,אין,0.00,יחידה,false,,21.90,0.0000,true,1,115936
7290017941370,false,להבונים 50 יח' 3 שעו,,,להבונים 50 יח' 3 שעו,אין,0.00,יחידה,false,,9.90,0.0000,true,1,102396
7290017941394,false,נייר סנדוויץ 100 יח',,,נייר סנדוויץ 100 יח',אין,0.00,יחידה,false,,9.90,0.0000,true,1,68488
7290017941455,false,כוסות 9oz לשתיה חמה,,,כוסות 9oz לשתיה חמה,אין,0.00,יחידה,false,,14.90,0.0000,true,1,72732
7290017941462,false,כוסות שתיה חמה 8B  י,,,כוסות שתיה חמה 8B  י,אין,0.00,יחידה,false,,9.90,0.0000,true,1,63673
7290017941509,false,שקיות פס סגור 15 יח',,,שקיות פס סגור 15 יח',אין,0.00,יחידה,false,,8.90,0.0000,true,1,83014
7290017941516,false,שקיות זיפר S לאחסון-,,,שקיות זיפר S לאחסון-,אין,0.00,יחידה,false,,6.90,0.0000,true,1,83015
7290017941530,false,כוסות TO-GO לשתייה ח,,,כוסות TO-GO לשתייה ח,אין,0.00,יחידה,false,,12.90,0.0000,true,1,72543
7290017941608,false,קערות אובליות לבן 50,,,קערות אובליות לבן 50,אין,0.00,יחידה,false,,10.90,0.0000,true,1,55134
7290017941660,false,מארז תבניות לחלה עבו,,,מארז תבניות לחלה עבו,אין,0.00,יחידה,false,,12.90,0.0000,true,1,55082
7290017941684,false,מארז תבניות רוסטר ענ,,,מארז תבניות רוסטר ענ,אין,0.00,יחידה,false,,12.90,0.0000,true,1,55084
7290017941691,false,מפת שולחן מהודרת 270,,,מפת שולחן מהודרת 270,אין,0.00,יחידה,false,,8.90,0.0000,true,1,102411
7290017941707,false,זוג מפות אירוח 120*1,,,זוג מפות אירוח 120*1,אין,0.00,יחידה,false,,7.90,0.0000,true,1,102425
7290017941714,false,שקיות רב שימושיות זו,,,שקיות רב שימושיות זו,אין,0.00,יחידה,false,,8.90,0.0000,true,1,91789
7290017941790,false,ניילון נצמד 30*30 עם,,,ניילון נצמד 30*30 עם,מטרים,30.00,מטר,false,,8.90,0.2967,true,1,102397
7290017941813,false,קיסמי במבוק בעטיפה א,,,קיסמי במבוק בעטיפה א,אין,0.00,יחידה,false,,4.90,0.0000,true,1,58213
7290017941820,false,כוסות שתיה קרה  כחול,,,כוסות שתיה קרה  כחול,אין,0.00,יחידה,false,,13.90,0.0000,true,1,46917
7290017941851,false,מגש איכותי מרובע 9*1,,,מגש איכותי מרובע 9*1,אין,0.00,יחידה,false,,6.90,0.0000,true,1,46944
7290017941868,false,קערת פלסטיק עגולה 8,,,קערת פלסטיק עגולה 8,אין,0.00,יחידה,false,,4.90,0.0000,true,1,46945
7290017941875,false,קערת פלסטיק עגולה 9.,,,קערת פלסטיק עגולה 9.,אין,0.00,יחידה,false,,8.90,0.0000,true,1,46958
7290017941899,false,קערת פלסטיק עגולה ענ,,,קערת פלסטיק עגולה ענ,אין,0.00,יחידה,false,,9.90,0.0000,true,1,46960
7290017941905,false,קיסמים במלחיה 300 יח,,,קיסמים במלחיה 300 יח,אין,0.00,יחידה,false,,2.90,0.0000,true,1,58214
7290017941912,false,שיפודי במבוק עובי 5,,,שיפודי במבוק עובי 5,אין,0.00,יחידה,false,,5.90,0.0000,true,1,58215
7290017941929,false,"שיפודי יקטורי 18 ס""מ",,,"שיפודי יקטורי 18 ס""מ",אין,0.00,יחידה,false,,7.90,0.0000,true,1,58232
7290017941967,false,שקיות אוכל XL  300 י,,,שקיות אוכל XL  300 י,אין,0.00,יחידה,false,,8.90,0.0000,true,1,91804
7290017941981,false,כוסות 12OZ לשתייה חמ,,,כוסות 12OZ לשתייה חמ,אין,0.00,יחידה,false,,16.90,0.0000,true,1,283274
7290017941998,false,שיפודים רחבים לקבב 9,,,שיפודים רחבים לקבב 9,אין,0.00,יחידה,false,,5.90,0.0000,true,1,58217
7290017946542,false,סוד מרכך כביסה  מרוכ,,,סוד מרכך כביסה  מרוכ,ארגז,1.80,ליטר,false,,21.90,12.1667,true,1,22417
7290017946764,false,מנקה מכונת כביסה,,,מנקה מכונת כביסה,גרמים,150.00,100 גרם,false,,19.90,0.1327,true,1,41657
7290017947105,false,לחם בסגנון אמריקה אנ,,,לחם בסגנון אמריקה אנ,גרמים,500.00,100 גרם,false,,14.90,0.0298,true,1,22659
7290017947464,false,שמיניית פיתות כוסמין,,,שמיניית פיתות כוסמין,גרמים,400.00,100 גרם,false,,15.90,0.0398,true,1,22669
7290017947495,false,6 לחמניות כוסמין אנג,,,6 לחמניות כוסמין אנג,גרמים,450.00,100 גרם,false,,15.90,0.0353,true,1,35497
7290017947891,false,לחם כוסמין וחיטה מלא,,,לחם כוסמין וחיטה מלא,גרמים,750.00,100 גרם,false,,16.90,0.0225,true,1,22670
7290017947921,true,מארז לחמניות המבורגר,,,מארז לחמניות המבורגר,גרמים,450.00,100 גרם,false,,14.90,0.0331,true,1,22671
7290017947938,false,8 לחמניות המבורגר בס,,,8 לחמניות המבורגר בס,גרמים,4000.00,100 גרם,false,,14.90,0.0037,true,1,36046
7290017974255,false,קרפלך במילוי גבינה מ,,,קרפלך במילוי גבינה מ,יח',1.00,יח',false,,25.90,25.9000,true,1,422364
7290018029206,false,עוגיות כתר ריבה מיקס,,,עוגיות כתר ריבה מיקס,גרמים,600.00,100 גרם,false,,19.90,0.0332,true,1,13943
7290018043196,false,חטיף חלבון בטעם שוקו,,,חטיף חלבון בטעם שוקו,גרמים,60.00,100 גרם,false,,13.90,0.2317,true,1,296215
7290018071205,false,כפפות ניטרו-V כחולות,,,כפפות ניטרו-V כחולות,אין,0.00,יחידה,false,,19.90,0.0000,true,1,309412
7290018071236,false,כפפות ניטרו-V כחולות,,,כפפות ניטרו-V כחולות,אין,0.00,יחידה,false,,19.90,0.0000,true,1,309415
7290018091029,false,מקלות פילו תפוח אדמה,,,מקלות פילו תפוח אדמה,גרמים,450.00,100 גרם,false,,14.90,0.0331,true,1,22777
7290018091074,false,בצק עוגיות שוקולד צ',,,בצק עוגיות שוקולד צ',גרמים,300.00,100 גרם,false,,16.90,0.0563,true,1,319756
7290018091272,false,בצק עוגיות טריפל שוק,,,בצק עוגיות טריפל שוק,גרמים,300.00,100 גרם,false,,16.90,0.0563,true,1,319757
7290018091616,false,מקלות פילו גבינה 450,,,מקלות פילו גבינה 450,גרמים,450.00,100 גרם,false,,14.90,0.0331,true,1,22784
7290018131879,false,אקסטרים מאגדת טילון,,,אקסטרים מאגדת טילון,גרמים,432.00,100 גרם,false,,36.90,0.0854,true,1,78027
7290018131954,false,לה פרוטה מאגדת בטעם,,,לה פרוטה מאגדת בטעם,גרמים,350.00,100 גרם,false,,30.90,0.0883,true,1,53697
7290018132388,false,מטרנה גולד בדץ שלב 2,,,מטרנה גולד בדץ שלב 2,גרמים,700.00,100 גרם,false,,75.90,0.1084,true,1,412798
7290018132425,false,מטרנה גולד בדץ שלב,,,מטרנה גולד בדץ שלב,גרמים,700.00,100 גרם,false,,75.90,0.1084,true,1,412799
7290018165010,false,יין רזרב גוורצטרמינר,,,יין רזרב גוורצטרמינר,מיליליטרים,750.00,"100 מ""ל",false,,48.90,0.0652,true,1,8706
7290018165560,false,תירוש לבן של סגל 1 ל,,,תירוש לבן של סגל 1 ל,ארגז,1.00,ליטר,false,,12.90,12.9000,true,1,271677
7290018225264,false,בלנדר שיייקר,,,בלנדר שיייקר,אין,0.00,יחידה,false,,95.90,0.0000,true,1,29847
7290018228586,false,מפיץ ריח מיוחד,,,מפיץ ריח מיוחד,אין,0.00,יחידה,false,,29.90,0.0000,true,1,252617
7290018236086,false,ע.ט. נקניקיות עוף 12,,,ע.ט. נקניקיות עוף 12,אלף,1.00,"ק""ג",false,,27.90,27.9000,true,1,89980
7290018236635,false,צ'ונגו פופקורן מצופה,,,צ'ונגו פופקורן מצופה,גרמים,600.00,100 גרם,false,,30.90,0.0515,true,1,41488
7290018236659,false,רצועות צ'ונגו פופקור,,,רצועות צ'ונגו פופקור,גרמים,600.00,100 גרם,false,,30.90,0.0515,true,1,41489
7290018237373,false,פסטרמה צרובה על הגרי,,,פסטרמה צרובה על הגרי,גרמים,300.00,100 גרם,false,,27.90,0.0930,true,1,101140
7290018237397,false,פסטרמה מקורמלת נתח ש,,,פסטרמה מקורמלת נתח ש,גרמים,300.00,100 גרם,false,,27.90,0.0930,true,1,101141
7290018237410,false,פסטרמה במעשנה נתח של,,,פסטרמה במעשנה נתח של,גרמים,300.00,100 גרם,false,,27.90,0.0930,true,1,101142
7290018237489,false,עוף טוב דק דק פסטרמה,,,עוף טוב דק דק פסטרמה,גרמים,220.00,100 גרם,false,,21.90,0.0995,true,1,182962
7290018237496,false,עוף טוב דק דק פסטרמה,,,עוף טוב דק דק פסטרמה,גרמים,220.00,100 גרם,false,,21.90,0.0995,true,1,182976
7290018237502,false,עוף טוב דק דק כתף בק,,,עוף טוב דק דק כתף בק,גרמים,200.00,100 גרם,false,,20.90,0.1045,true,1,182990
7290018237922,false,שניצלונים ציפוי ציפס,,,שניצלונים ציפוי ציפס,גרמים,700.00,100 גרם,false,,19.90,0.0284,true,1,407710
7290018237939,false,שניצלונים ציפוי שומש,,,שניצלונים ציפוי שומש,גרמים,700.00,100 גרם,false,,19.90,0.0284,true,1,407724
7290018237960,false,כתף בקר עסיסי עוף טו,,,כתף בקר עסיסי עוף טו,גרמים,265.00,100 גרם,false,,24.90,0.0940,true,1,429981
7290018249222,false,אבקה כמו סוכר 100 גר,,,אבקה כמו סוכר 100 גר,אלף,100.00,"ק""ג",false,,14.90,0.1490,true,1,29921
7290018249802,false,כמו סוכר באריזת צנצנ,,,כמו סוכר באריזת צנצנ,אלף,280.00,"ק""ג",false,,27.90,0.0996,true,1,29922
7290018294000,false,יין קינג דיוויד רוזה,,,יין קינג דיוויד רוזה,מיליליטרים,750.00,"100 מ""ל",false,,21.90,0.0292,true,1,82957
7290018294208,false,יין אדום ישראלי סלקט,,,יין אדום ישראלי סלקט,מיליליטרים,750.00,"100 מ""ל",false,,29.90,0.0399,true,1,115536
7290018294352,false,"ארק יקבי כרמל 700 מ""",,,"ארק יקבי כרמל 700 מ""",מיליליטרים,700.00,"100 מ""ל",false,,55.20,0.0789,true,1,252001
7290018294901,false,יין מונלייט אדום יבש,,,יין מונלייט אדום יבש,מיליליטרים,750.00,"100 מ""ל",false,,34.90,0.0465,true,1,411827
7290018333624,false,גרנולפלקס חלבה ושקדי,,,גרנולפלקס חלבה ושקדי,גרמים,500.00,100 גרם,false,,22.90,0.0458,true,1,264630
7290018343296,false,"אלכוג'ל 100 מ""ל  H",,,"אלכוג'ל 100 מ""ל  H",מיליליטרים,100.00,"100 מ""ל",false,,9.90,0.0990,true,1,42267
7290018343708,false,אלכוג'ל פרמה וויפס מ,,,אלכוג'ל פרמה וויפס מ,אין,0.00,יחידה,false,,24.90,0.0000,true,1,42269
7290018344095,false,חטיף חלבון בוטנים ומ,,,חטיף חלבון בוטנים ומ,גרמים,50.00,100 גרם,false,,9.90,0.1980,true,1,141519
7290018344101,false,חטיף חלבון קקאו וקפה,,,חטיף חלבון קקאו וקפה,גרמים,50.00,100 גרם,false,,9.90,0.1980,true,1,141534
7290018344125,false,חטיף חלבון אגוזי לוז,,,חטיף חלבון אגוזי לוז,גרמים,50.00,100 גרם,false,,9.90,0.1980,true,1,141520
7290018359129,false,פאסאטה מחית עגבניות,,,פאסאטה מחית עגבניות,גרמים,690.00,100 גרם,false,,8.90,0.0129,true,1,53553
7290018359334,false,רכז עגבניות טבעי פרי,,,רכז עגבניות טבעי פרי,גרמים,580.00,100 גרם,false,,9.90,0.0171,true,1,8178
7290018359495,false,תירס מהשדה בלי תוספת,,,תירס מהשדה בלי תוספת,גרמים,550.00,100 גרם,false,,8.90,0.0162,true,1,8179
7290018359686,false,חומוס ענק יכין 550 ג,,,חומוס ענק יכין 550 ג,גרמים,550.00,100 גרם,false,,9.90,0.0180,true,1,120695
7290018359716,false,רוטב פיצה טוסקנה יכי,,,רוטב פיצה טוסקנה יכי,גרמים,240.00,100 גרם,false,,5.50,0.0229,true,1,64242
7290018359853,false,עדשים שחורות יכין 40,,,עדשים שחורות יכין 40,גרמים,400.00,100 גרם,false,,7.90,0.0198,true,1,120681
7290018359860,false,רסק עגבניות ליקופן י,,,רסק עגבניות ליקופן י,גרמים,400.00,100 גרם,false,,10.00,0.0250,true,1,219544
7290018359877,false,רסק עגבניות טבעי יכי,,,רסק עגבניות טבעי יכי,גרמים,600.00,100 גרם,false,,15.90,0.0265,true,1,219558
7290018359969,false,רוטב עגבניות לפיצה י,,,רוטב עגבניות לפיצה י,גרמים,400.00,100 גרם,false,,11.90,0.0298,true,1,397206
7290018376416,false,פילה ברבוניה ארוז 40,,,פילה ברבוניה ארוז 40,גרמים,400.00,100 גרם,false,,29.90,0.0747,true,1,448492
7290018380871,false,פטיסון כבוש שלם תומר,,,פטיסון כבוש שלם תומר,גרמים,670.00,100 גרם,false,,12.90,0.0193,true,1,274872
7290018400036,false,ירקות מוקפאים מעורבי,,,ירקות מוקפאים מעורבי,גרמים,800.00,100 גרם,false,,19.90,0.0249,true,1,111058
7290018400661,false,לקט פאייה בסגנון ספר,,,לקט פאייה בסגנון ספר,גרמים,800.00,100 גרם,false,,19.90,0.0249,true,1,100573
7290018440223,false,חווית הצ'אי- מסאלה ע,,,חווית הצ'אי- מסאלה ע,גרמים,50.00,100 גרם,false,,19.90,0.3980,true,1,148474
7290018440230,false,חווית הצ'אי- ורדים 2,,,חווית הצ'אי- ורדים 2,גרמים,50.00,100 גרם,false,,19.90,0.3980,true,1,148489
7290018440247,false,חווית הצ'אי- שקדים 2,,,חווית הצ'אי- שקדים 2,גרמים,50.00,100 גרם,false,,19.90,0.3980,true,1,148475
7290018440254,false,חווית הצ'אי- קרמל מל,,,חווית הצ'אי- קרמל מל,גרמים,50.00,100 גרם,false,,19.90,0.3980,true,1,148490
7290018440407,false,תה ירוק מאטה בטעם קק,,,תה ירוק מאטה בטעם קק,גרמים,37.50,100 גרם,false,,23.90,0.6373,true,1,157039
7290018440438,false,טונה  easy flip בשמן,,,טונה  easy flip בשמן,גרמים,195.00,100 גרם,false,,25.90,0.1328,true,1,414227
7290018440445,false,נתחי טונה בהירה בשמן,,,נתחי טונה בהירה בשמן,גרמים,160.00,100 גרם,false,,16.90,0.1056,true,1,381085
7290018440520,false,סלט טונה עם ירקות בס,,,סלט טונה עם ירקות בס,גרמים,150.00,100 גרם,false,,14.90,0.0993,true,1,414172
7290018441626,false,גלידת שמנת בטעם מנטה,,,גלידת שמנת בטעם מנטה,גרמים,430.00,100 גרם,false,,19.90,0.0463,true,1,228759
7290018441664,false,מאגדת טילונים קוקי מ,,,מאגדת טילונים קוקי מ,גרמים,400.00,100 גרם,false,,24.90,0.0622,true,1,275109
7290018468319,false,נקניקיות צמחוניות בס,,,נקניקיות צמחוניות בס,גרמים,400.00,100 גרם,false,,39.90,0.0997,true,1,337508
7290018468401,false,פסטרמה צמחונית בטעם,,,פסטרמה צמחונית בטעם,גרמים,120.00,100 גרם,false,,15.90,0.1325,true,1,447247
7290018468418,false,פסטרמה צמחונית מפולפ,,,פסטרמה צמחונית מפולפ,גרמים,120.00,100 גרם,false,,15.90,0.1325,true,1,447248
7290018468425,false,נקניק טבעוני בטעם מע,,,נקניק טבעוני בטעם מע,גרמים,100.00,100 גרם,false,,15.90,0.1590,true,1,447249
7290018468432,false,נקניק טבעוני בטעם פי,,,נקניק טבעוני בטעם פי,גרמים,100.00,100 גרם,false,,15.90,0.1590,true,1,447232
7290018471029,false,שוופס סודה לימון שיש,,,שוופס סודה לימון שיש,ארגז,3.00,ליטר,false,,13.90,4.6333,true,1,9833
7290018471180,false,פרוט ווג אננס תפוח ו,,,פרוט ווג אננס תפוח ו,ארגז,1.00,ליטר,false,,13.50,13.5000,true,1,60244
7290018471197,false,פרוט ווג תפוח בננה מ,,,פרוט ווג תפוח בננה מ,ארגז,1.00,ליטר,false,,13.50,13.5000,true,1,60245
7290018471210,false,קרטונית אגס תפוח וסב,,,קרטונית אגס תפוח וסב,ארגז,1.00,ליטר,false,,6.90,6.9000,true,1,61429
7290018471395,false,פרוט ווג תפוח רימון,,,פרוט ווג תפוח רימון,ארגז,1.00,ליטר,false,,13.50,13.5000,true,1,60246
7290018471401,false,פרוט ווג אננס בננה כ,,,פרוט ווג אננס בננה כ,ארגז,1.00,ליטר,false,,13.50,13.5000,true,1,60247
7290018471463,false,נקטר תפוזינה ENJOY ב,,,נקטר תפוזינה ENJOY ב,ארגז,1.00,ליטר,false,,6.90,6.9000,true,1,77642
7290018471470,false,נקטר תפוזינה ENJOY ב,,,נקטר תפוזינה ENJOY ב,ארגז,1.00,ליטר,false,,6.90,6.9000,true,1,77643
7290018471487,false,נקטר תפוזינה ENJOY ב,,,נקטר תפוזינה ENJOY ב,ארגז,1.00,ליטר,false,,6.90,6.9000,true,1,77644
7290018471494,false,נקטר תפוזינה ENJOY ב,,,נקטר תפוזינה ENJOY ב,ארגז,1.00,ליטר,false,,6.90,6.9000,true,1,77645
7290018471630,false,שוופס טוניק מלפפון ל,,,שוופס טוניק מלפפון ל,ארגז,1.00,ליטר,false,,9.10,9.1000,true,1,80886
7290018471715,false,משקה אלוורה קינג בטע,,,משקה אלוורה קינג בטע,ארגז,1.00,ליטר,false,,6.90,6.9000,true,1,93376
7290018471906,false,שוופס מוגז לימונדה ו,,,שוופס מוגז לימונדה ו,ארגז,1.50,ליטר,false,,9.50,6.3333,true,1,156152
7290018471913,false,שוופס פרוטס תפוחים 1,,,שוופס פרוטס תפוחים 1,ארגז,1.50,ליטר,false,,9.50,6.3333,true,1,156166
7290018471920,false,שוופס ענבים מוגז 1.5,,,שוופס ענבים מוגז 1.5,ארגז,1.50,ליטר,false,,9.50,6.3333,true,1,156167
7290018471937,false,שוופס מוגז פירות תות,,,שוופס מוגז פירות תות,ארגז,1.50,ליטר,false,,9.50,6.3333,true,1,156168
7290018471944,false,שוופס מוגז למונייד 1,,,שוופס מוגז למונייד 1,ארגז,1.50,ליטר,false,,9.50,6.3333,true,1,156182
7290018471951,false,שוופס פרוטס אשכולית,,,שוופס פרוטס אשכולית,ארגז,1.50,ליטר,false,,9.50,6.3333,true,1,156183
7290018493717,false,סבון ידיים ויטמינים,,,סבון ידיים ויטמינים,מיליליטרים,500.00,"100 מ""ל",false,,12.90,0.0258,true,1,143831
7290018493724,false,סבון ידיים ויטמינים,,,סבון ידיים ויטמינים,מיליליטרים,500.00,"100 מ""ל",false,,12.90,0.0258,true,1,140424
7290018500361,false,לחם אחיד פרוס מאפיית,,,לחם אחיד פרוס מאפיית,גרמים,900.00,100 גרם,false,,8.32,0.0092,true,1,403619
7290018500385,true,חלה רגילה אנגל 650 ג,,,חלה רגילה אנגל 650 ג,גרמים,650.00,100 גרם,false,,6.50,0.0100,true,1,432703
7290018500392,true,חלה קלועה אנגל 650 ג,,,חלה קלועה אנגל 650 ג,גרמים,650.00,100 גרם,false,,6.50,0.0100,true,1,432704
7290018540329,false,פיתה פיתה אנגל 880 ג,,,פיתה פיתה אנגל 880 ג,יח',10.00,יח',false,,12.90,1.2900,true,1,51687
7290018540817,false,לחם ארטיזנל כוסמין א,,,לחם ארטיזנל כוסמין א,גרמים,500.00,100 גרם,false,,18.90,0.0378,true,1,286489
7290018540831,false,לחם מחמצת חיטה מלאה,,,לחם מחמצת חיטה מלאה,גרמים,500.00,100 גרם,false,,18.90,0.0378,true,1,287475
7290018556375,false,ארק בן חיים לימונענע,,,ארק בן חיים לימונענע,מיליליטרים,700.00,"100 מ""ל",false,,39.90,0.0570,true,1,213009
7290018556474,false,ארק בן חיים אננס 700,,,ארק בן חיים אננס 700,מיליליטרים,700.00,"100 מ""ל",false,,39.90,0.0570,true,1,213013
7290018564707,false,ממרח פלפל קלוי שף הט,,,ממרח פלפל קלוי שף הט,גרמים,200.00,100 גרם,false,,11.90,0.0595,true,1,270271
7290018564714,false,ממרח לימון כבוש שף ה,,,ממרח לימון כבוש שף ה,גרמים,200.00,100 גרם,false,,11.90,0.0595,true,1,270272
7290018564721,false,ממרח אריסה שף הטבע 2,,,ממרח אריסה שף הטבע 2,גרמים,200.00,100 גרם,false,,11.90,0.0595,true,1,270273
7290018571408,false,לקקנים מולטיקולור תו,,,לקקנים מולטיקולור תו,גרמים,220.00,100 גרם,false,,7.90,0.0359,true,1,237451
7290018571507,false,סוכריות ויטמין C ליל,,,סוכריות ויטמין C ליל,גרמים,175.00,100 גרם,false,,39.90,0.2280,true,1,444034
7290018571705,false,"אורז יסמין 1 ק""ג",,,"אורז יסמין 1 ק""ג",אלף,1.00,"ק""ג",false,,11.90,11.9000,true,1,386921
7290018571729,false,אורז ריזווטו עגול 1,,,אורז ריזווטו עגול 1,אלף,1.00,"ק""ג",false,,9.90,9.9000,true,1,386936
7290018571736,false,"אורז בסמטי 1 ק""ג",,,"אורז בסמטי 1 ק""ג",אלף,1.00,"ק""ג",false,,11.90,11.9000,true,1,386937
7290018626078,false,"צלחות קטנות ""7 שקוף",,,"צלחות קטנות ""7 שקוף",אין,0.00,יחידה,false,,10.90,0.0000,true,1,55086
7290018626085,false,לפתניות 4.5 שקוף 50,,,לפתניות 4.5 שקוף 50,אין,0.00,יחידה,false,,8.90,0.0000,true,1,55101
7290018626108,false,קערות אובליות שקוף 5,,,קערות אובליות שקוף 5,אין,0.00,יחידה,false,,10.90,0.0000,true,1,55102
7290018626283,false,פיצה מרגריטה 350 גרם,,,פיצה מרגריטה 350 גרם,גרמים,350.00,100 גרם,false,,11.90,0.0340,true,1,107744
7290018626290,false,פיצה מרגריטה עגבניות,,,פיצה מרגריטה עגבניות,גרמים,420.00,100 גרם,false,,11.90,0.0283,true,1,113096
7290018626306,false,פיצה מרגריטה פיטריות,,,פיצה מרגריטה פיטריות,גרמים,400.00,100 גרם,false,,11.90,0.0298,true,1,113097
7290018626368,false,צלחות וינטג' גדולות,,,צלחות וינטג' גדולות,אין,0.00,יחידה,false,,17.90,0.0000,true,1,68429
7290018626375,false,צלחות וינטג' קטנות 1,,,צלחות וינטג' קטנות 1,אין,0.00,יחידה,false,,12.90,0.0000,true,1,68445
7290018626429,false,צלחות וינטג' קטנות 1,,,צלחות וינטג' קטנות 1,אין,0.00,יחידה,false,,12.90,0.0000,true,1,68446
7290018626436,false,קערות וינטג' 10 יח',,,קערות וינטג' 10 יח',אין,0.00,יחידה,false,,14.90,0.0000,true,1,68475
7290018626504,false,שקיות L שרוך 80 יח',,,שקיות L שרוך 80 יח',אין,0.00,יחידה,false,,22.90,0.0000,true,1,62319
7290018626528,false,ניילון נצמד 30*150 ע,,,ניילון נצמד 30*150 ע,מטרים,150.00,מטר,false,,18.90,0.1260,true,1,79725
7290018626535,false,שקיות נייר לכריכים 5,,,שקיות נייר לכריכים 5,אין,0.00,יחידה,false,,7.90,0.0000,true,1,68489
7290018626542,false,שקיות אשפה לפחים גדו,,,שקיות אשפה לפחים גדו,אין,0.00,יחידה,false,,12.90,0.0000,true,1,85129
7290018626573,false,ניילון נצמד 40*100 ע,,,ניילון נצמד 40*100 ע,מטרים,100.00,מטר,false,,18.90,0.1890,true,1,79726
7290018626597,false,צימרונים לאוזנים איכ,,,צימרונים לאוזנים איכ,אין,0.00,יחידה,false,,4.90,0.0000,true,1,108580
7290018626603,false,צימרונים לאוזנים לתי,,,צימרונים לאוזנים לתי,אין,0.00,יחידה,false,,4.50,0.0000,true,1,108581
7290018626610,false,צימרונים לאוזנים מאר,,,צימרונים לאוזנים מאר,אין,0.00,יחידה,false,,9.90,0.0000,true,1,108595
7290018626627,false,מארז תבניות מאפינס 7,,,מארז תבניות מאפינס 7,אין,0.00,יחידה,false,,14.90,0.0000,true,1,206262
7290018626634,false,מארז תבניות רוסטר עמ,,,מארז תבניות רוסטר עמ,אין,0.00,יחידה,false,,14.90,0.0000,true,1,206302
7290018626658,false,מארז תבניות רוסטר שט,,,מארז תבניות רוסטר שט,אין,0.00,יחידה,false,,14.90,0.0000,true,1,206304
7290018626719,false,מארז צלחות  12+12 נק,,,מארז צלחות  12+12 נק,אין,0.00,יחידה,false,,49.90,0.0000,true,1,135373
7290018626740,false,מארז צלחות  12+12 נק,,,מארז צלחות  12+12 נק,אין,0.00,יחידה,false,,49.90,0.0000,true,1,135376
7290018626764,false,קערות אובליות נקודות,,,קערות אובליות נקודות,אין,0.00,יחידה,false,,11.90,0.0000,true,1,136337
7290018626856,false,כוסות ליקר 50 יח' WI,,,כוסות ליקר 50 יח' WI,אין,0.00,יחידה,false,,8.90,0.0000,true,1,136370
7290018626863,false,כוסות ליקר 20 יח' WI,,,כוסות ליקר 20 יח' WI,אין,0.00,יחידה,false,,7.90,0.0000,true,1,136371
7290018626887,false,כוסות P.P יהלום שוחר,,,כוסות P.P יהלום שוחר,אין,0.00,יחידה,false,,9.90,0.0000,true,1,108647
7290018626894,false,כוסות P.P יהלום כסף,,,כוסות P.P יהלום כסף,אין,0.00,יחידה,false,,9.90,0.0000,true,1,108648
7290018626900,false,מפיות תלת שכבתיות 20,,,מפיות תלת שכבתיות 20,אין,0.00,יחידה,false,,4.90,0.0000,true,1,129356
7290018626917,false,מפיות תלת שכבתיות 20,,,מפיות תלת שכבתיות 20,אין,0.00,יחידה,false,,4.90,0.0000,true,1,129357
7290018626924,false,מפיות תלת שכבתיות 20,,,מפיות תלת שכבתיות 20,אין,0.00,יחידה,false,,4.90,0.0000,true,1,129358
7290018626948,false,מפיות תלת שכבתיות 20,,,מפיות תלת שכבתיות 20,אין,0.00,יחידה,false,,4.90,0.0000,true,1,129359
7290018626955,false,מפיות תלת שכבתיות 20,,,מפיות תלת שכבתיות 20,אין,0.00,יחידה,false,,4.90,0.0000,true,1,129373
7290018652688,false,גלידת בטעמי פירות טר,,,גלידת בטעמי פירות טר,ליטרים,1.40,100 ליטר,false,,22.90,16.3571,true,1,252559
7290018720103,false,אפיפיות בטעם שוקו לל,,,אפיפיות בטעם שוקו לל,גרמים,250.00,100 גרם,false,,6.90,0.0276,true,1,148517
7290018720219,false,פיצפוצי אורז ללא סוכ,,,פיצפוצי אורז ללא סוכ,גרמים,250.00,100 גרם,false,,12.90,0.0516,true,1,419903
7290018720226,false,פיצפוצי אורז עם סוכר,,,פיצפוצי אורז עם סוכר,גרמים,250.00,100 גרם,false,,12.90,0.0516,true,1,419888
7290018773316,false,בזיליקום 100 גרם,,,בזיליקום 100 גרם,גרמים,100.00,100 גרם,false,,9.90,0.0990,true,1,153574
7290018777275,false,חטיף חלבון וניל עוגי,,,חטיף חלבון וניל עוגי,גרמים,50.00,100 גרם,false,,9.90,0.1980,true,1,184588
7290018792841,false,אבקת קקאו דל שומן 15,,,אבקת קקאו דל שומן 15,גרמים,150.00,100 גרם,false,,10.90,0.0727,true,1,443206
7290018818275,false,פיצה קונו מרגריטה 26,,,פיצה קונו מרגריטה 26,גרמים,260.00,100 גרם,false,,14.90,0.0573,true,1,353909
7290018818305,false,פיצה אובליינה 260 גר,,,פיצה אובליינה 260 גר,גרמים,260.00,100 גרם,false,,14.90,0.0573,true,1,353910
7290018879856,false,סוכריות טופי שטוח בט,,,סוכריות טופי שטוח בט,גרמים,400.00,100 גרם,false,,9.90,0.0248,true,1,233421
7290018886120,false,מפיות תלת שכבתיות 20,,,מפיות תלת שכבתיות 20,אין,0.00,יחידה,false,,4.90,0.0000,true,1,129393
7290018886144,false,מפיות תלת שכבתיות 20,,,מפיות תלת שכבתיות 20,אין,0.00,יחידה,false,,4.90,0.0000,true,1,129395
7290018886151,false,מפיות תלת שכבתיות 20,,,מפיות תלת שכבתיות 20,אין,0.00,יחידה,false,,4.90,0.0000,true,1,129396
7290018886168,false,מפיות תלת שכבתיות 20,,,מפיות תלת שכבתיות 20,אין,0.00,יחידה,false,,4.90,0.0000,true,1,129397
7290018886175,false,כפיות עבות 50 יח'  ש,,,כפיות עבות 50 יח'  ש,אין,0.00,יחידה,false,,9.90,0.0000,true,1,108609
7290018886182,false,כפיות עבות 50 יח'  ק,,,כפיות עבות 50 יח'  ק,אין,0.00,יחידה,false,,9.90,0.0000,true,1,108610
7290018886199,false,סכינים עבות 50 יח',,,סכינים עבות 50 יח',אין,0.00,יחידה,false,,9.90,0.0000,true,1,108611
7290018886212,false,מזלגות עבות 50 יח',,,מזלגות עבות 50 יח',אין,0.00,יחידה,false,,9.90,0.0000,true,1,108613
7290018886243,false,כפות עבות 50 יח'  קר,,,כפות עבות 50 יח'  קר,אין,0.00,יחידה,false,,9.90,0.0000,true,1,108616
7290018886250,false,מגש איכותי מחולק ל 4,,,מגש איכותי מחולק ל 4,אין,0.00,יחידה,false,,8.90,0.0000,true,1,197696
7290018886274,false,מגש איכותי מחולק ל 4,,,מגש איכותי מחולק ל 4,אין,0.00,יחידה,false,,8.90,0.0000,true,1,197711
7290018886281,false,זוג כפות הגשה שקוף W,,,זוג כפות הגשה שקוף W,אין,0.00,יחידה,false,,5.90,0.0000,true,1,197589
7290018886304,false,פת דגנים סגנון שוודי,,,פת דגנים סגנון שוודי,גרמים,340.00,100 גרם,false,,11.90,0.0350,true,1,134937
7290018886311,false,פת דגנים סגנון שוודי,,,פת דגנים סגנון שוודי,גרמים,170.00,100 גרם,false,,7.90,0.0465,true,1,134921
7290018886342,false,פת דגנים 7 דגנים 340,,,פת דגנים 7 דגנים 340,גרמים,340.00,100 גרם,false,,11.90,0.0350,true,1,137411
7290018886359,false,פת דגנים 7 דגנים 170,,,פת דגנים 7 דגנים 170,גרמים,170.00,100 גרם,false,,7.90,0.0465,true,1,134923
7290018886366,false,סכינים מהודרים שקוף,,,סכינים מהודרים שקוף,אין,0.00,יחידה,false,,6.90,0.0000,true,1,197395
7290018886403,false,מזלגות מהודרים שקוף,,,מזלגות מהודרים שקוף,אין,0.00,יחידה,false,,6.90,0.0000,true,1,197464
7290018886434,false,מזלגות מהודרים כסף 1,,,מזלגות מהודרים כסף 1,אין,0.00,יחידה,false,,6.90,0.0000,true,1,197493
7290018886441,false,כפות מהודרות שקוף 10,,,כפות מהודרות שקוף 10,אין,0.00,יחידה,false,,6.90,0.0000,true,1,197507
7290018886601,false,כוסות דמוי שיש 40 יח,,,כוסות דמוי שיש 40 יח,אין,0.00,יחידה,false,,8.90,0.0000,true,1,108630
7290018886625,false,כוסות דמוי שיש 40 יח,,,כוסות דמוי שיש 40 יח,אין,0.00,יחידה,false,,8.90,0.0000,true,1,108632
7290018886632,false,כוסות דמוי שיש 40 יח,,,כוסות דמוי שיש 40 יח,אין,0.00,יחידה,false,,8.90,0.0000,true,1,108633
7290018886700,false,כוס קינוח כתר 12 יחי,,,כוס קינוח כתר 12 יחי,אין,0.00,יחידה,false,,12.90,0.0000,true,1,197793
7290018886724,false,כוס קינוח פרח 12 יחי,,,כוס קינוח פרח 12 יחי,אין,0.00,יחידה,false,,12.90,0.0000,true,1,197794
7290018886861,false,קערת סלט בועות טורקי,,,קערת סלט בועות טורקי,אין,0.00,יחידה,false,,9.90,0.0000,true,1,136404
7290018886922,false,סכינים מוכספים  20 י,,,סכינים מוכספים  20 י,אין,0.00,יחידה,false,,8.90,0.0000,true,1,136449
7290018886939,false,מזלגות מוכספים  20 י,,,מזלגות מוכספים  20 י,אין,0.00,יחידה,false,,8.90,0.0000,true,1,136450
7290018886984,false,מנגל איכותי גדול 30*,,,מנגל איכותי גדול 30*,אין,0.00,יחידה,false,,119.90,0.0000,true,1,122183
7290018886991,false,שמן קנולה אלומות 1 ל,,,שמן קנולה אלומות 1 ל,ארגז,1.00,ליטר,false,,10.90,10.9000,true,1,126935
7290018893005,false,בייגלה שטוח בתוספת ח,,,בייגלה שטוח בתוספת ח,גרמים,200.00,100 גרם,false,,6.90,0.0345,true,1,188346
7290018893098,false,צ'וקטה עוגיות מצופות,,,צ'וקטה עוגיות מצופות,גרמים,100.00,100 גרם,false,,7.90,0.0790,true,1,331759
7290018893111,false,צ'וקטה שוקולד מריר מ,,,צ'וקטה שוקולד מריר מ,גרמים,100.00,100 גרם,false,,8.90,0.0890,true,1,411431
7290018893135,false,צ'וקטה גריסיני מלח 1,,,צ'וקטה גריסיני מלח 1,גרמים,120.00,100 גרם,false,,8.90,0.0742,true,1,411266
7290018893142,false,צ'וקטה גריסיני שמן ז,,,צ'וקטה גריסיני שמן ז,גרמים,120.00,100 גרם,false,,8.90,0.0742,true,1,411267
7290018893272,false,צדפי שוקולד צ'וקטה,,,צדפי שוקולד צ'וקטה,גרמים,125.00,100 גרם,false,,9.90,0.0792,true,1,306708
7290018893319,false,צ'וקטה שוקולד מריר מ,,,צ'וקטה שוקולד מריר מ,גרמים,100.00,100 גרם,false,,8.90,0.0890,true,1,411239
7290018893340,false,צ'וקטה גריסיני שומשו,,,צ'וקטה גריסיני שומשו,גרמים,120.00,100 גרם,false,,8.90,0.0742,true,1,411268
7290018893500,false,צ'וקטה עוגיות סנדביץ,,,צ'וקטה עוגיות סנדביץ,גרמים,180.00,100 גרם,false,,4.90,0.0272,true,1,331704
7290018893647,false,עוגיות סנדויץ' מצופו,,,עוגיות סנדויץ' מצופו,גרמים,150.00,100 גרם,false,,8.90,0.0593,true,1,214114
7290018893654,false,צ'וקטה חטיף בייגלה ב,,,צ'וקטה חטיף בייגלה ב,גרמים,200.00,100 גרם,false,,6.90,0.0345,true,1,137228
7290018893708,false,צ'וקטה עוגיות סנדביץ,,,צ'וקטה עוגיות סנדביץ,גרמים,250.00,100 גרם,false,,7.90,0.0316,true,1,331744
7290018893715,false,בייגלה שטוח מצופה שו,,,בייגלה שטוח מצופה שו,גרמים,80.00,100 גרם,false,,6.90,0.0863,true,1,231630
7290018893852,false,צ'וקטה חטיף בייגלה ב,,,צ'וקטה חטיף בייגלה ב,גרמים,200.00,100 גרם,false,,6.90,0.0345,true,1,137229
7290018893906,false,צ'וקטה עוגיות סנדביץ,,,צ'וקטה עוגיות סנדביץ,גרמים,250.00,100 גרם,false,,7.90,0.0316,true,1,331745
7290018894002,false,בלקוני קוביות וופל ק,,,בלקוני קוביות וופל ק,גרמים,250.00,100 גרם,false,,12.50,0.0500,true,1,378621
7290018894019,false,עוגות אישיות מיקס מק,,,עוגות אישיות מיקס מק,גרמים,350.00,100 גרם,false,,14.90,0.0426,true,1,342251
7290018894200,false,בלקוני קוביות וופל ו,,,בלקוני קוביות וופל ו,גרמים,250.00,100 גרם,false,,12.50,0.0500,true,1,378622
7290018894217,false,עוגות אישיות מיקס מק,,,עוגות אישיות מיקס מק,גרמים,350.00,100 גרם,false,,14.90,0.0426,true,1,342292
7290018894408,false,בלקוני קוביות וופל א,,,בלקוני קוביות וופל א,גרמים,250.00,100 גרם,false,,12.50,0.0500,true,1,378623
7290018894606,false,וופל במילוי קרם קקאו,,,וופל במילוי קרם קקאו,גרמים,175.00,100 גרם,false,,7.90,0.0451,true,1,342307
7290018894804,false,וופל במילוי קרם אגוז,,,וופל במילוי קרם אגוז,גרמים,175.00,100 גרם,false,,7.90,0.0451,true,1,342321
7290018921067,false,תחליב רחצה לגוף מועש,,,תחליב רחצה לגוף מועש,מיליליטרים,700.00,"100 מ""ל",false,,16.90,0.0241,true,1,191158
7290018921166,false,אל סבון ניקיון ולחות,,,אל סבון ניקיון ולחות,ארגז,1.00,ליטר,false,,14.90,14.9000,true,1,140453
7290018921456,false,תחליב רחצה לגוף מועש,,,תחליב רחצה לגוף מועש,מיליליטרים,700.00,"100 מ""ל",false,,16.90,0.0241,true,1,191173
7290018925065,false,פרימור מיץ תפוזים סח,,,פרימור מיץ תפוזים סח,ארגז,2.00,ליטר,false,,27.90,13.9500,true,1,174038
7290018925409,false,משקה קל לימון אננס פ,,,משקה קל לימון אננס פ,מיליליטרים,400.00,"100 מ""ל",false,,7.90,0.0197,true,1,423321
7290018989005,false,פולפה טבעית יכין  3*,,,פולפה טבעית יכין  3*,אלף,1.20,"ק""ג",false,,16.90,14.0833,true,1,219530
7290018989081,false,חומוס הבית יכין 400,,,חומוס הבית יכין 400,גרמים,400.00,100 גרם,false,,7.90,0.0198,true,1,394909
7290018989128,false,סירופ בטעם ענבים יכי,,,סירופ בטעם ענבים יכי,אין,0.00,יחידה,false,,18.90,0.0000,true,1,397393
7290019014348,false,קצף לניקוי והברקה ני,,,קצף לניקוי והברקה ני,מיליליטרים,500.00,"100 מ""ל",false,,29.90,0.0598,true,1,250784
7290019031000,false,WIZ מארז חמישיית ניי,,,WIZ מארז חמישיית ניי,אין,0.00,יחידה,false,,10.90,0.0000,true,1,206361
7290019031048,false,להבונים ריחניים וניל,,,להבונים ריחניים וניל,אין,0.00,יחידה,false,,11.90,0.0000,true,1,299704
7290019031062,false,תבנית R-2 מלבנית 7 י,,,תבנית R-2 מלבנית 7 י,אין,0.00,יחידה,false,,9.90,0.0000,true,1,269392
7290019031079,false,תבנית R-29 מרובעת קט,,,תבנית R-29 מרובעת קט,אין,0.00,יחידה,false,,9.90,0.0000,true,1,269393
7290019031086,false,תבנית R-31 גדולה 7 י,,,תבנית R-31 גדולה 7 י,אין,0.00,יחידה,false,,9.90,0.0000,true,1,269394
7290019031093,false,תבנית R-64 בינונית 7,,,תבנית R-64 בינונית 7,אין,0.00,יחידה,false,,9.90,0.0000,true,1,269395
7290019031123,false,תבנית אלומינים A-14,,,תבנית אלומינים A-14,אין,0.00,יחידה,false,,9.90,0.0000,true,1,269398
7290019031147,false,WIZ תבניות מאפינס אל,,,WIZ תבניות מאפינס אל,אין,0.00,יחידה,false,,17.90,0.0000,true,1,345829
7290019031215,false,כוסות 10OZ לשתייה חמ,,,כוסות 10OZ לשתייה חמ,אין,0.00,יחידה,false,,9.90,0.0000,true,1,283232
7290019031222,false,כוסות 12OZ לשתייה חמ,,,כוסות 12OZ לשתייה חמ,אין,0.00,יחידה,false,,11.90,0.0000,true,1,283260
7290019031239,false,כוסות 16OZ לשתייה חמ,,,כוסות 16OZ לשתייה חמ,אין,0.00,יחידה,false,,14.90,0.0000,true,1,283246
7290019031277,false,זוג מזלגות הגשה פנינ,,,זוג מזלגות הגשה פנינ,אין,0.00,יחידה,false,,5.90,0.0000,true,1,197633
7290019031291,false,זוג מזלגות הגשה כסף,,,זוג מזלגות הגשה כסף,אין,0.00,יחידה,false,,5.90,0.0000,true,1,197635
7290019031314,false,קערות אובליות לבנות,,,קערות אובליות לבנות,אין,0.00,יחידה,false,,6.90,0.0000,true,1,254966
7290019031321,false,"מרקיות 7"" לבנות 25 י",,,"מרקיות 7"" לבנות 25 י",אין,0.00,יחידה,false,,9.90,0.0000,true,1,254967
7290019031345,false,צלחות גדולות 9 לבן 2,,,צלחות גדולות 9 לבן 2,אין,0.00,יחידה,false,,12.90,0.0000,true,1,214187
7290019031352,false,"צלחות ענקיות 10"" לבנ",,,"צלחות ענקיות 10"" לבנ",אין,0.00,יחידה,false,,23.90,0.0000,true,1,254995
7290019031369,false,"צלחות גדולות 9"" קרם",,,"צלחות גדולות 9"" קרם",אין,0.00,יחידה,false,,14.90,0.0000,true,1,254996
7290019031376,false,סבון ידיים אוקיינוס,,,סבון ידיים אוקיינוס,ליטרים,1.00,100 ליטר,false,,9.90,9.9000,true,1,254844
7290019031406,false,רביעיית מגבונים לחים,,,רביעיית מגבונים לחים,אין,0.00,יחידה,false,,9.90,0.0000,true,1,283074
7290019031413,false,נייר טואלט לח שלישיי,,,נייר טואלט לח שלישיי,אין,0.00,יחידה,false,,11.90,0.0000,true,1,283008
7290019031420,false,אל סבון נוזלי שלישיי,,,אל סבון נוזלי שלישיי,מיליליטרים,500.00,"100 מ""ל",false,,11.90,0.0238,true,1,282955
7290019031437,false,אשפתון 65X75  XL חזק,,,אשפתון 65X75  XL חזק,אין,0.00,יחידה,false,,18.90,0.0000,true,1,326354
7290019031444,false,אשפתון 65X54 XL חזקו,,,אשפתון 65X54 XL חזקו,אין,0.00,יחידה,false,,17.90,0.0000,true,1,326355
7290019031451,false,אשפתון 78X90 XXL חזק,,,אשפתון 78X90 XXL חזק,אין,0.00,יחידה,false,,23.90,0.0000,true,1,326356
7290019031468,false,WIZ צלחות מתכלות ענק,,,WIZ צלחות מתכלות ענק,אין,0.00,יחידה,false,,13.90,0.0000,true,1,422133
7290019031475,false,WIZ צלחות מתכלות גדו,,,WIZ צלחות מתכלות גדו,אין,0.00,יחידה,false,,9.90,0.0000,true,1,422163
7290019031482,false,WIZ צלחות מתכלות קטנ,,,WIZ צלחות מתכלות קטנ,אין,0.00,יחידה,false,,7.90,0.0000,true,1,422179
7290019031512,false,WIZ צלחות מתכלות גדו,,,WIZ צלחות מתכלות גדו,אין,0.00,יחידה,false,,9.90,0.0000,true,1,422164
7290019031543,false,שמן זית כתית מעולה א,,,שמן זית כתית מעולה א,מיליליטרים,750.00,"100 מ""ל",false,,29.90,0.0399,true,1,282162
7290019031598,false,מארז 5 מכלים + מכסים,,,מארז 5 מכלים + מכסים,ארגז,0.50,ליטר,false,,9.90,19.8000,true,1,272213
7290019031604,false,מארז 5 מכלים + מכסים,,,מארז 5 מכלים + מכסים,ארגז,1.00,ליטר,false,,9.90,9.9000,true,1,272214
7290019031642,false,WIZ צלחות ענקיות שקו,,,WIZ צלחות ענקיות שקו,אין,0.00,יחידה,false,,21.90,0.0000,true,1,422197
7290019031659,false,WIZ צלחות גדולות  שק,,,WIZ צלחות גדולות  שק,אין,0.00,יחידה,false,,13.90,0.0000,true,1,422198
7290019031673,false,"WIZ מרקיות שקופות 7""",,,"WIZ מרקיות שקופות 7""",אין,0.00,יחידה,false,,9.90,0.0000,true,1,422214
7290019031680,false,WIZ קערות אובליות שק,,,WIZ קערות אובליות שק,אין,0.00,יחידה,false,,8.90,0.0000,true,1,422215
7290019056027,false,שוופס מוגז פירות תפו,,,שוופס מוגז פירות תפו,ארגז,1.50,ליטר,false,,8.50,5.6667,true,1,156197
7290019056034,false,שוופס מוגז פירות אננ,,,שוופס מוגז פירות אננ,ארגז,1.50,ליטר,false,,8.50,5.6667,true,1,156198
7290019056041,false,שוופס מוגז פירות ללא,,,שוופס מוגז פירות ללא,ארגז,1.50,ליטר,false,,8.50,5.6667,true,1,156199
7290019056058,false,שוופס מוגז עדין תפוח,,,שוופס מוגז עדין תפוח,ארגז,1.50,ליטר,false,,8.50,5.6667,true,1,155415
7290019056065,false,שוופס מוגז עדין פירו,,,שוופס מוגז עדין פירו,ארגז,1.50,ליטר,false,,8.50,5.6667,true,1,155431
7290019056072,false,שוופס מוגז עדין אננס,,,שוופס מוגז עדין אננס,ארגז,1.50,ליטר,false,,8.50,5.6667,true,1,155446
7290019056096,false,שוופס מוגז עדין אפרס,,,שוופס מוגז עדין אפרס,ארגז,1.50,ליטר,false,,8.50,5.6667,true,1,155448
7290019056119,false,שוופס סודה 1.5ליטר,,,שוופס סודה 1.5ליטר,ארגז,1.50,ליטר,false,,3.50,2.3333,true,1,155268
7290019056164,false,שוופס סודה 4*1.5ליטר,,,שוופס סודה 4*1.5ליטר,ארגז,6.00,ליטר,false,,12.10,2.0167,true,1,155283
7290019056171,false,שוופס סודה לימון 4*1,,,שוופס סודה לימון 4*1,ארגז,6.00,ליטר,false,,12.10,2.0167,true,1,155312
7290019056188,false,שוופס סודה נענע ליים,,,שוופס סודה נענע ליים,ארגז,6.00,ליטר,false,,12.10,2.0167,true,1,155326
7290019056201,false,שוופס פירות יער סודה,,,שוופס פירות יער סודה,ארגז,6.00,ליטר,false,,12.10,2.0167,true,1,155370
7290019056232,false,שוופס ליים מוחיטו 1.,,,שוופס ליים מוחיטו 1.,ארגז,1.50,ליטר,false,,9.50,6.3333,true,1,155463
7290019056263,false,שוופס וואטר אפרסק 1.,,,שוופס וואטר אפרסק 1.,ארגז,1.50,ליטר,false,,8.50,5.6667,true,1,155227
7290019056300,false,שוופס ביטר לימון 1.5,,,שוופס ביטר לימון 1.5,ארגז,1.50,ליטר,false,,12.50,8.3333,true,1,156256
7290019056317,false,שוופס ראשן 1.5 ליטר,,,שוופס ראשן 1.5 ליטר,ארגז,1.50,ליטר,false,,12.50,8.3333,true,1,156257
7290019056324,false,שוופס מי טוניק 1.5 ל,,,שוופס מי טוניק 1.5 ל,ארגז,1.50,ליטר,false,,12.50,8.3333,true,1,156271
7290019056331,false,שוופס טוניק ללא סוכר,,,שוופס טוניק ללא סוכר,ארגז,1.50,ליטר,false,,11.90,7.9333,true,1,156272
7290019056355,false,תפוזינה לימונדה נענע,,,תפוזינה לימונדה נענע,ארגז,1.50,ליטר,false,,8.50,5.6667,true,1,154697
7290019056362,false,תפוזינה ענבים 1.5 לי,,,תפוזינה ענבים 1.5 לי,ארגז,1.50,ליטר,false,,8.50,5.6667,true,1,154838
7290019056379,false,תפוזינה תפוזים 1.5 ל,,,תפוזינה תפוזים 1.5 ל,ארגז,1.50,ליטר,false,,8.50,5.6667,true,1,154896
7290019056386,false,תפוזינה אשכוליות 1.5,,,תפוזינה אשכוליות 1.5,ארגז,1.50,ליטר,false,,8.50,5.6667,true,1,154914
7290019056393,false,תפוזינה תות בננה 1.5,,,תפוזינה תות בננה 1.5,ארגז,1.50,ליטר,false,,8.50,5.6667,true,1,154930
7290019056409,false,תפוזינה מנגו עסיסי 1,,,תפוזינה מנגו עסיסי 1,ארגז,1.50,ליטר,false,,8.50,5.6667,true,1,154931
7290019056416,false,תפוזינה לימונדה 1.5,,,תפוזינה לימונדה 1.5,ארגז,1.50,ליטר,false,,8.50,5.6667,true,1,154946
7290019056423,false,תפוזינה תפוח רענן 1.,,,תפוזינה תפוח רענן 1.,ארגז,1.50,ליטר,false,,8.50,5.6667,true,1,154986
7290019056430,false,תפוזינה תפוז 1.5 ליט,,,תפוזינה תפוז 1.5 ליט,ארגז,1.50,ליטר,false,,7.90,5.2667,true,1,155013
7290019056447,false,תפוזינה אשכוליות 1.5,,,תפוזינה אשכוליות 1.5,ארגז,1.50,ליטר,false,,7.90,5.2667,true,1,155027
7290019056508,false,פרוט ווטר ענבים 1.5,,,פרוט ווטר ענבים 1.5,ארגז,1.50,ליטר,false,,8.90,5.9333,true,1,155113
7290019056515,false,פרוט ווטר אננס 1.5 ל,,,פרוט ווטר אננס 1.5 ל,ארגז,1.50,ליטר,false,,8.90,5.9333,true,1,155154
7290019056539,false,פרוט ווטר אפרסק 1.5,,,פרוט ווטר אפרסק 1.5,ארגז,1.50,ליטר,false,,8.90,5.9333,true,1,155183
7290019056546,false,פרוט ווטר אבטיח 1.5,,,פרוט ווטר אבטיח 1.5,ארגז,1.50,ליטר,false,,8.90,5.9333,true,1,155184
7290019056553,false,עין גדי מים מינרלים,,,עין גדי מים מינרלים,ארגז,12.00,ליטר,false,,13.30,1.1083,true,1,156438
7290019056577,false,ספרינג מנגו 1.5 ליטר,,,ספרינג מנגו 1.5 ליטר,ארגז,1.50,ליטר,false,,8.50,5.6667,true,1,154517
7290019056584,false,ספרינג תפוזים 1.5 לי,,,ספרינג תפוזים 1.5 לי,ארגז,1.50,ליטר,false,,8.50,5.6667,true,1,154560
7290019056591,false,ספרינג ענבים 1.5 ליט,,,ספרינג ענבים 1.5 ליט,ארגז,1.50,ליטר,false,,8.50,5.6667,true,1,154574
7290019056607,false,ספרינג תפוחים 1.5 לי,,,ספרינג תפוחים 1.5 לי,ארגז,1.50,ליטר,false,,8.50,5.6667,true,1,154575
7290019056614,false,ספרינג אפרסק 1.5 ליט,,,ספרינג אפרסק 1.5 ליט,ארגז,1.50,ליטר,false,,8.50,5.6667,true,1,154589
7290019056621,false,ספרינג פירות טרופיים,,,ספרינג פירות טרופיים,ארגז,1.50,ליטר,false,,8.50,5.6667,true,1,154590
7290019056638,false,ספרינג תות בננה 1.5,,,ספרינג תות בננה 1.5,ארגז,1.50,ליטר,false,,8.50,5.6667,true,1,154591
7290019056645,false,ספרינג אגס סברס תפוח,,,ספרינג אגס סברס תפוח,ארגז,1.50,ליטר,false,,8.50,5.6667,true,1,154607
7290019056652,false,ספרינג אננס בננה 1.5,,,ספרינג אננס בננה 1.5,ארגז,1.50,ליטר,false,,8.50,5.6667,true,1,154657
7290019056669,false,ספרינג תפוחים דיאט 1,,,ספרינג תפוחים דיאט 1,ארגז,1.50,ליטר,false,,7.90,5.2667,true,1,154678
7290019056676,false,ספרינג דיאט אשכוליות,,,ספרינג דיאט אשכוליות,ארגז,1.50,ליטר,false,,7.90,5.2667,true,1,183303
7290019056720,false,קריסטל מיץ ענבים 2 ל,,,קריסטל מיץ ענבים 2 ל,ארגז,2.00,ליטר,false,,7.90,3.9500,true,1,156273
7290019056737,false,קריסטל מיץ אשכוליות,,,קריסטל מיץ אשכוליות,ארגז,2.00,ליטר,false,,7.90,3.9500,true,1,156287
7290019056744,false,קריסטל מיץ תפוזים 2,,,קריסטל מיץ תפוזים 2,ארגז,2.00,ליטר,false,,7.90,3.9500,true,1,156288
7290019056751,false,קריסטל דיאט מיץ אשכו,,,קריסטל דיאט מיץ אשכו,ארגז,2.00,ליטר,false,,6.90,3.4500,true,1,156302
7290019056782,false,קריסטל למון ליים 2 ל,,,קריסטל למון ליים 2 ל,ארגז,2.00,ליטר,false,,7.90,3.9500,true,1,156318
7290019056812,false,קריסטל מנטה 2 ליטר,,,קריסטל מנטה 2 ליטר,ארגז,2.00,ליטר,false,,7.90,3.9500,true,1,156337
7290019056829,false,קריסטל תפוזים 2 ליטר,,,קריסטל תפוזים 2 ליטר,ארגז,2.00,ליטר,false,,7.90,3.9500,true,1,156351
7290019056836,false,תות קריסטל 2 ליטר,,,תות קריסטל 2 ליטר,ארגז,2.00,ליטר,false,,7.90,3.9500,true,1,156352
7290019056959,false,מי עדן 1.5 ליטר,,,מי עדן 1.5 ליטר,ארגז,1.50,ליטר,false,,3.90,2.6000,true,1,183304
7290019056973,false,מי עדן 6*1.5 ליטר,,,מי עדן 6*1.5 ליטר,ארגז,9.00,ליטר,false,,12.90,1.4333,true,1,156382
7290019074366,false,תחליב רחצה לגוף אפקט,,,תחליב רחצה לגוף אפקט,מיליליטרים,450.00,"100 מ""ל",false,,14.90,0.0331,true,1,346242
7290019153252,false,שוופס סודה תפוח 4*1.,,,שוופס סודה תפוח 4*1.,ארגז,6.00,ליטר,false,,12.10,2.0167,true,1,337026
7290019153269,false,שוופס סודה אננס 4*1.,,,שוופס סודה אננס 4*1.,ארגז,6.00,ליטר,false,,12.10,2.0167,true,1,337027
7290019153313,false,פרוט & וג' תפוח חמוצ,,,פרוט & וג' תפוח חמוצ,מיליליטרים,330.00,"100 מ""ל",false,,7.90,0.0239,true,1,382714
7290019153351,false,תפוזינה פינק אוזו 1.,,,תפוזינה פינק אוזו 1.,ארגז,1.50,ליטר,false,,8.50,5.6667,true,1,363231
7290019153375,false,תפוזינה מוחיטו 1.5 ל,,,תפוזינה מוחיטו 1.5 ל,ארגז,1.50,ליטר,false,,8.50,5.6667,true,1,363245
7290019203001,false,טורטייה מעדשים כתומו,,,טורטייה מעדשים כתומו,גרמים,180.00,100 גרם,false,,23.90,0.1328,true,1,296015
7290019203018,false,טורטייה מחומוס מונבט,,,טורטייה מחומוס מונבט,גרמים,180.00,100 גרם,false,,23.90,0.1328,true,1,296016
7290019204305,false,פסטרמה ברביקיו עוף ט,,,פסטרמה ברביקיו עוף ט,גרמים,350.00,100 גרם,false,,24.90,0.0711,true,1,429952
7290019230007,false,חלה כוסמין ארוזה ביי,,,חלה כוסמין ארוזה ביי,גרמים,500.00,100 גרם,false,,15.90,0.0318,true,1,160950
7290019230021,false,חלה גדולה ארוזה בייק,,,חלה גדולה ארוזה בייק,גרמים,500.00,100 גרם,false,,13.90,0.0278,true,1,160965
7290019233008,false,רוטב עגבניות עם קובי,,,רוטב עגבניות עם קובי,גרמים,420.00,100 גרם,false,,13.90,0.0331,true,1,424256
7290019233022,false,רוטב עגבניות לשקשוקה,,,רוטב עגבניות לשקשוקה,גרמים,420.00,100 גרם,false,,13.90,0.0331,true,1,424271
7290019233039,false,רוטב עגבניות לשקשוקה,,,רוטב עגבניות לשקשוקה,גרמים,420.00,100 גרם,false,,13.90,0.0331,true,1,381171
7290019233046,false,זית קלמטה בלונד עם ש,,,זית קלמטה בלונד עם ש,גרמים,215.00,100 גרם,false,,11.90,0.0553,true,1,242527
7290019245001,false,שמן קנולה אלומות 1 ל,,,שמן קנולה אלומות 1 ל,ארגז,1.00,ליטר,false,,10.90,10.9000,true,1,319995
7290019297161,false,טורטיות ראפ מקמח תיר,,,טורטיות ראפ מקמח תיר,גרמים,540.00,100 גרם,false,,9.90,0.0183,true,1,6209
7290019297239,false,צימוק כהה 330 גרם,,,צימוק כהה 330 גרם,גרמים,330.00,100 גרם,false,,13.90,0.0421,true,1,32706
7290019297451,false,מי ורדים שקדיה 500 מ,,,מי ורדים שקדיה 500 מ,מיליליטרים,500.00,"100 מ""ל",false,,13.90,0.0278,true,1,6211
7290019297543,false,חמאת בוטנים שקדיה 51,,,חמאת בוטנים שקדיה 51,גרמים,510.00,100 גרם,false,,9.90,0.0194,true,1,121625
7290019297628,false,שקד טבעי 150 גרם ששו,,,שקד טבעי 150 גרם ששו,גרמים,150.00,100 גרם,false,,13.90,0.0927,true,1,32707
7290019297635,false,שקד קלוי  150 גרם,,,שקד קלוי  150 גרם,גרמים,150.00,100 גרם,false,,16.90,0.1127,true,1,32708
7290019302315,false,יין באזז אבטיח ומלון,,,יין באזז אבטיח ומלון,מיליליטרים,750.00,"100 מ""ל",false,,27.90,0.0372,true,1,411842
7290019303701,false,פינוקיות שומשום מיקס,,,פינוקיות שומשום מיקס,גרמים,220.00,100 גרם,false,,18.90,0.0859,true,1,441159
7290019308027,false,שעועית ירוקה שלמה עד,,,שעועית ירוקה שלמה עד,גרמים,800.00,100 גרם,false,,7.20,0.0090,true,1,445498
7290019308058,false,שעועית ירוקה חתוכה 8,,,שעועית ירוקה חתוכה 8,גרמים,800.00,100 גרם,false,,7.20,0.0090,true,1,416820
7290019319382,false,פירות קפואים 400 גרם,,,פירות קפואים 400 גרם,גרמים,400.00,100 גרם,false,,16.90,0.0422,true,1,332583
7290019393061,false,קמח כוסמין מלא מנופה,,,קמח כוסמין מלא מנופה,אלף,1.00,"ק""ג",false,,16.90,16.9000,true,1,451965
7290022005562,false,פירורי לחם עם שום קר,,,פירורי לחם עם שום קר,גרמים,300.00,100 גרם,false,,7.90,0.0263,true,1,355578
7290100240137,false,בדין תרסיס למייבש כב,,,בדין תרסיס למייבש כב,מיליליטרים,500.00,"100 מ""ל",false,,14.90,0.0298,true,1,9101
7290100240632,false,פתית 6 דגנים תלמה 25,,,פתית 6 דגנים תלמה 25,גרמים,250.00,100 גרם,false,,16.90,0.0676,true,1,9103
7290100240656,false,פתית שיפון תלמה 300,,,פתית שיפון תלמה 300,גרמים,300.00,100 גרם,false,,16.90,0.0563,true,1,9104
7290100243671,false,בדין אקסטרא כחול-960,,,בדין אקסטרא כחול-960,מיליליטרים,960.00,"100 מ""ל",false,,15.90,0.0166,true,1,9106
7290100245231,false,נמס בכוס ועוד טעם עו,,,נמס בכוס ועוד טעם עו,גרמים,50.00,100 גרם,false,,6.90,0.1380,true,1,9107
7290100249598,false,רוטב לעוף שום ודבש ב,,,רוטב לעוף שום ודבש ב,גרמים,310.00,100 גרם,false,,10.50,0.0339,true,1,9121
7290100249659,false,רוטב לעוף צילי שום ב,,,רוטב לעוף צילי שום ב,גרמים,310.00,100 גרם,false,,10.50,0.0339,true,1,9122
7290100412343,false,מגבונים לניקוי וחיטו,,,מגבונים לניקוי וחיטו,אין,0.00,יחידה,false,,8.90,0.0000,true,1,18939
7290100412435,false,מגבונים לניקוי וחיטו,,,מגבונים לניקוי וחיטו,אין,0.00,יחידה,false,,8.90,0.0000,true,1,18940
7290100412442,false,קוויק מגבונים לניקוי,,,קוויק מגבונים לניקוי,אין,0.00,יחידה,false,,8.90,0.0000,true,1,18941
7290100412459,false,מגבונים לניקוי וחיטו,,,מגבונים לניקוי וחיטו,אין,0.00,יחידה,false,,8.90,0.0000,true,1,18942
7290100412466,false,מגבונים לניקוי רצפות,,,מגבונים לניקוי רצפות,יח',10.00,יח',false,,10.90,1.0900,true,1,18943
7290100412763,false,תחליב רחצה לבנדר דר,,,תחליב רחצה לבנדר דר,מיליליטרים,700.00,"100 מ""ל",false,,14.90,0.0213,true,1,18948
7290100412831,false,תחליב רחצה אנטי איגי,,,תחליב רחצה אנטי איגי,מיליליטרים,700.00,"100 מ""ל",false,,14.90,0.0213,true,1,18951
7290100413593,false,קוויק מטליות XL בניח,,,קוויק מטליות XL בניח,אין,0.00,יחידה,false,,8.90,0.0000,true,1,18954
7290100572368,false,אביזרי מטבח,,,אביזרי מטבח,אין,0.00,יחידה,false,,19.90,0.0000,true,1,21913
7290100572702,false,אביזרי מטבח ב-11.00,,,אביזרי מטבח ב-11.00,אין,0.00,יחידה,false,,10.90,0.0000,true,1,21916
7290100573402,false,אביזרי מטבח,,,אביזרי מטבח,אין,0.00,יחידה,false,,14.90,0.0000,true,1,21919
7290100575055,false,אבזרי מטבח,,,אבזרי מטבח,אין,0.00,יחידה,false,,29.90,0.0000,true,1,21922
7290100653463,false,סבון נוזלי ספא מסאג',,,סבון נוזלי ספא מסאג',מיליליטרים,500.00,"100 מ""ל",false,,15.90,0.0318,true,1,14561
7290100653586,false,דיאודורנט ליידי ספיד,,,דיאודורנט ליידי ספיד,גרמים,65.00,100 גרם,false,,17.90,0.2754,true,1,14562
7290100658338,false,פלמוליב לכלים אוקסי-,,,פלמוליב לכלים אוקסי-,מיליליטרים,750.00,"100 מ""ל",false,,11.90,0.0159,true,1,14564
7290100659090,false,פרי חטיפים ללא סוכר,,,פרי חטיפים ללא סוכר,גרמים,100.00,100 גרם,false,,14.90,0.1490,true,1,14565
7290100680650,false,מנה חמה נודלס תאילנד,,,מנה חמה נודלס תאילנד,גרמים,76.00,100 גרם,false,,5.90,0.0776,true,1,13137
7290100680667,false,מנה חמה נודלס ירקות,,,מנה חמה נודלס ירקות,גרמים,76.00,100 גרם,false,,5.90,0.0776,true,1,13138
7290100680711,false,אסם פירורית זהב 350,,,אסם פירורית זהב 350,גרמים,350.00,100 גרם,false,,7.90,0.0226,true,1,13139
7290100680728,false,פירורית רגילה שקית 3,,,פירורית רגילה שקית 3,גרמים,350.00,100 גרם,false,,7.90,0.0226,true,1,13140
7290100681138,false,אפרופו מאח 3*50 גר',,,אפרופו מאח 3*50 גר',גרמים,150.00,100 גרם,false,,12.90,0.0860,true,1,13143
7290100681503,false,סירופ דיאט לימונענע,,,סירופ דיאט לימונענע,ארגז,1.00,ליטר,false,,16.90,16.9000,true,1,13144
7290100683880,false,פירה אסם 260 גרם,,,פירה אסם 260 גרם,גרמים,260.00,100 גרם,false,,13.90,0.0535,true,1,13149
7290100684139,false,מיני מקרוני אסם 500,,,מיני מקרוני אסם 500,גרמים,500.00,100 גרם,false,,5.90,0.0118,true,1,13150
7290100684306,false,אסם רוטב צ'ילי מתוק,,,אסם רוטב צ'ילי מתוק,מיליליטרים,760.00,"100 מ""ל",false,,15.90,0.0209,true,1,13151
7290100685068,false,אסם פדנג.אינס.ונל.פצ,,,אסם פדנג.אינס.ונל.פצ,גרמים,110.00,100 גרם,false,,5.90,0.0536,true,1,1041
7290100685136,false,מרק בטעם עוף אסם 1 ק,,,מרק בטעם עוף אסם 1 ק,אלף,1.00,"ק""ג",false,,11.90,11.9000,true,1,13154
7290100685341,false,מרק זך טעם עוף רכיבי,,,מרק זך טעם עוף רכיבי,גרמים,400.00,100 גרם,false,,13.90,0.0348,true,1,13157
7290100685600,false,פירורית זהב חיטה מלא,,,פירורית זהב חיטה מלא,גרמים,200.00,100 גרם,false,,7.90,0.0395,true,1,13159
7290100685938,false,עוגת דבש ת.עץ פירורי,,,עוגת דבש ת.עץ פירורי,גרמים,400.00,100 גרם,false,,18.50,0.0463,true,1,13160
7290100686164,false,ביסלי ברביקיו מאח.8,,,ביסלי ברביקיו מאח.8,גרמים,210.00,100 גרם,false,,12.90,0.0614,true,1,13161
7290100686171,false,ביסלי גריל מאח.8 6*3,,,ביסלי גריל מאח.8 6*3,גרמים,210.00,100 גרם,false,,12.90,0.0614,true,1,13162
7290100687109,false,במבה במילוי קרם נוגט,,,במבה במילוי קרם נוגט,גרמים,60.00,100 גרם,false,,4.50,0.0750,true,1,1339
7290100689301,false,מרק בטעם עוף זך אסם,,,מרק בטעם עוף זך אסם,גרמים,400.00,100 גרם,false,,13.90,0.0348,true,1,13164
7290100700006,false,"סוגת חיטה 1 ק""ג",,,"סוגת חיטה 1 ק""ג",אלף,1.00,"ק""ג",false,,8.90,8.9000,true,1,12347
7290100700020,false,סוגת גריסי פנינה 500,,,סוגת גריסי פנינה 500,גרמים,500.00,100 גרם,false,,4.90,0.0098,true,1,12348
7290100700075,false,פירורי לחם מוזהבים ש,,,פירורי לחם מוזהבים ש,גרמים,200.00,100 גרם,false,,3.90,0.0195,true,1,12349
7290100700242,false,סוגת אורז מלא עגול 1,,,סוגת אורז מלא עגול 1,אלף,1.00,"ק""ג",false,,9.90,9.9000,true,1,12350
7290100700273,false,קינואה סוגת 500 גרם,,,קינואה סוגת 500 גרם,גרמים,500.00,100 גרם,false,,12.90,0.0258,true,1,12352
7290100700310,false,כוסמת 1 ק'ג,,,כוסמת 1 ק'ג,אלף,1.00,"ק""ג",false,,14.90,14.9000,true,1,12353
7290100700334,false,סוגת קינואה 1קג,,,סוגת קינואה 1קג,אלף,1.00,"ק""ג",false,,19.90,19.9000,true,1,12354
7290100700372,false,אורז בסמטי מלא 1 ק'ג,,,אורז בסמטי מלא 1 ק'ג,אלף,1.00,"ק""ג",false,,10.00,10.0000,true,1,12355
7290100700389,false,אורז אדום 1 ק'ג,,,אורז אדום 1 ק'ג,אלף,1.00,"ק""ג",false,,12.90,12.9000,true,1,12356
7290100700396,false,סוגת אורז יסמין קלאס,,,סוגת אורז יסמין קלאס,אלף,1.00,"ק""ג",false,,11.90,11.9000,true,1,12357
7290100700402,false,חומוס ענק 1 ק'ג,,,חומוס ענק 1 ק'ג,אלף,1.00,"ק""ג",false,,19.90,19.9000,true,1,12358
7290100700563,false,אורז מיקס קלאסי 1 ק',,,אורז מיקס קלאסי 1 ק',אלף,1.00,"ק""ג",false,,12.90,12.9000,true,1,12361
7290100700587,false,סוגת בורגול 500 גר,,,סוגת בורגול 500 גר,גרמים,500.00,100 גרם,false,,5.90,0.0118,true,1,12362
7290100701157,false,אורז סושי 1 קג,,,אורז סושי 1 קג,אלף,1.00,"ק""ג",false,,11.90,11.9000,true,1,12363
7290100701300,false,סוגת קינואה אדומה 50,,,סוגת קינואה אדומה 50,גרמים,500.00,100 גרם,false,,12.90,0.0258,true,1,140022
7290100701331,false,קמח רב תכליתי סוגת,,,קמח רב תכליתי סוגת,אלף,1.00,"ק""ג",false,,6.90,6.9000,true,1,12365
7290100701348,false,קמח שיפון מלא סוגת,,,קמח שיפון מלא סוגת,אלף,1.00,"ק""ג",false,,6.90,6.9000,true,1,12366
7290100701409,false,קמח תירס סוגת 500 גר,,,קמח תירס סוגת 500 גר,גרמים,500.00,100 גרם,false,,6.90,0.0138,true,1,12368
7290100701454,false,גרישה 500 גרם,,,גרישה 500 גרם,גרמים,500.00,100 גרם,false,,5.90,0.0118,true,1,12369
7290100701577,false,קמח לחם מועשר בויטמי,,,קמח לחם מועשר בויטמי,אלף,1.00,"ק""ג",false,,6.90,6.9000,true,1,12370
7290100701881,false,קמח פיצה ופוקצה סוגת,,,קמח פיצה ופוקצה סוגת,אלף,1.00,"ק""ג",false,,6.90,6.9000,true,1,12372
7290100702260,false,קוסקוס דק סוגת 350 ג,,,קוסקוס דק סוגת 350 ג,גרמים,350.00,100 גרם,false,,4.80,0.0137,true,1,12373
7290100702277,false,קוסקוס עבה סוגת 350,,,קוסקוס עבה סוגת 350,גרמים,350.00,100 גרם,false,,4.80,0.0137,true,1,12374
7290100702284,false,קוסקוס מלא סוגת 350,,,קוסקוס מלא סוגת 350,גרמים,350.00,100 גרם,false,,4.80,0.0137,true,1,12375
7290100702611,false,פתיתים אפויים אורז ס,,,פתיתים אפויים אורז ס,גרמים,500.00,100 גרם,false,,4.90,0.0098,true,1,12379
7290100702628,false,פתיתים אפויים קוסקוס,,,פתיתים אפויים קוסקוס,גרמים,500.00,100 גרם,false,,4.90,0.0098,true,1,12380
7290100702635,false,פתיתים אפויים כוכבים,,,פתיתים אפויים כוכבים,גרמים,500.00,100 גרם,false,,4.90,0.0098,true,1,12381
7290100702741,false,סוכר חום בהיר בצנצנת,,,סוכר חום בהיר בצנצנת,אלף,1.00,"ק""ג",false,,12.90,12.9000,true,1,12387
7290100702987,false,פתיתי שיבולת שועל סו,,,פתיתי שיבולת שועל סו,גרמים,500.00,100 גרם,false,,5.90,0.0118,true,1,12393
7290100702994,false,סוכר דמררה בשקית סוג,,,סוכר דמררה בשקית סוג,גרמים,500.00,100 גרם,false,,6.90,0.0138,true,1,12394
7290100703007,false,סוגת עדשים שחורות בל,,,סוגת עדשים שחורות בל,גרמים,500.00,100 גרם,false,,6.50,0.0130,true,1,12395
7290100703533,false,קמח קסם רב תכליתי סו,,,קמח קסם רב תכליתי סו,אלף,1.00,"ק""ג",false,,7.90,7.9000,true,1,12400
7290100703564,false,שיבולת שועל עבה סוגת,,,שיבולת שועל עבה סוגת,גרמים,500.00,100 גרם,false,,5.90,0.0118,true,1,12402
7290100703625,false,קמח לבן ללא ניפוי סו,,,קמח לבן ללא ניפוי סו,אלף,1.00,"ק""ג",false,,7.90,7.9000,true,1,12403
7290100703632,false,קמח מלא ללא ניפוי סו,,,קמח מלא ללא ניפוי סו,אלף,1.00,"ק""ג",false,,7.90,7.9000,true,1,12404
7290100703649,false,קמח מלא חיטה 80% ללא,,,קמח מלא חיטה 80% ללא,אלף,1.00,"ק""ג",false,,7.90,7.9000,true,1,12405
7290100703663,false,קמח תופח ללא ניפוי ס,,,קמח תופח ללא ניפוי ס,אלף,1.00,"ק""ג",false,,7.90,7.9000,true,1,12406
7290100703915,false,מארז פופקורן למיקרוג,,,מארז פופקורן למיקרוג,גרמים,540.00,100 גרם,false,,9.90,0.0183,true,1,12413
7290100704578,false,קמח כוסמין לבן סוגת,,,קמח כוסמין לבן סוגת,אלף,1.00,"ק""ג",false,,12.90,12.9000,true,1,64282
7290100704615,false,סוכר לבן דק דק בצנצנ,,,סוכר לבן דק דק בצנצנ,גרמים,500.00,100 גרם,false,,7.90,0.0158,true,1,148077
7290100704622,false,סוכר דמררה דק דק בצנ,,,סוכר דמררה דק דק בצנ,גרמים,500.00,100 גרם,false,,7.90,0.0158,true,1,148078
7290100704639,false,קמח שמרים פיתה סוגת,,,קמח שמרים פיתה סוגת,אלף,1.00,"ק""ג",false,,7.90,7.9000,true,1,64308
7290100704660,false,קינואה מיקס סוגת 500,,,קינואה מיקס סוגת 500,גרמים,500.00,100 גרם,false,,12.90,0.0258,true,1,80605
7290100704684,false,קמח שמרים כוסמין רב,,,קמח שמרים כוסמין רב,אלף,1.00,"ק""ג",false,,19.90,19.9000,true,1,296056
7290100850909,false,דוריטוס נאצו מקסיקני,,,דוריטוס נאצו מקסיקני,גרמים,70.00,100 גרם,false,,3.60,0.0514,true,1,15903
7290100850916,false,דוריטוס חמוץ חריף 70,,,דוריטוס חמוץ חריף 70,גרמים,70.00,100 גרם,false,,3.60,0.0514,true,1,15904
7290100850923,false,דוריטוס גריל 70 גרם,,,דוריטוס גריל 70 גרם,גרמים,70.00,100 גרם,false,,3.60,0.0514,true,1,15905
7290100850930,false,דוריטוס טבעי 70 גרם,,,דוריטוס טבעי 70 גרם,גרמים,70.00,100 גרם,false,,3.60,0.0514,true,1,15906
7290100858592,false,עלית קקאו 150ג,,,עלית קקאו 150ג,גרמים,150.00,100 גרם,false,,9.90,0.0660,true,1,15004
7290100858608,false,עלית קקאו 500ג,,,עלית קקאו 500ג,גרמים,500.00,100 גרם,false,,23.90,0.0478,true,1,15005
7290100921418,false,מרכך קרטין מחזק הווא,,,מרכך קרטין מחזק הווא,מיליליטרים,700.00,"100 מ""ל",false,,9.90,0.0141,true,1,7954
7290100921609,false,סוד סבון 4 כדוריות ל,,,סוד סבון 4 כדוריות ל,גרמים,50.00,100 גרם,false,,7.90,0.1580,true,1,22420
7290100921623,false,סוד סבון 4 כדוריות ל,,,סוד סבון 4 כדוריות ל,גרמים,50.00,100 גרם,false,,7.90,0.1580,true,1,22422
7290100921760,false,שמפו ספורט לשיער ולג,,,שמפו ספורט לשיער ולג,מיליליטרים,700.00,"100 מ""ל",false,,9.90,0.0141,true,1,7955
7290100924204,false,פרסיל אבקת כביסה 8 ק,,,פרסיל אבקת כביסה 8 ק,אלף,8.00,"ק""ג",false,,50.90,6.3625,true,1,22423
7290100924457,false,סוד סבון 4 כדוריות ל,,,סוד סבון 4 כדוריות ל,גרמים,150.00,100 גרם,false,,16.90,0.1127,true,1,22424
7290100924464,false,סוד סבון 4 כדוריות ל,,,סוד סבון 4 כדוריות ל,גרמים,150.00,100 גרם,false,,16.90,0.1127,true,1,22425
7290100925676,false,קולור קאצ'ר 20 דפים,,,קולור קאצ'ר 20 דפים,אין,0.00,יחידה,false,,22.90,0.0000,true,1,22433
7290100926147,false,אבקת כביסה פרסיל קול,,,אבקת כביסה פרסיל קול,אלף,2.50,"ק""ג",false,,26.90,10.7600,true,1,22435
7290100926598,false,פרסיל אבקת כביסה 5 ק,,,פרסיל אבקת כביסה 5 ק,אלף,5.00,"ק""ג",false,,43.90,8.7800,true,1,22436
7290101110279,false,בליסימו בטעם שוקולד,,,בליסימו בטעם שוקולד,ארגז,1.30,ליטר,false,,21.90,16.8462,true,1,67282
7290101110460,false,בליסימו בטעם וניל צר,,,בליסימו בטעם וניל צר,ארגז,1.30,ליטר,false,,21.90,16.8462,true,1,67283
7290101110811,false,גלידל מאגדת בטעם פסי,,,גלידל מאגדת בטעם פסי,גרמים,600.00,100 גרם,false,,31.90,0.0532,true,1,22868
7290101112228,false,פופסיקל בטעם אננס 8,,,פופסיקל בטעם אננס 8,גרמים,640.00,100 גרם,false,,24.90,0.0389,true,1,22870
7290101113157,false,גלידל חלבי וניל עוגי,,,גלידל חלבי וניל עוגי,גרמים,672.00,100 גרם,false,,25.90,0.0385,true,1,22874
7290101113447,false,גלידל מיני סנדוויץ',,,גלידל מיני סנדוויץ',גרמים,270.00,100 גרם,false,,31.90,0.1181,true,1,180725
7290101113454,false,גלידל  יוגורט בטעם א,,,גלידל  יוגורט בטעם א,גרמים,480.00,100 גרם,false,,31.90,0.0665,true,1,67205
7290101113638,false,מאגדת סנקור ארוך 8 י,,,מאגדת סנקור ארוך 8 י,גרמים,560.00,100 גרם,false,,31.90,0.0570,true,1,67446
7290101113751,false,מאגדת רביעייה שלגון,,,מאגדת רביעייה שלגון,גרמים,200.00,100 גרם,false,,19.90,0.0995,true,1,264699
7290101113768,false,מאגדת רביעייה שלגון,,,מאגדת רביעייה שלגון,גרמים,200.00,100 גרם,false,,19.90,0.0995,true,1,264700
7290101113805,false,מאגדת יופלה שייק פרי,,,מאגדת יופלה שייק פרי,גרמים,350.00,100 גרם,false,,21.90,0.0626,true,1,258153
7290101113829,false,מאגדת ופלה שייק פרי,,,מאגדת ופלה שייק פרי,גרמים,350.00,100 גרם,false,,21.90,0.0626,true,1,258139
7290101459880,false,נרות אותיות- יום הול,,,נרות אותיות- יום הול,אין,0.00,יחידה,false,,9.90,0.0000,true,1,20872
7290101486688,false,פרי חטיפי בריאות מאר,,,פרי חטיפי בריאות מאר,גרמים,100.00,100 גרם,false,,16.90,0.1690,true,1,14566
7290101501237,true,עגבניה מגי -בטעם של,,,עגבניה מגי -בטעם של,קילוגרמים,1.00,"ק""ג",true,,14.90,14.9000,true,1,365475
7290101551027,false,קפסולות אספרסו 14 למ,,,קפסולות אספרסו 14 למ,גרמים,50.00,100 גרם,false,,16.90,0.3380,true,1,15006
7290101551263,false,סילאן טבעי יד מרדכי,,,סילאן טבעי יד מרדכי,גרמים,700.00,100 גרם,false,,19.90,0.0284,true,1,15008
7290101551300,false,סילאן טבעי לחיץ יד מ,,,סילאן טבעי לחיץ יד מ,גרמים,380.00,100 גרם,false,,13.90,0.0366,true,1,15009
7290101551539,false,דנונה פרו 20 אפרסק 2,,,דנונה פרו 20 אפרסק 2,גרמים,200.00,100 גרם,false,,5.90,0.0295,true,1,15543
7290101551584,false,מארז תפוצ'יפס קידס 1,,,מארז תפוצ'יפס קידס 1,גרמים,200.00,100 גרם,false,,12.90,0.0645,true,1,15908
7290101551638,false,מארז צ'יטוס כאפה 10*,,,מארז צ'יטוס כאפה 10*,גרמים,200.00,100 גרם,false,,12.90,0.0645,true,1,1407
7290101863410,false,סיליט באנג ספריי אקו,,,סיליט באנג ספריי אקו,מיליליטרים,750.00,"100 מ""ל",false,,14.90,0.0199,true,1,14239
7290101864127,false,קליה אוקסי ספריי 750,,,קליה אוקסי ספריי 750,מיליליטרים,750.00,"100 מ""ל",false,,16.90,0.0225,true,1,14241
7290101865261,false,פיניש הברקה 800 מל,,,פיניש הברקה 800 מל,מיליליטרים,800.00,"100 מ""ל",false,,19.90,0.0249,true,1,14244
7290101866633,false,וניש קליה ג'ל 3 ליטר,,,וניש קליה ג'ל 3 ליטר,ארגז,3.00,ליטר,false,,29.90,9.9667,true,1,14247
7290101866787,false,וניש נוזל מסיר כתמים,,,וניש נוזל מסיר כתמים,ארגז,3.00,ליטר,false,,29.90,9.9667,true,1,14248
7290101868958,false,פיניש נוזל הברקה לימ,,,פיניש נוזל הברקה לימ,מיליליטרים,800.00,"100 מ""ל",false,,19.90,0.0249,true,1,14251
7290101869726,false,ג'ל 1 ליטר AIO פיניש,,,ג'ל 1 ליטר AIO פיניש,ארגז,1.00,ליטר,false,,42.90,42.9000,true,1,14257
7290101869733,false,ג'ל 1 ליטר לימון AIO,,,ג'ל 1 ליטר לימון AIO,ארגז,1.00,ליטר,false,,42.90,42.9000,true,1,14258
7290101869795,false,איירוויק מילוי מבשם,,,איירוויק מילוי מבשם,מיליליטרים,250.00,"100 מ""ל",false,,15.90,0.0636,true,1,14264
7290101985365,false,בקבוק אלומיניום גדול,,,בקבוק אלומיניום גדול,אין,0.00,יחידה,false,,22.50,0.0000,true,1,20905
7290101999720,false,נרות מטה לבבות פו,,,נרות מטה לבבות פו,אין,0.00,יחידה,false,,7.50,0.0000,true,1,21017
7290102030330,false,תפוצ'יפס קראנץ מקסיק,,,תפוצ'יפס קראנץ מקסיק,גרמים,200.00,100 גרם,false,,9.90,0.0495,true,1,15912
7290102031276,false,אקטימל תות בננה 8*10,,,אקטימל תות בננה 8*10,מיליליטרים,800.00,"100 מ""ל",false,,19.90,0.0249,true,1,15549
7290102032334,false,קפה נמס עלית בטעם ונ,,,קפה נמס עלית בטעם ונ,גרמים,200.00,100 גרם,false,,19.90,0.0995,true,1,15011
7290102060764,false,זוג מברשות שיניים עד,,,זוג מברשות שיניים עד,אין,0.00,יחידה,false,,35.90,0.0000,true,1,2413
7290102060979,false,משחת שיניים משפחתי א,,,משחת שיניים משפחתי א,מיליליטרים,100.00,"100 מ""ל",false,,18.90,0.1890,true,1,14571
7290102300815,false,גבינת צ'דר אנגלית כת,,,גבינת צ'דר אנגלית כת,גרמים,200.00,100 גרם,false,,24.90,0.1245,true,1,12232
7290102300822,false,סיימן גבינת צדר אנגל,,,סיימן גבינת צדר אנגל,גרמים,200.00,100 גרם,false,,23.90,0.1195,true,1,12233
7290102300860,false,שביק גבינת צדר אנגלי,,,שביק גבינת צדר אנגלי,גרמים,200.00,100 גרם,false,,23.90,0.1195,true,1,12234
7290102302246,false,גבינת גאודה 200 גר',,,גבינת גאודה 200 גר',גרמים,200.00,100 גרם,false,,22.90,0.1145,true,1,12236
7290102302864,false,גבינה הולנדית חצי קש,,,גבינה הולנדית חצי קש,גרמים,200.00,100 גרם,false,,29.90,0.1495,true,1,323224
7290102303878,false,חמאת נורמנדי 200 גרם,,,חמאת נורמנדי 200 גרם,גרמים,200.00,100 גרם,false,,21.90,0.1095,true,1,323238
7290102303977,false,טונה בשמן זית רוברט,,,טונה בשמן זית רוברט,גרמים,120.00,100 גרם,false,,12.90,0.1075,true,1,419677
7290102390427,false,מולר פרופ תות 3% 150,,,מולר פרופ תות 3% 150,גרמים,150.00,100 גרם,false,,4.90,0.0327,true,1,6950
7290102390465,false,מולר פרופ אפרסק פסיפ,,,מולר פרופ אפרסק פסיפ,גרמים,150.00,100 גרם,false,,4.90,0.0327,true,1,6951
7290102390489,false,מולר פרופ לימון 3% 1,,,מולר פרופ לימון 3% 1,גרמים,150.00,100 גרם,false,,4.90,0.0327,true,1,6952
7290102391844,false,מולר פרופ לבן+קציפת,,,מולר פרופ לבן+קציפת,גרמים,150.00,100 גרם,false,,4.90,0.0327,true,1,6953
7290102392049,false,צוריאל תבור 5% 500ג,,,צוריאל תבור 5% 500ג,גרמים,500.00,100 גרם,false,,22.90,0.0458,true,1,6954
7290102392094,false,צוריאל חלב עיזים 1ל,,,צוריאל חלב עיזים 1ל,ארגז,1.00,ליטר,false,,15.50,15.5000,true,1,6955
7290102392254,false,טרה חלב 1% 2ל,,,טרה חלב 1% 2ל,ארגז,2.00,ליטר,false,,11.72,5.8600,true,1,6956
7290102393039,false,מולר מיקס בתוספת פצפ,,,מולר מיקס בתוספת פצפ,מיליליטרים,170.00,"100 מ""ל",false,,5.90,0.0347,true,1,6960
7290102393169,false,מולר סימפלי פרוט תות,,,מולר סימפלי פרוט תות,גרמים,150.00,100 גרם,false,,4.90,0.0327,true,1,6962
7290102393176,false,מולר סימפלי פרוט אפר,,,מולר סימפלי פרוט אפר,גרמים,150.00,100 גרם,false,,4.90,0.0327,true,1,6963
7290102393190,false,מולר סימפלי פרוט פיר,,,מולר סימפלי פרוט פיר,גרמים,150.00,100 גרם,false,,4.90,0.0327,true,1,6964
7290102393268,false,טרה גבינה לבנה אריזת,,,טרה גבינה לבנה אריזת,גרמים,750.00,100 גרם,false,,14.90,0.0199,true,1,6965
7290102393299,false,צוריאל יוגורט עיזים,,,צוריאל יוגורט עיזים,מיליליטרים,500.00,"100 מ""ל",false,,11.90,0.0238,true,1,6966
7290102393855,false,צוריאל יוגורט עיזים,,,צוריאל יוגורט עיזים,מיליליטרים,150.00,"100 מ""ל",false,,5.90,0.0393,true,1,285248
7290102393947,false,מולר סימפלי פרוט קיו,,,מולר סימפלי פרוט קיו,מיליליטרים,150.00,"100 מ""ל",false,,4.90,0.0327,true,1,6968
7290102394081,false,מולר מיקס קורנפקלס מ,,,מולר מיקס קורנפקלס מ,גרמים,170.00,100 גרם,false,,5.90,0.0347,true,1,6969
7290102394258,false,צוריאל מה עז 9% 180ג,,,צוריאל מה עז 9% 180ג,גרמים,180.00,100 גרם,false,,20.90,0.1161,true,1,6970
7290102394463,false,נעם גבינה צהובה וואק,,,נעם גבינה צהובה וואק,גרמים,500.00,100 גרם,false,,23.80,0.0476,true,1,6971
7290102394821,false,נעם גבינה צהובה דק ד,,,נעם גבינה צהובה דק ד,גרמים,200.00,100 גרם,false,,15.20,0.0760,true,1,6973
7290102394845,false,נעם גבינה צהובה דק ד,,,נעם גבינה צהובה דק ד,גרמים,200.00,100 גרם,false,,16.20,0.0810,true,1,6974
7290102395101,false,מוו ממרח גבינה ושוקו,,,מוו ממרח גבינה ושוקו,גרמים,200.00,100 גרם,false,,10.90,0.0545,true,1,6975
7290102395217,false,מולר ביאנקו במתיקות,,,מולר ביאנקו במתיקות,אלף,1.20,"ק""ג",false,,18.50,15.4167,true,1,6976
7290102395224,false,מולר נטורל 1.7% 8*15,,,מולר נטורל 1.7% 8*15,אלף,1.20,"ק""ג",false,,14.90,12.4167,true,1,6977
7290102395231,false,מולר נטורל 2.8% 8*15,,,מולר נטורל 2.8% 8*15,אלף,1.20,"ק""ג",false,,14.90,12.4167,true,1,6978
7290102395262,false,מולר תות שדה ואפרסק,,,מולר תות שדה ואפרסק,אלף,1.20,"ק""ג",false,,30.90,25.7500,true,1,6979
7290102395378,false,נעם גבינה צהובה ואקו,,,נעם גבינה צהובה ואקו,גרמים,360.00,100 גרם,false,,19.80,0.0550,true,1,6981
7290102395446,false,מוו וניל קצפת 123מל,,,מוו וניל קצפת 123מל,מיליליטרים,123.00,"100 מ""ל",false,,2.90,0.0236,true,1,6983
7290102395477,false,מוו שוקולד קצפת 123מ,,,מוו שוקולד קצפת 123מ,מיליליטרים,123.00,"100 מ""ל",false,,2.90,0.0236,true,1,6984
7290102395521,false,טרה שמנת לבישול 15%+,,,טרה שמנת לבישול 15%+,מיליליטרים,500.00,"100 מ""ל",false,,16.50,0.0330,true,1,6985
7290102396399,false,מוו מעדן שוקולד 100*,,,מוו מעדן שוקולד 100*,גרמים,800.00,100 גרם,false,,11.80,0.0148,true,1,6991
7290102396436,false,מוו מעדן שוקולד 1.5%,,,מוו מעדן שוקולד 1.5%,גרמים,125.00,100 גרם,false,,2.90,0.0232,true,1,6995
7290102396443,false,מוו מעדן וניל 1.5% 1,,,מוו מעדן וניל 1.5% 1,גרמים,125.00,100 גרם,false,,2.90,0.0232,true,1,6996
7290102396580,false,מוו מעדן שוקולד ומוס,,,מוו מעדן שוקולד ומוס,גרמים,118.00,100 גרם,false,,2.90,0.0246,true,1,6998
7290102396665,false,גבנ`צ דקדק פתח סגור,,,גבנ`צ דקדק פתח סגור,גרמים,200.00,100 גרם,false,,15.20,0.0760,true,1,7001
7290102396672,false,נעם צהובה דק דק 9% 3,,,נעם צהובה דק דק 9% 3,גרמים,360.00,100 גרם,false,,25.80,0.0717,true,1,7002
7290102396719,false,מולר סימפלי פרוט תות,,,מולר סימפלי פרוט תות,גרמים,170.00,100 גרם,false,,4.90,0.0288,true,1,7003
7290102396740,false,מולר סימפלי פרוט 0%,,,מולר סימפלי פרוט 0%,אלף,1.20,"ק""ג",false,,30.90,25.7500,true,1,7006
7290102397204,false,נעם צהובה דק דק 22%,,,נעם צהובה דק דק 22%,גרמים,200.00,100 גרם,false,,15.20,0.0760,true,1,7018
7290102397464,false,מולר יוגורט נטורל +,,,מולר יוגורט נטורל +,גרמים,150.00,100 גרם,false,,5.90,0.0393,true,1,7031
7290102397600,false,מולר מיקס שקדים ובוט,,,מולר מיקס שקדים ובוט,גרמים,168.00,100 גרם,false,,5.90,0.0351,true,1,7037
7290102397617,false,מולר מיקס קליק 168 ג,,,מולר מיקס קליק 168 ג,גרמים,168.00,100 גרם,false,,5.90,0.0351,true,1,7038
7290102397730,false,גבינת אמנטל נעם פתיח,,,גבינת אמנטל נעם פתיח,גרמים,200.00,100 גרם,false,,15.90,0.0795,true,1,7043
7290102397747,false,מוצרלה נעם  רכיבים ט,,,מוצרלה נעם  רכיבים ט,גרמים,200.00,100 גרם,false,,18.90,0.0945,true,1,7044
7290102397891,false,רביעייה גבינה מותכת,,,רביעייה גבינה מותכת,גרמים,100.00,100 גרם,false,,7.50,0.0750,true,1,7048
7290102398065,false,טרה חלב קרטון 3% מהד,,,טרה חלב קרטון 3% מהד,אין,0.00,יחידה,false,,12.46,0.0000,true,1,7056
7290102398072,false,טרה חלב בקרטון 3% 1ל,,,טרה חלב בקרטון 3% 1ל,ארגז,1.00,ליטר,false,,6.23,6.2300,true,1,7057
7290102398331,false,חלב מועשר  1 ליטר דל,,,חלב מועשר  1 ליטר דל,ארגז,1.00,ליטר,false,,7.50,7.5000,true,1,7069
7290102398478,false,לאבנה 9% טרה 500 גרם,,,לאבנה 9% טרה 500 גרם,גרמים,500.00,100 גרם,false,,18.90,0.0378,true,1,7072
7290102398560,false,שוקו טרה מועשר בבקבו,,,שוקו טרה מועשר בבקבו,ארגז,1.00,ליטר,false,,11.90,11.9000,true,1,7079
7290102398577,false,שוקו טרה מועשר בבקבו,,,שוקו טרה מועשר בבקבו,מיליליטרים,250.00,"100 מ""ל",false,,5.50,0.0220,true,1,7080
7290102398614,false,משקה חלב בטעם בננה 1,,,משקה חלב בטעם בננה 1,ארגז,1.00,ליטר,false,,11.90,11.9000,true,1,7081
7290102398638,false,משקה חלב בטעם מוקה 1,,,משקה חלב בטעם מוקה 1,ארגז,1.00,ליטר,false,,11.90,11.9000,true,1,7082
7290102398669,false,אייס קפוצ'ינו מווו ט,,,אייס קפוצ'ינו מווו ט,ארגז,1.00,ליטר,false,,11.90,11.9000,true,1,7084
7290102398782,false,משקה סויה קלאסי משק,,,משקה סויה קלאסי משק,ארגז,1.00,ליטר,false,,9.90,9.9000,true,1,7088
7290102398799,false,משקה סויה במתיקות מו,,,משקה סויה במתיקות מו,ארגז,1.00,ליטר,false,,9.90,9.9000,true,1,7089
7290102398805,false,משקה סויה בטעם וניל,,,משקה סויה בטעם וניל,ארגז,1.00,ליטר,false,,9.90,9.9000,true,1,7090
7290102398836,false,משקה שקדים קלאסי משק,,,משקה שקדים קלאסי משק,ארגז,1.00,ליטר,false,,9.90,9.9000,true,1,7092
7290102399048,false,קשקבל נעם פתיחה חוזר,,,קשקבל נעם פתיחה חוזר,גרמים,200.00,100 גרם,false,,21.90,0.1095,true,1,7099
7290102399635,false,מעדן מולר פרופ קוקוס,,,מעדן מולר פרופ קוקוס,גרמים,150.00,100 גרם,false,,4.90,0.0327,true,1,469
7290102399772,false,מולר ממרח חמאה במליח,,,מולר ממרח חמאה במליח,גרמים,250.00,100 גרם,false,,14.90,0.0596,true,1,7148
7290102399789,false,מולר ממרח חמאה ללא מ,,,מולר ממרח חמאה ללא מ,גרמים,250.00,100 גרם,false,,14.90,0.0596,true,1,7149
7290102399796,false,יוגורט חלבון לבן 250,,,יוגורט חלבון לבן 250,גרמים,200.00,100 גרם,false,,5.90,0.0295,true,1,7150
7290102399802,false,יוגורט חלבון תות 20,,,יוגורט חלבון תות 20,גרמים,200.00,100 גרם,false,,5.90,0.0295,true,1,7151
7290102399819,false,יוגורט חלבון פ.יער 2,,,יוגורט חלבון פ.יער 2,גרמים,200.00,100 גרם,false,,5.90,0.0295,true,1,7152
7290102399857,false,יוגורט מולר אקטיב לי,,,יוגורט מולר אקטיב לי,גרמים,150.00,100 גרם,false,,5.90,0.0393,true,1,7155
7290102840182,false,פודינג שוקולד 85 ג,,,פודינג שוקולד 85 ג,גרמים,85.00,100 גרם,false,,3.80,0.0447,true,1,11517
7290103124588,false,תחליב רחצה ארומה סגו,,,תחליב רחצה ארומה סגו,מיליליטרים,750.00,"100 מ""ל",false,,19.90,0.0265,true,1,14573
7290103124601,false,תחליב רחצה חלב ודבש,,,תחליב רחצה חלב ודבש,מיליליטרים,750.00,"100 מ""ל",false,,19.90,0.0265,true,1,14574
7290103128739,false,בלונס צימרוני אוזניי,,,בלונס צימרוני אוזניי,אין,0.00,יחידה,false,,5.90,0.0000,true,1,14576
7290103400194,false,כרוב לבן 400 ג בדצ י,,,כרוב לבן 400 ג בדצ י,גרמים,400.00,100 גרם,false,,8.90,0.0223,true,1,15551
7290103400255,false,סלט קולסלאו 400 ג בד,,,סלט קולסלאו 400 ג בד,גרמים,400.00,100 גרם,false,,8.90,0.0223,true,1,15553
7290103401429,false,קפה אוריגינס קצב ברז,,,קפה אוריגינס קצב ברז,גרמים,200.00,100 גרם,false,,24.90,0.1245,true,1,15018
7290103404758,false,אחלה כרוב אדום 120ג,,,אחלה כרוב אדום 120ג,גרמים,120.00,100 גרם,false,,5.50,0.0458,true,1,15554
7290103408206,false,עלי חסה ערבית שטופים,,,עלי חסה ערבית שטופים,גרמים,250.00,100 גרם,false,,9.90,0.0396,true,1,15556
7290103681173,false,הר תבור קברנה סוביני,,,הר תבור קברנה סוביני,מיליליטרים,750.00,"100 מ""ל",false,,33.90,0.0452,true,1,7164
7290103681180,false,"הר תבור מרלו 750 מ""ל",,,"הר תבור מרלו 750 מ""ל",מיליליטרים,750.00,"100 מ""ל",false,,33.90,0.0452,true,1,7165
7290103681227,false,הר תבור גוורצטרמינר,,,הר תבור גוורצטרמינר,מיליליטרים,750.00,"100 מ""ל",false,,33.90,0.0452,true,1,7168
7290103700195,false,טאצ רדיד אלומיניום ק,,,טאצ רדיד אלומיניום ק,מטרים,15.00,מטר,false,,11.90,0.7933,true,1,16012
7290103700225,false,טאצ רדיד אלומיניום ר,,,טאצ רדיד אלומיניום ר,אין,0.00,יחידה,false,,16.90,0.0000,true,1,16013
7290103700386,false,טאצ' כריות יפניות 6י,,,טאצ' כריות יפניות 6י,אין,0.00,יחידה,false,,9.90,0.0000,true,1,16015
7290103700393,false,טאצ' כריות יפניות עב,,,טאצ' כריות יפניות עב,אין,0.00,יחידה,false,,8.90,0.0000,true,1,16016
7290103700997,false,לאבלי נייר טואלט 40,,,לאבלי נייר טואלט 40,מטרים,716.00,מטר,false,,38.90,0.0543,true,1,16019
7290103701017,false,טאצ' נייר אפייה נשלף,,,טאצ' נייר אפייה נשלף,אין,0.00,יחידה,false,,9.90,0.0000,true,1,16020
7290103701093,false,טאצ מטליות מקרופייבר,,,טאצ מטליות מקרופייבר,אין,0.00,יחידה,false,,13.90,0.0000,true,1,16021
7290103701130,false,טאצ מטליות מקרופייבר,,,טאצ מטליות מקרופייבר,אין,0.00,יחידה,false,,13.90,0.0000,true,1,16022
7290103701147,false,טאצ רדידי אלומיניום,,,טאצ רדידי אלומיניום,מטרים,60.90,מטר,false,,35.90,0.5895,true,1,16023
7290103702212,false,טאצ ממחטות כיס,,,טאצ ממחטות כיס,אין,0.00,יחידה,false,,6.90,0.0000,true,1,16026
7290103702304,false,טאצ אשפתון בגליל 35,,,טאצ אשפתון בגליל 35,אין,0.00,יחידה,false,,15.90,0.0000,true,1,16030
7290103702540,false,נייר טואלט  30 יח' מ,,,נייר טואלט  30 יח' מ,אין,0.00,יחידה,false,,23.90,0.0000,true,1,16034
7290103703240,false,טאצ' מטליות לחות לרי,,,טאצ' מטליות לחות לרי,יח',10.00,יח',false,,9.90,0.9900,true,1,16042
7290103703370,false,טאצ' מגבוני נייר טוא,,,טאצ' מגבוני נייר טוא,יח',3.00,יח',false,,14.90,4.9667,true,1,16043
7290103703578,false,לובלי נייר טואלט תלת,,,לובלי נייר טואלט תלת,אין,0.00,יחידה,false,,42.90,0.0000,true,1,16046
7290103703899,false,מפיות טאצ' 80 יחידות,,,מפיות טאצ' 80 יחידות,אין,0.00,יחידה,false,,4.90,0.0000,true,1,33596
7290103704155,false,מגבות נייר 6 גלילים,,,מגבות נייר 6 גלילים,מטרים,63.00,מטר,false,,9.90,0.1571,true,1,95491
7290103704162,false,נייר טואלט טאצ' 32 ג,,,נייר טואלט טאצ' 32 ג,יח',0.00,יח',false,,28.90,0.0000,true,1,65023
7290103704179,false,מגבות נייר 8 גלילים,,,מגבות נייר 8 גלילים,מטרים,83.00,מטר,false,,13.90,0.1675,true,1,94262
7290103704186,false,מגבות טאצ' גליל כפול,,,מגבות טאצ' גליל כפול,אין,0.00,יחידה,false,,19.90,0.0000,true,1,211453
7290103704575,false,נייר טואלט טאצ' 48 י,,,נייר טואלט טאצ' 48 י,אין,0.00,יחידה,false,,39.90,0.0000,true,1,65037
7290103704681,false,שקיות קוקי 10 יח' טא,,,שקיות קוקי 10 יח' טא,אין,0.00,יחידה,false,,4.90,0.0000,true,1,410995
7290103704698,false,שקיות קוקי 5 יח' טאצ,,,שקיות קוקי 5 יח' טאצ,אין,0.00,יחידה,false,,4.90,0.0000,true,1,410996
7290103746001,false,ממחטות טאצ' חמישייה,,,ממחטות טאצ' חמישייה,אין,0.00,יחידה,false,,11.90,0.0000,true,1,16056
7290104061417,false,אחלה חומוס טחינה 400,,,אחלה חומוס טחינה 400,גרמים,400.00,100 גרם,false,,9.90,0.0248,true,1,15557
7290104061424,false,אחלה חומוס זעתר 400,,,אחלה חומוס זעתר 400,גרמים,400.00,100 גרם,false,,10.90,0.0273,true,1,15558
7290104061431,false,אחלה חומוס צנובר 400,,,אחלה חומוס צנובר 400,גרמים,400.00,100 גרם,false,,10.90,0.0273,true,1,15559
7290104061448,false,אחלה חומוס חריף 400ג,,,אחלה חומוס חריף 400ג,גרמים,400.00,100 גרם,false,,10.90,0.0273,true,1,15560
7290104062599,false,גמדים תות בננה 8*100,,,גמדים תות בננה 8*100,מיליליטרים,800.00,"100 מ""ל",false,,18.90,0.0236,true,1,15561
7290104065187,false,קפה נמס עלית בטעם מו,,,קפה נמס עלית בטעם מו,גרמים,200.00,100 גרם,false,,19.90,0.0995,true,1,15028
7290104065934,false,שטראוס עלי רוקט 150ג,,,שטראוס עלי רוקט 150ג,גרמים,150.00,100 גרם,false,,9.90,0.0660,true,1,15562
7290104067693,false,אחלה חומוס עם חריף 1,,,אחלה חומוס עם חריף 1,גרמים,150.00,100 גרם,false,,5.90,0.0393,true,1,15566
7290104068539,false,מאסט מלון ואבטיח 28ג,,,מאסט מלון ואבטיח 28ג,גרמים,28.00,100 גרם,false,,4.30,0.1536,true,1,1105
7290104068546,false,מאסט קולה 28 גרם,,,מאסט קולה 28 גרם,גרמים,28.00,100 גרם,false,,4.30,0.1536,true,1,1106
7290104500572,false,אפרופו איטלקי 36*50ג,,,אפרופו איטלקי 36*50ג,גרמים,50.00,100 גרם,false,,5.00,0.1000,true,1,13165
7290104501661,false,אסם פודינג בטעם וניל,,,אסם פודינג בטעם וניל,גרמים,80.00,100 גרם,false,,5.90,0.0738,true,1,1042
7290104504228,false,דובונים קדמ.מארז אחי,,,דובונים קדמ.מארז אחי,גרמים,100.00,100 גרם,false,,13.90,0.1390,true,1,13167
7290104508189,false,גביעי גלידה ממותקים,,,גביעי גלידה ממותקים,0   יח',24.00,0   יח',false,,12.90,0.5375,true,1,13170
7290104508202,false,גביעי גלידה אמריקאים,,,גביעי גלידה אמריקאים,גרמים,120.00,100 גרם,false,,12.90,0.1075,true,1,13171
7290104508943,false,במבה קלאסי 18*200 גר,,,במבה קלאסי 18*200 גר,גרמים,200.00,100 גרם,false,,8.90,0.0445,true,1,13172
7290104570131,false,"תמר מג'הול 1 ק""ג",,,"תמר מג'הול 1 ק""ג",אלף,1.00,"ק""ג",false,,17.90,17.9000,true,1,26419
7290104570162,false,תמר כבוש 500 גרם,,,תמר כבוש 500 גרם,גרמים,500.00,100 גרם,false,,12.90,0.0258,true,1,26420
7290104721762,false,טורקי עלית 3*85 גר'.,,,טורקי עלית 3*85 גר'.,גרמים,255.00,100 גרם,false,,18.90,0.0741,true,1,15031
7290104721953,false,לקט מסולסלים ירקות 3,,,לקט מסולסלים ירקות 3,גרמים,350.00,100 גרם,false,,12.90,0.0369,true,1,15570
7290104722530,false,תפוציפס שמנת בצל 200,,,תפוציפס שמנת בצל 200,גרמים,200.00,100 גרם,false,,9.90,0.0495,true,1,15914
7290104726712,false,מילקי שמינייה מארז 8,,,מילקי שמינייה מארז 8,אלף,1.06,"ק""ג",false,,19.90,18.7736,true,1,1016
7290104728310,false,יטבתה שמנת עמידה לקצ,,,יטבתה שמנת עמידה לקצ,מיליליטרים,250.00,"100 מ""ל",false,,6.47,0.0259,true,1,15574
7290104729010,false,יטבתה לבן בטעם תות 3,,,יטבתה לבן בטעם תות 3,מיליליטרים,100.00,"100 מ""ל",false,,1.50,0.0150,true,1,15575
7290104960246,false,תחליב רחצה ורד ויסמי,,,תחליב רחצה ורד ויסמי,מיליליטרים,750.00,"100 מ""ל",false,,11.90,0.0159,true,1,19464
7290104960253,false,תחליב רחצה לבנדר נקה,,,תחליב רחצה לבנדר נקה,מיליליטרים,750.00,"100 מ""ל",false,,11.90,0.0159,true,1,19465
7290104960970,false,דאו' ספריי מטאל טיטנ,,,דאו' ספריי מטאל טיטנ,מיליליטרים,180.00,"100 מ""ל",false,,15.90,0.0883,true,1,19468
7290104961526,false,ספריי גוף קלאסיק טיט,,,ספריי גוף קלאסיק טיט,מיליליטרים,150.00,"100 מ""ל",false,,11.90,0.0793,true,1,19475
7290104961540,false,טיטניום דאודורנט ספר,,,טיטניום דאודורנט ספר,מיליליטרים,150.00,"100 מ""ל",false,,11.90,0.0793,true,1,19476
7290104961878,false,קרטין אינטנס שמפו נט,,,קרטין אינטנס שמפו נט,מיליליטרים,400.00,"100 מ""ל",false,,30.90,0.0772,true,1,19477
7290104961885,false,מרכך קרטין אינטנס נט,,,מרכך קרטין אינטנס נט,מיליליטרים,400.00,"100 מ""ל",false,,30.90,0.0772,true,1,19478
7290104962080,false,ספריי גוף גולד טיטני,,,ספריי גוף גולד טיטני,מיליליטרים,150.00,"100 מ""ל",false,,11.90,0.0793,true,1,19483
7290104962868,false,נטורל פורמולה מסיכת,,,נטורל פורמולה מסיכת,מיליליטרים,350.00,"100 מ""ל",false,,39.90,0.1140,true,1,57829
7290104963667,false,סופטקר 2ב-1 אלסבון ו,,,סופטקר 2ב-1 אלסבון ו,אין,0.00,יחידה,false,,17.90,0.0000,true,1,19502
7290104963988,false,סקינגארד רולאון ילדי,,,סקינגארד רולאון ילדי,מיליליטרים,70.00,"100 מ""ל",false,,24.90,0.3557,true,1,19506
7290104965661,false,דאודורנט נושם ספריי,,,דאודורנט נושם ספריי,מיליליטרים,150.00,"100 מ""ל",false,,12.90,0.0860,true,1,91035
7290105360250,false,עלית קפסולות מקיאטו,,,עלית קפסולות מקיאטו,גרמים,50.00,100 גרם,false,,16.90,0.3380,true,1,15040
7290105360328,false,עלית קפסולות אספרסו,,,עלית קפסולות אספרסו,גרמים,50.00,100 גרם,false,,16.90,0.3380,true,1,15041
7290105360335,false,עלית קפסולות אספרסו,,,עלית קפסולות אספרסו,גרמים,50.00,100 גרם,false,,16.90,0.3380,true,1,15042
7290105360755,false,שמן זית 3 חזק כתית י,,,שמן זית 3 חזק כתית י,מיליליטרים,750.00,"100 מ""ל",false,,33.90,0.0452,true,1,15043
7290105360762,false,שמן זית 1 עדין כתית,,,שמן זית 1 עדין כתית,מיליליטרים,750.00,"100 מ""ל",false,,33.90,0.0452,true,1,15044
7290105360878,false,תפוציפס מארז 4*50ג,,,תפוציפס מארז 4*50ג,גרמים,200.00,100 גרם,false,,10.90,0.0545,true,1,15917
7290105362339,false,יטבתה שמנת לבישול 15,,,יטבתה שמנת לבישול 15,מיליליטרים,250.00,"100 מ""ל",false,,7.90,0.0316,true,1,15576
7290105363602,false,כיף כף מקלות קלאסי 4,,,כיף כף מקלות קלאסי 4,גרמים,40.00,100 גרם,false,,4.90,0.1225,true,1,15045
7290105364289,false,כיף כף מקלות פצפוצים,,,כיף כף מקלות פצפוצים,גרמים,40.00,100 גרם,false,,4.90,0.1225,true,1,15046
7290105364302,false,כיף כף מקלות אגוזים,,,כיף כף מקלות אגוזים,גרמים,42.00,100 גרם,false,,4.90,0.1167,true,1,15047
7290105366023,false,אחלה חציל בטעם כבד 4,,,אחלה חציל בטעם כבד 4,גרמים,400.00,100 גרם,false,,14.90,0.0373,true,1,15577
7290105366993,false,סימפוניה פלפל שיפקה,,,סימפוניה פלפל שיפקה,גרמים,200.00,100 גרם,false,,11.50,0.0575,true,1,15580
7290105368904,false,יטבתה שמנת עמידה לקצ,,,יטבתה שמנת עמידה לקצ,מיליליטרים,250.00,"100 מ""ל",false,,7.50,0.0300,true,1,15585
7290105369130,false,סימפוניה שטראוס בצל,,,סימפוניה שטראוס בצל,גרמים,200.00,100 גרם,false,,11.50,0.0575,true,1,15588
7290105430458,false,תחליב רחצה שקדים משא,,,תחליב רחצה שקדים משא,מיליליטרים,750.00,"100 מ""ל",false,,19.90,0.0265,true,1,14581
7290105431516,false,פרי חטיפי תמרים ובוט,,,פרי חטיפי תמרים ובוט,גרמים,125.00,100 גרם,false,,14.90,0.1192,true,1,14583
7290105431868,false,פלמוליב סבון נוזלי ס,,,פלמוליב סבון נוזלי ס,מיליליטרים,500.00,"100 מ""ל",false,,15.90,0.0318,true,1,14584
7290105434050,false,דאו' ירוק רגיולר ספי,,,דאו' ירוק רגיולר ספי,גרמים,85.00,100 גרם,false,,13.90,0.1635,true,1,14588
7290105436382,false,פרי חטיפי בריאות תמר,,,פרי חטיפי בריאות תמר,גרמים,100.00,100 גרם,false,,16.90,0.1690,true,1,14590
7290105439499,false,מיונז הולנדי מאסטר ש,,,מיונז הולנדי מאסטר ש,גרמים,480.00,100 גרם,false,,11.90,0.0248,true,1,992
7290105439505,false,מאסטר שף  קרם בטעם מ,,,מאסטר שף  קרם בטעם מ,גרמים,479.00,100 גרם,false,,9.90,0.0207,true,1,554
7290105439581,false,מאסטר שף מאסטר שף חר,,,מאסטר שף מאסטר שף חר,מיליליטרים,370.00,"100 מ""ל",false,,9.90,0.0268,true,1,14592
7290105500151,false,וודקה פינלנדיה 700 מ,,,וודקה פינלנדיה 700 מ,מיליליטרים,700.00,"100 מ""ל",false,,60.90,0.0870,true,1,10538
7290105500236,false,גק דניאלס וויסקי 700,,,גק דניאלס וויסקי 700,מיליליטרים,700.00,"100 מ""ל",false,,99.90,0.1427,true,1,10539
7290105500953,false,ג'ק נדיאלס וויסקי דב,,,ג'ק נדיאלס וויסקי דב,מיליליטרים,700.00,"100 מ""ל",false,,99.90,0.1427,true,1,10541
7290105691224,false,חטיפי פריכונים טורטי,,,חטיפי פריכונים טורטי,גרמים,60.00,100 גרם,false,,7.50,0.1250,true,1,13178
7290105691248,false,חטיפי פריכונים טורטי,,,חטיפי פריכונים טורטי,גרמים,60.00,100 גרם,false,,7.50,0.1250,true,1,13179
7290105691897,false,קוסקוס עם חיטה מלאה,,,קוסקוס עם חיטה מלאה,גרמים,350.00,100 גרם,false,,7.40,0.0211,true,1,13183
7290105691934,false,"קמח שמרים אסם 1 ק""ג",,,"קמח שמרים אסם 1 ק""ג",אלף,1.00,"ק""ג",false,,8.90,8.9000,true,1,13184
7290105693341,false,במבה מאח.15 10*25גרם,,,במבה מאח.15 10*25גרם,גרמים,250.00,100 גרם,false,,14.90,0.0596,true,1,13191
7290105693457,false,עוגת הבית דמקה שוקו,,,עוגת הבית דמקה שוקו,גרמים,320.00,100 גרם,false,,11.90,0.0372,true,1,13192
7290105693952,false,פירורית זהב שומשום 2,,,פירורית זהב שומשום 2,גרמים,200.00,100 גרם,false,,6.50,0.0325,true,1,1096
7290105694904,false,אבקת מרק פטריות רכיב,,,אבקת מרק פטריות רכיב,גרמים,220.00,100 גרם,false,,13.90,0.0632,true,1,13194
7290105695024,false,פתיתים אפויים אורז ע,,,פתיתים אפויים אורז ע,גרמים,500.00,100 גרם,false,,6.90,0.0138,true,1,13196
7290105695321,false,הבית עוגות בראוניס פ,,,הבית עוגות בראוניס פ,גרמים,380.00,100 גרם,false,,15.90,0.0418,true,1,13197
7290105963864,false,חזרת אחלה 220 גרם,,,חזרת אחלה 220 גרם,גרמים,220.00,100 גרם,false,,11.90,0.0541,true,1,15593
7290105964564,false,אחלה חומוס אחלה 400ג,,,אחלה חומוס אחלה 400ג,גרמים,400.00,100 גרם,false,,7.90,0.0198,true,1,15594
7290105965738,false,דנונה משקה תות בננה,,,דנונה משקה תות בננה,גרמים,267.00,100 גרם,false,,4.90,0.0184,true,1,15595
7290105966469,false,חומץ בלסמי יד מרדכי,,,חומץ בלסמי יד מרדכי,גרמים,250.00,100 גרם,false,,13.90,0.0556,true,1,15055
7290105968098,false,אחלה קולסלאו 500ג,,,אחלה קולסלאו 500ג,גרמים,500.00,100 גרם,false,,14.90,0.0298,true,1,15596
7290105968654,false,שטראוס רביולי בטטה 4,,,שטראוס רביולי בטטה 4,גרמים,400.00,100 גרם,false,,16.90,0.0422,true,1,15597
7290105968777,false,פריכיות תחתית שוקלד,,,פריכיות תחתית שוקלד,גרמים,70.00,100 גרם,false,,7.90,0.1129,true,1,15056
7290105987037,false,סט קולבים  6 יחידות,,,סט קולבים  6 יחידות,אין,0.00,יחידה,false,,12.90,0.0000,true,1,6820
7290106520066,false,רבע לשבע 160 גרם,,,רבע לשבע 160 גרם,גרמים,160.00,100 גרם,false,,10.90,0.0681,true,1,15057
7290106520288,false,דנונה פרו תות 150 גר,,,דנונה פרו תות 150 גר,גרמים,150.00,100 גרם,false,,4.90,0.0327,true,1,15598
7290106520912,false,יטבתה שמנת לבישול 9%,,,יטבתה שמנת לבישול 9%,מיליליטרים,250.00,"100 מ""ל",false,,7.90,0.0316,true,1,15600
7290106521049,false,אחלה קוביות סלק 400,,,אחלה קוביות סלק 400,גרמים,400.00,100 גרם,false,,14.90,0.0373,true,1,15601
7290106521926,false,קפה טורקי עלית 150 ג,,,קפה טורקי עלית 150 ג,גרמים,150.00,100 גרם,false,,12.90,0.0860,true,1,15061
7290106524439,false,תפוציפס פופס 60 גרם,,,תפוציפס פופס 60 גרם,גרמים,60.00,100 גרם,false,,3.90,0.0650,true,1,15919
7290106525405,false,עלית קפסולות נטול למ,,,עלית קפסולות נטול למ,גרמים,50.00,100 גרם,false,,16.90,0.3380,true,1,15066
7290106526822,false,פריכיות עם תחתית שוק,,,פריכיות עם תחתית שוק,גרמים,80.00,100 גרם,false,,7.90,0.0988,true,1,15067
7290106528567,false,דוריטוס גריל 185 גר`,,,דוריטוס גריל 185 גר`,גרמים,185.00,100 גרם,false,,7.50,0.0405,true,1,15920
7290106528628,false,דוריטוס טבעי 185 גר`,,,דוריטוס טבעי 185 גר`,גרמים,185.00,100 גרם,false,,7.50,0.0405,true,1,15921
7290106528949,false,לקט ערוגות,,,לקט ערוגות,גרמים,450.00,100 גרם,false,,11.50,0.0256,true,1,15603
7290106571921,false,פיטנס עוגיות חמוציות,,,פיטנס עוגיות חמוציות,גרמים,180.00,100 גרם,false,,11.90,0.0661,true,1,1342
7290106572027,false,לחמית חמישה דגנים אס,,,לחמית חמישה דגנים אס,גרמים,190.00,100 גרם,false,,7.90,0.0416,true,1,13206
7290106572959,false,אפרופו קלאסי מאח.8 5,,,אפרופו קלאסי מאח.8 5,גרמים,75.00,100 גרם,false,,12.90,0.1720,true,1,13210
7290106572997,false,קמח שמרים לפיצה אסם,,,קמח שמרים לפיצה אסם,אלף,1.00,"ק""ג",false,,8.90,8.9000,true,1,13211
7290106573277,false,אסם קריספי טאפאס זית,,,אסם קריספי טאפאס זית,גרמים,150.00,100 גרם,false,,11.50,0.0767,true,1,13214
7290106573314,false,אסם קריספי טאפאס כפר,,,אסם קריספי טאפאס כפר,גרמים,150.00,100 גרם,false,,11.50,0.0767,true,1,13215
7290106574793,false,עוגת הבית שוקו שוקוצ,,,עוגת הבית שוקו שוקוצ,גרמים,350.00,100 גרם,false,,11.90,0.0340,true,1,13219
7290106574953,false,אסם בייגלה שטוחים שו,,,אסם בייגלה שטוחים שו,גרמים,300.00,100 גרם,false,,10.90,0.0363,true,1,13220
7290106574977,false,אסם בייגלה שטוחים עם,,,אסם בייגלה שטוחים עם,גרמים,300.00,100 גרם,false,,10.90,0.0363,true,1,13221
7290106575257,false,עוגת הבית סופלה בטעם,,,עוגת הבית סופלה בטעם,גרמים,340.00,100 גרם,false,,11.90,0.0350,true,1,13223
7290106575431,false,עוגת הבית סופלה בטעם,,,עוגת הבית סופלה בטעם,גרמים,340.00,100 גרם,false,,11.90,0.0350,true,1,13225
7290106576537,false,צבר חומוס מסעדה 700,,,צבר חומוס מסעדה 700,גרמים,700.00,100 גרם,false,,10.90,0.0156,true,1,13743
7290106576810,false,לה קרמריה ריבת חלב 1,,,לה קרמריה ריבת חלב 1,ארגז,1.40,ליטר,false,,22.90,16.3571,true,1,11861
7290106576834,false,גלידה קרמריה פונטש ב,,,גלידה קרמריה פונטש ב,ארגז,1.40,ליטר,false,,22.90,16.3571,true,1,11862
7290106576858,false,גלידה קרמריה תותים ב,,,גלידה קרמריה תותים ב,ארגז,1.40,ליטר,false,,22.90,16.3571,true,1,11863
7290106576971,false,לה קרמריה שוקולד בלג,,,לה קרמריה שוקולד בלג,ארגז,1.40,ליטר,false,,22.90,16.3571,true,1,11866
7290106577039,false,לה קרמריה שוקו וניל,,,לה קרמריה שוקו וניל,ארגז,1.40,ליטר,false,,22.90,16.3571,true,1,11868
7290106577541,false,צבר מרובע כרוב אדום,,,צבר מרובע כרוב אדום,גרמים,400.00,100 גרם,false,,12.50,0.0313,true,1,13748
7290106577572,false,צבר מרובע מטבוחה  40,,,צבר מרובע מטבוחה  40,גרמים,400.00,100 גרם,false,,12.90,0.0323,true,1,13749
7290106578692,false,במבה ביסלי מיקס 36*8,,,במבה ביסלי מיקס 36*8,גרמים,80.00,100 גרם,false,,4.50,0.0563,true,1,1344
7290106578821,false,עוגת הבית שמרים קלאס,,,עוגת הבית שמרים קלאס,גרמים,350.00,100 גרם,false,,16.90,0.0483,true,1,13232
7290106639812,false,כוס אפרופו,,,כוס אפרופו,אין,0.00,יחידה,false,,6.90,0.0000,true,1,197052
7290106653689,false,לקט לסלט אסייתי שטרא,,,לקט לסלט אסייתי שטרא,גרמים,350.00,100 גרם,false,,10.90,0.0311,true,1,15604
7290106654099,false,עוגות אישיות מילקי ק,,,עוגות אישיות מילקי ק,גרמים,272.00,100 גרם,false,,19.90,0.0732,true,1,15605
7290106662025,false,תפוציפס טבעי מלח פלפ,,,תפוציפס טבעי מלח פלפ,גרמים,50.00,100 גרם,false,,3.90,0.0780,true,1,15930
7290106663091,false,שטראוס לאבנה 9% 500,,,שטראוס לאבנה 9% 500,גרמים,500.00,100 גרם,false,,17.90,0.0358,true,1,15607
7290106663121,false,מילקי קייק עוגה בודד,,,מילקי קייק עוגה בודד,גרמים,34.00,100 גרם,false,,2.90,0.0853,true,1,15608
7290106663503,false,קונפיטורת לייט תות 2,,,קונפיטורת לייט תות 2,גרמים,230.00,100 גרם,false,,11.90,0.0517,true,1,1107
7290106663558,false,יד מרדכי רוטב טריאקי,,,יד מרדכי רוטב טריאקי,מיליליטרים,280.00,"100 מ""ל",false,,13.90,0.0496,true,1,15090
7290106664067,false,שטראוס לאבנה שמן זית,,,שטראוס לאבנה שמן זית,גרמים,400.00,100 גרם,false,,14.90,0.0373,true,1,15609
7290106664555,false,יטבתה רוטב שמנת עם ע,,,יטבתה רוטב שמנת עם ע,מיליליטרים,250.00,"100 מ""ל",false,,9.90,0.0396,true,1,15611
7290106666788,false,סוכריות נוסטלגיה דבש,,,סוכריות נוסטלגיה דבש,גרמים,80.00,100 גרם,false,,4.90,0.0613,true,1,15093
7290106667266,false,דוריטוס חמוץ חריף 18,,,דוריטוס חמוץ חריף 18,גרמים,185.00,100 גרם,false,,7.50,0.0405,true,1,15932
7290106668577,false,מיץ לימון טבעי יד מר,,,מיץ לימון טבעי יד מר,מיליליטרים,250.00,"100 מ""ל",false,,7.80,0.0312,true,1,15095
7290106668713,false,דנונה פירות יער3% 15,,,דנונה פירות יער3% 15,מיליליטרים,150.00,"100 מ""ל",false,,3.90,0.0260,true,1,15613
7290106669857,false,עלית קפסולות בטעם ונ,,,עלית קפסולות בטעם ונ,גרמים,50.00,100 גרם,false,,16.90,0.3380,true,1,15099
7290106720626,false,ציטוס  גבינה 80 גרם,,,ציטוס  גבינה 80 גרם,גרמים,80.00,100 גרם,false,,4.90,0.0613,true,1,15933
7290106721913,false,מאסט צנצנת ריח פה צ',,,מאסט צנצנת ריח פה צ',גרמים,66.00,100 גרם,false,,9.90,0.1500,true,1,1354
7290106721920,false,מאסט צנצנת ספירמינט,,,מאסט צנצנת ספירמינט,גרמים,66.00,100 גרם,false,,9.90,0.1500,true,1,1355
7290106723689,false,שטראוס תרד בייבי 200,,,שטראוס תרד בייבי 200,גרמים,200.00,100 גרם,false,,9.90,0.0495,true,1,15616
7290106725867,false,יד מרדכי סירופ מייפל,,,יד מרדכי סירופ מייפל,מיליליטרים,189.00,"100 מ""ל",false,,30.90,0.1635,true,1,15106
7290106725874,false,יד מרדכי סירופ מייפל,,,יד מרדכי סירופ מייפל,מיליליטרים,236.00,"100 מ""ל",false,,39.90,0.1691,true,1,15107
7290106726178,false,דנונה פרו בטעם פירות,,,דנונה פרו בטעם פירות,גרמים,150.00,100 גרם,false,,4.90,0.0327,true,1,15618
7290106727984,false,כיף כף פצפצים 135 גר,,,כיף כף פצפצים 135 גר,גרמים,135.00,100 גרם,false,,9.90,0.0733,true,1,15108
7290106728127,false,יטבתה חלב טבעי בקרטו,,,יטבתה חלב טבעי בקרטו,ארגז,1.00,ליטר,false,,7.70,7.7000,true,1,15620
7290106729650,false,דנונה יוגורט תות 8יח,,,דנונה יוגורט תות 8יח,אלף,1.20,"ק""ג",false,,24.90,20.7500,true,1,15622
7290107280013,false,ליטופים  מגבונים ללא,,,ליטופים  מגבונים ללא,אין,0.00,יחידה,false,,18.90,0.0000,true,1,19523
7290107280020,false,סנו סושי מגבונים לני,,,סנו סושי מגבונים לני,אין,0.00,יחידה,false,,19.90,0.0000,true,1,19524
7290107280068,false,2 תבניות אלומיניום X,,,2 תבניות אלומיניום X,אין,0.00,יחידה,false,,9.90,0.0000,true,1,19526
7290107280075,false,4 תבניות אלומיניום L,,,4 תבניות אלומיניום L,אין,0.00,יחידה,false,,9.90,0.0000,true,1,145422
7290107280082,false,7 תבניות אינגליש קיי,,,7 תבניות אינגליש קיי,אין,0.00,יחידה,false,,9.90,0.0000,true,1,145436
7290107280099,false,סנו סופט מגבוני טואל,,,סנו סופט מגבוני טואל,אין,0.00,יחידה,false,,15.90,0.0000,true,1,19527
7290107280341,false,ריצפז מטליות לחות לנ,,,ריצפז מטליות לחות לנ,אין,0.00,יחידה,false,,11.90,0.0000,true,1,19533
7290107280389,false,סנו ג'ט מתז לאמבט 75,,,סנו ג'ט מתז לאמבט 75,מיליליטרים,750.00,"100 מ""ל",false,,12.90,0.0172,true,1,19534
7290107280396,false,סנו ג'ט מתז למטבח 75,,,סנו ג'ט מתז למטבח 75,מיליליטרים,750.00,"100 מ""ל",false,,12.90,0.0172,true,1,19535
7290107280563,false,סנו ג'ל אוקסיג'ן ביי,,,סנו ג'ל אוקסיג'ן ביי,ארגז,3.00,ליטר,false,,30.90,10.3000,true,1,2160
7290107280570,false,מקסימה ג'ל כביסה מיק,,,מקסימה ג'ל כביסה מיק,ארגז,3.00,ליטר,false,,33.90,11.3000,true,1,19543
7290107280600,false,סנו ספארק טבליות למד,,,סנו ספארק טבליות למד,אין,0.00,יחידה,false,,60.90,0.0000,true,1,19546
7290107280709,false,סנו ספארק נוזל הברקה,,,סנו ספארק נוזל הברקה,מיליליטרים,700.00,"100 מ""ל",false,,14.90,0.0213,true,1,19548
7290107280716,false,סנו ספארק מלח למדיח,,,סנו ספארק מלח למדיח,אלף,2.00,"ק""ג",false,,12.90,6.4500,true,1,19549
7290107280723,false,סנו ספארק נוזל לניקו,,,סנו ספארק נוזל לניקו,מיליליטרים,700.00,"100 מ""ל",false,,8.90,0.0127,true,1,19550
7290107280730,false,סנו ספארק נוזל לניקו,,,סנו ספארק נוזל לניקו,מיליליטרים,700.00,"100 מ""ל",false,,8.90,0.0127,true,1,19552
7290107280747,false,סנו ספארק נוזל לניקו,,,סנו ספארק נוזל לניקו,מיליליטרים,700.00,"100 מ""ל",false,,8.90,0.0127,true,1,19553
7290107280754,false,ספארק נוזל לכלים עדי,,,ספארק נוזל לכלים עדי,מיליליטרים,700.00,"100 מ""ל",false,,8.90,0.0127,true,1,19554
7290107280761,false,ספארק נוזל לכלים לימ,,,ספארק נוזל לכלים לימ,אין,0.00,יחידה,false,,11.90,0.0000,true,1,19555
7290107341356,false,כבל אייפון,,,כבל אייפון,אין,0.00,יחידה,false,,19.90,0.0000,true,1,298009
7290107341363,false,כבל  מיקרו,,,כבל  מיקרו,אין,0.00,יחידה,false,,19.90,0.0000,true,1,321167
7290107341370,false,כבל  טייפ סי,,,כבל  טייפ סי,אין,0.00,יחידה,false,,19.90,0.0000,true,1,321168
7290107645584,false,מרק עוף אמיתי רכיבים,,,מרק עוף אמיתי רכיבים,גרמים,400.00,100 גרם,false,,19.90,0.0497,true,1,9144
7290107645591,false,מרק טעם עוף רכיבים ט,,,מרק טעם עוף רכיבים ט,גרמים,400.00,100 גרם,false,,14.80,0.0370,true,1,9145
7290107646062,false,מרק בצל רכיבים טבעיי,,,מרק בצל רכיבים טבעיי,גרמים,400.00,100 גרם,false,,19.90,0.0497,true,1,9147
7290107646147,false,חטיף שוגי קורנפלקס ת,,,חטיף שוגי קורנפלקס ת,גרמים,156.00,100 גרם,false,,12.90,0.0827,true,1,9148
7290107646826,false,חטיף שוגי שוקו שוקו,,,חטיף שוגי שוקו שוקו,גרמים,156.00,100 גרם,false,,12.90,0.0827,true,1,9154
7290107646833,false,חטיף שוגי פצפוצים שו,,,חטיף שוגי פצפוצים שו,גרמים,138.00,100 גרם,false,,12.90,0.0935,true,1,9155
7290107646918,false,קנור רוטב שקשוקה עגב,,,קנור רוטב שקשוקה עגב,מיליליטרים,415.00,"100 מ""ל",false,,9.90,0.0239,true,1,9157
7290107646925,false,ברנפלקס אקסטרה פייבר,,,ברנפלקס אקסטרה פייבר,גרמים,410.00,100 גרם,false,,21.90,0.0534,true,1,9158
7290107647656,false,מאגדת מיני סולרו קוק,,,מאגדת מיני סולרו קוק,גרמים,245.00,100 גרם,false,,21.90,0.0894,true,1,5968
7290107647731,false,קוקומן חום לבן 20% ת,,,קוקומן חום לבן 20% ת,גרמים,375.00,100 גרם,false,,18.90,0.0504,true,1,9167
7290107647816,false,ברנפלקס ללא סוכר בד',,,ברנפלקס ללא סוכר בד',גרמים,500.00,100 גרם,false,,20.90,0.0418,true,1,9172
7290107647823,false,"ברנפלקס תלמה בד""ץ 50",,,"ברנפלקס תלמה בד""ץ 50",גרמים,500.00,100 גרם,false,,20.90,0.0418,true,1,9173
7290107647854,false,שוגי 20% סוכר תלמה ב,,,שוגי 20% סוכר תלמה ב,גרמים,500.00,100 גרם,false,,19.90,0.0398,true,1,9174
7290107649100,false,בייגלה טבעות שומשום,,,בייגלה טבעות שומשום,גרמים,300.00,100 גרם,false,,9.90,0.0330,true,1,1131
7290107649605,false,טבלה קליק קורנפלקס ח,,,טבלה קליק קורנפלקס ח,גרמים,85.00,100 גרם,false,,4.90,0.0576,true,1,9187
7290107871532,false,מאגדת שלגוני דובדבן,,,מאגדת שלגוני דובדבן,גרמים,750.00,100 גרם,false,,18.90,0.0252,true,1,11870
7290107871990,false,פסטה צינורות אסם 500,,,פסטה צינורות אסם 500,גרמים,500.00,100 גרם,false,,5.90,0.0118,true,1,13237
7290107874502,false,ביסלי גריל 4*55 גרם,,,ביסלי גריל 4*55 גרם,גרמים,220.00,100 גרם,false,,12.90,0.0586,true,1,13249
7290107875004,false,פופקו חמאה ודבש מארז,,,פופקו חמאה ודבש מארז,גרמים,240.00,100 גרם,false,,18.90,0.0787,true,1,13250
7290107875271,false,ביסלי ברבקיו מארז 4*,,,ביסלי ברבקיו מארז 4*,גרמים,220.00,100 גרם,false,,12.90,0.0586,true,1,13253
7290107876889,false,במבה במילוי קרם נוגט,,,במבה במילוי קרם נוגט,גרמים,45.00,100 גרם,false,,4.50,0.1000,true,1,1345
7290107877619,false,במבה במילוי קרם נוגט,,,במבה במילוי קרם נוגט,גרמים,150.00,100 גרם,false,,13.90,0.0927,true,1,13261
7290107879132,false,מיני פריכיות שוקולד,,,מיני פריכיות שוקולד,גרמים,22.00,100 גרם,false,,4.90,0.2227,true,1,13756
7290107930321,false,יד מרדכי קונפיטורה ד,,,יד מרדכי קונפיטורה ד,גרמים,340.00,100 גרם,false,,11.90,0.0350,true,1,1356
7290107931397,false,כיף כף פצפצים 40גר`,,,כיף כף פצפצים 40גר`,גרמים,40.00,100 גרם,false,,4.90,0.1225,true,1,15112
7290107932080,false,יטבתה חלב בבקבוק 3%,,,יטבתה חלב בבקבוק 3%,ארגז,1.00,ליטר,false,,7.70,7.7000,true,1,15624
7290107932134,false,יטבתה חלב בבקבוק 1%,,,יטבתה חלב בבקבוק 1%,ארגז,1.00,ליטר,false,,7.70,7.7000,true,1,15625
7290107933155,false,לקט סלנובה 200 גרם,,,לקט סלנובה 200 גרם,גרמים,200.00,100 גרם,false,,12.90,0.0645,true,1,15626
7290107933193,false,שטראוס סלק מבושל בוו,,,שטראוס סלק מבושל בוו,גרמים,500.00,100 גרם,false,,7.90,0.0158,true,1,15627
7290107934473,false,אקטיביה מארז מיוחד 1,,,אקטיביה מארז מיוחד 1,אלף,1.20,"ק""ג",false,,19.90,16.5833,true,1,15633
7290107936309,false,דנונה יווני לבן 130,,,דנונה יווני לבן 130,גרמים,130.00,100 גרם,false,,3.10,0.0238,true,1,15637
7290107937542,false,משקה אקטיביה תות 1.2,,,משקה אקטיביה תות 1.2,מיליליטרים,265.00,"100 מ""ל",false,,4.90,0.0185,true,1,15639
7290107937641,false,צנצנת קוביות בזוקה 5,,,צנצנת קוביות בזוקה 5,גרמים,58.00,100 גרם,false,,9.90,0.1707,true,1,1359
7290107937856,false,עלית קפסולות בטעם נס,,,עלית קפסולות בטעם נס,גרמים,50.00,100 גרם,false,,16.90,0.3380,true,1,15125
7290107938396,false,דנונה Actimel בנים ב,,,דנונה Actimel בנים ב,גרמים,864.00,100 גרם,false,,20.90,0.0242,true,1,15640
7290107939027,false,גזרדק דק 250 גרם בד`,,,גזרדק דק 250 גרם בד`,גרמים,250.00,100 גרם,false,,7.90,0.0316,true,1,15644
7290107940030,false,חומוס אחלה 650 גר,,,חומוס אחלה 650 גר,גרמים,650.00,100 גרם,false,,8.90,0.0137,true,1,15647
7290107941259,false,עדשים ירוקות מבושלות,,,עדשים ירוקות מבושלות,גרמים,475.00,100 גרם,false,,11.90,0.0251,true,1,15650
7290107941266,false,שעועית אדומה מבושלת,,,שעועית אדומה מבושלת,גרמים,475.00,100 גרם,false,,14.90,0.0314,true,1,15651
7290107941273,false,חומוס מבושל 475 גרם,,,חומוס מבושל 475 גרם,גרמים,475.00,100 גרם,false,,11.90,0.0251,true,1,15652
7290107942355,false,תפוציפס מקלות בטעם ט,,,תפוציפס מקלות בטעם ט,יח',60.00,יח',false,,3.90,0.0650,true,1,15939
7290107944472,false,סימפוניה 5% שום שמיר,,,סימפוניה 5% שום שמיר,גרמים,200.00,100 גרם,false,,11.50,0.0575,true,1,15659
7290107945165,false,יד מרדכי קונפיטורת מ,,,יד מרדכי קונפיטורת מ,גרמים,340.00,100 גרם,false,,11.90,0.0350,true,1,1360
7290107950190,false,מעדן דיאט שוקולד מרי,,,מעדן דיאט שוקולד מרי,גרמים,130.00,100 גרם,false,,3.50,0.0269,true,1,15678
7290107950206,false,מעדן דיאט שוקולד % 0,,,מעדן דיאט שוקולד % 0,גרמים,130.00,100 גרם,false,,3.50,0.0269,true,1,15679
7290107951104,false,בפלות 200 גרם שוקולד,,,בפלות 200 גרם שוקולד,גרמים,200.00,100 גרם,false,,4.50,0.0225,true,1,15165
7290107951715,false,מאסט צנצנת קוביות ענ,,,מאסט צנצנת קוביות ענ,גרמים,58.00,100 גרם,false,,9.90,0.1707,true,1,1363
7290107954709,false,יד מרדכי קונפיטורת פ,,,יד מרדכי קונפיטורת פ,גרמים,340.00,100 גרם,false,,11.90,0.0350,true,1,1364
7290107954976,false,משקה פרו בטעם קפה יט,,,משקה פרו בטעם קפה יט,מיליליטרים,350.00,"100 מ""ל",false,,6.90,0.0197,true,1,15692
7290107956901,false,עלית קפסולות אספרסו,,,עלית קפסולות אספרסו,גרמים,150.00,100 גרם,false,,16.90,0.1127,true,1,15196
7290107956925,false,עלית קפסולות אוגנדה,,,עלית קפסולות אוגנדה,גרמים,50.00,100 גרם,false,,16.90,0.3380,true,1,15197
7290107956932,false,עלית קפסולות אידונזי,,,עלית קפסולות אידונזי,גרמים,50.00,100 גרם,false,,16.90,0.3380,true,1,15198
7290107957991,false,"מילקי מייניס 9*16 מ""",,,"מילקי מייניס 9*16 מ""",גרמים,144.00,100 גרם,false,,12.90,0.0896,true,1,15707
7290107958035,false,8 דנונה מתיקות מעודנ,,,8 דנונה מתיקות מעודנ,אלף,1.20,"ק""ג",false,,18.50,15.4167,true,1,15708
7290107971751,false,קולגייט מי פה טוטל כ,,,קולגייט מי פה טוטל כ,מיליליטרים,500.00,"100 מ""ל",false,,30.90,0.0618,true,1,14598
7290107973014,false,פלמוליב סבון ידיים ח,,,פלמוליב סבון ידיים ח,מיליליטרים,300.00,"100 מ""ל",false,,9.90,0.0330,true,1,14601
7290107973793,false,עגבניות שלמות מאסטר,,,עגבניות שלמות מאסטר,גרמים,400.00,100 גרם,false,,4.90,0.0123,true,1,14604
7290107973809,false,קוביות עגבניות מאסטר,,,קוביות עגבניות מאסטר,גרמים,400.00,100 גרם,false,,4.90,0.0123,true,1,14605
7290107973861,false,עגבניות קצוצות דק מא,,,עגבניות קצוצות דק מא,אלף,1.20,"ק""ג",false,,15.90,13.2500,true,1,14606
7290107974066,false,עלי טורטיה קמח מלא מ,,,עלי טורטיה קמח מלא מ,גרמים,320.00,100 גרם,false,,9.90,0.0309,true,1,14611
7290107974073,false,עלי טורטיה קמח לבן מ,,,עלי טורטיה קמח לבן מ,גרמים,320.00,100 גרם,false,,9.90,0.0309,true,1,14612
7290107974080,false,עלי טורטיה קמח לבן מ,,,עלי טורטיה קמח לבן מ,גרמים,820.00,100 גרם,false,,15.90,0.0194,true,1,14613
7290107974820,false,מאסטר שף ממרח מתובל,,,מאסטר שף ממרח מתובל,גרמים,252.00,100 גרם,false,,7.90,0.0313,true,1,14620
7290107975346,false,דאו' ג'ל כח הטבע אול,,,דאו' ג'ל כח הטבע אול,גרמים,65.00,100 גרם,false,,14.90,0.2292,true,1,14624
7290107977456,false,פלמוליב לגבר 2 ב-1 ג,,,פלמוליב לגבר 2 ב-1 ג,מיליליטרים,750.00,"100 מ""ל",false,,19.90,0.0265,true,1,116477
7290107978101,false,אופטיק וייט אקסטרה פ,,,אופטיק וייט אקסטרה פ,מיליליטרים,75.00,"100 מ""ל",false,,29.90,0.3987,true,1,14638
7290107978323,false,איטריות דקיקות מאסטר,,,איטריות דקיקות מאסטר,גרמים,400.00,100 גרם,false,,5.90,0.0148,true,1,392
7290107978330,false,איטריות דקות מאסטר ש,,,איטריות דקות מאסטר ש,גרמים,400.00,100 גרם,false,,5.90,0.0148,true,1,393
7290107978347,false,איטריות בינוניות מאס,,,איטריות בינוניות מאס,גרמים,400.00,100 גרם,false,,5.90,0.0148,true,1,394
7290107978453,false,קראנצו'ס גריל 55 גרם,,,קראנצו'ס גריל 55 גרם,גרמים,55.00,100 גרם,false,,3.90,0.0709,true,1,14640
7290107978637,false,משחת שיניים מרידול 7,,,משחת שיניים מרידול 7,מיליליטרים,75.00,"100 מ""ל",false,,19.90,0.2653,true,1,14642
7290108070316,false,שקית 50 פסטל,,,שקית 50 פסטל,אין,0.00,יחידה,false,,11.90,0.0000,true,1,21117
7290108201864,false,קולון קפסולות לכביסה,,,קולון קפסולות לכביסה,אין,0.00,יחידה,false,,24.90,0.0000,true,1,14289
7290108350128,false,סנו סושי שקיות חזקות,,,סנו סושי שקיות חזקות,אין,0.00,יחידה,false,,24.90,0.0000,true,1,19559
7290108350142,false,סנו סושי שקיות רב שי,,,סנו סושי שקיות רב שי,אין,0.00,יחידה,false,,13.90,0.0000,true,1,19560
7290108350180,false,סנו סושי מפיות מודפס,,,סנו סושי מפיות מודפס,אין,0.00,יחידה,false,,7.90,0.0000,true,1,19561
7290108350203,false,כריות קרצוף עם ספוג,,,כריות קרצוף עם ספוג,אין,0.00,יחידה,false,,9.90,0.0000,true,1,19562
7290108350210,false,סושי שקיות אקסטרא חז,,,סושי שקיות אקסטרא חז,אין,0.00,יחידה,false,,24.90,0.0000,true,1,19563
7290108350531,false,סנו ספארק משאבה בניח,,,סנו ספארק משאבה בניח,ארגז,1.00,ליטר,false,,11.90,11.9000,true,1,19569
7290108350548,false,סנו ספארק משאבה בניח,,,סנו ספארק משאבה בניח,ארגז,1.00,ליטר,false,,11.90,11.9000,true,1,19570
7290108350555,false,סנו ספארק משאבה בניח,,,סנו ספארק משאבה בניח,ארגז,1.00,ליטר,false,,11.90,11.9000,true,1,19571
7290108350586,false,ספארק נוזל כלים בניח,,,ספארק נוזל כלים בניח,ארגז,1.50,ליטר,false,,14.90,9.9333,true,1,3253
7290108350616,false,מרכך כביסה מקסימה סו,,,מרכך כביסה מקסימה סו,אין,0.00,יחידה,false,,18.90,0.0000,true,1,19572
7290108350623,false,מרכך כביסה מקסימה סו,,,מרכך כביסה מקסימה סו,אין,0.00,יחידה,false,,18.90,0.0000,true,1,19573
7290108350715,false,פורטה פרי 750 מ`ל,,,פורטה פרי 750 מ`ל,מיליליטרים,750.00,"100 מ""ל",false,,14.90,0.0199,true,1,19579
7290108350722,false,משחת שיניים אורביטול,,,משחת שיניים אורביטול,גרמים,70.00,100 גרם,false,,7.90,0.1129,true,1,38190
7290108351118,false,K4000,,,K4000,מיליליטרים,750.00,"100 מ""ל",false,,31.90,0.0425,true,1,19588
7290108351149,false,סנו ג`ט פלוס לניקוי,,,סנו ג`ט פלוס לניקוי,אין,0.00,יחידה,false,,12.90,0.0000,true,1,19589
7290108351156,false,סנו ג`ט פלוס לניקוי,,,סנו ג`ט פלוס לניקוי,אין,0.00,יחידה,false,,12.90,0.0000,true,1,19590
7290108351491,false,סנו אוקסיג` אבקה עוצ,,,סנו אוקסיג` אבקה עוצ,גרמים,720.00,100 גרם,false,,14.90,0.0207,true,1,496
7290108351507,false,מרכך כביסה סנו מקסימ,,,מרכך כביסה סנו מקסימ,ארגז,4.00,ליטר,false,,22.90,5.7250,true,1,19591
7290108351514,false,מרכך כביסה סנו מקסימ,,,מרכך כביסה סנו מקסימ,ארגז,4.00,ליטר,false,,22.90,5.7250,true,1,19592
7290108351521,false,סנו מקסימה ג`ל כביסה,,,סנו מקסימה ג`ל כביסה,ארגז,5.00,ליטר,false,,47.90,9.5800,true,1,19593
7290108351538,false,סנו פרש הום -מבשם יב,,,סנו פרש הום -מבשם יב,מיליליטרים,200.00,"100 מ""ל",false,,11.90,0.0595,true,1,19594
7290108351552,false,סנו ג'ט מתז חומץ 750,,,סנו ג'ט מתז חומץ 750,מיליליטרים,750.00,"100 מ""ל",false,,12.90,0.0172,true,1,19596
7290108351583,false,סנו ג'ט+לניקוי אסלות,,,סנו ג'ט+לניקוי אסלות,מיליליטרים,750.00,"100 מ""ל",false,,11.90,0.0159,true,1,19598
7290108351590,false,סנו פרש BLUE BLOSSOM,,,סנו פרש BLUE BLOSSOM,מיליליטרים,350.00,"100 מ""ל",false,,11.90,0.0340,true,1,19599
7290108351606,false,סנו פרש הום סופט סיל,,,סנו פרש הום סופט סיל,מיליליטרים,350.00,"100 מ""ל",false,,11.90,0.0340,true,1,19600
7290108351613,false,ריצפז פרש הום מלון ח,,,ריצפז פרש הום מלון ח,ארגז,2.00,ליטר,false,,21.90,10.9500,true,1,19601
7290108351682,false,ג'ל כביסה סנו מקסימה,,,ג'ל כביסה סנו מקסימה,ארגז,5.00,ליטר,false,,47.90,9.5800,true,1,19607
7290108351699,false,מגבונים ג'ט+חומץ מאר,,,מגבונים ג'ט+חומץ מאר,אין,0.00,יחידה,false,,16.90,0.0000,true,1,19608
7290108351705,false,פניני בישום לכביסה כ,,,פניני בישום לכביסה כ,גרמים,275.00,100 גרם,false,,19.90,0.0724,true,1,19609
7290108351804,false,סנו מקסימה מרכך כביס,,,סנו מקסימה מרכך כביס,אין,0.00,יחידה,false,,18.90,0.0000,true,1,19616
7290108351811,false,סנו מקסימה מרכך כביס,,,סנו מקסימה מרכך כביס,אין,0.00,יחידה,false,,18.90,0.0000,true,1,19617
7290108351835,false,מרכך כביסה סנו מקסימ,,,מרכך כביסה סנו מקסימ,ארגז,4.00,ליטר,false,,22.90,5.7250,true,1,19619
7290108351972,false,סנו פרש הום יבש לבית,,,סנו פרש הום יבש לבית,אין,200.00,יחידה,false,,11.90,0.0595,true,1,19631
7290108352009,false,קפסולות למדיח ספארק,,,קפסולות למדיח ספארק,יח',50.00,יח',false,,40.90,0.8180,true,1,19633
7290108352047,false,אורביטול מברשת לחניכ,,,אורביטול מברשת לחניכ,אין,0.00,יחידה,false,,19.00,0.0000,true,1,264645
7290108352054,false,אורביטול מברשת לניקו,,,אורביטול מברשת לניקו,אין,0.00,יחידה,false,,19.00,0.0000,true,1,264659
7290108352061,false,אורביטול משחת שיניים,,,אורביטול משחת שיניים,גרמים,145.00,100 גרם,false,,14.90,0.1028,true,1,420212
7290108352092,false,אורביטול משחת שיניים,,,אורביטול משחת שיניים,גרמים,145.00,100 גרם,false,,17.90,0.1234,true,1,19635
7290108352115,false,סנובון עם אקונומיקה,,,סנובון עם אקונומיקה,גרמים,135.00,100 גרם,false,,11.90,0.0881,true,1,19637
7290108352207,false,קפס' כביסה בניחוח פל,,,קפס' כביסה בניחוח פל,גרמים,840.00,100 גרם,false,,35.90,0.0427,true,1,19641
7290108352214,false,קפסולות כביסה בניחוח,,,קפסולות כביסה בניחוח,גרמים,840.00,100 גרם,false,,35.90,0.0427,true,1,19642
7290108352221,false,סנו פרש הום מלון מפנ,,,סנו פרש הום מלון מפנ,מיליליטרים,350.00,"100 מ""ל",false,,11.90,0.0340,true,1,19643
7290108352252,false,ספארק נוזל לכלים  1,,,ספארק נוזל לכלים  1,אין,0.00,יחידה,false,,11.90,0.0000,true,1,19644
7290108352269,false,מטליות לחיטוי ולניקו,,,מטליות לחיטוי ולניקו,אין,0.00,יחידה,false,,30.90,0.0000,true,1,19645
7290108352337,false,סנו פרש הום אוטומטיק,,,סנו פרש הום אוטומטיק,גרמים,250.00,100 גרם,false,,13.90,0.0556,true,1,19651
7290108352399,false,ריצפז פרש הום פלורל,,,ריצפז פרש הום פלורל,ארגז,2.00,ליטר,false,,21.90,10.9500,true,1,209976
7290108352412,false,סנו פרש הום מטהר אוי,,,סנו פרש הום מטהר אוי,מיליליטרים,300.00,"100 מ""ל",false,,12.90,0.0430,true,1,19656
7290108352429,false,סנו פרש הום מטהר אוי,,,סנו פרש הום מטהר אוי,מיליליטרים,300.00,"100 מ""ל",false,,12.90,0.0430,true,1,19657
7290108352528,false,מתז לחיטוי וניקוי חד,,,מתז לחיטוי וניקוי חד,מיליליטרים,750.00,"100 מ""ל",false,,12.90,0.0172,true,1,79891
7290108352535,false,דפי בישום לחים למייב,,,דפי בישום לחים למייב,אין,0.00,יחידה,false,,12.90,0.0000,true,1,142969
7290108352566,false,מרכך JOY בבישום עוצמ,,,מרכך JOY בבישום עוצמ,ארגז,4.00,ליטר,false,,22.90,5.7250,true,1,142886
7290108352573,false,מרכך כביסה  CALM בבי,,,מרכך כביסה  CALM בבי,ארגז,4.00,ליטר,false,,22.90,5.7250,true,1,283785
7290108352597,false,מגבונים בדלי 400 יח',,,מגבונים בדלי 400 יח',אין,0.00,יחידה,false,,30.90,0.0000,true,1,19662
7290108352641,false,סנו סושי מטלית הפלא,,,סנו סושי מטלית הפלא,אין,0.00,יחידה,false,,14.90,0.0000,true,1,19666
7290108352672,false,סנו סושי זוג מטלית ה,,,סנו סושי זוג מטלית ה,אין,0.00,יחידה,false,,19.90,0.0000,true,1,19669
7290108352795,false,סנו סושי שקיות זיפר,,,סנו סושי שקיות זיפר,אין,0.00,יחידה,false,,12.90,0.0000,true,1,19674
7290108352801,false,סנו סושי 100 שקיות א,,,סנו סושי 100 שקיות א,יח',100.00,יח',false,,19.90,0.1990,true,1,19675
7290108352825,false,סנו סושי-ספוג הפלא נ,,,סנו סושי-ספוג הפלא נ,יח',3.00,יח',false,,9.90,3.3000,true,1,19677
7290108352849,false,סנו סושי מטלית הפלא,,,סנו סושי מטלית הפלא,אין,0.00,יחידה,false,,14.90,0.0000,true,1,19679
7290108352863,false,סנו סושי-20 שקיות צל,,,סנו סושי-20 שקיות צל,אין,0.00,יחידה,false,,7.90,0.0000,true,1,19681
7290108352900,false,סנו סושי מגבות נייר,,,סנו סושי מגבות נייר,אין,0.00,יחידה,false,,21.90,0.0000,true,1,19685
7290108353006,false,סנו סושי 250 שקיות א,,,סנו סושי 250 שקיות א,אין,0.00,יחידה,false,,13.90,0.0000,true,1,19695
7290108353020,false,סנו-סושי-4 תבניות אפ,,,סנו-סושי-4 תבניות אפ,אין,0.00,יחידה,false,,12.90,0.0000,true,1,19697
7290108353037,false,סנו-סושי-4 תבניות אפ,,,סנו-סושי-4 תבניות אפ,אין,0.00,יחידה,false,,12.90,0.0000,true,1,19698
7290108353068,false,סנו סושי-כרית קרצוף,,,סנו סושי-כרית קרצוף,יח',3.00,יח',false,,9.90,3.3000,true,1,19701
7290108353075,false,סנו סושי 50 מפיות אי,,,סנו סושי 50 מפיות אי,אין,0.00,יחידה,false,,10.90,0.0000,true,1,19702
7290108353082,false,סנו סופט 120 ממחטות,,,סנו סופט 120 ממחטות,אין,0.00,יחידה,false,,8.90,0.0000,true,1,19703
7290108353099,false,סנו סופט 500 ממחטות,,,סנו סופט 500 ממחטות,אין,0.00,יחידה,false,,11.90,0.0000,true,1,19704
7290108353372,false,אורביטול מברשת שיניי,,,אורביטול מברשת שיניי,אין,0.00,יחידה,false,,30.90,0.0000,true,1,420227
7290108353471,false,סנובון דזיין בניחוח,,,סנובון דזיין בניחוח,אין,0.00,יחידה,false,,6.90,0.0000,true,1,19713
7290108353501,false,שקיות אשפה עם ידיות,,,שקיות אשפה עם ידיות,אין,0.00,יחידה,false,,19.90,0.0000,true,1,19715
7290108353518,false,סנו סושי 2 תבניות אל,,,סנו סושי 2 תבניות אל,אין,0.00,יחידה,false,,12.90,0.0000,true,1,19716
7290108353525,false,סנו סושי 4 תבניות אל,,,סנו סושי 4 תבניות אל,אין,0.00,יחידה,false,,12.90,0.0000,true,1,19717
7290108353532,false,שקיות אשפה בגליל סנו,,,שקיות אשפה בגליל סנו,אין,0.00,יחידה,false,,30.90,0.0000,true,1,19718
7290108353549,false,נייר אפיה סנו סושי 1,,,נייר אפיה סנו סושי 1,אין,0.00,יחידה,false,,19.90,0.0000,true,1,19719
7290108353648,false,סנו סושי 70 שקיות או,,,סנו סושי 70 שקיות או,אין,0.00,יחידה,false,,10.90,0.0000,true,1,19725
7290108353655,false,סנו סושי 50 מפיות אי,,,סנו סושי 50 מפיות אי,אין,0.00,יחידה,false,,10.90,0.0000,true,1,19726
7290108353693,false,צלחות ק.סוכר סנו סוש,,,צלחות ק.סוכר סנו סוש,אין,0.00,יחידה,false,,16.90,0.0000,true,1,19729
7290108353730,false,תחליב רחצה חימר אוכמ,,,תחליב רחצה חימר אוכמ,מיליליטרים,500.00,"100 מ""ל",false,,12.90,0.0258,true,1,285756
7290108353747,false,קרמה תחליב רחצה ספא,,,קרמה תחליב רחצה ספא,מיליליטרים,600.00,"100 מ""ל",false,,18.90,0.0315,true,1,425276
7290108353761,false,קרמה תחליב רחצה ספא,,,קרמה תחליב רחצה ספא,מיליליטרים,600.00,"100 מ""ל",false,,18.90,0.0315,true,1,425277
7290108353785,false,תחליב רחצה מרוקו טונ,,,תחליב רחצה מרוקו טונ,מיליליטרים,750.00,"100 מ""ל",false,,11.90,0.0159,true,1,19731
7290108353815,false,קרמה תחליב רחצה ספא,,,קרמה תחליב רחצה ספא,מיליליטרים,600.00,"100 מ""ל",false,,18.90,0.0315,true,1,425278
7290108353952,false,דאודורנט ספריי ReFre,,,דאודורנט ספריי ReFre,מיליליטרים,150.00,"100 מ""ל",false,,12.90,0.0860,true,1,130525
7290108354225,false,סנו מדיק ג'ל לניקוי,,,סנו מדיק ג'ל לניקוי,מיליליטרים,100.00,"100 מ""ל",false,,9.90,0.0990,true,1,19743
7290108354270,false,מרכך בבישום עוצמתי מ,,,מרכך בבישום עוצמתי מ,ארגז,1.00,ליטר,false,,18.90,18.9000,true,1,142872
7290108354430,false,שמפו כיף לשיקום והזנ,,,שמפו כיף לשיקום והזנ,מיליליטרים,700.00,"100 מ""ל",false,,11.90,0.0170,true,1,49469
7290108354447,false,מרכך כיף לשיקום והזנ,,,מרכך כיף לשיקום והזנ,מיליליטרים,700.00,"100 מ""ל",false,,11.90,0.0170,true,1,49470
7290108354577,false,דאודורנט רול און קרמ,,,דאודורנט רול און קרמ,מיליליטרים,75.00,"100 מ""ל",false,,12.90,0.1720,true,1,142646
7290108354614,false,מרכך לשיער ביו נקה 7,,,מרכך לשיער ביו נקה 7,מיליליטרים,750.00,"100 מ""ל",false,,11.90,0.0159,true,1,381373
7290108354621,false,מסכה לשיער עם אפרסק,,,מסכה לשיער עם אפרסק,מיליליטרים,500.00,"100 מ""ל",false,,24.90,0.0498,true,1,422289
7290108354706,false,תחליב רחצה מאסק קרמה,,,תחליב רחצה מאסק קרמה,מיליליטרים,500.00,"100 מ""ל",false,,12.90,0.0258,true,1,142927
7290108354713,false,תחליב רחצה קלאסי קרמ,,,תחליב רחצה קלאסי קרמ,מיליליטרים,500.00,"100 מ""ל",false,,12.90,0.0258,true,1,142941
7290108354768,false,קרם גוף קרמה דבש 500,,,קרם גוף קרמה דבש 500,מיליליטרים,500.00,"100 מ""ל",false,,24.90,0.0498,true,1,132804
7290108354829,false,קרם ידיים קרמה ורד ו,,,קרם ידיים קרמה ורד ו,מיליליטרים,100.00,"100 מ""ל",false,,9.90,0.0990,true,1,19746
7290108354911,false,שמפו  ג'ל רחצה וגילו,,,שמפו  ג'ל רחצה וגילו,מיליליטרים,700.00,"100 מ""ל",false,,18.90,0.0270,true,1,19753
7290108355031,false,אל סבון מיניונים נקה,,,אל סבון מיניונים נקה,מיליליטרים,750.00,"100 מ""ל",false,,11.90,0.0159,true,1,19759
7290108355062,false,לחות מקצועית עם קרטי,,,לחות מקצועית עם קרטי,מיליליטרים,400.00,"100 מ""ל",false,,30.90,0.0772,true,1,19761
7290108355468,false,דאודורנט רול און נרו,,,דאודורנט רול און נרו,מיליליטרים,75.00,"100 מ""ל",false,,12.90,0.1720,true,1,19783
7290108356090,false,קרמה תרחיץ ג'ל לשטיפ,,,קרמה תרחיץ ג'ל לשטיפ,מיליליטרים,220.00,"100 מ""ל",false,,19.90,0.0905,true,1,78437
7290108356113,false,תחליב רחצה דבש כיף 7,,,תחליב רחצה דבש כיף 7,מיליליטרים,700.00,"100 מ""ל",false,,11.90,0.0170,true,1,19820
7290108356120,false,תחליב רחצה קוקוס וני,,,תחליב רחצה קוקוס וני,מיליליטרים,700.00,"100 מ""ל",false,,11.90,0.0170,true,1,19821
7290108356137,false,תחליב רחצה לבנדר כיף,,,תחליב רחצה לבנדר כיף,מיליליטרים,700.00,"100 מ""ל",false,,11.90,0.0170,true,1,19822
7290108356151,false,תחליב רחצה מאסק יסמי,,,תחליב רחצה מאסק יסמי,מיליליטרים,700.00,"100 מ""ל",false,,11.90,0.0170,true,1,19824
7290108356168,false,תחליב רחצה אוקיינוס,,,תחליב רחצה אוקיינוס,מיליליטרים,700.00,"100 מ""ל",false,,11.90,0.0170,true,1,19825
7290108356373,false,מדיק מיניונים סנו 30,,,מדיק מיניונים סנו 30,גרמים,30.00,100 גרם,false,,9.90,0.3300,true,1,19834
7290108356489,false,תחליב רחצה אפרסק וחמ,,,תחליב רחצה אפרסק וחמ,מיליליטרים,700.00,"100 מ""ל",false,,11.90,0.0170,true,1,285602
7290108356519,false,שמפו לשיער בתוספת שמ,,,שמפו לשיער בתוספת שמ,מיליליטרים,700.00,"100 מ""ל",false,,13.90,0.0199,true,1,210509
7290108356526,false,שמפו לשיער יבש קרליי,,,שמפו לשיער יבש קרליי,מיליליטרים,700.00,"100 מ""ל",false,,13.90,0.0199,true,1,210549
7290108356533,false,שמפו לשיער מתולתל קר,,,שמפו לשיער מתולתל קר,מיליליטרים,700.00,"100 מ""ל",false,,13.90,0.0199,true,1,210563
7290108356564,false,מרכך לשיער רגיל קרלי,,,מרכך לשיער רגיל קרלי,מיליליטרים,700.00,"100 מ""ל",false,,13.90,0.0199,true,1,210579
7290108356571,false,מרכך לשיער יבש קרליי,,,מרכך לשיער יבש קרליי,מיליליטרים,700.00,"100 מ""ל",false,,13.90,0.0199,true,1,210580
7290108356588,false,מרכך לשיער מתולתל קר,,,מרכך לשיער מתולתל קר,מיליליטרים,700.00,"100 מ""ל",false,,13.90,0.0199,true,1,210581
7290108356816,false,סבון בוטני גרניום לנ,,,סבון בוטני גרניום לנ,ארגז,1.00,ליטר,false,,15.90,15.9000,true,1,422319
7290108357004,false,כיף שמפו לשיער ורד ו,,,כיף שמפו לשיער ורד ו,מיליליטרים,700.00,"100 מ""ל",false,,11.90,0.0170,true,1,19836
7290108357011,false,כיף מרכך לשיער ורד ו,,,כיף מרכך לשיער ורד ו,מיליליטרים,700.00,"100 מ""ל",false,,11.90,0.0170,true,1,19837
7290108357028,false,כיף תחליב רחצה ורד ו,,,כיף תחליב רחצה ורד ו,מיליליטרים,700.00,"100 מ""ל",false,,11.90,0.0170,true,1,19838
7290108357073,false,דיאודורנט ספריי בניח,,,דיאודורנט ספריי בניח,מיליליטרים,150.00,"100 מ""ל",false,,12.90,0.0860,true,1,285701
7290108357196,false,סנו ג'ט פלוס לניקוי,,,סנו ג'ט פלוס לניקוי,מיליליטרים,750.00,"100 מ""ל",false,,12.90,0.0172,true,1,95730
7290108357202,false,סנו קליר אקדח בניחוח,,,סנו קליר אקדח בניחוח,ארגז,1.00,ליטר,false,,11.90,11.9000,true,1,54756
7290108357226,false,אוקסיג'ן אבקה  להסרת,,,אוקסיג'ן אבקה  להסרת,אלף,1.40,"ק""ג",false,,29.90,21.3571,true,1,250533
7290108357233,false,מטליות לחות לניקוי ו,,,מטליות לחות לניקוי ו,אין,0.00,יחידה,false,,12.90,0.0000,true,1,250182
7290108357264,false,מבשם לבית בניחוח אול,,,מבשם לבית בניחוח אול,גרמים,250.00,100 גרם,false,,13.90,0.0556,true,1,382876
7290108357271,false,סנובון ג'ל לניקוי אס,,,סנובון ג'ל לניקוי אס,מיליליטרים,750.00,"100 מ""ל",false,,11.90,0.0159,true,1,382904
7290108357295,false,מרסס אוקסיג'ן מסיר כ,,,מרסס אוקסיג'ן מסיר כ,מיליליטרים,750.00,"100 מ""ל",false,,17.90,0.0239,true,1,382890
7290108357431,false,קרם גוף  קרמה בריזת,,,קרם גוף  קרמה בריזת,מיליליטרים,500.00,"100 מ""ל",false,,24.90,0.0498,true,1,19843
7290108357493,false,קרמה תחליב רחצה וניל,,,קרמה תחליב רחצה וניל,מיליליטרים,700.00,"100 מ""ל",false,,16.90,0.0241,true,1,54717
7290108357509,false,קרם גוף קרמה וניל ופ,,,קרם גוף קרמה וניל ופ,מיליליטרים,500.00,"100 מ""ל",false,,24.90,0.0498,true,1,77848
7290108357707,false,שמפו לשיער רגיל תפוח,,,שמפו לשיער רגיל תפוח,מיליליטרים,700.00,"100 מ""ל",false,,11.90,0.0170,true,1,19844
7290108357714,false,שמפו לשיער יבש רימונ,,,שמפו לשיער יבש רימונ,מיליליטרים,700.00,"100 מ""ל",false,,11.90,0.0170,true,1,19845
7290108357776,false,מרכך לשיער יבש רימונ,,,מרכך לשיער יבש רימונ,מיליליטרים,700.00,"100 מ""ל",false,,11.90,0.0170,true,1,19850
7290108357851,false,ג'ל רחצה מועשר בשמן,,,ג'ל רחצה מועשר בשמן,מיליליטרים,700.00,"100 מ""ל",false,,12.90,0.0184,true,1,211198
7290108357875,false,שמפו לחות מוגברת אפר,,,שמפו לחות מוגברת אפר,מיליליטרים,700.00,"100 מ""ל",false,,11.90,0.0170,true,1,285574
7290108357882,false,מרכך לחות מוגברת אפר,,,מרכך לחות מוגברת אפר,מיליליטרים,700.00,"100 מ""ל",false,,11.90,0.0170,true,1,285588
7290108359008,false,שקיות זיפר עם סליידר,,,שקיות זיפר עם סליידר,אין,0.00,יחידה,false,,14.90,0.0000,true,1,214042
7290108359015,false,שקיות זיפר עם סליידר,,,שקיות זיפר עם סליידר,אין,0.00,יחידה,false,,14.90,0.0000,true,1,214043
7290108359039,false,שקיות אשפה לפח גבוהה,,,שקיות אשפה לפח גבוהה,יח',100.00,יח',false,,19.90,0.1990,true,1,74903
7290108359060,false,כריות ניקוי לשבת 4 י,,,כריות ניקוי לשבת 4 י,אין,0.00,יחידה,false,,11.90,0.0000,true,1,147042
7290108359077,false,ממחטות אף בקופסא 3 ש,,,ממחטות אף בקופסא 3 ש,אין,0.00,יחידה,false,,12.90,0.0000,true,1,214057
7290108359084,false,סנו סושי כיסוי ניילו,,,סנו סושי כיסוי ניילו,אין,0.00,יחידה,false,,11.90,0.0000,true,1,446639
7290108359091,false,סנו סושי כיסוי ניילו,,,סנו סושי כיסוי ניילו,אין,0.00,יחידה,false,,11.90,0.0000,true,1,446654
7290108359114,false,סנו סושי חמגשית אלומ,,,סנו סושי חמגשית אלומ,אין,0.00,יחידה,false,,10.90,0.0000,true,1,383052
7290108359121,false,שקיות אשפה חזקות במי,,,שקיות אשפה חזקות במי,אין,0.00,יחידה,false,,59.90,0.0000,true,1,250695
7290108359152,false,סנו סושי-6 תבניות אל,,,סנו סושי-6 תבניות אל,אין,0.00,יחידה,false,,11.90,0.0000,true,1,443411
7290108359169,false,סנו סושי-6 תבניות אל,,,סנו סושי-6 תבניות אל,אין,0.00,יחידה,false,,11.90,0.0000,true,1,443412
7290108359855,false,שמפו אלדמע בייבי כיף,,,שמפו אלדמע בייבי כיף,מיליליטרים,750.00,"100 מ""ל",false,,15.90,0.0212,true,1,19856
7290108359879,false,אלסבון HYDROMOIST  ב,,,אלסבון HYDROMOIST  ב,מיליליטרים,750.00,"100 מ""ל",false,,15.90,0.0212,true,1,19858
7290108359893,false,תחליב רחצה HYDROMOIS,,,תחליב רחצה HYDROMOIS,מיליליטרים,750.00,"100 מ""ל",false,,15.90,0.0212,true,1,19860
7290108359985,false,אקונומיקה מרסס עם ממ,,,אקונומיקה מרסס עם ממ,ארגז,1.00,ליטר,false,,17.90,17.9000,true,1,255080
7290108500677,false,כבד דג שיבוט בשמן וי,,,כבד דג שיבוט בשמן וי,גרמים,115.00,100 גרם,false,,8.90,0.0774,true,1,5370
7290108501353,false,פילה אנשובי ארוך בשמ,,,פילה אנשובי ארוך בשמ,גרמים,45.00,100 גרם,false,,5.90,0.1311,true,1,5372
7290108501360,false,גבינת צ'דר בשלה 200,,,גבינת צ'דר בשלה 200,גרמים,200.00,100 גרם,false,,17.90,0.0895,true,1,3574
7290108502305,false,גבינת גרנה פדנו משול,,,גבינת גרנה פדנו משול,גרמים,150.00,100 גרם,false,,15.90,0.1060,true,1,5403
7290108502336,false,גבינת גורגונזולה איט,,,גבינת גורגונזולה איט,גרמים,150.00,100 גרם,false,,24.90,0.1660,true,1,5404
7290108503043,false,מארז רביעייה תפוחוני,,,מארז רביעייה תפוחוני,גרמים,88.00,100 גרם,false,,10.00,0.1136,true,1,5426
7290108503791,false,ניוקי תפוחי אדמה 3 צ,,,ניוקי תפוחי אדמה 3 צ,גרמים,500.00,100 גרם,false,,11.90,0.0238,true,1,59785
7290108503982,false,פרוסות גבינה בטעם צ',,,פרוסות גבינה בטעם צ',גרמים,150.00,100 גרם,false,,8.90,0.0593,true,1,5450
7290108505153,false,יוגורט יווני בטעם טב,,,יוגורט יווני בטעם טב,גרמים,150.00,100 גרם,false,,4.90,0.0327,true,1,5480
7290108505160,false,יוגורט יווני עם אגסי,,,יוגורט יווני עם אגסי,גרמים,150.00,100 גרם,false,,4.90,0.0327,true,1,5481
7290108505177,false,יוגורט יווני עם אננס,,,יוגורט יווני עם אננס,גרמים,150.00,100 גרם,false,,4.90,0.0327,true,1,5482
7290108505184,false,יוגורט יווני עם קוקו,,,יוגורט יווני עם קוקו,גרמים,150.00,100 גרם,false,,4.90,0.0327,true,1,5483
7290108505191,false,י.יווני עם פצפוצי שו,,,י.יווני עם פצפוצי שו,גרמים,150.00,100 גרם,false,,4.90,0.0327,true,1,5484
7290108505207,false,יוגורט יווני עם אוכמ,,,יוגורט יווני עם אוכמ,גרמים,150.00,100 גרם,false,,4.90,0.0327,true,1,5485
7290108505214,false,יוגורט יווני עם אפרס,,,יוגורט יווני עם אפרס,גרמים,150.00,100 גרם,false,,4.90,0.0327,true,1,5486
7290108505719,false,גבינת מוצרלה מגורדת,,,גבינת מוצרלה מגורדת,גרמים,200.00,100 גרם,false,,12.80,0.0640,true,1,5493
7290108505733,false,צמות גבינה חצי קשה 2,,,צמות גבינה חצי קשה 2,גרמים,200.00,100 גרם,false,,12.80,0.0640,true,1,5495
7290108505740,false,גבינת קשקבל חצי קשה,,,גבינת קשקבל חצי קשה,גרמים,200.00,100 גרם,false,,12.80,0.0640,true,1,5496
7290108506426,false,סימיט בייגלה קפוא 40,,,סימיט בייגלה קפוא 40,גרמים,400.00,100 גרם,false,,19.90,0.0497,true,1,5509
7290108506495,false,כנאפה קפוא 192.5 גרם,,,כנאפה קפוא 192.5 גרם,גרמים,192.50,100 גרם,false,,11.90,0.0618,true,1,5511
7290108506969,false,מ.בורקס מים תורכי גב,,,מ.בורקס מים תורכי גב,גרמים,300.00,100 גרם,false,,9.90,0.0330,true,1,5525
7290108507010,false,מ.בורקס מים תורכי תר,,,מ.בורקס מים תורכי תר,גרמים,300.00,100 גרם,false,,9.90,0.0330,true,1,5526
7290108507058,false,ביסקויט פריך בשוקולד,,,ביסקויט פריך בשוקולד,גרמים,100.00,100 גרם,false,,6.90,0.0690,true,1,238365
7290108507645,false,ביסקויט פריך בשוקולד,,,ביסקויט פריך בשוקולד,גרמים,100.00,100 גרם,false,,6.90,0.0690,true,1,238366
7290108507911,false,קינואה עם טונה וירקו,,,קינואה עם טונה וירקו,גרמים,160.00,100 גרם,false,,11.90,0.0744,true,1,83992
7290108508499,false,משקה יוגורט בסגנון ט,,,משקה יוגורט בסגנון ט,גרמים,293.00,100 גרם,false,,4.90,0.0167,true,1,62474
7290108509199,false,גבינה פטה 500 גרם -,,,גבינה פטה 500 גרם -,גרמים,500.00,100 גרם,false,,22.90,0.0458,true,1,94026
7290108509205,false,חטיף אורז אפוי לתינו,,,חטיף אורז אפוי לתינו,גרמים,50.00,100 גרם,false,,11.90,0.2380,true,1,198643
7290108509212,false,חטיף אורז אפוי לתינו,,,חטיף אורז אפוי לתינו,גרמים,50.00,100 גרם,false,,11.90,0.2380,true,1,198658
7290108509250,false,אנטיפסטי ארטישוק  עג,,,אנטיפסטי ארטישוק  עג,גרמים,580.00,100 גרם,false,,21.90,0.0378,true,1,83939
7290108509267,false,ארוחת פסטה עם רוטב ג,,,ארוחת פסטה עם רוטב ג,גרמים,206.00,100 גרם,false,,7.90,0.0383,true,1,108073
7290108509618,false,זיתים ירוקים על הגרי,,,זיתים ירוקים על הגרי,גרמים,730.00,100 גרם,false,,19.90,0.0273,true,1,127710
7290108509649,false,זיתים קלמטה מגולענים,,,זיתים קלמטה מגולענים,גרמים,780.00,100 גרם,false,,14.90,0.0191,true,1,127770
7290108509700,false,"אורז פרסי 1 ק""ג DAAW",,,"אורז פרסי 1 ק""ג DAAW",אלף,1.00,"ק""ג",false,,9.90,9.9000,true,1,150255
7290108509939,false,פרוסות פילה טונה 120,,,פרוסות פילה טונה 120,גרמים,120.00,100 גרם,false,,12.90,0.1075,true,1,198754
7290108509960,false,שלישיית נתחי טונה בה,,,שלישיית נתחי טונה בה,גרמים,240.00,100 גרם,false,,14.90,0.0621,true,1,198727
7290109351025,false,מלך החומוס חומוס טחי,,,מלך החומוס חומוס טחי,גרמים,400.00,100 גרם,false,,13.90,0.0348,true,1,13757
7290109351971,false,בר פריכיות שוקולד חל,,,בר פריכיות שוקולד חל,גרמים,84.00,100 גרם,false,,11.90,0.1417,true,1,13759
7290109352916,false,בר פריכיות שוקולד לב,,,בר פריכיות שוקולד לב,גרמים,84.00,100 גרם,false,,11.90,0.1417,true,1,13761
7290109354996,false,אסם פתי בר ללא גלוטן,,,אסם פתי בר ללא גלוטן,גרמים,200.00,100 גרם,false,,9.90,0.0495,true,1,13277
7290109358284,false,טבעול שניצל  תירס  ע,,,טבעול שניצל  תירס  ע,גרמים,664.00,100 גרם,false,,30.90,0.0465,true,1,13769
7290109358765,false,דגני קראנץ' רולס נוג,,,דגני קראנץ' רולס נוג,גרמים,450.00,100 גרם,false,,23.90,0.0531,true,1,13290
7290109580043,false,זוגלובק שניצל תירס 1,,,זוגלובק שניצל תירס 1,אלף,1.75,"ק""ג",false,,49.90,28.5143,true,1,24811
7290109580050,false,נקנקיות צ'וריסוס מן,,,נקנקיות צ'וריסוס מן,גרמים,226.00,100 גרם,false,,29.90,0.1323,true,1,60733
7290109580067,false,טחון מן הצומח וונדרס,,,טחון מן הצומח וונדרס,גרמים,340.00,100 גרם,false,,29.90,0.0879,true,1,60734
7290109580104,false,רוסטביף זוגלובק פרמי,,,רוסטביף זוגלובק פרמי,גרמים,150.00,100 גרם,false,,24.90,0.1660,true,1,62275
7290109580111,false,צלעות אסאדו מעושנות,,,צלעות אסאדו מעושנות,גרמים,180.00,100 גרם,false,,24.90,0.1383,true,1,249963
7290109580135,false,קורנדביף זוגלובק פרמ,,,קורנדביף זוגלובק פרמ,גרמים,180.00,100 גרם,false,,24.90,0.1383,true,1,62277
7290109580159,false,פסטרמה בנוסח טוסקנה,,,פסטרמה בנוסח טוסקנה,גרמים,180.00,100 גרם,false,,24.90,0.1383,true,1,62278
7290109580166,false,סרוולד קלאסי זוגלובק,,,סרוולד קלאסי זוגלובק,גרמים,150.00,100 גרם,false,,24.90,0.1660,true,1,62279
7290109580210,false,נקנקיות  ריינהולד'ס,,,נקנקיות  ריינהולד'ס,גרמים,300.00,100 גרם,false,,19.90,0.0663,true,1,184787
7290109580227,false,נקנקיות ריינהולד'ס ק,,,נקנקיות ריינהולד'ס ק,גרמים,300.00,100 גרם,false,,19.90,0.0663,true,1,184801
7290109580241,false,נאגטס מן הצומח זוגלו,,,נאגטס מן הצומח זוגלו,גרמים,500.00,100 גרם,false,,19.90,0.0398,true,1,381261
7290109580432,false,פסטרמה אקסטרה מעושנת,,,פסטרמה אקסטרה מעושנת,גרמים,120.00,100 גרם,false,,13.50,0.1125,true,1,381527
7290109640785,false,מאפה פילאס טבעוני במ,,,מאפה פילאס טבעוני במ,גרמים,600.00,100 גרם,false,,22.90,0.0382,true,1,133052
7290109921853,false,המשחה המקורית לניקוי,,,המשחה המקורית לניקוי,גרמים,150.00,100 גרם,false,,17.90,0.1193,true,1,269244
7290109923031,false,אסטוניש פרימיום ארומ,,,אסטוניש פרימיום ארומ,מיליליטרים,750.00,"100 מ""ל",false,,14.90,0.0199,true,1,281963
7290109923147,false,אסטוניש מרסס פלא של,,,אסטוניש מרסס פלא של,מיליליטרים,750.00,"100 מ""ל",false,,11.90,0.0159,true,1,410846
7290110058814,false,שלישיית ביצי שוקולד,,,שלישיית ביצי שוקולד,גרמים,60.00,100 גרם,false,,12.90,0.2150,true,1,21284
7290110110369,false,שישיית בירה קרלסברג,,,שישיית בירה קרלסברג,ארגז,1.98,ליטר,false,,35.90,18.1313,true,1,7486
7290110110574,false,פחית סליק קולה ZERO,,,פחית סליק קולה ZERO,מיליליטרים,330.00,"100 מ""ל",false,,5.50,0.0167,true,1,7497
7290110113476,false,קרלסברג 0.0 בקבוק 6*,,,קרלסברג 0.0 בקבוק 6*,ארגז,1.98,ליטר,false,,30.90,15.6061,true,1,7561
7290110114787,false,נביעות + תפוח 1.5 לי,,,נביעות + תפוח 1.5 לי,ארגז,1.50,ליטר,false,,8.90,5.9333,true,1,154334
7290110114794,false,נביעות + אפרסק 1.5 ל,,,נביעות + אפרסק 1.5 ל,ארגז,1.50,ליטר,false,,8.90,5.9333,true,1,154335
7290110114800,false,נביעות + ענבים 1.5 ל,,,נביעות + ענבים 1.5 ל,ארגז,1.50,ליטר,false,,8.90,5.9333,true,1,154350
7290110114855,false,מי נביעות שישייה 1.5,,,מי נביעות שישייה 1.5,ארגז,9.00,ליטר,false,,13.90,1.5444,true,1,154404
7290110114893,false,פריגת סחוט תפוזים 2,,,פריגת סחוט תפוזים 2,ארגז,2.00,ליטר,false,,29.20,14.6000,true,1,154217
7290110114916,false,פריגת סחוט לימונענע,,,פריגת סחוט לימונענע,ארגז,2.00,ליטר,false,,29.20,14.6000,true,1,154233
7290110114954,false,מיץ תפוזים מתקתק 100,,,מיץ תפוזים מתקתק 100,ארגז,2.00,ליטר,false,,22.20,11.1000,true,1,154234
7290110114961,false,פריגת תפוזים 1.5 ליט,,,פריגת תפוזים 1.5 ליט,ארגז,1.50,ליטר,false,,8.90,5.9333,true,1,154418
7290110114985,false,פריגת אשכולית 1.5 לי,,,פריגת אשכולית 1.5 לי,ארגז,1.50,ליטר,false,,8.90,5.9333,true,1,154433
7290110114992,false,פריגת דיאט אשכולית 1,,,פריגת דיאט אשכולית 1,ארגז,1.50,ליטר,false,,8.50,5.6667,true,1,154447
7290110115005,false,פריגת ענבים 1.5 ליטר,,,פריגת ענבים 1.5 ליטר,ארגז,1.50,ליטר,false,,8.90,5.9333,true,1,154474
7290110115029,false,פריגת תפוחים 1.5 ליט,,,פריגת תפוחים 1.5 ליט,ארגז,1.50,ליטר,false,,8.90,5.9333,true,1,154516
7290110115036,false,פריגת מנגו 1.5 ליטר,,,פריגת מנגו 1.5 ליטר,ארגז,1.50,ליטר,false,,8.90,5.9333,true,1,154531
7290110115043,false,פריגת לימונענע 1.5 ל,,,פריגת לימונענע 1.5 ל,ארגז,1.50,ליטר,false,,8.90,5.9333,true,1,154532
7290110115050,false,פריגת מיקס תות בננה,,,פריגת מיקס תות בננה,ארגז,1.50,ליטר,false,,8.90,5.9333,true,1,154546
7290110115081,false,פריגת צלול ענבים 1.5,,,פריגת צלול ענבים 1.5,ארגז,1.50,ליטר,false,,8.50,5.6667,true,1,154652
7290110115104,false,פריגת צלול אפרסק 1.5,,,פריגת צלול אפרסק 1.5,ארגז,1.50,ליטר,false,,8.50,5.6667,true,1,154654
7290110115111,false,פריגת צלול אננס 1.5,,,פריגת צלול אננס 1.5,ארגז,1.50,ליטר,false,,8.50,5.6667,true,1,154655
7290110115180,false,נביעות 1.5 ליטר,,,נביעות 1.5 ליטר,ארגז,1.50,ליטר,false,,3.20,2.1333,true,1,193565
7290110115203,false,קוקה קולה 1.5 ליטר,,,קוקה קולה 1.5 ליטר,ארגז,1.50,ליטר,false,,8.90,5.9333,true,1,154673
7290110115210,false,דיאט קוקה קולה 1.5 ל,,,דיאט קוקה קולה 1.5 ל,ארגז,1.50,ליטר,false,,8.50,5.6667,true,1,154674
7290110115227,false,קוקה קולה זירו בקבוק,,,קוקה קולה זירו בקבוק,ארגז,1.50,ליטר,false,,8.50,5.6667,true,1,154675
7290110115234,false,קולה ZERO נטול 1.5 ל,,,קולה ZERO נטול 1.5 ל,ארגז,1.50,ליטר,false,,8.50,5.6667,true,1,154676
7290110115241,false,קולה ZERO לימון 1.5,,,קולה ZERO לימון 1.5,ארגז,1.50,ליטר,false,,8.50,5.6667,true,1,154692
7290110115258,false,קוקה קולה זירו מנגו,,,קוקה קולה זירו מנגו,ארגז,1.50,ליטר,false,,8.50,5.6667,true,1,154693
7290110115265,false,ספרייט 1.5 ליטר LIME,,,ספרייט 1.5 ליטר LIME,ארגז,1.50,ליטר,false,,8.90,5.9333,true,1,154778
7290110115272,false,ספרייט זירו 1.5 ליטר,,,ספרייט זירו 1.5 ליטר,ארגז,1.50,ליטר,false,,8.50,5.6667,true,1,154779
7290110115289,false,ספרייט 19 קלוריות לי,,,ספרייט 19 קלוריות לי,ארגז,1.50,ליטר,false,,8.50,5.6667,true,1,154821
7290110115296,false,פאנטה אורנג' 1.5 ליט,,,פאנטה אורנג' 1.5 ליט,ארגז,1.50,ליטר,false,,8.90,5.9333,true,1,154822
7290110115302,false,פאנטה זירו בטעם אורנ,,,פאנטה זירו בטעם אורנ,ארגז,1.50,ליטר,false,,8.90,5.9333,true,1,154836
7290110115319,false,פאנטה אקזוטיק 1.5 לי,,,פאנטה אקזוטיק 1.5 לי,ארגז,1.50,ליטר,false,,8.90,5.9333,true,1,154852
7290110115326,false,פאנטה אורנג' מנגו 1.,,,פאנטה אורנג' מנגו 1.,ארגז,1.50,ליטר,false,,8.90,5.9333,true,1,154853
7290110115357,false,קינלי סודה 1.5 ליטר,,,קינלי סודה 1.5 ליטר,ארגז,1.50,ליטר,false,,3.50,2.3333,true,1,154895
7290110115364,false,קוקה קולה 6*1.5 ליטר,,,קוקה קולה 6*1.5 ליטר,ארגז,9.00,ליטר,false,,49.90,5.5444,true,1,154694
7290110115371,false,קוקה קולה דיאט  6*1.,,,קוקה קולה דיאט  6*1.,ארגז,9.00,ליטר,false,,47.10,5.2333,true,1,154695
7290110115388,false,ספרייט  6*1.5 ליטר L,,,ספרייט  6*1.5 ליטר L,ארגז,9.00,ליטר,false,,49.90,5.5444,true,1,154793
7290110115395,false,ספרייט זירו 6* 1.5 ל,,,ספרייט זירו 6* 1.5 ל,ארגז,9.00,ליטר,false,,47.10,5.2333,true,1,154807
7290110115401,false,קינלי סודה 6*1.5 ליט,,,קינלי סודה 6*1.5 ליט,ארגז,9.00,ליטר,false,,14.90,1.6556,true,1,179783
7290110115418,false,קוקה קולה זירו שישיי,,,קוקה קולה זירו שישיי,ארגז,9.00,ליטר,false,,46.90,5.2111,true,1,154696
7290110115425,false,פיוז טי לימון נענע 1,,,פיוז טי לימון נענע 1,ארגז,1.50,ליטר,false,,8.90,5.9333,true,1,154910
7290110115449,false,פיוז טי מנגו אננס 1.,,,פיוז טי מנגו אננס 1.,ארגז,1.50,ליטר,false,,9.50,6.3333,true,1,154912
7290110115456,false,פיוז טי אפרסק  19 קל,,,פיוז טי אפרסק  19 קל,ארגז,1.50,ליטר,false,,8.90,5.9333,true,1,154913
7290110115463,false,פיוז טי אפרסק 1.5 לי,,,פיוז טי אפרסק 1.5 לי,ארגז,1.50,ליטר,false,,9.50,6.3333,true,1,154928
7290110115494,false,פיוז טי ענבים 1.5 לי,,,פיוז טי ענבים 1.5 לי,ארגז,1.50,ליטר,false,,9.50,6.3333,true,1,154945
7290110115586,false,משקה קל בטעם תפוזים,,,משקה קל בטעם תפוזים,ארגז,1.50,ליטר,false,,8.50,5.6667,true,1,154636
7290110115593,false,משקה קל בטעם אשכוליו,,,משקה קל בטעם אשכוליו,ארגז,1.50,ליטר,false,,8.50,5.6667,true,1,154637
7290110115616,false,פיוז טי ZERO גרין אנ,,,פיוז טי ZERO גרין אנ,ארגז,1.50,ליטר,false,,8.90,5.9333,true,1,227131
7290110115869,false,קוקה קולה זירו בקבוק,,,קוקה קולה זירו בקבוק,ארגז,1.50,ליטר,false,,8.50,5.6667,true,1,449773
7290110116125,false,סירופ פריגת טעם פטל,,,סירופ פריגת טעם פטל,מיליליטרים,750.00,"100 מ""ל",false,,18.90,0.0252,true,1,382793
7290110116132,false,סירופ פריגת טעם לימו,,,סירופ פריגת טעם לימו,מיליליטרים,750.00,"100 מ""ל",false,,18.90,0.0252,true,1,382794
7290110116149,false,סירופ פריגת טעם ענבי,,,סירופ פריגת טעם ענבי,מיליליטרים,750.00,"100 מ""ל",false,,18.90,0.0252,true,1,382795
7290110116217,false,נביעות+ אשכולית 0 קל,,,נביעות+ אשכולית 0 קל,ארגז,1.50,ליטר,false,,8.90,5.9333,true,1,420166
7290110116385,false,סליק זירו  מרשמלו 33,,,סליק זירו  מרשמלו 33,מיליליטרים,330.00,"100 מ""ל",false,,5.50,0.0167,true,1,422074
7290110116392,false,סירופ בטעם תפוזים 75,,,סירופ בטעם תפוזים 75,מיליליטרים,750.00,"100 מ""ל",false,,18.90,0.0252,true,1,420197
7290110320591,false,בולגרית 16% במרקם מע,,,בולגרית 16% במרקם מע,גרמים,250.00,100 גרם,false,,19.80,0.0792,true,1,16995
7290110320850,false,עמק פתיתים  200 גרם,,,עמק פתיתים  200 גרם,גרמים,200.00,100 גרם,false,,14.90,0.0745,true,1,17003
7290110320867,false,עמק פתיתים למאפים 28,,,עמק פתיתים למאפים 28,גרמים,500.00,100 גרם,false,,28.90,0.0578,true,1,17004
7290110320935,false,פרוסות מוצרלה 150 גר,,,פרוסות מוצרלה 150 גר,גרמים,150.00,100 גרם,false,,15.80,0.1053,true,1,17005
7290110321277,false,קוטג' תנובה בקטנה  5,,,קוטג' תנובה בקטנה  5,גרמים,100.00,100 גרם,false,,2.30,0.0230,true,1,17019
7290110321284,false,קוטג' תנובה בקטנה  9,,,קוטג' תנובה בקטנה  9,גרמים,100.00,100 גרם,false,,2.30,0.0230,true,1,17020
7290110321604,false,פיראוס קוביות בולגרי,,,פיראוס קוביות בולגרי,גרמים,200.00,100 גרם,false,,19.80,0.0990,true,1,17031
7290110321680,false,יופלה גו בטעם תות 20,,,יופלה גו בטעם תות 20,גרמים,200.00,100 גרם,false,,5.90,0.0295,true,1,17033
7290110321697,false,יופלה גו בטעם  אפרסק,,,יופלה גו בטעם  אפרסק,מיליליטרים,200.00,"100 מ""ל",false,,5.90,0.0295,true,1,17034
7290110321703,false,יופלה גו בטעם פרות י,,,יופלה גו בטעם פרות י,מיליליטרים,200.00,"100 מ""ל",false,,5.90,0.0295,true,1,17035
7290110322014,false,טופו טבעי 300 גרם,,,טופו טבעי 300 גרם,גרמים,300.00,100 גרם,false,,11.80,0.0393,true,1,17048
7290110322038,false,טופו  פיקנטי 300 גרם,,,טופו  פיקנטי 300 גרם,גרמים,300.00,100 גרם,false,,11.80,0.0393,true,1,17050
7290110322946,false,יופלה טיוב יוגורט במ,,,יופלה טיוב יוגורט במ,מיליליטרים,348.00,"100 מ""ל",false,,11.80,0.0339,true,1,17070
7290110323301,false,גבינת עמק טל 32% שומ,,,גבינת עמק טל 32% שומ,גרמים,200.00,100 גרם,false,,17.80,0.0890,true,1,17087
7290110323585,false,יופלה GO לייט עם דוב,,,יופלה GO לייט עם דוב,גרמים,200.00,100 גרם,false,,5.90,0.0295,true,1,17105
7290110323592,false,יופלה GO לייט עם אפר,,,יופלה GO לייט עם אפר,גרמים,200.00,100 גרם,false,,5.90,0.0295,true,1,17106
7290110323714,false,תנובה משקה קוקוס שקד,,,תנובה משקה קוקוס שקד,אין,0.00,יחידה,false,,12.90,0.0000,true,1,17114
7290110324070,false,גבינת חלומי מחלב בקר,,,גבינת חלומי מחלב בקר,גרמים,200.00,100 גרם,false,,18.90,0.0945,true,1,68570
7290110324353,false,יופלה גו לייט בטעם א,,,יופלה גו לייט בטעם א,גרמים,200.00,100 גרם,false,,5.90,0.0295,true,1,17146
7290110324551,false,יופלה טיוב יוגורט במ,,,יופלה טיוב יוגורט במ,מיליליטרים,348.00,"100 מ""ל",false,,11.80,0.0339,true,1,17157
7290110324711,false,ממרח סויה 9% בטעם טב,,,ממרח סויה 9% בטעם טב,גרמים,250.00,100 גרם,false,,7.80,0.0312,true,1,17167
7290110324728,false,ממרח סויה 9% עם שום,,,ממרח סויה 9% עם שום,גרמים,250.00,100 גרם,false,,7.80,0.0312,true,1,17168
7290110324841,false,מעדן שקדים עם שוקולד,,,מעדן שקדים עם שוקולד,גרמים,125.00,100 גרם,false,,4.50,0.0360,true,1,17175
7290110324872,false,גלבוע גבינה פרוסה 5%,,,גלבוע גבינה פרוסה 5%,גרמים,200.00,100 גרם,false,,17.50,0.0875,true,1,17177
7290110324926,false,משקה סויה ללא תוספת,,,משקה סויה ללא תוספת,אין,0.00,יחידה,false,,9.90,0.0000,true,1,17181
7290110325114,false,יופלה משקה יוגורט גו,,,יופלה משקה יוגורט גו,מיליליטרים,250.00,"100 מ""ל",false,,6.50,0.0260,true,1,17193
7290110325305,false,יופלה סויה גו 20 גרם,,,יופלה סויה גו 20 גרם,גרמים,200.00,100 גרם,false,,5.90,0.0295,true,1,17199
7290110325312,false,יופלה סויה גו 20 גרם,,,יופלה סויה גו 20 גרם,גרמים,200.00,100 גרם,false,,5.90,0.0295,true,1,17200
7290110325510,false,יופלה טיוב יוגורט במ,,,יופלה טיוב יוגורט במ,מיליליטרים,348.00,"100 מ""ל",false,,11.80,0.0339,true,1,17205
7290110325619,false,תנובה משקה שיבולת שו,,,תנובה משקה שיבולת שו,אין,0.00,יחידה,false,,12.90,0.0000,true,1,17208
7290110325701,false,פיראוס צזיקי יווני 9,,,פיראוס צזיקי יווני 9,גרמים,250.00,100 גרם,false,,11.80,0.0472,true,1,17214
7290110325893,false,משקה תנובה GO אייס ק,,,משקה תנובה GO אייס ק,גרמים,340.00,100 גרם,false,,7.90,0.0232,true,1,17229
7290110326210,false,יופלה און טופ פצפוצי,,,יופלה און טופ פצפוצי,גרמים,157.00,100 גרם,false,,4.90,0.0312,true,1,17242
7290110326227,false,יופלה און טופ קורנפל,,,יופלה און טופ קורנפל,גרמים,157.00,100 גרם,false,,4.90,0.0312,true,1,17243
7290110326234,false,יופלה און טופ כוכבים,,,יופלה און טופ כוכבים,גרמים,157.00,100 גרם,false,,4.90,0.0312,true,1,17244
7290110326241,false,יופלה און טופ גרנולה,,,יופלה און טופ גרנולה,אין,157.00,יחידה,false,,4.90,0.0312,true,1,17245
7290110326333,false,פרוסות גבינה סקנדינב,,,פרוסות גבינה סקנדינב,גרמים,170.00,100 גרם,false,,17.50,0.1029,true,1,78515
7290110327064,false,אייס קפה שיבולת שועל,,,אייס קפה שיבולת שועל,ליטרים,1.00,100 ליטר,false,,12.90,12.9000,true,1,17282
7290110327125,false,גבינת פטה 21% מצאן פ,,,גבינת פטה 21% מצאן פ,גרמים,200.00,100 גרם,false,,20.90,0.1045,true,1,36071
7290110327514,false,משקה שיבולת שועל בטע,,,משקה שיבולת שועל בטע,אין,0.00,יחידה,false,,12.90,0.0000,true,1,103953
7290110327545,false,יופלה און טופ בטעם ת,,,יופלה און טופ בטעם ת,גרמים,157.00,100 גרם,false,,4.90,0.0312,true,1,36179
7290110327798,false,GO חטיף חלבון בטעם ש,,,GO חטיף חלבון בטעם ש,גרמים,60.00,100 גרם,false,,11.90,0.1983,true,1,84201
7290110327804,false,GO חטיף חלבון בטעם ב,,,GO חטיף חלבון בטעם ב,גרמים,60.00,100 גרם,false,,11.90,0.1983,true,1,84202
7290110327811,false,GO חטיף חלבון עם קוק,,,GO חטיף חלבון עם קוק,גרמים,60.00,100 גרם,false,,11.90,0.1983,true,1,84203
7290110327828,false,GO חטיף חלבון עם חמא,,,GO חטיף חלבון עם חמא,גרמים,60.00,100 גרם,false,,11.90,0.1983,true,1,84204
7290110328092,false,פיראוס פטה יוונית קו,,,פיראוס פטה יוונית קו,גרמים,150.00,100 גרם,false,,17.90,0.1193,true,1,111241
7290110328474,false,פלח פרמג'יאנו רג'יאנ,,,פלח פרמג'יאנו רג'יאנ,גרמים,150.00,100 גרם,false,,26.90,0.1793,true,1,68398
7290110328481,false,פתיתי פרמג'יאנו רג'י,,,פתיתי פרמג'יאנו רג'י,גרמים,100.00,100 גרם,false,,13.90,0.1390,true,1,68557
7290110328627,false,יוגורט גו סמיך 0% בנ,,,יוגורט גו סמיך 0% בנ,גרמים,200.00,100 גרם,false,,5.90,0.0295,true,1,89592
7290110328641,false,טופו טבעי  2 יחידות,,,טופו טבעי  2 יחידות,גרמים,500.00,100 גרם,false,,17.90,0.0358,true,1,110752
7290110328764,false,יוגורט גו סמיך 0% תו,,,יוגורט גו סמיך 0% תו,גרמים,200.00,100 גרם,false,,5.90,0.0295,true,1,89607
7290110328771,false,יוגורט גו סמיך 0% פי,,,יוגורט גו סמיך 0% פי,גרמים,200.00,100 גרם,false,,5.90,0.0295,true,1,89608
7290110328788,false,יוגורט גו סמיך 0% אפ,,,יוגורט גו סמיך 0% אפ,גרמים,200.00,100 גרם,false,,5.90,0.0295,true,1,89593
7290110328955,false,קוביות גבינת עזים בש,,,קוביות גבינת עזים בש,גרמים,350.00,100 גרם,false,,26.90,0.0769,true,1,322564
7290110329136,false,מעדן חלב גו בטעם שוק,,,מעדן חלב גו בטעם שוק,גרמים,120.00,100 גרם,false,,4.60,0.0383,true,1,164650
7290110329143,false,מעדן חלב גו בטעם וני,,,מעדן חלב גו בטעם וני,גרמים,120.00,100 גרם,false,,4.60,0.0383,true,1,164623
7290110329266,false,יוגורט מחלב עיזים מל,,,יוגורט מחלב עיזים מל,גרמים,140.00,100 גרם,false,,5.90,0.0421,true,1,110806
7290110329273,false,יוגורט מחלב עיזים מל,,,יוגורט מחלב עיזים מל,גרמים,750.00,100 גרם,false,,18.90,0.0252,true,1,110885
7290110329303,false,פרוסות צהובה קלאסית,,,פרוסות צהובה קלאסית,גרמים,200.00,100 גרם,false,,21.90,0.1095,true,1,164678
7290110329716,false,קפה קר בטעם קפוצ'ינו,,,קפה קר בטעם קפוצ'ינו,מיליליטרים,230.00,"100 מ""ל",false,,6.90,0.0300,true,1,317429
7290110329723,false,קפה קר בטעם לאטה תנו,,,קפה קר בטעם לאטה תנו,מיליליטרים,230.00,"100 מ""ל",false,,6.90,0.0300,true,1,319576
7290110329730,false,קפה קר בטעם לאטה שוק,,,קפה קר בטעם לאטה שוק,מיליליטרים,230.00,"100 מ""ל",false,,6.90,0.0300,true,1,319591
7290110329792,false,סויה BIO אפרסק גביע,,,סויה BIO אפרסק גביע,גרמים,150.00,100 גרם,false,,4.50,0.0300,true,1,226305
7290110329808,false,סויה BIO תות גביע 15,,,סויה BIO תות גביע 15,גרמים,150.00,100 גרם,false,,4.50,0.0300,true,1,226306
7290110329815,false,סויה BIO מתיקות מעוד,,,סויה BIO מתיקות מעוד,גרמים,150.00,100 גרם,false,,4.50,0.0300,true,1,226307
7290110329822,false,סויה BIO פירות יער ג,,,סויה BIO פירות יער ג,גרמים,150.00,100 גרם,false,,4.50,0.0300,true,1,226308
7290110329846,false,סויה BIO טבעי גביע 1,,,סויה BIO טבעי גביע 1,גרמים,150.00,100 גרם,false,,4.50,0.0300,true,1,226309
7290110329914,false,מאגדת משקה שיבולת שו,,,מאגדת משקה שיבולת שו,גרמים,618.00,100 גרם,false,,18.90,0.0306,true,1,411501
7290110550202,false,מטבעות שוקולד חלב לא,,,מטבעות שוקולד חלב לא,גרמים,400.00,100 גרם,false,,29.90,0.0747,true,1,319159
7290110550219,false,מטבעות שוקולד לבן לא,,,מטבעות שוקולד לבן לא,גרמים,400.00,100 גרם,false,,29.90,0.0747,true,1,319160
7290110550226,false,מטבעות שוקולד מריר ל,,,מטבעות שוקולד מריר ל,גרמים,400.00,100 גרם,false,,29.90,0.0747,true,1,319161
7290110550363,false,משולש קינואה ומלח ים,,,משולש קינואה ומלח ים,גרמים,65.00,100 גרם,false,,9.90,0.1523,true,1,216715
7290110550370,false,אנרגי פריכיות משולשו,,,אנרגי פריכיות משולשו,גרמים,65.00,100 גרם,false,,9.90,0.1523,true,1,448149
7290110552121,false,היוגורט הראשון שלי 5,,,היוגורט הראשון שלי 5,גרמים,100.00,100 גרם,false,,2.30,0.0230,true,1,353777
7290110552220,false,דנונה PRO 20 גרם חלב,,,דנונה PRO 20 גרם חלב,גרמים,200.00,100 גרם,false,,5.90,0.0295,true,1,210126
7290110552237,false,דנונה PRO 20 גרם חלב,,,דנונה PRO 20 גרם חלב,גרמים,200.00,100 גרם,false,,5.90,0.0295,true,1,210112
7290110552817,false,מסטיק ללא סוכר בטעם,,,מסטיק ללא סוכר בטעם,גרמים,66.00,100 גרם,false,,9.90,0.1500,true,1,382313
7290110553029,false,פריכיות חלבון קייל ח,,,פריכיות חלבון קייל ח,גרמים,60.00,100 גרם,false,,9.90,0.1650,true,1,216716
7290110553098,false,מיקס מאגדת צימוקים א,,,מיקס מאגדת צימוקים א,גרמים,100.00,100 גרם,false,,17.90,0.1790,true,1,408883
7290110553173,false,פריכיות אורז בטעם קר,,,פריכיות אורז בטעם קר,גרמים,40.00,100 גרם,false,,6.90,0.1725,true,1,448300
7290110553425,false,קפה נמס עלית פחית מו,,,קפה נמס עלית פחית מו,גרמים,240.00,100 גרם,false,,18.90,0.0787,true,1,220682
7290110554101,false,סירופ מייפל טבעי 125,,,סירופ מייפל טבעי 125,מיליליטרים,125.00,"100 מ""ל",false,,17.90,0.1432,true,1,440820
7290110554118,false,נודלס בסגנון מלזי חר,,,נודלס בסגנון מלזי חר,גרמים,350.00,100 גרם,false,,27.90,0.0797,true,1,146147
7290110554125,false,נודלס בסגנון סצ'ואן,,,נודלס בסגנון סצ'ואן,גרמים,350.00,100 גרם,false,,27.90,0.0797,true,1,146132
7290110554422,false,רוטב עגבניות ופלפלים,,,רוטב עגבניות ופלפלים,גרמים,350.00,100 גרם,false,,10.90,0.0311,true,1,250590
7290110554507,false,קפה טורקי תימני עלית,,,קפה טורקי תימני עלית,גרמים,100.00,100 גרם,false,,8.90,0.0890,true,1,394547
7290110554545,false,קפסולות קפה עלית לאפ,,,קפסולות קפה עלית לאפ,גרמים,50.00,100 גרם,false,,16.90,0.3380,true,1,343809
7290110554583,false,מארז צ'יטוס PUFFS בט,,,מארז צ'יטוס PUFFS בט,גרמים,200.00,100 גרם,false,,12.90,0.0645,true,1,187777
7290110554699,false,"שת""פ קפה 50 גרם עולה",,,"שת""פ קפה 50 גרם עולה",גרמים,50.00,100 גרם,false,,19.90,0.3980,true,1,442666
7290110554705,false,"קפסולות שת""פ קפה 50",,,"קפסולות שת""פ קפה 50",גרמים,50.00,100 גרם,false,,19.90,0.3980,true,1,442667
7290110554712,false,"שת""פ קפה 50 גרם נחת",,,"שת""פ קפה 50 גרם נחת",גרמים,50.00,100 גרם,false,,19.90,0.3980,true,1,442668
7290110554729,false,עלית קפסולות אספרסו,,,עלית קפסולות אספרסו,גרמים,50.00,100 גרם,false,,16.90,0.3380,true,1,342572
7290110555009,false,פסאטה זוגות 700 גרם,,,פסאטה זוגות 700 גרם,גרמים,700.00,100 גרם,false,,11.90,0.0170,true,1,432266
7290110555306,false,רבע לשבע טבעוני סינמ,,,רבע לשבע טבעוני סינמ,גרמים,120.00,100 גרם,false,,10.90,0.0908,true,1,330504
7290110556150,false,דבש ברכות באריזות אי,,,דבש ברכות באריזות אי,גרמים,200.00,100 גרם,false,,14.90,0.0745,true,1,439700
7290110557027,false,חומוס הסדרה עשיר ב50,,,חומוס הסדרה עשיר ב50,גרמים,400.00,100 גרם,false,,12.90,0.0323,true,1,162598
7290110557102,false,מעדן פרו חלב עם שוקו,,,מעדן פרו חלב עם שוקו,גרמים,150.00,100 גרם,false,,5.50,0.0367,true,1,133811
7290110557133,false,מעדן הגולן מעדן חלב,,,מעדן הגולן מעדן חלב,גרמים,125.00,100 גרם,false,,2.90,0.0232,true,1,151665
7290110557317,false,היוגורט הראשון שלי ש,,,היוגורט הראשון שלי ש,גרמים,100.00,100 גרם,false,,2.30,0.0230,true,1,353778
7290110557478,false,חומוס גלילי אחלה  60,,,חומוס גלילי אחלה  60,גרמים,600.00,100 גרם,false,,12.90,0.0215,true,1,286071
7290110558154,false,דנונה לייט אנד פרי ת,,,דנונה לייט אנד פרי ת,גרמים,150.00,100 גרם,false,,4.90,0.0327,true,1,408600
7290110558222,false,WOW יוגורט בטעם בנופ,,,WOW יוגורט בטעם בנופ,גרמים,150.00,100 גרם,false,,4.90,0.0327,true,1,408570
7290110558239,false,WOW יוגורט בטעם קראק,,,WOW יוגורט בטעם קראק,גרמים,150.00,100 גרם,false,,4.90,0.0327,true,1,408571
7290110558284,false,דנונה מולטי 3% שומן,,,דנונה מולטי 3% שומן,מיליליטרים,200.00,"100 מ""ל",false,,4.20,0.0210,true,1,381288
7290110558314,false,דנונה פרו ללא סוכר 2,,,דנונה פרו ללא סוכר 2,גרמים,200.00,100 גרם,false,,5.90,0.0295,true,1,408601
7290110559755,false,מאגדת חטיף Real  אנר,,,מאגדת חטיף Real  אנר,גרמים,105.00,100 גרם,false,,15.90,0.1514,true,1,409296
7290110560300,false,פריכיות משולשות פלפל,,,פריכיות משולשות פלפל,גרמים,30.00,100 גרם,false,,4.90,0.1633,true,1,15210
7290110560317,false,פריכיות משולשות מלח,,,פריכיות משולשות מלח,גרמים,30.00,100 גרם,false,,4.90,0.1633,true,1,15211
7290110560324,false,פריכיות משולשות אפונ,,,פריכיות משולשות אפונ,גרמים,30.00,100 גרם,false,,4.90,0.1633,true,1,15212
7290110561352,false,דנונה ביו דל לקטוז ב,,,דנונה ביו דל לקטוז ב,גרמים,200.00,100 גרם,false,,3.90,0.0195,true,1,15718
7290110561604,false,שמיניית גמדים תות בנ,,,שמיניית גמדים תות בנ,גרמים,800.00,100 גרם,false,,18.90,0.0236,true,1,15720
7290110563431,false,יטבתה משקה קפה קר בס,,,יטבתה משקה קפה קר בס,מיליליטרים,230.00,"100 מ""ל",false,,7.40,0.0322,true,1,15722
7290110563448,false,יטבתה משקה קפה קר בס,,,יטבתה משקה קפה קר בס,מיליליטרים,230.00,"100 מ""ל",false,,7.40,0.0322,true,1,15723
7290110563462,false,יטבתה חלב בבקבוק נטו,,,יטבתה חלב בבקבוק נטו,ארגז,1.00,ליטר,false,,7.90,7.9000,true,1,15724
7290110563820,false,"סלק מבושל 1 ק""ג שטרא",,,"סלק מבושל 1 ק""ג שטרא",אלף,1.00,"ק""ג",false,,10.00,10.0000,true,1,15725
7290110564360,false,חומוס אחלה עשיר ב 40,,,חומוס אחלה עשיר ב 40,גרמים,400.00,100 גרם,false,,12.90,0.0323,true,1,15729
7290110565435,false,לימבו בטעם פטל 0% שו,,,לימבו בטעם פטל 0% שו,גרמים,125.00,100 גרם,false,,2.50,0.0200,true,1,15737
7290110565527,false,דנונה PRO 20 גרם חלב,,,דנונה PRO 20 גרם חלב,גרמים,200.00,100 גרם,false,,5.90,0.0295,true,1,15739
7290110566623,false,עלית קפסולות קולומבי,,,עלית קפסולות קולומבי,גרמים,50.00,100 גרם,false,,16.90,0.3380,true,1,15231
7290110566975,false,דנונה PRO 20 גרם חלב,,,דנונה PRO 20 גרם חלב,גרמים,200.00,100 גרם,false,,5.90,0.0295,true,1,15746
7290110568238,false,קצפת צימחית 21% במתי,,,קצפת צימחית 21% במתי,מיליליטרים,250.00,"100 מ""ל",false,,7.90,0.0316,true,1,15755
7290110570224,false,משקה קפה קר בטעם עוג,,,משקה קפה קר בטעם עוג,מיליליטרים,230.00,"100 מ""ל",false,,7.40,0.0322,true,1,381499
7290110571375,false,מיקס מאגדת צימוקים ת,,,מיקס מאגדת צימוקים ת,גרמים,100.00,100 גרם,false,,17.90,0.1790,true,1,408885
7290110571382,false,מעדן חלב מועשר בחלבו,,,מעדן חלב מועשר בחלבו,גרמים,150.00,100 גרם,false,,5.00,0.0333,true,1,300266
7290110571474,false,רבע לשבע טבעוני פופק,,,רבע לשבע טבעוני פופק,גרמים,125.00,100 גרם,false,,10.90,0.0872,true,1,423264
7290110571481,false,קפה נמס עלית 200 גרם,,,קפה נמס עלית 200 גרם,גרמים,200.00,100 גרם,false,,18.90,0.0945,true,1,382328
7290110571535,false,קפה עלית טורקי הל מא,,,קפה עלית טורקי הל מא,גרמים,300.00,100 גרם,false,,24.90,0.0830,true,1,319070
7290110572969,false,כיף כף פצפצים קרם לב,,,כיף כף פצפצים קרם לב,גרמים,40.00,100 גרם,false,,4.90,0.1225,true,1,408775
7290110572976,false,כיף כף פצפצים קרם לב,,,כיף כף פצפצים קרם לב,גרמים,135.00,100 גרם,false,,9.90,0.0733,true,1,408642
7290110576318,false,מארז שלישיית אגוז  ל,,,מארז שלישיית אגוז  ל,גרמים,300.00,100 גרם,false,,21.90,0.0730,true,1,439683
7290110576370,false,מארז שלישיית אגוז  מ,,,מארז שלישיית אגוז  מ,גרמים,300.00,100 גרם,false,,21.90,0.0730,true,1,439684
7290110576387,false,מארז שלישיית אגוז  ח,,,מארז שלישיית אגוז  ח,גרמים,300.00,100 גרם,false,,21.90,0.0730,true,1,439685
7290111091520,false,תחליב רחצה קלאסי קוק,,,תחליב רחצה קלאסי קוק,מיליליטרים,700.00,"100 מ""ל",false,,14.90,0.0213,true,1,18961
7290111092985,false,מגבוני בייבי פרפורמנ,,,מגבוני בייבי פרפורמנ,אין,0.00,יחידה,false,,14.90,0.0000,true,1,374056
7290111094361,false,קוויק שקיות אשפה XL,,,קוויק שקיות אשפה XL,אין,0.00,יחידה,false,,12.90,0.0000,true,1,147095
7290111094651,false,קוויק שקיות אשפה L ח,,,קוויק שקיות אשפה L ח,אין,0.00,יחידה,false,,12.90,0.0000,true,1,147109
7290111095818,false,שקיות אשפה L  עם שרו,,,שקיות אשפה L  עם שרו,אין,0.00,יחידה,false,,19.90,0.0000,true,1,18967
7290111096921,false,מטליות לחות לניקוי ב,,,מטליות לחות לניקוי ב,אין,0.00,יחידה,false,,8.90,0.0000,true,1,152608
7290111097447,false,תחליב רחצה RELAX בני,,,תחליב רחצה RELAX בני,מיליליטרים,700.00,"100 מ""ל",false,,14.90,0.0213,true,1,160909
7290111097836,false,קוויק מגבונים לניקוי,,,קוויק מגבונים לניקוי,אין,0.00,יחידה,false,,8.90,0.0000,true,1,258916
7290111098536,false,מגבונים לחים לתינוק,,,מגבונים לחים לתינוק,אין,0.00,יחידה,false,,14.90,0.0000,true,1,296377
7290111340178,false,מטליות לחות לניקוי כ,,,מטליות לחות לניקוי כ,אין,0.00,יחידה,false,,9.90,0.0000,true,1,8379
7290111340185,false,ניקול לחות לניקוי רצ,,,ניקול לחות לניקוי רצ,אין,0.00,יחידה,false,,9.90,0.0000,true,1,8380
7290111340956,false,מטליות לחות לרצפה מר,,,מטליות לחות לרצפה מר,אין,0.00,יחידה,false,,9.90,0.0000,true,1,8387
7290111341984,false,לילי טואלט לח PURE מ,,,לילי טואלט לח PURE מ,אין,0.00,יחידה,false,,19.90,0.0000,true,1,8407
7290111342004,false,לילי נייר טואלט לח ק,,,לילי נייר טואלט לח ק,אין,0.00,יחידה,false,,7.90,0.0000,true,1,8409
7290111342042,false,כריות יפניות אנטיבקט,,,כריות יפניות אנטיבקט,אין,0.00,יחידה,false,,9.90,0.0000,true,1,8410
7290111342189,false,ניקול מפיות אירוח חד,,,ניקול מפיות אירוח חד,יח',150.00,יח',false,,7.90,0.0527,true,1,8413
7290111342738,false,לילי טואלט לח KIDS מ,,,לילי טואלט לח KIDS מ,אין,0.00,יחידה,false,,19.90,0.0000,true,1,8416
7290111343445,false,מגבונים לחים לניקוי,,,מגבונים לחים לניקוי,יח',160.00,יח',false,,24.90,0.1556,true,1,8418
7290111343797,false,ניקול מטליות לחות לנ,,,ניקול מטליות לחות לנ,יח',50.00,יח',false,,9.90,0.1980,true,1,8420
7290111343827,false,ניקול מטליות רב שימו,,,ניקול מטליות רב שימו,יח',9.00,יח',false,,9.90,1.1000,true,1,8421
7290111344459,false,תחבושות נייט אקסטרא,,,תחבושות נייט אקסטרא,יח',18.00,יח',false,,15.90,0.8833,true,1,136589
7290111344503,false,האגיס אקסטרה קר מידה,,,האגיס אקסטרה קר מידה,אין,0.00,יחידה,false,,48.90,0.0000,true,1,71435
7290111344558,false,שקיות אשפה נשלפות לא,,,שקיות אשפה נשלפות לא,יח',100.00,יח',false,,29.90,0.2990,true,1,188552
7290111344824,false,מגיני תחתון אנטיבקטר,,,מגיני תחתון אנטיבקטר,אין,0.00,יחידה,false,,15.90,0.0000,true,1,188483
7290111344831,false,מגיני תחתון סופר פרו,,,מגיני תחתון סופר פרו,אין,0.00,יחידה,false,,15.90,0.0000,true,1,188468
7290111344855,false,מגיני תחתון סופר פרו,,,מגיני תחתון סופר פרו,אין,0.00,יחידה,false,,15.90,0.0000,true,1,188469
7290111344930,false,מטליות לחות לניקוי ר,,,מטליות לחות לניקוי ר,יח',10.00,יח',false,,10.90,1.0900,true,1,188566
7290111345753,false,תחבושות כותנה  נורמל,,,תחבושות כותנה  נורמל,אין,0.00,יחידה,false,,15.90,0.0000,true,1,258207
7290111345760,false,תחבושות כותנה סופר +,,,תחבושות כותנה סופר +,אין,0.00,יחידה,false,,15.90,0.0000,true,1,258221
7290111345777,false,תחבושות כותנה נייט +,,,תחבושות כותנה נייט +,אין,0.00,יחידה,false,,15.90,0.0000,true,1,258222
7290111345982,false,דפי ספוגית הקסם ניקו,,,דפי ספוגית הקסם ניקו,אין,0.00,יחידה,false,,10.90,0.0000,true,1,332465
7290111346118,false,מגבוני האגיס מהדורה,,,מגבוני האגיס מהדורה,יח',288.00,יח',false,,18.90,0.0656,true,1,412840
7290111346293,false,מגבות מטבח ניקול לבנ,,,מגבות מטבח ניקול לבנ,מטרים,64.80,מטר,false,,11.80,0.1821,true,1,347045
7290111350726,false,הוטפופ נאצ'וס בסגנון,,,הוטפופ נאצ'וס בסגנון,גרמים,322.00,100 גרם,false,,14.90,0.0463,true,1,10151
7290111352973,false,יוגטה קוביות חמוציות,,,יוגטה קוביות חמוציות,גרמים,220.00,100 גרם,false,,6.90,0.0314,true,1,26018
7290111353055,false,יוגטה סוכריות גומי ד,,,יוגטה סוכריות גומי ד,גרמים,200.00,100 גרם,false,,8.90,0.0445,true,1,26019
7290111353109,false,יוגטה סוכריות גומי נ,,,יוגטה סוכריות גומי נ,גרמים,200.00,100 גרם,false,,8.90,0.0445,true,1,26020
7290111353123,false,יוגטה סוכריות גומי נ,,,יוגטה סוכריות גומי נ,גרמים,200.00,100 גרם,false,,8.90,0.0445,true,1,26021
7290111353444,false,הוטפופ ווגי' צ'יפס ח,,,הוטפופ ווגי' צ'יפס ח,גרמים,120.00,100 גרם,false,,13.90,0.1158,true,1,55349
7290111353550,false,חמאת בוטנים טבעית קל,,,חמאת בוטנים טבעית קל,גרמים,300.00,100 גרם,false,,14.90,0.0497,true,1,408069
7290111564666,false,כדורי בשר 500 גרם,,,כדורי בשר 500 גרם,גרמים,630.00,100 גרם,false,,30.90,0.0490,true,1,13780
7290111565038,false,לה קרמריה  בטעם וניל,,,לה קרמריה  בטעם וניל,ארגז,1.40,ליטר,false,,22.90,16.3571,true,1,11885
7290111566127,false,אוראו מאגדת סנדביץ 6,,,אוראו מאגדת סנדביץ 6,גרמים,198.00,100 גרם,false,,21.90,0.1106,true,1,11890
7290111566240,false,שניצל דק צמחוני  בטע,,,שניצל דק צמחוני  בטע,גרמים,564.00,100 גרם,false,,30.90,0.0548,true,1,13786
7290111566271,false,חטיפי תירס טבעול  65,,,חטיפי תירס טבעול  65,גרמים,657.00,100 גרם,false,,30.90,0.0470,true,1,13787
7290111566318,false,שניצל דק צמחוני   בט,,,שניצל דק צמחוני   בט,גרמים,564.00,100 גרם,false,,30.90,0.0548,true,1,13789
7290111566332,false,נקניקיה וינר  680 גר,,,נקניקיה וינר  680 גר,גרמים,680.00,100 גרם,false,,30.90,0.0454,true,1,13790
7290111566417,false,טחון  מן  הצומח  500,,,טחון  מן  הצומח  500,גרמים,500.00,100 גרם,false,,30.90,0.0618,true,1,13791
7290111566547,false,חזה  בגריל  מו הצומח,,,חזה  בגריל  מו הצומח,גרמים,560.00,100 גרם,false,,30.90,0.0552,true,1,13793
7290111566561,false,טבעול שניצל ברוקולי,,,טבעול שניצל ברוקולי,גרמים,630.00,100 גרם,false,,30.90,0.0490,true,1,13794
7290111566585,false,שניצל מן הצומח  מופח,,,שניצל מן הצומח  מופח,גרמים,650.00,100 גרם,false,,30.90,0.0475,true,1,13795
7290111566660,false,קציצות עדשים כתומות,,,קציצות עדשים כתומות,גרמים,530.00,100 גרם,false,,30.90,0.0583,true,1,13796
7290111566714,false,המבורגר  מן הצומח  6,,,המבורגר  מן הצומח  6,גרמים,600.00,100 גרם,false,,30.90,0.0515,true,1,13798
7290111566752,false,שניצל תירס לייט טבעו,,,שניצל תירס לייט טבעו,גרמים,693.00,100 גרם,false,,30.90,0.0446,true,1,13799
7290111566776,false,נקנקיות  קוקטייל  מן,,,נקנקיות  קוקטייל  מן,גרמים,680.00,100 גרם,false,,30.90,0.0454,true,1,13800
7290111568206,false,ביסלי פארטי מיקס ברב,,,ביסלי פארטי מיקס ברב,גרמים,150.00,100 גרם,false,,6.50,0.0433,true,1,13325
7290111568275,false,נודלס אטריות אורז רח,,,נודלס אטריות אורז רח,גרמים,300.00,100 גרם,false,,8.90,0.0297,true,1,13327
7290111568466,false,אסם רוטב אסיאתי למוק,,,אסם רוטב אסיאתי למוק,מיליליטרים,290.00,"100 מ""ל",false,,12.90,0.0445,true,1,1347
7290111870897,false,מרשמלו מסולסל ארוך 1,,,מרשמלו מסולסל ארוך 1,גרמים,432.00,100 גרם,false,,29.90,0.0692,true,1,142136
7290111870927,false,מרשמלו מסולסל ארוך 1,,,מרשמלו מסולסל ארוך 1,גרמים,432.00,100 גרם,false,,29.90,0.0692,true,1,142119
7290111870934,false,מרשמלו מסולסל ארוך 1,,,מרשמלו מסולסל ארוך 1,גרמים,432.00,100 גרם,false,,29.90,0.0692,true,1,142120
7290111871061,false,מרשמלו מסולסל ארוך 1,,,מרשמלו מסולסל ארוך 1,גרמים,432.00,100 גרם,false,,29.90,0.0692,true,1,142121
7290111879074,false,בקבוק טריטן מרובע 60,,,בקבוק טריטן מרובע 60,אין,0.00,יחידה,false,,24.90,0.0000,true,1,21304
7290111930805,false,קראנצו'ס ברביקיו 55,,,קראנצו'ס ברביקיו 55,גרמים,55.00,100 גרם,false,,3.90,0.0709,true,1,14651
7290111930898,false,פוף כוכבים גריל אמרי,,,פוף כוכבים גריל אמרי,גרמים,40.00,100 גרם,false,,3.90,0.0975,true,1,14655
7290111930911,false,פוף לבבות קלאסי 40 ג,,,פוף לבבות קלאסי 40 ג,גרמים,40.00,100 גרם,false,,3.90,0.0975,true,1,14657
7290111930928,false,"פוף לבבות גריל 40 ג""",,,"פוף לבבות גריל 40 ג""",גרמים,40.00,100 גרם,false,,3.90,0.0975,true,1,14658
7290111932502,false,מש.שיניים אופטיק ויי,,,מש.שיניים אופטיק ויי,מיליליטרים,75.00,"100 מ""ל",false,,29.90,0.3987,true,1,14666
7290111933462,false,רוטב צ'ילי מתוק 300,,,רוטב צ'ילי מתוק 300,מיליליטרים,300.00,"100 מ""ל",false,,9.90,0.0330,true,1,14670
7290111933554,false,עגבניות קוביות מאסטר,,,עגבניות קוביות מאסטר,אלף,1.20,"ק""ג",false,,15.90,13.2500,true,1,14673
7290111935817,false,דאו' דרמה סטיק פנינה,,,דאו' דרמה סטיק פנינה,גרמים,45.00,100 גרם,false,,19.90,0.4422,true,1,14678
7290111936296,false,פלמוליב ארומה סנסייש,,,פלמוליב ארומה סנסייש,מיליליטרים,750.00,"100 מ""ל",false,,19.90,0.0265,true,1,14691
7290111936647,false,קולגייט מקס זוג 2*12,,,קולגייט מקס זוג 2*12,מיליליטרים,250.00,"100 מ""ל",false,,29.90,0.1196,true,1,2417
7290111936852,false,פרי מארז חטיפים תמרי,,,פרי מארז חטיפים תמרי,גרמים,125.00,100 גרם,false,,14.90,0.1192,true,1,879
7290111937231,false,פרי מארז חטיפים תמרי,,,פרי מארז חטיפים תמרי,גרמים,125.00,100 גרם,false,,14.90,0.1192,true,1,880
7290111937248,false,פרי מארז חטיפים תמרי,,,פרי מארז חטיפים תמרי,גרמים,125.00,100 גרם,false,,14.90,0.1192,true,1,881
7290111937262,false,פרי מארז חטיפים תמרי,,,פרי מארז חטיפים תמרי,גרמים,125.00,100 גרם,false,,14.90,0.1192,true,1,883
7290111938481,false,רוטב סויה בהירה מ.שף,,,רוטב סויה בהירה מ.שף,מיליליטרים,300.00,"100 מ""ל",false,,10.90,0.0363,true,1,1013
7290111939136,false,קוקי נייר אפייה עגול,,,קוקי נייר אפייה עגול,אין,0.00,יחידה,false,,7.90,0.0000,true,1,14709
7290111939143,false,קוקי נייר אפייה עגול,,,קוקי נייר אפייה עגול,אין,0.00,יחידה,false,,7.90,0.0000,true,1,14710
7290112000385,false,תרסיס ניקוי וחיטוי ל,,,תרסיס ניקוי וחיטוי ל,מיליליטרים,750.00,"100 מ""ל",false,,11.90,0.0159,true,1,14308
7290112000408,false,תרסיס ניקוי וחיטוי ר,,,תרסיס ניקוי וחיטוי ר,מיליליטרים,750.00,"100 מ""ל",false,,11.90,0.0159,true,1,14310
7290112000842,false,מגבונים לניקוי כללי,,,מגבונים לניקוי כללי,יח',60.00,יח',false,,11.90,0.1983,true,1,14317
7290112000880,false,מגבונים למטבח 60 יח',,,מגבונים למטבח 60 יח',יח',60.00,יח',false,,11.90,0.1983,true,1,14319
7290112001436,false,פיניש מנקה מדיח בניח,,,פיניש מנקה מדיח בניח,מיליליטרים,250.00,"100 מ""ל",false,,14.90,0.0596,true,1,14328
7290112002099,false,קולון ג'ל 2.5 ליטר ב,,,קולון ג'ל 2.5 ליטר ב,ארגז,2.50,ליטר,false,,24.90,9.9600,true,1,14340
7290112002112,false,קולון ג'ל 2.5 ליטר ב,,,קולון ג'ל 2.5 ליטר ב,ארגז,2.50,ליטר,false,,24.90,9.9600,true,1,14342
7290112002136,false,קולון ג'ל 4 ליטר רגי,,,קולון ג'ל 4 ליטר רגי,ארגז,4.00,ליטר,false,,34.90,8.7250,true,1,14344
7290112002143,false,קולון ג'ל 4 ליטר ליל,,,קולון ג'ל 4 ליטר ליל,ארגז,4.00,ליטר,false,,34.90,8.7250,true,1,14345
7290112002150,false,קולון ג'ל 4 ליטר בני,,,קולון ג'ל 4 ליטר בני,ארגז,4.00,ליטר,false,,34.90,8.7250,true,1,14346
7290112002167,false,קולון ג'ל 4 ליטר בני,,,קולון ג'ל 4 ליטר בני,ארגז,4.00,ליטר,false,,34.90,8.7250,true,1,14347
7290112003140,false,איירוויק פרשמטיק מיל,,,איירוויק פרשמטיק מיל,מיליליטרים,250.00,"100 מ""ל",false,,15.90,0.0636,true,1,14362
7290112003188,false,קולון קפסולות למכונת,,,קולון קפסולות למכונת,אין,0.00,יחידה,false,,57.90,0.0000,true,1,14363
7290112003232,false,אבקת כביסה קולון לבנ,,,אבקת כביסה קולון לבנ,אלף,5.00,"ק""ג",false,,39.90,7.9800,true,1,14364
7290112003508,false,איירוויק בוטניקה ספר,,,איירוויק בוטניקה ספר,מיליליטרים,236.00,"100 מ""ל",false,,19.90,0.0843,true,1,44727
7290112003522,false,איירוויק בוטניקה נר,,,איירוויק בוטניקה נר,מיליליטרים,205.00,"100 מ""ל",false,,24.90,0.1215,true,1,44699
7290112003966,false,וניש מסיר כתמים אבקה,,,וניש מסיר כתמים אבקה,מיליליטרים,470.00,"100 מ""ל",false,,16.90,0.0360,true,1,111311
7290112003997,false,אבקה להסרת כתמים לבג,,,אבקה להסרת כתמים לבג,אלף,1.62,"ק""ג",false,,34.90,21.5432,true,1,268293
7290112004000,false,אבקה להסרת כתמים  לב,,,אבקה להסרת כתמים  לב,אלף,1.62,"ק""ג",false,,34.90,21.5432,true,1,276269
7290112004192,false,פיניש טבליות למדיח א,,,פיניש טבליות למדיח א,אין,0.00,יחידה,false,,59.90,0.0000,true,1,138887
7290112004208,false,טבליות למדיח כלים פי,,,טבליות למדיח כלים פי,גרמים,800.00,100 גרם,false,,39.90,0.0499,true,1,266265
7290112004604,false,דטול מגבונים לניקוי,,,דטול מגבונים לניקוי,אין,0.00,יחידה,false,,24.90,0.0000,true,1,111352
7290112004611,false,ג'ל מרוכז מולטי פאוו,,,ג'ל מרוכז מולטי פאוו,מיליליטרים,200.00,"100 מ""ל",false,,17.90,0.0895,true,1,252603
7290112004772,false,מילוי למבשם אוויר אי,,,מילוי למבשם אוויר אי,מיליליטרים,19.00,"100 מ""ל",false,,16.90,0.8895,true,1,420242
7290112004970,false,פיניש אולטימייט 50 י,,,פיניש אולטימייט 50 י,אין,0.00,יחידה,false,,59.90,0.0000,true,1,424226
7290112005045,false,וניש אבקה לכביסה לבנ,,,וניש אבקה לכביסה לבנ,מיליליטרים,480.00,"100 מ""ל",false,,16.90,0.0352,true,1,410915
7290112005052,false,וניש אבקה לכביסה לבנ,,,וניש אבקה לכביסה לבנ,ליטרים,1500.00,100 ליטר,false,,39.90,0.0266,true,1,410888
7290112005076,false,וניש אבקה לכביסה צבע,,,וניש אבקה לכביסה צבע,גרמים,480.00,100 גרם,false,,16.90,0.0352,true,1,410916
7290112005083,false,וניש אבקה לכביסה צבע,,,וניש אבקה לכביסה צבע,ליטרים,1.50,100 ליטר,false,,39.90,26.6000,true,1,410874
7290112005168,false,פיניש קוואנטום למדיח,,,פיניש קוואנטום למדיח,אין,0.00,יחידה,false,,59.90,0.0000,true,1,424211
7290112192561,false,מש.שיניים פרמיום הגנ,,,מש.שיניים פרמיום הגנ,מיליליטרים,75.00,"100 מ""ל",false,,35.90,0.4787,true,1,5756
7290112195227,false,אטריות ביצים דקיקות,,,אטריות ביצים דקיקות,גרמים,500.00,100 גרם,false,,13.90,0.0278,true,1,118466
7290112195579,false,שמן זית איטליה 750 מ,,,שמן זית איטליה 750 מ,מיליליטרים,750.00,"100 מ""ל",false,,30.90,0.0412,true,1,174339
7290112196576,false,שקדי מרק מקמח כוסמין,,,שקדי מרק מקמח כוסמין,גרמים,400.00,100 גרם,false,,17.90,0.0447,true,1,214370
7290112196644,false,פירורי לחם כוסמין 20,,,פירורי לחם כוסמין 20,גרמים,200.00,100 גרם,false,,8.90,0.0445,true,1,421724
7290112197061,false,תחליב רחצה לידיים סט,,,תחליב רחצה לידיים סט,מיליליטרים,500.00,"100 מ""ל",false,,11.90,0.0238,true,1,275232
7290112197146,false,זוג תחלפי סוכר לכל מ,,,זוג תחלפי סוכר לכל מ,גרמים,720.00,100 גרם,false,,54.90,0.0762,true,1,438360
7290112330352,false,דנונה פרו 20 גר וניל,,,דנונה פרו 20 גר וניל,גרמים,200.00,100 גרם,false,,5.90,0.0295,true,1,15759
7290112330390,false,דנונה פרו 20 גר פירו,,,דנונה פרו 20 גר פירו,גרמים,200.00,100 גרם,false,,5.90,0.0295,true,1,15760
7290112332585,false,"פריכיות הטעימות תפו""",,,"פריכיות הטעימות תפו""",גרמים,30.00,100 גרם,false,,4.90,0.1633,true,1,15247
7290112332691,false,פינוקיות עוגיית קרם,,,פינוקיות עוגיית קרם,גרמים,200.00,100 גרם,false,,9.90,0.0495,true,1,15251
7290112335487,false,פריכיות הטעימות קצח,,,פריכיות הטעימות קצח,גרמים,135.00,100 גרם,false,,10.90,0.0807,true,1,15259
7290112335494,false,פריכיות הטעימות פוטט,,,פריכיות הטעימות פוטט,גרמים,135.00,100 גרם,false,,10.90,0.0807,true,1,15260
7290112335500,false,פריכיות הטעימות עשיר,,,פריכיות הטעימות עשיר,גרמים,135.00,100 גרם,false,,10.90,0.0807,true,1,15261
7290112336613,false,עד חצות סנדוויץ' 135,,,עד חצות סנדוויץ' 135,גרמים,135.00,100 גרם,false,,9.90,0.0733,true,1,15272
7290112336637,false,"סוכריות מאסט לל""ס יו",,,"סוכריות מאסט לל""ס יו",גרמים,80.00,100 גרם,false,,6.90,0.0863,true,1,15274
7290112336644,false,"סוכריות מאסט לל""ס לי",,,"סוכריות מאסט לל""ס לי",גרמים,80.00,100 גרם,false,,6.90,0.0863,true,1,15275
7290112336651,false,סוכריות מאסט ללא סוכ,,,סוכריות מאסט ללא סוכ,גרמים,80.00,100 גרם,false,,6.90,0.0863,true,1,15276
7290112336712,false,דנונה פרו 21 0% שומן,,,דנונה פרו 21 0% שומן,גרמים,200.00,100 גרם,false,,5.90,0.0295,true,1,15781
7290112337481,false,"סוכריות מאסט לל""ס קפ",,,"סוכריות מאסט לל""ס קפ",גרמים,80.00,100 גרם,false,,6.90,0.0863,true,1,15278
7290112339867,false,גמדים סקוויז בודד תו,,,גמדים סקוויז בודד תו,גרמים,100.00,100 גרם,false,,5.90,0.0590,true,1,15803
7290112339874,false,גמדים סקוויז בודד תו,,,גמדים סקוויז בודד תו,גרמים,100.00,100 גרם,false,,5.90,0.0590,true,1,15804
7290112340122,false,פריכיות הטעימות 3 דג,,,פריכיות הטעימות 3 דג,גרמים,135.00,100 גרם,false,,10.90,0.0807,true,1,15283
7290112340245,false,צנצנת מאסט בטעם דובד,,,צנצנת מאסט בטעם דובד,גרמים,66.00,100 גרם,false,,9.90,0.1500,true,1,1370
7290112340276,false,פינוקיות עוגיית קרם,,,פינוקיות עוגיית קרם,גרמים,200.00,100 גרם,false,,9.90,0.0495,true,1,15286
7290112341679,false,דנונה אקטיביה 3% 200,,,דנונה אקטיביה 3% 200,גרמים,200.00,100 גרם,false,,3.90,0.0195,true,1,15810
7290112341686,false,אקטיביה מארז 3% 8*15,,,אקטיביה מארז 3% 8*15,אלף,1.20,"ק""ג",false,,19.90,16.5833,true,1,15811
7290112342102,false,סימפוניה 5% בצל מקור,,,סימפוניה 5% בצל מקור,גרמים,200.00,100 גרם,false,,11.50,0.0575,true,1,15815
7290112342508,false,דוריטוס קול ראנץ' 70,,,דוריטוס קול ראנץ' 70,גרמים,70.00,100 גרם,false,,3.60,0.0514,true,1,15961
7290112343260,false,יטבתה רוטב שמנת קלאס,,,יטבתה רוטב שמנת קלאס,גרמים,260.00,100 גרם,false,,9.90,0.0381,true,1,15820
7290112343499,false,ציטוס Puffs בטעם גבי,,,ציטוס Puffs בטעם גבי,גרמים,55.00,100 גרם,false,,3.50,0.0636,true,1,137051
7290112344564,false,EAT GOOD רביולי גבינ,,,EAT GOOD רביולי גבינ,גרמים,400.00,100 גרם,false,,16.90,0.0422,true,1,15822
7290112344724,false,מילקי בטעם שוקולד בל,,,מילקי בטעם שוקולד בל,מיליליטרים,170.00,"100 מ""ל",false,,3.50,0.0206,true,1,15824
7290112344755,false,מילקי עם 26% פחות סו,,,מילקי עם 26% פחות סו,מיליליטרים,135.00,"100 מ""ל",false,,2.90,0.0215,true,1,37076
7290112346360,false,בפלות אחת אחת בציפוי,,,בפלות אחת אחת בציפוי,גרמים,180.00,100 גרם,false,,12.90,0.0717,true,1,15323
7290112346537,false,פינוקיות עוגיות בטעם,,,פינוקיות עוגיות בטעם,גרמים,200.00,100 גרם,false,,9.90,0.0495,true,1,15324
7290112346629,false,דנונה קראנצ' עם קורנ,,,דנונה קראנצ' עם קורנ,מיליליטרים,172.00,"100 מ""ל",false,,4.60,0.0267,true,1,15832
7290112346773,false,דנונה לייט אנד פריי,,,דנונה לייט אנד פריי,מיליליטרים,150.00,"100 מ""ל",false,,4.90,0.0327,true,1,44469
7290112347008,false,גמדים ארוחת בוקר תות,,,גמדים ארוחת בוקר תות,גרמים,100.00,100 גרם,false,,5.90,0.0590,true,1,15837
7290112347237,false,מעדן גבינה בטעם לימו,,,מעדן גבינה בטעם לימו,גרמים,125.00,100 גרם,false,,3.90,0.0312,true,1,407934
7290112347473,false,דנונה לייט אנד פריי,,,דנונה לייט אנד פריי,אלף,1.20,"ק""ג",false,,27.90,23.2500,true,1,15841
7290112348142,false,שעועית לבנה טעם הטבע,,,שעועית לבנה טעם הטבע,גרמים,380.00,100 גרם,false,,6.90,0.0182,true,1,15333
7290112349316,false,בזוקה ביג פופים בטעם,,,בזוקה ביג פופים בטעם,גרמים,86.00,100 גרם,false,,13.90,0.1616,true,1,1256
7290112349606,false,דניאלה תות בננה 150,,,דניאלה תות בננה 150,מיליליטרים,150.00,"100 מ""ל",false,,4.10,0.0273,true,1,210153
7290112349705,false,רוטב עגבניות פומודרו,,,רוטב עגבניות פומודרו,גרמים,350.00,100 גרם,false,,10.90,0.0311,true,1,15349
7290112349736,false,רוטב עגבניות בזיליקו,,,רוטב עגבניות בזיליקו,גרמים,350.00,100 גרם,false,,10.90,0.0311,true,1,15350
7290112349743,false,רוטב עגבניות ארביאטה,,,רוטב עגבניות ארביאטה,גרמים,350.00,100 גרם,false,,10.90,0.0311,true,1,15351
7290112349750,false,רוטב עגבניות לפיצה 3,,,רוטב עגבניות לפיצה 3,גרמים,350.00,100 גרם,false,,10.90,0.0311,true,1,15352
7290112349897,false,מאסט קוביות מנטה 86,,,מאסט קוביות מנטה 86,גרמים,86.00,100 גרם,false,,13.90,0.1616,true,1,1257
7290112350275,false,קפסולות LUNGO למכונו,,,קפסולות LUNGO למכונו,גרמים,50.00,100 גרם,false,,16.90,0.3380,true,1,15355
7290112350312,false,עלית קפסולות  15 למכ,,,עלית קפסולות  15 למכ,גרמים,50.00,100 גרם,false,,16.90,0.3380,true,1,15357
7290112351067,false,סילאן טבעי לחיץ יד מ,,,סילאן טבעי לחיץ יד מ,גרמים,630.00,100 גרם,false,,23.90,0.0379,true,1,15359
7290112351258,false,פינוקיות עוגיית שחור,,,פינוקיות עוגיית שחור,גרמים,200.00,100 גרם,false,,9.90,0.0495,true,1,15364
7290112351463,false,שלישיית סוכריות FRES,,,שלישיית סוכריות FRES,גרמים,45.00,100 גרם,false,,7.90,0.1756,true,1,15365
7290112351524,false,עלי  סלנובה טעם הטבע,,,עלי  סלנובה טעם הטבע,גרמים,200.00,100 גרם,false,,11.90,0.0595,true,1,15865
7290112353887,false,קפה קר יטבתה בטעם אג,,,קפה קר יטבתה בטעם אג,מיליליטרים,230.00,"100 מ""ל",false,,7.90,0.0343,true,1,15869
7290112354174,false,פסטה רוזה שטראוס דלי,,,פסטה רוזה שטראוס דלי,גרמים,280.00,100 גרם,false,,21.90,0.0782,true,1,146116
7290112354211,false,פיצה מרגריטה שטראוס,,,פיצה מרגריטה שטראוס,גרמים,400.00,100 גרם,false,,26.90,0.0672,true,1,146313
7290112354228,false,פיצה מרגריטה זיתים ש,,,פיצה מרגריטה זיתים ש,גרמים,400.00,100 גרם,false,,26.90,0.0672,true,1,146299
7290112354235,false,ברקטה פיצה שטראוס דל,,,ברקטה פיצה שטראוס דל,גרמים,300.00,100 גרם,false,,25.90,0.0863,true,1,146314
7290112355027,false,דנונה פרו 20 גר' בטע,,,דנונה פרו 20 גר' בטע,גרמים,200.00,100 גרם,false,,5.90,0.0295,true,1,37105
7290112355102,false,סקוויז גמדים לדרך סל,,,סקוויז גמדים לדרך סל,גרמים,100.00,100 גרם,false,,5.90,0.0590,true,1,44429
7290112355775,false,סימפוניה עירית 200 ג,,,סימפוניה עירית 200 ג,גרמים,200.00,100 גרם,false,,11.50,0.0575,true,1,408615
7290112357045,false,עגבניות איטלקיות מרו,,,עגבניות איטלקיות מרו,גרמים,390.00,100 גרם,false,,6.60,0.0169,true,1,15382
7290112357069,false,מחית עגבניות איטלקיו,,,מחית עגבניות איטלקיו,גרמים,500.00,100 גרם,false,,7.50,0.0150,true,1,15383
7290112357106,false,שעועית אדומה טעם הטב,,,שעועית אדומה טעם הטב,גרמים,380.00,100 גרם,false,,6.90,0.0182,true,1,15384
7290112357175,false,קפסולות BOOST למכונו,,,קפסולות BOOST למכונו,גרמים,50.00,100 גרם,false,,16.90,0.3380,true,1,15386
7290112358233,false,יד מורדכי רוטב צ'ילי,,,יד מורדכי רוטב צ'ילי,מיליליטרים,300.00,"100 מ""ל",false,,13.90,0.0463,true,1,53670
7290112358240,false,יד מורדכי רוטב גריל,,,יד מורדכי רוטב גריל,מיליליטרים,300.00,"100 מ""ל",false,,13.90,0.0463,true,1,53671
7290112358257,false,יד מורדכי רוטב לעוף,,,יד מורדכי רוטב לעוף,מיליליטרים,300.00,"100 מ""ל",false,,13.90,0.0463,true,1,15392
7290112490032,false,נמס בכוס תירס קנור 2,,,נמס בכוס תירס קנור 2,גרמים,45.00,100 גרם,false,,6.90,0.1533,true,1,9188
7290112490117,false,טבלה קליק וופל ואגוז,,,טבלה קליק וופל ואגוז,גרמים,85.00,100 גרם,false,,4.90,0.0576,true,1,9192
7290112490209,false,נמס בכוס מרק עגבניות,,,נמס בכוס מרק עגבניות,גרמים,56.00,100 גרם,false,,6.90,0.1232,true,1,9194
7290112490216,false,נמס בכוס בטעם עוף קר,,,נמס בכוס בטעם עוף קר,אין,48.00,יחידה,false,,6.90,0.1438,true,1,9195
7290112490230,false,נמס בכוס אפונה רכיבי,,,נמס בכוס אפונה רכיבי,גרמים,50.00,100 גרם,false,,6.90,0.1380,true,1,9196
7290112490674,false,קונפיטורה 778 דובדבן,,,קונפיטורה 778 דובדבן,גרמים,340.00,100 גרם,false,,11.90,0.0350,true,1,9202
7290112490827,false,בדין בייבי תרסיס למי,,,בדין בייבי תרסיס למי,מיליליטרים,500.00,"100 מ""ל",false,,14.90,0.0298,true,1,9207
7290112491701,false,ברנפלקס אקסטרה פרוטא,,,ברנפלקס אקסטרה פרוטא,גרמים,400.00,100 גרם,false,,21.90,0.0547,true,1,9219
7290112491770,false,בייגלה דקים דקים עם,,,בייגלה דקים דקים עם,גרמים,300.00,100 גרם,false,,9.90,0.0330,true,1,9220
7290112491787,false,בייגלה דקים דקים עם,,,בייגלה דקים דקים עם,גרמים,300.00,100 גרם,false,,9.90,0.0330,true,1,9221
7290112491794,false,בייגלה דקים דקים בטע,,,בייגלה דקים דקים בטע,גרמים,300.00,100 גרם,false,,9.90,0.0330,true,1,9222
7290112492449,false,פינוק שמפו לשיער רגי,,,פינוק שמפו לשיער רגי,מיליליטרים,700.00,"100 מ""ל",false,,11.90,0.0170,true,1,9227
7290112492456,false,פינוק שמפו שיער יבש,,,פינוק שמפו שיער יבש,מיליליטרים,700.00,"100 מ""ל",false,,11.90,0.0170,true,1,9228
7290112492463,false,פינוק 2ב1 לשיער רגיל,,,פינוק 2ב1 לשיער רגיל,מיליליטרים,700.00,"100 מ""ל",false,,11.90,0.0170,true,1,9229
7290112492487,false,פינוק שמפו שמן מרוקא,,,פינוק שמפו שמן מרוקא,מיליליטרים,700.00,"100 מ""ל",false,,11.90,0.0170,true,1,9230
7290112492500,false,פינוק שמפו שמן קוקוס,,,פינוק שמפו שמן קוקוס,מיליליטרים,700.00,"100 מ""ל",false,,11.90,0.0170,true,1,9231
7290112492531,false,פינוק מרכך לשיער רגי,,,פינוק מרכך לשיער רגי,מיליליטרים,700.00,"100 מ""ל",false,,11.90,0.0170,true,1,9232
7290112492579,false,פינוק מרכך שמן קוקוס,,,פינוק מרכך שמן קוקוס,מיליליטרים,700.00,"100 מ""ל",false,,11.90,0.0170,true,1,9234
7290112492593,false,פינוק תחליב רחצה קלא,,,פינוק תחליב רחצה קלא,מיליליטרים,700.00,"100 מ""ל",false,,9.90,0.0141,true,1,9235
7290112492609,false,פינוק תחליב רחצה לבנ,,,פינוק תחליב רחצה לבנ,מיליליטרים,700.00,"100 מ""ל",false,,9.90,0.0141,true,1,9236
7290112492715,false,פינוק שמפו לילדים 70,,,פינוק שמפו לילדים 70,מיליליטרים,700.00,"100 מ""ל",false,,11.80,0.0169,true,1,90900
7290112492722,false,פינוק 2 ב 1 ילדים 70,,,פינוק 2 ב 1 ילדים 70,מיליליטרים,700.00,"100 מ""ל",false,,11.80,0.0169,true,1,90901
7290112492746,false,פינוק מרכך ילדים 700,,,פינוק מרכך ילדים 700,מיליליטרים,700.00,"100 מ""ל",false,,11.80,0.0169,true,1,90902
7290112492975,false,מרק טעם עוף קנור 400,,,מרק טעם עוף קנור 400,גרמים,400.00,100 גרם,false,,9.90,0.0248,true,1,9246
7290112492982,false,מרק פטריות 100% רכיב,,,מרק פטריות 100% רכיב,יח',400.00,יח',false,,19.90,0.0497,true,1,9247
7290112492999,false,מרק טעם עוף קנור 400,,,מרק טעם עוף קנור 400,גרמים,400.00,100 גרם,false,,11.80,0.0295,true,1,9248
7290112493927,false,קרמיסימו ריבת חלב 1.,,,קרמיסימו ריבת חלב 1.,ארגז,1.33,ליטר,false,,18.90,14.2105,true,1,5985
7290112494153,false,תיבוליות ניחוח צלי ק,,,תיבוליות ניחוח צלי ק,גרמים,72.00,100 גרם,false,,7.90,0.1097,true,1,133995
7290112494221,false,קליק ביסקוויט 65 גרם,,,קליק ביסקוויט 65 גרם,גרמים,65.00,100 גרם,false,,5.90,0.0908,true,1,9266
7290112494238,false,קליק כדורים חלב 65 ג,,,קליק כדורים חלב 65 ג,גרמים,65.00,100 גרם,false,,5.90,0.0908,true,1,9267
7290112494276,false,קליק כריות 65 גרם,,,קליק כריות 65 גרם,גרמים,65.00,100 גרם,false,,5.90,0.0908,true,1,9268
7290112494283,false,קליק מעורב חום לבן 6,,,קליק מעורב חום לבן 6,גרמים,65.00,100 גרם,false,,5.90,0.0908,true,1,9269
7290112494313,false,קליק קורנפלקס 65 גרם,,,קליק קורנפלקס 65 גרם,גרמים,65.00,100 גרם,false,,5.90,0.0908,true,1,9270
7290112494344,false,קורנפלקס של אלופים ת,,,קורנפלקס של אלופים ת,גרמים,850.00,100 גרם,false,,16.80,0.0198,true,1,9271
7290112494351,false,קורנפלקס של אלופים ת,,,קורנפלקס של אלופים ת,גרמים,850.00,100 גרם,false,,16.80,0.0198,true,1,9272
7290112494382,false,פירה בטעם ביתי קנור,,,פירה בטעם ביתי קנור,גרמים,260.00,100 גרם,false,,9.90,0.0381,true,1,9273
7290112494795,false,ג'ל לכביסה לבנה וצבע,,,ג'ל לכביסה לבנה וצבע,ארגז,2.50,ליטר,false,,30.90,12.3600,true,1,9282
7290112494801,false,ג'ל לכביסה לבנה וצבע,,,ג'ל לכביסה לבנה וצבע,ארגז,2.50,ליטר,false,,30.90,12.3600,true,1,9283
7290112494993,false,"כריות וניל תלמה בד""ץ",,,"כריות וניל תלמה בד""ץ",גרמים,686.00,100 גרם,false,,24.90,0.0363,true,1,9286
7290112495020,false,כריות צוקולדה תלמה ב,,,כריות צוקולדה תלמה ב,גרמים,686.00,100 גרם,false,,24.90,0.0363,true,1,9289
7290112495037,false,קוקומן כדורים תלמה ב,,,קוקומן כדורים תלמה ב,גרמים,375.00,100 גרם,false,,18.90,0.0504,true,1,9290
7290112495044,false,קוקומן פצפוצים תלמה,,,קוקומן פצפוצים תלמה,גרמים,375.00,100 גרם,false,,18.90,0.0504,true,1,9291
7290112495105,false,נשנושים שמנת בצל 260,,,נשנושים שמנת בצל 260,גרמים,260.00,100 גרם,false,,11.90,0.0458,true,1,9292
7290112495112,false,נשנושים זעתר 260 גרם,,,נשנושים זעתר 260 גרם,גרמים,260.00,100 גרם,false,,11.90,0.0458,true,1,9293
7290112495143,false,נשנושים קוקטייל מלוח,,,נשנושים קוקטייל מלוח,גרמים,300.00,100 גרם,false,,12.90,0.0430,true,1,9294
7290112495150,false,נשנושים עגול מלוח 30,,,נשנושים עגול מלוח 30,גרמים,300.00,100 גרם,false,,12.90,0.0430,true,1,9295
7290112495167,false,נשנושים משולש שומשום,,,נשנושים משולש שומשום,גרמים,300.00,100 גרם,false,,12.90,0.0430,true,1,9296
7290112495174,false,נשנושים קוקטייל שומש,,,נשנושים קוקטייל שומש,גרמים,300.00,100 גרם,false,,12.90,0.0430,true,1,9297
7290112495228,false,קורנפלקס דבש תלמה תל,,,קורנפלקס דבש תלמה תל,גרמים,448.00,100 גרם,false,,17.90,0.0400,true,1,9298
7290112495235,false,קורנפלקס וניל תלמה 4,,,קורנפלקס וניל תלמה 4,גרמים,448.00,100 גרם,false,,17.90,0.0400,true,1,9299
7290112495242,false,קורנפלקס מייפל תלמה,,,קורנפלקס מייפל תלמה,גרמים,448.00,100 גרם,false,,17.90,0.0400,true,1,9300
7290112495280,false,ריבועי ברנפלקס קינמו,,,ריבועי ברנפלקס קינמו,גרמים,400.00,100 גרם,false,,20.90,0.0522,true,1,9301
7290112495433,false,"דליפקאן תלמה בד""ץ 40",,,"דליפקאן תלמה בד""ץ 40",גרמים,400.00,100 גרם,false,,21.90,0.0547,true,1,9302
7290112495662,false,קרקר חיטה מלאה עם פש,,,קרקר חיטה מלאה עם פש,גרמים,300.00,100 גרם,false,,8.90,0.0297,true,1,1439
7290112495686,false,קרקר שומשום 220 גר',,,קרקר שומשום 220 גר',גרמים,220.00,100 גרם,false,,8.90,0.0405,true,1,1440
7290112495754,false,רוטב אלף האיים הלמנס,,,רוטב אלף האיים הלמנס,גרמים,305.00,100 גרם,false,,10.50,0.0344,true,1,9307
7290112495761,false,רוטב אלף האיים לייט,,,רוטב אלף האיים לייט,גרמים,305.00,100 גרם,false,,10.90,0.0357,true,1,445255
7290112495792,false,רוטב שום לייט הלמנס,,,רוטב שום לייט הלמנס,גרמים,300.00,100 גרם,false,,10.90,0.0363,true,1,445284
7290112495808,false,הלמנס רוטב לסלט חרדל,,,הלמנס רוטב לסלט חרדל,מיליליטרים,305.00,"100 מ""ל",false,,9.90,0.0325,true,1,1074
7290112495815,false,הלמנס רוטב לסלט חרדל,,,הלמנס רוטב לסלט חרדל,מיליליטרים,305.00,"100 מ""ל",false,,9.90,0.0325,true,1,1075
7290112495822,false,"כריות בלאק תלמה בד""ץ",,,"כריות בלאק תלמה בד""ץ",גרמים,686.00,100 גרם,false,,24.90,0.0363,true,1,9310
7290112496270,false,פתית צ'יפס עם תפוח א,,,פתית צ'יפס עם תפוח א,גרמים,21.00,100 גרם,false,,4.90,0.2333,true,1,101039
7290112496287,false,פתית צ'יפס בטטה בטעם,,,פתית צ'יפס בטטה בטעם,גרמים,21.00,100 גרם,false,,4.90,0.2333,true,1,101040
7290112496294,false,פתית צ'יפס עם אפונה,,,פתית צ'יפס עם אפונה,גרמים,22.00,100 גרם,false,,4.90,0.2227,true,1,130417
7290112496461,false,מרק נמס בכוס אקסטרה,,,מרק נמס בכוס אקסטרה,גרמים,35.00,100 גרם,false,,3.90,0.1114,true,1,35212
7290112497031,false,רוטב עגבניות לקציצות,,,רוטב עגבניות לקציצות,גרמים,415.00,100 גרם,false,,12.90,0.0311,true,1,445240
7290112497123,false,קנור סחלב 112 גרם,,,קנור סחלב 112 גרם,גרמים,112.00,100 גרם,false,,11.90,0.1063,true,1,33107
7290112497826,false,דגני שוגי תלמה 850 ג,,,דגני שוגי תלמה 850 ג,גרמים,850.00,100 גרם,false,,27.90,0.0328,true,1,36368
7290112497864,false,מרק בטעם עוף רכיבים,,,מרק בטעם עוף רכיבים,גרמים,400.00,100 גרם,false,,19.90,0.0497,true,1,133968
7290112497994,false,גרנולה PROTEIN בתוספ,,,גרנולה PROTEIN בתוספ,גרמים,300.00,100 גרם,false,,16.90,0.0563,true,1,112104
7290112498007,false,גרנולה PROTEIN בתוספ,,,גרנולה PROTEIN בתוספ,גרמים,300.00,100 גרם,false,,16.90,0.0563,true,1,149306
7290112498267,false,אל סבון לידיים בניחו,,,אל סבון לידיים בניחו,מיליליטרים,950.00,"100 מ""ל",false,,11.90,0.0125,true,1,95844
7290112498281,false,אל סבון לידיים בתוספ,,,אל סבון לידיים בתוספ,מיליליטרים,950.00,"100 מ""ל",false,,11.90,0.0125,true,1,95845
7290112498298,false,אל סבון לידיים בתוספ,,,אל סבון לידיים בתוספ,מיליליטרים,950.00,"100 מ""ל",false,,11.90,0.0125,true,1,95846
7290112498441,false,טעמים מהמזרח רוטב רו,,,טעמים מהמזרח רוטב רו,גרמים,370.00,100 גרם,false,,10.50,0.0284,true,1,444778
7290112498526,false,פתית צ'יפס עם בטטה ס,,,פתית צ'יפס עם בטטה ס,גרמים,21.00,100 גרם,false,,4.90,0.2333,true,1,101041
7290112498632,false,מאגדת ילדים קרצופים,,,מאגדת ילדים קרצופים,גרמים,365.00,100 גרם,false,,29.90,0.0819,true,1,5988
7290112498885,false,מאגדת גודיז  שלגון ב,,,מאגדת גודיז  שלגון ב,גרמים,240.00,100 גרם,false,,27.90,0.1162,true,1,58831
7290112498915,false,מאגדת מיני מגנום שקד,,,מאגדת מיני מגנום שקד,גרמים,310.00,100 גרם,false,,27.90,0.0900,true,1,84554
7290112498922,false,מאגדת מיני מגנום לבן,,,מאגדת מיני מגנום לבן,גרמים,310.00,100 גרם,false,,27.90,0.0900,true,1,84540
7290112499097,false,מאגדת מיני מגנום מרי,,,מאגדת מיני מגנום מרי,גרמים,240.00,100 גרם,false,,27.90,0.1162,true,1,212890
7290112499219,false,מאגדת גלידה בטעמי פי,,,מאגדת גלידה בטעמי פי,100 יח',5.00,100 יח',false,,29.90,5.9800,true,1,344767
7290112499462,false,תחליב רחצה בתוספת שמ,,,תחליב רחצה בתוספת שמ,מיליליטרים,700.00,"100 מ""ל",false,,9.90,0.0141,true,1,84636
7290112499844,false,מגנום מיני דואט מאגד,,,מגנום מיני דואט מאגד,גרמים,310.00,100 גרם,false,,27.90,0.0900,true,1,6003
7290112499943,false,מגנום מאגדת מיני שוק,,,מגנום מאגדת מיני שוק,גרמים,250.00,100 גרם,false,,27.90,0.1116,true,1,6010
7290112961266,false,בייגלה כפיות בסגנון,,,בייגלה כפיות בסגנון,גרמים,300.00,100 גרם,false,,10.90,0.0363,true,1,13343
7290112961327,false,אסם בייגלה כפיות פיז,,,אסם בייגלה כפיות פיז,גרמים,300.00,100 גרם,false,,10.90,0.0363,true,1,13344
7290112961372,false,חטיפי פריכיות דקות ק,,,חטיפי פריכיות דקות ק,גרמים,60.00,100 גרם,false,,7.90,0.1317,true,1,13345
7290112961440,false,פיטנס בר פריכיות שוק,,,פיטנס בר פריכיות שוק,גרמים,84.00,100 גרם,false,,11.90,0.1417,true,1,76488
7290112961464,false,חטיפי פריכיות דקות מ,,,חטיפי פריכיות דקות מ,גרמים,60.00,100 גרם,false,,7.90,0.1317,true,1,13346
7290112962287,false,שווארמה טבעונית טבעו,,,שווארמה טבעונית טבעו,גרמים,450.00,100 גרם,false,,30.90,0.0687,true,1,13817
7290112962737,false,טבעול שניצל מן הצומח,,,טבעול שניצל מן הצומח,גרמים,664.00,100 גרם,false,,30.90,0.0465,true,1,13819
7290112963918,false,פיטנס חטיפי קרקר דק,,,פיטנס חטיפי קרקר דק,גרמים,140.00,100 גרם,false,,11.90,0.0850,true,1,1403
7290112964410,false,אסם רוטב אלף האיים ל,,,אסם רוטב אלף האיים ל,מיליליטרים,290.00,"100 מ""ל",false,,8.90,0.0307,true,1,13370
7290112964434,false,אסם רוטב קיסר לסלט 2,,,אסם רוטב קיסר לסלט 2,מיליליטרים,295.00,"100 מ""ל",false,,8.90,0.0302,true,1,13371
7290112964458,false,אסם רוטב ויניגרט לסל,,,אסם רוטב ויניגרט לסל,מיליליטרים,295.00,"100 מ""ל",false,,8.90,0.0302,true,1,13372
7290112964472,false,אסם רוטב שום לסלט 29,,,אסם רוטב שום לסלט 29,מיליליטרים,295.00,"100 מ""ל",false,,8.90,0.0302,true,1,13373
7290112964502,false,אסם רוטב אלף האיים ל,,,אסם רוטב אלף האיים ל,מיליליטרים,600.00,"100 מ""ל",false,,14.90,0.0248,true,1,254
7290112964564,false,אסם רוטב אלף האיים ל,,,אסם רוטב אלף האיים ל,מיליליטרים,295.00,"100 מ""ל",false,,8.90,0.0302,true,1,13375
7290112964724,false,טבעול המבורגר טבעוני,,,טבעול המבורגר טבעוני,גרמים,580.00,100 גרם,false,,30.90,0.0533,true,1,13821
7290112965103,false,קוסקוס עם ירקות אסם,,,קוסקוס עם ירקות אסם,גרמים,146.00,100 גרם,false,,11.90,0.0815,true,1,13381
7290112965240,false,זוג מרק נמס עגבניות,,,זוג מרק נמס עגבניות,גרמים,60.00,100 גרם,false,,5.70,0.0950,true,1,13387
7290112965264,false,זוג מרק נמס אפונה בד,,,זוג מרק נמס אפונה בד,גרמים,30.00,100 גרם,false,,5.70,0.1900,true,1,35588
7290112965288,false,זוג מרק נמס ירקות בד,,,זוג מרק נמס ירקות בד,גרמים,30.00,100 גרם,false,,5.70,0.1900,true,1,35589
7290112965325,false,אורז ספרדי אסם 140 ג,,,אורז ספרדי אסם 140 ג,גרמים,140.00,100 גרם,false,,11.90,0.0850,true,1,13389
7290112965363,false,קציצת קינואה וברוקול,,,קציצת קינואה וברוקול,גרמים,525.00,100 גרם,false,,30.90,0.0589,true,1,13822
7290112965585,false,פסטה קסרצה פרפקטו 50,,,פסטה קסרצה פרפקטו 50,גרמים,500.00,100 גרם,false,,6.50,0.0130,true,1,13393
7290112965660,false,פיטנס חטיף מולטיגריי,,,פיטנס חטיף מולטיגריי,גרמים,25.00,100 גרם,false,,4.90,0.1960,true,1,36923
7290112965684,false,פיטנס חטיף מולטיגריי,,,פיטנס חטיף מולטיגריי,גרמים,25.00,100 גרם,false,,4.90,0.1960,true,1,36924
7290112965707,false,פיטנס חטיף מולטיגריי,,,פיטנס חטיף מולטיגריי,גרמים,25.00,100 גרם,false,,4.90,0.1960,true,1,36925
7290112965868,false,אסם קרם קרקר במליחות,,,אסם קרם קרקר במליחות,גרמים,250.00,100 גרם,false,,8.90,0.0356,true,1,13397
7290112965905,false,אסם בייגלה שמיניות ב,,,אסם בייגלה שמיניות ב,גרמים,400.00,100 גרם,false,,9.90,0.0248,true,1,236
7290112965929,false,אסם דובלה 250 גרם,,,אסם דובלה 250 גרם,גרמים,250.00,100 גרם,false,,9.90,0.0396,true,1,237
7290112965967,false,טבעול נאגטס ירקות כת,,,טבעול נאגטס ירקות כת,גרמים,500.00,100 גרם,false,,30.90,0.0618,true,1,35511
7290112965981,false,טבעול גורמה ארוחת דג,,,טבעול גורמה ארוחת דג,גרמים,450.00,100 גרם,false,,34.90,0.0776,true,1,412742
7290112966001,false,טבעול גורמה ארוחת יר,,,טבעול גורמה ארוחת יר,גרמים,450.00,100 גרם,false,,34.90,0.0776,true,1,412756
7290112966094,false,עוגת הבית תפוז מופחת,,,עוגת הבית תפוז מופחת,גרמים,400.00,100 גרם,false,,11.90,0.0298,true,1,13400
7290112966124,false,אסם פתי בר מופחת סוכ,,,אסם פתי בר מופחת סוכ,גרמים,500.00,100 גרם,false,,10.90,0.0218,true,1,13401
7290112966445,false,במבה מתוקה אריזה גדו,,,במבה מתוקה אריזה גדו,גרמים,100.00,100 גרם,false,,7.90,0.0790,true,1,13405
7290112966803,false,אסם פודינג אינסטנט ש,,,אסם פודינג אינסטנט ש,גרמים,88.00,100 גרם,false,,5.90,0.0670,true,1,1051
7290112966841,false,אסם פודינג בטעם שוקו,,,אסם פודינג בטעם שוקו,גרמים,90.00,100 גרם,false,,5.90,0.0656,true,1,1053
7290112967138,false,אסם בייגלה שמיניות ל,,,אסם בייגלה שמיניות ל,גרמים,250.00,100 גרם,false,,13.90,0.0556,true,1,13410
7290112967220,false,ביסלי ברביקיו מארז 1,,,ביסלי ברביקיו מארז 1,גרמים,200.00,100 גרם,false,,13.90,0.0695,true,1,1079
7290112967244,false,ביסלי גריל מארז 10*,,,ביסלי גריל מארז 10*,גרמים,200.00,100 גרם,false,,12.90,0.0645,true,1,13412
7290112968203,false,סלט טחינה בלאדי צבר,,,סלט טחינה בלאדי צבר,גרמים,250.00,100 גרם,false,,10.90,0.0436,true,1,13833
7290112968340,false,חומוס גרוס גס גס צבר,,,חומוס גרוס גס גס צבר,גרמים,400.00,100 גרם,false,,13.90,0.0348,true,1,13834
7290112968708,false,שניצל  תירס עדה חרדי,,,שניצל  תירס עדה חרדי,אלף,1.30,"ק""ג",false,,40.90,31.4615,true,1,13841
7290112968784,false,טבעול חטיפי כרובית 4,,,טבעול חטיפי כרובית 4,גרמים,450.00,100 גרם,false,,30.90,0.0687,true,1,53514
7290112968807,false,פיטנס קרקר דק סלק 14,,,פיטנס קרקר דק סלק 14,גרמים,140.00,100 גרם,false,,11.90,0.0850,true,1,45165
7290112968821,false,פיטנס קרקר דק בטטה 1,,,פיטנס קרקר דק בטטה 1,גרמים,140.00,100 גרם,false,,11.90,0.0850,true,1,45166
7290112969248,false,אוסם בישולים רוטב סי,,,אוסם בישולים רוטב סי,גרמים,335.00,100 גרם,false,,16.90,0.0504,true,1,41371
7290113100114,false,מסננת גודל 21.5 + יד,,,מסננת גודל 21.5 + יד,אין,0.00,יחידה,false,,21.90,0.0000,true,1,30573
7290113100121,false,מסננת גודל 24.5 + יד,,,מסננת גודל 24.5 + יד,אין,0.00,יחידה,false,,24.90,0.0000,true,1,30574
7290113100138,false,מסננת גודל 26 + ידית,,,מסננת גודל 26 + ידית,אין,0.00,יחידה,false,,26.90,0.0000,true,1,30575
7290113100169,false,מסננת גודל 20 + ידית,,,מסננת גודל 20 + ידית,אין,0.00,יחידה,false,,19.90,0.0000,true,1,30578
7290113100633,false,תבנית אינגליש +מכסה,,,תבנית אינגליש +מכסה,אין,0.00,יחידה,false,,149.50,0.0000,true,1,30626
7290113100688,false,תבנית אפיה גודל 26,,,תבנית אפיה גודל 26,אין,0.00,יחידה,false,,119.50,0.0000,true,1,30631
7290113101296,false,פותחן בקבוקים סיליקו,,,פותחן בקבוקים סיליקו,אין,0.00,יחידה,false,,29.90,0.0000,true,1,30692
7290113101760,false,סט 3 סכיני בשר,,,סט 3 סכיני בשר,אין,0.00,יחידה,false,,27.90,0.0000,true,1,30739
7290113102200,false,כף שטוחה,,,כף שטוחה,אין,0.00,יחידה,false,,20.90,0.0000,true,1,30783
7290113102224,false,"מועך תפו""א",,,"מועך תפו""א",אין,0.00,יחידה,false,,24.90,0.0000,true,1,30785
7290113190757,false,חלבה תלתלים בטעם וני,,,חלבה תלתלים בטעם וני,גרמים,300.00,100 גרם,false,,14.90,0.0497,true,1,412549
7290113190771,false,חלבה מסולסלת בטעם שו,,,חלבה מסולסלת בטעם שו,גרמים,300.00,100 גרם,false,,14.90,0.0497,true,1,6217
7290113192300,false,זיתים חרוזית מושחר ב,,,זיתים חרוזית מושחר ב,גרמים,275.00,100 גרם,false,,9.90,0.0360,true,1,13437
7290113192317,false,טבעות זיתים מושחרים,,,טבעות זיתים מושחרים,גרמים,280.00,100 גרם,false,,10.90,0.0389,true,1,13438
7290113192324,false,זית ירוק בית השיטה 3,,,זית ירוק בית השיטה 3,גרמים,340.00,100 גרם,false,,8.90,0.0262,true,1,13439
7290113192331,false,זיתים ירוק גדול בית,,,זיתים ירוק גדול בית,גרמים,340.00,100 גרם,false,,8.90,0.0262,true,1,13440
7290113192348,false,זית ירוק שום 17-19בי,,,זית ירוק שום 17-19בי,גרמים,560.00,100 גרם,false,,9.90,0.0177,true,1,13441
7290113192355,false,זיתים חרוזית ירוק בי,,,זיתים חרוזית ירוק בי,גרמים,275.00,100 גרם,false,,9.90,0.0360,true,1,13442
7290113192362,false,טבעות זיתים ירוקים ב,,,טבעות זיתים ירוקים ב,גרמים,280.00,100 גרם,false,,8.90,0.0318,true,1,13443
7290113192379,false,זיתים ירוקים מבוקעים,,,זיתים ירוקים מבוקעים,גרמים,340.00,100 גרם,false,,9.90,0.0291,true,1,13444
7290113192386,false,זית סורי מבוקע בית ה,,,זית סורי מבוקע בית ה,גרמים,340.00,100 גרם,false,,10.90,0.0321,true,1,13445
7290113192393,false,קוקטייל זיתים בית הש,,,קוקטייל זיתים בית הש,גרמים,336.00,100 גרם,false,,10.90,0.0324,true,1,13446
7290113192478,false,מלפפון במלח 10-12 בי,,,מלפפון במלח 10-12 בי,גרמים,320.00,100 גרם,false,,7.90,0.0247,true,1,13454
7290113192485,false,מלפפון בחומץ 12-10 ב,,,מלפפון בחומץ 12-10 ב,גרמים,290.00,100 גרם,false,,7.90,0.0272,true,1,13455
7290113192492,false,מלפפון בחומץ 13-17 ב,,,מלפפון בחומץ 13-17 ב,גרמים,290.00,100 גרם,false,,8.90,0.0307,true,1,13456
7290113192508,false,מלפפון במלח 13-17 בי,,,מלפפון במלח 13-17 בי,גרמים,320.00,100 גרם,false,,8.90,0.0278,true,1,13457
7290113192515,false,מלפפון במלח 18-25 בי,,,מלפפון במלח 18-25 בי,גרמים,320.00,100 גרם,false,,10.80,0.0338,true,1,13458
7290113192522,false,מלפפון בחומץ 18-25 ב,,,מלפפון בחומץ 18-25 ב,גרמים,290.00,100 גרם,false,,10.80,0.0372,true,1,13459
7290113192539,false,מלפפון במלח 7-9 בית,,,מלפפון במלח 7-9 בית,גרמים,560.00,100 גרם,false,,5.90,0.0105,true,1,13460
7290113192546,false,מלפפון בחומץ 7-9 בית,,,מלפפון בחומץ 7-9 בית,גרמים,560.00,100 גרם,false,,5.90,0.0105,true,1,13461
7290113192553,false,מלפפון במלח בלדי 13-,,,מלפפון במלח בלדי 13-,גרמים,320.00,100 גרם,false,,10.80,0.0338,true,1,13462
7290113192560,false,פלפל שיפקה בית השיטה,,,פלפל שיפקה בית השיטה,גרמים,230.00,100 גרם,false,,6.90,0.0300,true,1,13463
7290113192577,false,כרוב כבוש בית השיטה,,,כרוב כבוש בית השיטה,אין,430.00,יחידה,false,,6.90,0.0160,true,1,13464
7290113192881,false,טורטיה חיטה מופחתת ק,,,טורטיה חיטה מופחתת ק,גרמים,270.00,100 גרם,false,,9.90,0.0367,true,1,121323
7290113193000,false,פלפל שיפקונית בית הש,,,פלפל שיפקונית בית הש,גרמים,230.00,100 גרם,false,,11.90,0.0517,true,1,13466
7290113193017,false,בית השיטה קוקטייל זי,,,בית השיטה קוקטייל זי,גרמים,275.00,100 גרם,false,,12.90,0.0469,true,1,13467
7290113193031,false,חרוזית קלמטה בית השי,,,חרוזית קלמטה בית השי,גרמים,275.00,100 גרם,false,,12.90,0.0469,true,1,13468
7290113193321,false,שמן זית כתית מעולה ב,,,שמן זית כתית מעולה ב,מיליליטרים,750.00,"100 מ""ל",false,,30.90,0.0412,true,1,151838
7290113193406,false,טבעות קוקטיל זיתים ב,,,טבעות קוקטיל זיתים ב,גרמים,560.00,100 גרם,false,,10.70,0.0191,true,1,13469
7290113193888,false,בית השיטה חצילים מוח,,,בית השיטה חצילים מוח,גרמים,320.00,100 גרם,false,,9.90,0.0309,true,1,95342
7290113195042,false,מלפפון מלח כבישה בית,,,מלפפון מלח כבישה בית,גרמים,750.00,100 גרם,false,,24.90,0.0332,true,1,95357
7290113195066,false,חלבה טורקית בטעם וני,,,חלבה טורקית בטעם וני,גרמים,400.00,100 גרם,false,,12.90,0.0323,true,1,121732
7290113195073,false,חלבה טורקית עם פיסטו,,,חלבה טורקית עם פיסטו,גרמים,400.00,100 גרם,false,,13.90,0.0348,true,1,121747
7290113195080,false,חלבה טורקית בטעם שוק,,,חלבה טורקית בטעם שוק,גרמים,500.00,100 גרם,false,,12.90,0.0258,true,1,121748
7290113195172,false,רצועות קולורבי בתחמי,,,רצועות קולורבי בתחמי,גרמים,215.00,100 גרם,false,,7.90,0.0367,true,1,69228
7290113195929,false,רצועות גזר בתחמיץ בי,,,רצועות גזר בתחמיץ בי,גרמים,215.00,100 גרם,false,,7.90,0.0367,true,1,69213
7290113195967,false,שיבולת שועל להכנה מי,,,שיבולת שועל להכנה מי,גרמים,500.00,100 גרם,false,,9.90,0.0198,true,1,121270
7290113196414,false,אורז בסמטי שקדיה 1 ק,,,אורז בסמטי שקדיה 1 ק,אלף,1.00,"ק""ג",false,,9.90,9.9000,true,1,121380
7290113196902,false,מנה חמה אטריות אורז,,,מנה חמה אטריות אורז,גרמים,60.00,100 גרם,false,,7.90,0.1317,true,1,434899
7290113196933,false,מנה חמה אטריות אורז,,,מנה חמה אטריות אורז,גרמים,60.00,100 גרם,false,,7.90,0.1317,true,1,434902
7290113196957,false,חטיפי תירס טורטיה בט,,,חטיפי תירס טורטיה בט,גרמים,300.00,100 גרם,false,,13.90,0.0463,true,1,381001
7290113197169,false,חמאת בוטנים טבעית שק,,,חמאת בוטנים טבעית שק,גרמים,510.00,100 גרם,false,,15.90,0.0312,true,1,434917
7290113198067,false,פקאן מצופה שוקולד לב,,,פקאן מצופה שוקולד לב,גרמים,150.00,100 גרם,false,,14.90,0.0993,true,1,121831
7290113198579,false,סוכריות גומי דובונים,,,סוכריות גומי דובונים,גרמים,200.00,100 גרם,false,,9.90,0.0495,true,1,266561
7290113198586,false,סוכריות גומי מסוכר ב,,,סוכריות גומי מסוכר ב,גרמים,200.00,100 גרם,false,,9.90,0.0495,true,1,266562
7290113198593,false,סוכריות גומי מסוכר ב,,,סוכריות גומי מסוכר ב,גרמים,200.00,100 גרם,false,,9.90,0.0495,true,1,266563
7290113198609,false,סוכריות גומי  נחשים,,,סוכריות גומי  נחשים,גרמים,200.00,100 גרם,false,,9.90,0.0495,true,1,266564
7290113198616,false,ברנפלקס דגנים מחיטה,,,ברנפלקס דגנים מחיטה,גרמים,500.00,100 גרם,false,,14.90,0.0298,true,1,383272
7290113199767,false,ממרח 100% שקדים 300,,,ממרח 100% שקדים 300,גרמים,300.00,100 גרם,false,,27.90,0.0930,true,1,381057
7290113199774,false,ממרח 100% בוטנים 300,,,ממרח 100% בוטנים 300,גרמים,300.00,100 גרם,false,,14.90,0.0497,true,1,381042
7290113199927,false,סוכריות חמצוצים בטעם,,,סוכריות חמצוצים בטעם,גרמים,180.00,100 גרם,false,,9.90,0.0550,true,1,266582
7290113199934,false,סוכריות חמצוצים בטעם,,,סוכריות חמצוצים בטעם,גרמים,180.00,100 גרם,false,,9.90,0.0550,true,1,266583
7290113288836,false,כפפות ויטריל  100 יח,,,כפפות ויטריל  100 יח,אין,0.00,יחידה,false,,19.90,0.0000,true,1,122532
7290113288850,false,כפפות ויטריל  100 יח,,,כפפות ויטריל  100 יח,אין,0.00,יחידה,false,,19.90,0.0000,true,1,122534
7290113288867,false,כפפות ויטריל  100 יח,,,כפפות ויטריל  100 יח,אין,0.00,יחידה,false,,19.90,0.0000,true,1,122535
7290113288997,false,צלחות ענקיות אלגנט ז,,,צלחות ענקיות אלגנט ז,אין,0.00,יחידה,false,,18.90,0.0000,true,1,129754
7290113289000,false,צלחות ענקיות אלגנט כ,,,צלחות ענקיות אלגנט כ,אין,0.00,יחידה,false,,18.90,0.0000,true,1,129755
7290113289024,false,צלחות גדולות אלגנט ז,,,צלחות גדולות אלגנט ז,אין,0.00,יחידה,false,,12.90,0.0000,true,1,129771
7290113289031,false,צלחות גדולות אלגנט כ,,,צלחות גדולות אלגנט כ,אין,0.00,יחידה,false,,12.90,0.0000,true,1,130208
7290113289048,false,צלחות קטנות אלגנט קר,,,צלחות קטנות אלגנט קר,אין,0.00,יחידה,false,,7.90,0.0000,true,1,129785
7290113289055,false,צלחות קטנות אלגנט זה,,,צלחות קטנות אלגנט זה,אין,0.00,יחידה,false,,7.90,0.0000,true,1,129786
7290113289109,false,קערות אלגנט קרם 25 י,,,קערות אלגנט קרם 25 י,אין,0.00,יחידה,false,,5.90,0.0000,true,1,129830
7290113289123,false,קערות אלגנט כסף 25 י,,,קערות אלגנט כסף 25 י,אין,0.00,יחידה,false,,5.90,0.0000,true,1,129832
7290113289130,false,לפתניות אלגנט קרם 25,,,לפתניות אלגנט קרם 25,אין,0.00,יחידה,false,,5.90,0.0000,true,1,129846
7290113289161,false,קערות ענקיות אלגנט ק,,,קערות ענקיות אלגנט ק,אין,0.00,יחידה,false,,9.90,0.0000,true,1,129875
7290113289178,false,קערות ענקיות אלגנט ז,,,קערות ענקיות אלגנט ז,אין,0.00,יחידה,false,,9.90,0.0000,true,1,129902
7290113289215,false,צלחות מתכלות יהלום ע,,,צלחות מתכלות יהלום ע,אין,0.00,יחידה,false,,19.90,0.0000,true,1,175631
7290113289222,false,מרקיות מתכלות יהלום,,,מרקיות מתכלות יהלום,אין,0.00,יחידה,false,,12.90,0.0000,true,1,175658
7290113289239,false,קערות אובליות מתכלות,,,קערות אובליות מתכלות,אין,0.00,יחידה,false,,9.90,0.0000,true,1,175659
7290113289338,false,צלחות דקל מרובעות ענ,,,צלחות דקל מרובעות ענ,אין,0.00,יחידה,false,,17.90,0.0000,true,1,262377
7290113289345,false,צלחות דקל מרובעות גד,,,צלחות דקל מרובעות גד,אין,0.00,יחידה,false,,16.90,0.0000,true,1,262404
7290113289475,false,מפיות חד שכבתיות 80,,,מפיות חד שכבתיות 80,אין,0.00,יחידה,false,,4.90,0.0000,true,1,142432
7290113289505,false,רדיד אלומיניום כוכבי,,,רדיד אלומיניום כוכבי,אין,0.00,יחידה,false,,32.90,0.0000,true,1,206248
7290113289543,false,כוסות שקופות 150 יחי,,,כוסות שקופות 150 יחי,אין,0.00,יחידה,false,,14.90,0.0000,true,1,261880
7290113560109,false,משחת שיניים בטעם צמח,,,משחת שיניים בטעם צמח,מיליליטרים,75.00,"100 מ""ל",false,,31.90,0.4253,true,1,39651
7290114151566,false,Botany - שמפו לכל סו,,,Botany - שמפו לכל סו,מיליליטרים,500.00,"100 מ""ל",false,,22.90,0.0458,true,1,2591
7290114310215,false,שמנת מתוקה 38% בקבוק,,,שמנת מתוקה 38% בקבוק,מיליליטרים,250.00,"100 מ""ל",false,,6.47,0.0259,true,1,38221
7290114310239,false,חלב נטול לקטוז  1.5,,,חלב נטול לקטוז  1.5,ארגז,1.50,ליטר,false,,10.90,7.2667,true,1,7200
7290114310246,false,גרנה פדנו צ'אנק 125,,,גרנה פדנו צ'אנק 125,גרמים,125.00,100 גרם,false,,17.90,0.1432,true,1,49365
7290114310338,false,צפתית מעודנת 5% משק,,,צפתית מעודנת 5% משק,גרמים,225.00,100 גרם,false,,16.90,0.0751,true,1,39638
7290114310482,false,נעם צהובה מעושן 20%,,,נעם צהובה מעושן 20%,גרמים,200.00,100 גרם,false,,19.90,0.0995,true,1,69068
7290114310536,false,מולר אקטיב לייט יוגו,,,מולר אקטיב לייט יוגו,גרמים,25.00,100 גרם,false,,5.90,0.2360,true,1,69081
7290114310550,false,פטה עיזים מעודנת 5%,,,פטה עיזים מעודנת 5%,גרמים,200.00,100 גרם,false,,22.90,0.1145,true,1,69054
7290114310567,false,לאבנה עיזים 5% משק צ,,,לאבנה עיזים 5% משק צ,גרמים,200.00,100 גרם,false,,13.90,0.0695,true,1,69029
7290114310611,false,משקה חלב בננה בבקבוק,,,משקה חלב בננה בבקבוק,מיליליטרים,250.00,"100 מ""ל",false,,5.50,0.0220,true,1,91872
7290114310628,false,משקה חלב וניל עוגיות,,,משקה חלב וניל עוגיות,ארגז,1.00,ליטר,false,,11.90,11.9000,true,1,76013
7290114310895,false,מאגדת שמינייה סימפלי,,,מאגדת שמינייה סימפלי,אלף,1.20,"ק""ג",false,,30.90,25.7500,true,1,133544
7290114310901,false,גבינה לבנה טרה 5% וו,,,גבינה לבנה טרה 5% וו,גרמים,250.00,100 גרם,false,,4.98,0.0199,true,1,110274
7290114310918,false,קוטג טרה 5% ווסטהיים,,,קוטג טרה 5% ווסטהיים,גרמים,250.00,100 גרם,false,,5.30,0.0212,true,1,110259
7290114310963,false,יוגורט עיזים בדלי 3.,,,יוגורט עיזים בדלי 3.,גרמים,500.00,100 גרם,false,,14.90,0.0298,true,1,254149
7290114311014,false,משקה חלב אייס קפוצ'י,,,משקה חלב אייס קפוצ'י,מיליליטרים,250.00,"100 מ""ל",false,,5.20,0.0208,true,1,331447
7290114311021,false,משקה חלב וניל עוגיות,,,משקה חלב וניל עוגיות,מיליליטרים,250.00,"100 מ""ל",false,,5.20,0.0208,true,1,331474
7290114311038,false,שמנת מתוקה 32% בקבוק,,,שמנת מתוקה 32% בקבוק,מיליליטרים,250.00,"100 מ""ל",false,,6.90,0.0276,true,1,331433
7290114311069,false,יוגורט בטעם טבעי 25,,,יוגורט בטעם טבעי 25,גרמים,200.00,100 גרם,false,,4.90,0.0245,true,1,272158
7290114311076,false,חמאה צהובה עם שום מו,,,חמאה צהובה עם שום מו,גרמים,200.00,100 גרם,false,,10.90,0.0545,true,1,319506
7290114311083,false,חמאה צהובה עם מלח מו,,,חמאה צהובה עם מלח מו,גרמים,200.00,100 גרם,false,,10.90,0.0545,true,1,319507
7290114311298,false,מולר פרופ תות בננה מ,,,מולר פרופ תות בננה מ,גרמים,150.00,100 גרם,false,,4.90,0.0327,true,1,412375
7290114311304,false,מולר פרופ מנגו פסיפל,,,מולר פרופ מנגו פסיפל,גרמים,150.00,100 גרם,false,,4.90,0.0327,true,1,412376
7290114311328,false,חלב נטול לקטוז טרה 1,,,חלב נטול לקטוז טרה 1,ארגז,1.00,ליטר,false,,7.10,7.1000,true,1,423470
7290114311359,false,מולר פרופ מנגו 3% 15,,,מולר פרופ מנגו 3% 15,גרמים,150.00,100 גרם,false,,4.90,0.0327,true,1,412377
7290114311458,false,קרטון חלב מועשר ויטמ,,,קרטון חלב מועשר ויטמ,ארגז,1.00,ליטר,false,,8.90,8.9000,true,1,440949
7290114600927,false,עלי טורטיה חיטה מלאה,,,עלי טורטיה חיטה מלאה,גרמים,320.00,100 גרם,false,,9.90,0.0309,true,1,122504
7290114600941,false,מאסטר שף מאסטר שף  מ,,,מאסטר שף מאסטר שף  מ,גרמים,435.00,100 גרם,false,,13.90,0.0320,true,1,555
7290114600989,false,מאסטר שף רוטב אלף הא,,,מאסטר שף רוטב אלף הא,מיליליטרים,250.00,"100 מ""ל",false,,9.90,0.0396,true,1,723
7290114600996,false,מאסטר שף רוטב שום 25,,,מאסטר שף רוטב שום 25,מיליליטרים,250.00,"100 מ""ל",false,,9.90,0.0396,true,1,708
7290114603508,false,מאסטר שף רוטב להקפצה,,,מאסטר שף רוטב להקפצה,מיליליטרים,300.00,"100 מ""ל",false,,9.90,0.0330,true,1,633
7290114603515,false,מאסטר שף רוטב קארי א,,,מאסטר שף רוטב קארי א,גרמים,340.00,100 גרם,false,,13.90,0.0409,true,1,53617
7290114603522,false,מאסטר שף רוטב קארי י,,,מאסטר שף רוטב קארי י,גרמים,340.00,100 גרם,false,,13.90,0.0409,true,1,53618
7290114603553,false,מאסטר שף עגבניות חתו,,,מאסטר שף עגבניות חתו,גרמים,800.00,100 גרם,false,,8.90,0.0111,true,1,47692
7290114603591,false,פוף PLAY בטעם קטשופ,,,פוף PLAY בטעם קטשופ,גרמים,40.00,100 גרם,false,,3.90,0.0975,true,1,14719
7290114603768,false,אג'קס שירותים 750 מ',,,אג'קס שירותים 750 מ',מיליליטרים,750.00,"100 מ""ל",false,,30.90,0.0412,true,1,14721
7290114604116,false,צימרוני אוזניים ענני,,,צימרוני אוזניים ענני,אין,0.00,יחידה,false,,9.90,0.0000,true,1,109039
7290114604840,false,דפי אורז קוטר 16 כשל,,,דפי אורז קוטר 16 כשל,גרמים,400.00,100 גרם,false,,9.90,0.0248,true,1,53219
7290114604857,false,דפי אורז קוטר 22 כשל,,,דפי אורז קוטר 22 כשל,גרמים,400.00,100 גרם,false,,9.90,0.0248,true,1,53233
7290114604864,false,קוסקוס דק מאסטר שף 3,,,קוסקוס דק מאסטר שף 3,גרמים,350.00,100 גרם,false,,5.90,0.0169,true,1,122934
7290114604871,false,קוסקוס בינוני מאסטר,,,קוסקוס בינוני מאסטר,גרמים,350.00,100 גרם,false,,5.90,0.0169,true,1,122616
7290114604895,false,מאסטר שף ממרח ספייסי,,,מאסטר שף ממרח ספייסי,גרמים,446.00,100 גרם,false,,13.90,0.0312,true,1,70999
7290114604901,false,מאסטר שף ממרח שום לח,,,מאסטר שף ממרח שום לח,גרמים,242.00,100 גרם,false,,13.90,0.0574,true,1,71000
7290114604932,false,מאסטר שף רוטב ברביקי,,,מאסטר שף רוטב ברביקי,מיליליטרים,520.00,"100 מ""ל",false,,12.90,0.0248,true,1,70970
7290114604949,false,מאסטר שף רוטב ברביקי,,,מאסטר שף רוטב ברביקי,מיליליטרים,524.00,"100 מ""ל",false,,12.90,0.0246,true,1,70971
7290114606530,false,מאסטר שף רוטב בטעם מ,,,מאסטר שף רוטב בטעם מ,גרמים,515.00,100 גרם,false,,13.90,0.0270,true,1,70984
7290114606547,false,מאסטר שף מיונז עם כמ,,,מאסטר שף מיונז עם כמ,גרמים,242.00,100 גרם,false,,13.90,0.0574,true,1,70985
7290114606554,false,מאסטר שף מיונז לייט,,,מאסטר שף מיונז לייט,גרמים,470.00,100 גרם,false,,13.90,0.0296,true,1,70986
7290114606561,false,אטריות אורז דקות מאס,,,אטריות אורז דקות מאס,גרמים,400.00,100 גרם,false,,7.90,0.0198,true,1,288167
7290114606578,false,שקדי מרק מאסטר שף 40,,,שקדי מרק מאסטר שף 40,גרמים,400.00,100 גרם,false,,9.90,0.0248,true,1,127824
7290114607315,false,מקס וויט מארז זוג 2*,,,מקס וויט מארז זוג 2*,מיליליטרים,250.00,"100 מ""ל",false,,29.90,0.1196,true,1,115866
7290114608169,false,גרנולה בטעם קקאו וקפ,,,גרנולה בטעם קקאו וקפ,גרמים,300.00,100 גרם,false,,14.90,0.0497,true,1,228667
7290114608695,false,מיונז עם ווסאבי מאסט,,,מיונז עם ווסאבי מאסט,גרמים,241.00,100 גרם,false,,13.90,0.0577,true,1,243969
7290115071481,false,מטבעות שוקולד ברשת 3,,,מטבעות שוקולד ברשת 3,גרמים,31.00,100 גרם,false,,3.90,0.1258,true,1,44225
7290115071498,false,מטבעות שוקולד ברשת 3,,,מטבעות שוקולד ברשת 3,גרמים,31.00,100 גרם,false,,3.90,0.1258,true,1,44226
7290115071535,false,מטבעות שוקולד ברשת 3,,,מטבעות שוקולד ברשת 3,גרמים,31.00,100 גרם,false,,3.90,0.1258,true,1,44230
7290115073676,true,מארז מסכות 3 שכבות צ,,,מארז מסכות 3 שכבות צ,אין,0.00,יחידה,false,,9.90,0.0000,true,1,1482
7290115075182,false,מטבעות שוקולד ברשת 3,,,מטבעות שוקולד ברשת 3,גרמים,31.00,100 גרם,false,,3.90,0.1258,true,1,44231
7290115190007,false,מרלבורו רד פאקט 10*2,,,מרלבורו רד פאקט 10*2,אין,0.00,יחידה,false,,335.00,0.0000,false,1,18668
7290115190090,false,סיגריות מרלבורו  חפי,,,סיגריות מרלבורו  חפי,אין,0.00,יחידה,false,,35.00,0.0000,false,1,18675
7290115190120,false,מרלבורו פיין טאצ פאק,,,מרלבורו פיין טאצ פאק,אין,0.00,יחידה,false,,300.00,0.0000,false,1,18678
7290115190144,false,מרלבורו טאצ  פאקט 10,,,מרלבורו טאצ  פאקט 10,אין,0.00,יחידה,false,,300.00,0.0000,false,1,18680
7290115190151,false,מרלבורו גולד טאצ בוד,,,מרלבורו גולד טאצ בוד,אין,0.00,יחידה,false,,31.00,0.0000,false,1,18681
7290115190212,false,סיגריות פרלמנט (חפיס,,,סיגריות פרלמנט (חפיס,אין,0.00,יחידה,false,,40.00,0.0000,false,1,18685
7290115190250,false,סיגריות פרלמנט (חפיס,,,סיגריות פרלמנט (חפיס,אין,0.00,יחידה,false,,40.00,0.0000,false,1,18689
7290115190335,false,אל אם בלו ארוך,,,אל אם בלו ארוך,אין,0.00,יחידה,false,,31.00,0.0000,false,1,76699
7290115190359,false,אל אם בלו לייבל קצר,,,אל אם בלו לייבל קצר,אין,0.00,יחידה,false,,31.00,0.0000,false,1,18693
7290115190397,false,אל אם רד לייבל קצר,,,אל אם רד לייבל קצר,אין,0.00,יחידה,false,,31.00,0.0000,false,1,18697
7290115190458,false,נקסט אדג` בודד,,,נקסט אדג` בודד,אין,0.00,יחידה,false,,26.00,0.0000,false,1,35147
7290115190496,false,סיגריות נקסט (בודד),,,סיגריות נקסט (בודד),אין,0.00,יחידה,false,,30.00,0.0000,false,1,51641
7290115190519,false,סיגריות נקסט (בודד),,,סיגריות נקסט (בודד),אין,0.00,יחידה,false,,30.00,0.0000,false,1,18702
7290115190557,false,סיגריות נקסט(בודד) ר,,,סיגריות נקסט(בודד) ר,אין,0.00,יחידה,false,,28.00,0.0000,false,1,18704
7290115190595,false,סיגריות נקסט(בודד),,,סיגריות נקסט(בודד),אין,0.00,יחידה,false,,30.00,0.0000,false,1,18708
7290115200003,false,פתי בר פינוקי וניל 2,,,פתי בר פינוקי וניל 2,גרמים,220.00,100 גרם,false,,9.90,0.0450,true,1,36754
7290115200027,false,פתי בר פינוקי שוקו 2,,,פתי בר פינוקי שוקו 2,גרמים,220.00,100 גרם,false,,9.90,0.0450,true,1,36755
7290115200881,false,אסם בייגלה שטוחים שו,,,אסם בייגלה שטוחים שו,גרמים,300.00,100 גרם,false,,10.90,0.0363,true,1,50303
7290115201031,false,אסם פתיבר דובי שוקול,,,אסם פתיבר דובי שוקול,גרמים,175.00,100 גרם,false,,9.90,0.0566,true,1,69279
7290115201536,false,טבעול גורמה לביבות כ,,,טבעול גורמה לביבות כ,גרמים,442.00,100 גרם,false,,34.90,0.0790,true,1,412711
7290115201680,false,ביסלי ברביקיו 70 גרם,,,ביסלי ברביקיו 70 גרם,גרמים,70.00,100 גרם,false,,3.90,0.0557,true,1,44415
7290115202212,false,טבעול גורמה לביבות ס,,,טבעול גורמה לביבות ס,גרמים,434.00,100 גרם,false,,34.90,0.0804,true,1,412712
7290115202236,false,טבעול טופו קראנצ'ים,,,טבעול טופו קראנצ'ים,גרמים,470.00,100 גרם,false,,30.90,0.0657,true,1,107577
7290115202250,false,טבעול טופו קראנצ'ים,,,טבעול טופו קראנצ'ים,גרמים,470.00,100 גרם,false,,30.90,0.0657,true,1,107578
7290115202304,false,נודלס אטריות אורז מר,,,נודלס אטריות אורז מר,גרמים,230.00,100 גרם,false,,9.90,0.0430,true,1,53539
7290115202748,false,אסם קטשופ לעל האש בת,,,אסם קטשופ לעל האש בת,גרמים,710.00,100 גרם,false,,10.90,0.0154,true,1,71310
7290115202786,false,מנה חמה פאוצ' נדלסאט,,,מנה חמה פאוצ' נדלסאט,גרמים,70.00,100 גרם,false,,4.90,0.0700,true,1,69198
7290115202816,false,מנה חמה פאוצ' נדלסאט,,,מנה חמה פאוצ' נדלסאט,גרמים,70.00,100 גרם,false,,4.90,0.0700,true,1,69199
7290115202847,false,מנה חמה פאוצ' נדלסאט,,,מנה חמה פאוצ' נדלסאט,גרמים,70.00,100 גרם,false,,4.90,0.0700,true,1,69200
7290115202953,false,מנה חמה רייס נודלס ק,,,מנה חמה רייס נודלס ק,גרמים,55.00,100 גרם,false,,7.90,0.1436,true,1,161697
7290115202977,false,מנה חמה רייס נודלס ר,,,מנה חמה רייס נודלס ר,גרמים,55.00,100 גרם,false,,7.90,0.1436,true,1,161698
7290115203295,false,פרפקטו פסטה ריציאולי,,,פרפקטו פסטה ריציאולי,גרמים,400.00,100 גרם,false,,9.90,0.0248,true,1,69185
7290115204056,false,אסם קטשופ מופחת סוכר,,,אסם קטשופ מופחת סוכר,גרמים,690.00,100 גרם,false,,10.50,0.0152,true,1,78605
7290115204155,false,סחוג אדום המעדנייה ש,,,סחוג אדום המעדנייה ש,גרמים,190.00,100 גרם,false,,10.90,0.0574,true,1,296988
7290115204261,false,אריסה חריפה המעדנייה,,,אריסה חריפה המעדנייה,גרמים,190.00,100 גרם,false,,10.90,0.0574,true,1,296989
7290115205176,false,פיטנס קרקר THIN כפרי,,,פיטנס קרקר THIN כפרי,גרמים,140.00,100 גרם,false,,11.90,0.0850,true,1,157025
7290115205312,false,פיטנס קרקר Thin Deli,,,פיטנס קרקר Thin Deli,גרמים,140.00,100 גרם,false,,11.90,0.0850,true,1,375004
7290115205527,false,פיטנס חטיף מולטגריין,,,פיטנס חטיף מולטגריין,גרמים,25.00,100 גרם,false,,4.90,0.1960,true,1,381369
7290115205541,false,פיטנס חטיף מולטיגריי,,,פיטנס חטיף מולטיגריי,גרמים,25.00,100 גרם,false,,4.90,0.1960,true,1,381370
7290115205619,false,פתי בר פינוקי עוגת ג,,,פתי בר פינוקי עוגת ג,גרמים,220.00,100 גרם,false,,9.90,0.0450,true,1,319336
7290115205695,false,בצק מצונן לפיצה בונז,,,בצק מצונן לפיצה בונז,גרמים,460.00,100 גרם,false,,17.90,0.0389,true,1,207924
7290115205978,false,פתי בר אצבעות שוקולד,,,פתי בר אצבעות שוקולד,גרמים,180.00,100 גרם,false,,9.90,0.0550,true,1,275095
7290115206135,false,טבעול גורמה ארוחת קי,,,טבעול גורמה ארוחת קי,גרמים,450.00,100 גרם,false,,34.90,0.0776,true,1,412757
7290115207620,false,אסם רוטב בסגנון סויה,,,אסם רוטב בסגנון סויה,מיליליטרים,320.00,"100 מ""ל",false,,12.90,0.0403,true,1,374700
7290115207682,false,אסם רוטב בסגנון סויה,,,אסם רוטב בסגנון סויה,מיליליטרים,330.00,"100 מ""ל",false,,8.90,0.0270,true,1,374644
7290115207811,false,נקניקיות טבעוניות טב,,,נקניקיות טבעוניות טב,גרמים,418.00,100 גרם,false,,34.90,0.0835,true,1,407738
7290115207941,false,ויטמינצ'יק אננס 1 לי,,,ויטמינצ'יק אננס 1 לי,ארגז,1.00,ליטר,false,,22.50,22.5000,true,1,240486
7290115207989,false,ויטמינצ'יק לימון 1 ל,,,ויטמינצ'יק לימון 1 ל,ארגז,1.00,ליטר,false,,22.50,22.5000,true,1,240488
7290115208009,false,ויטמינצ'יק ענבים 1 ל,,,ויטמינצ'יק ענבים 1 ל,ארגז,1.00,ליטר,false,,22.50,22.5000,true,1,240489
7290115208047,false,ויטמינצ'יק פטל 1 ליט,,,ויטמינצ'יק פטל 1 ליט,ארגז,1.00,ליטר,false,,22.50,22.5000,true,1,240472
7290115208061,false,ויטמינצ'יק תפוח 1 לי,,,ויטמינצ'יק תפוח 1 לי,ארגז,1.00,ליטר,false,,22.50,22.5000,true,1,240490
7290115209136,false,חטיפים צמחוניים בטעם,,,חטיפים צמחוניים בטעם,קילוגרמים,1.20,"100 ק""ג",false,,39.90,33.2500,true,1,423351
7290115209174,false,במבה אורירית 60 גרם,,,במבה אורירית 60 גרם,גרמים,80.00,100 גרם,false,,4.50,0.0563,true,1,427102
7290115209198,false,במבה אורירית 80 גרם,,,במבה אורירית 80 גרם,גרמים,80.00,100 גרם,false,,4.50,0.0563,true,1,381414
7290115403282,false,עוגיות פיצפוצי שוקו,,,עוגיות פיצפוצי שוקו,גרמים,500.00,100 גרם,false,,15.90,0.0318,true,1,337286
7290115403299,false,עוגיות פרפריות אדל 4,,,עוגיות פרפריות אדל 4,גרמים,450.00,100 גרם,false,,15.90,0.0353,true,1,337287
7290115403312,false,עוגיות מלוחות קריספי,,,עוגיות מלוחות קריספי,גרמים,450.00,100 גרם,false,,15.90,0.0353,true,1,337289
7290115403404,false,עוגיות פרפריות שוקו,,,עוגיות פרפריות שוקו,גרמים,450.00,100 גרם,false,,15.90,0.0353,true,1,337297
7290115403435,false,עוגיות מעמול תמר אדל,,,עוגיות מעמול תמר אדל,גרמים,500.00,100 גרם,false,,15.90,0.0318,true,1,337300
7290115403459,false,עוגיות נסיכה בטעם תו,,,עוגיות נסיכה בטעם תו,גרמים,500.00,100 גרם,false,,15.90,0.0318,true,1,337302
7290115403473,false,עוגיות עינוגי שוקולד,,,עוגיות עינוגי שוקולד,גרמים,500.00,100 גרם,false,,15.90,0.0318,true,1,337304
7290115403480,false,עוגיות בסגנון מרוקאי,,,עוגיות בסגנון מרוקאי,גרמים,500.00,100 גרם,false,,15.90,0.0318,true,1,337305
7290115403510,false,עוגיות מגולגלות תמרי,,,עוגיות מגולגלות תמרי,גרמים,500.00,100 גרם,false,,15.90,0.0318,true,1,337307
7290115403527,false,עוגיות עינוגי תמרים,,,עוגיות עינוגי תמרים,גרמים,500.00,100 גרם,false,,15.90,0.0318,true,1,337308
7290115403565,false,עוגיות קיפל וניל אדל,,,עוגיות קיפל וניל אדל,גרמים,500.00,100 גרם,false,,15.90,0.0318,true,1,337312
7290115410075,false,טחינה 400 גרם סלטי ה,,,טחינה 400 גרם סלטי ה,גרמים,400.00,100 גרם,false,,10.90,0.0273,true,1,120498
7290115410082,false,טורקי 400 גרם סלטי ה,,,טורקי 400 גרם סלטי ה,גרמים,400.00,100 גרם,false,,10.90,0.0273,true,1,120499
7290115410099,false,מטבוחה 400 גרם סלטי,,,מטבוחה 400 גרם סלטי,גרמים,400.00,100 גרם,false,,10.90,0.0273,true,1,120515
7290115410112,false,חומוס 400 גרם סלטי ה,,,חומוס 400 גרם סלטי ה,גרמים,400.00,100 גרם,false,,10.90,0.0273,true,1,120482
7290115410549,false,חומוס מסעדות המעדניה,,,חומוס מסעדות המעדניה,גרמים,250.00,100 גרם,false,,10.90,0.0436,true,1,120393
7290115410556,false,חומוס מסבחה 250 גרם,,,חומוס מסבחה 250 גרם,גרמים,250.00,100 גרם,false,,10.90,0.0436,true,1,120420
7290115410563,false,חומוס מסבחה חריף 250,,,חומוס מסבחה חריף 250,גרמים,250.00,100 גרם,false,,10.90,0.0436,true,1,120434
7290115410570,false,טחינה ירוקה 250 גרם,,,טחינה ירוקה 250 גרם,גרמים,250.00,100 גרם,false,,10.90,0.0436,true,1,120435
7290115410587,false,טחינה לבנה 250 גרם -,,,טחינה לבנה 250 גרם -,גרמים,250.00,100 גרם,false,,10.90,0.0436,true,1,120436
7290115410655,false,מטבוחה 250 גרם המעדנ,,,מטבוחה 250 גרם המעדנ,גרמים,250.00,100 גרם,false,,10.90,0.0436,true,1,120454
7290115411928,false,"תפו""א 400 גרם סלטי ה",,,"תפו""א 400 גרם סלטי ה",גרמים,400.00,100 גרם,false,,10.90,0.0273,true,1,120501
7290115480016,false,סוד קפסולות ג'ל 3+1,,,סוד קפסולות ג'ל 3+1,100 יח',26.00,100 יח',false,,29.90,1.1500,true,1,374002
7290115670691,false,אנרג'י גרנולה שיבולת,,,אנרג'י גרנולה שיבולת,גרמים,400.00,100 גרם,false,,13.90,0.0348,true,1,76296
7290115670707,false,אנרג'י גרנולה שיבולת,,,אנרג'י גרנולה שיבולת,גרמים,400.00,100 גרם,false,,13.90,0.0348,true,1,76297
7290115671223,false,מסטיק קוביות ללא סוכ,,,מסטיק קוביות ללא סוכ,גרמים,58.00,100 גרם,false,,9.90,0.1707,true,1,216851
7290115671308,false,מסטיק קוביות ללס במי,,,מסטיק קוביות ללס במי,גרמים,58.00,100 גרם,false,,9.90,0.1707,true,1,216837
7290115671346,false,מיני פינוקיות במילוי,,,מיני פינוקיות במילוי,גרמים,180.00,100 גרם,false,,10.90,0.0606,true,1,107509
7290115671353,false,מיני פינוקיות שחור ל,,,מיני פינוקיות שחור ל,גרמים,180.00,100 גרם,false,,10.90,0.0606,true,1,198255
7290115671421,false,פולי אספרסו עשירים ו,,,פולי אספרסו עשירים ו,גרמים,250.00,100 גרם,false,,21.90,0.0876,true,1,275328
7290115674774,false,קרקר אפוי עם זרעי צ',,,קרקר אפוי עם זרעי צ',גרמים,170.00,100 גרם,false,,13.90,0.0818,true,1,148301
7290115675559,false,מארז קפה טורקי לדרך,,,מארז קפה טורקי לדרך,גרמים,70.00,100 גרם,false,,7.90,0.1129,true,1,45464
7290115675702,false,דגני בוקר קוואקר שיב,,,דגני בוקר קוואקר שיב,גרמים,375.00,100 גרם,false,,19.90,0.0531,true,1,101084
7290115675719,false,דגני בוקר קוואקר שיב,,,דגני בוקר קוואקר שיב,גרמים,375.00,100 גרם,false,,19.90,0.0531,true,1,101069
7290115676051,false,משקה אקטיביה עם שיבו,,,משקה אקטיביה עם שיבו,גרמים,265.00,100 גרם,false,,4.90,0.0185,true,1,139330
7290115676082,false,משקה יוגורט עם חלבון,,,משקה יוגורט עם חלבון,גרמים,255.00,100 גרם,false,,6.90,0.0271,true,1,80282
7290115676099,false,משקה יוגורט עם חלבון,,,משקה יוגורט עם חלבון,גרמים,265.00,100 גרם,false,,6.90,0.0260,true,1,80257
7290115677362,false,נודלס טריאקי שטראוס,,,נודלס טריאקי שטראוס,גרמים,350.00,100 גרם,false,,27.90,0.0797,true,1,146133
7290115677409,false,אורז קארי צהוב שטראו,,,אורז קארי צהוב שטראו,גרמים,350.00,100 גרם,false,,27.90,0.0797,true,1,146148
7290115677423,false,אורז קארי ירוק חריף,,,אורז קארי ירוק חריף,גרמים,350.00,100 גרם,false,,27.90,0.0797,true,1,146149
7290115677959,false,גוואקמולי אחלה 220 ג,,,גוואקמולי אחלה 220 ג,גרמים,220.00,100 גרם,false,,17.90,0.0814,true,1,142446
7290115677966,false,ממרח אבוקדו אחלה 200,,,ממרח אבוקדו אחלה 200,גרמים,200.00,100 גרם,false,,14.90,0.0745,true,1,130444
7290115678222,false,מארז שמינייה יוגורט,,,מארז שמינייה יוגורט,גרמים,130.00,100 גרם,false,,23.90,0.1838,true,1,80333
7290115678376,false,מעדן הגולן מעדן חלב,,,מעדן הגולן מעדן חלב,גרמים,125.00,100 גרם,false,,2.90,0.0232,true,1,109373
7290115678383,false,מעדן הגולן מעדן חלב,,,מעדן הגולן מעדן חלב,גרמים,125.00,100 גרם,false,,2.90,0.0232,true,1,109387
7290115678598,false,חסה אייסברג חיתוך גס,,,חסה אייסברג חיתוך גס,גרמים,300.00,100 גרם,false,,9.90,0.0330,true,1,141450
7290115678888,false,שוקולית טופי קרמל 50,,,שוקולית טופי קרמל 50,גרמים,500.00,100 גרם,false,,14.90,0.0298,true,1,235974
7290115679618,false,מארז מייפל 189 גרם ע,,,מארז מייפל 189 גרם ע,גרמים,500.00,100 גרם,false,,37.90,0.0758,true,1,91873
7290115679731,false,שייק פירות ירוק דליש,,,שייק פירות ירוק דליש,גרמים,300.00,100 גרם,false,,21.90,0.0730,true,1,443030
7290116244037,false,אצבעות שוקולד חלב חד,,,אצבעות שוקולד חלב חד,גרמים,84.00,100 גרם,false,,7.90,0.0940,true,1,255236
7290116244051,false,אצבעות שוקולד חלב 84,,,אצבעות שוקולד חלב 84,גרמים,84.00,100 גרם,false,,7.90,0.0940,true,1,255238
7290116244082,false,אצבעות שוקולד חלב מפ,,,אצבעות שוקולד חלב מפ,גרמים,84.00,100 גרם,false,,7.90,0.0940,true,1,255241
7290116270715,false,פילה ברבוניה ארוז בו,,,פילה ברבוניה ארוז בו,אין,0.00,יחידה,false,,24.90,0.0000,true,1,276348
7290116512389,false,גרבי נשים שניל 36-41,,,גרבי נשים שניל 36-41,אין,0.00,יחידה,false,,40.90,0.0000,true,1,150028
7290116512426,false,גרבי נשים נגד החלקה,,,גרבי נשים נגד החלקה,אין,0.00,יחידה,false,,14.90,0.0000,true,1,150014
7290116530062,false,רוטב לסלט ויניגרטה 2,,,רוטב לסלט ויניגרטה 2,גרמים,295.00,100 גרם,false,,10.50,0.0356,true,1,101436
7290116530482,false,מארז קורנפלקס של אלו,,,מארז קורנפלקס של אלו,גרמים,150.00,100 גרם,false,,11.90,0.0793,true,1,139158
7290116530871,false,חטיף נשנושים מיקס+בי,,,חטיף נשנושים מיקס+בי,גרמים,240.00,100 גרם,false,,11.90,0.0496,true,1,419827
7290116531083,false,דגני בוקר ברנפלקס לל,,,דגני בוקר ברנפלקס לל,גרמים,500.00,100 גרם,false,,20.90,0.0418,true,1,220909
7290116531090,false,דג דג חטיף אפוי במלי,,,דג דג חטיף אפוי במלי,גרמים,250.00,100 גרם,false,,10.00,0.0400,true,1,242241
7290116531243,false,שמפו ומרכך 2 ב-1 למנ,,,שמפו ומרכך 2 ב-1 למנ,מיליליטרים,700.00,"100 מ""ל",false,,11.80,0.0169,true,1,174024
7290116531496,false,דגני בוקר קינמונים ת,,,דגני בוקר קינמונים ת,גרמים,375.00,100 גרם,false,,18.90,0.0504,true,1,273298
7290116531519,false,קוקומן בטעם שוקו בננ,,,קוקומן בטעם שוקו בננ,גרמים,375.00,100 גרם,false,,18.90,0.0504,true,1,220723
7290116531564,false,מאגדת פריכיות תירס ד,,,מאגדת פריכיות תירס ד,גרמים,150.00,100 גרם,false,,14.90,0.0993,true,1,224287
7290116531762,false,בדין דפי מייבש ורוד,,,בדין דפי מייבש ורוד,אין,0.00,יחידה,false,,14.90,0.0000,true,1,217283
7290116531779,false,בדין דפי מייבש כחול,,,בדין דפי מייבש כחול,אין,0.00,יחידה,false,,14.90,0.0000,true,1,217284
7290116531793,false,רוטב לסלט קיסר הלמנס,,,רוטב לסלט קיסר הלמנס,גרמים,295.00,100 גרם,false,,10.90,0.0369,true,1,445299
7290116532011,false,חטיף נוגט קליק  35 ג,,,חטיף נוגט קליק  35 ג,גרמים,35.00,100 גרם,false,,5.00,0.1429,true,1,264603
7290116532264,false,מאגדת שלגון מופחת שו,,,מאגדת שלגון מופחת שו,100 יח',6.00,100 יח',false,,29.90,4.9833,true,1,344768
7290116532271,false,מאגדת סנדוויץ שוקולד,,,מאגדת סנדוויץ שוקולד,100 יח',10.00,100 יח',false,,27.90,2.7900,true,1,344753
7290116532370,false,מרכך כביסה מרוכז בדי,,,מרכך כביסה מרוכז בדי,מיליליטרים,960.00,"100 מ""ל",false,,29.90,0.0311,true,1,269286
7290116532387,false,אל סבון לידיים בתוספ,,,אל סבון לידיים בתוספ,מיליליטרים,950.00,"100 מ""ל",false,,11.90,0.0125,true,1,277159
7290116532769,false,גרנולה פרוטאין בתוספ,,,גרנולה פרוטאין בתוספ,גרמים,300.00,100 גרם,false,,16.90,0.0563,true,1,382167
7290116533063,false,שוגי דגני בוקר בטעם,,,שוגי דגני בוקר בטעם,גרמים,400.00,100 גרם,false,,19.90,0.0497,true,1,382168
7290116533216,false,מרק ירקות 100% רכיבי,,,מרק ירקות 100% רכיבי,גרמים,235.00,100 גרם,false,,20.90,0.0889,true,1,443530
7290116930282,false,לאבנה 9% שומן עם קרק,,,לאבנה 9% שומן עם קרק,גרמים,150.00,100 גרם,false,,7.90,0.0527,true,1,411446
7290116930442,false,יופלה SHAKE בננה  מנ,,,יופלה SHAKE בננה  מנ,מיליליטרים,230.00,"100 מ""ל",false,,7.90,0.0343,true,1,411502
7290116930459,false,יופלה SHAKE בננה  אנ,,,יופלה SHAKE בננה  אנ,מיליליטרים,230.00,"100 מ""ל",false,,7.90,0.0343,true,1,411503
7290116930466,false,יופלה SHAKE מנגו  בנ,,,יופלה SHAKE מנגו  בנ,מיליליטרים,230.00,"100 מ""ל",false,,7.90,0.0343,true,1,411504
7290116930480,false,יופלה SHAKE בננה  קי,,,יופלה SHAKE בננה  קי,מיליליטרים,230.00,"100 מ""ל",false,,7.90,0.0343,true,1,411505
7290116930558,false,תה קר עם חלב בטעם צ',,,תה קר עם חלב בטעם צ',מיליליטרים,230.00,"100 מ""ל",false,,6.90,0.0300,true,1,411506
7290116930565,false,תה קר עם חלב בטעם צ',,,תה קר עם חלב בטעם צ',מיליליטרים,230.00,"100 מ""ל",false,,6.90,0.0300,true,1,411507
7290116930626,false,ציזיקי עם קרקרים תנו,,,ציזיקי עם קרקרים תנו,גרמים,150.00,100 גרם,false,,7.90,0.0527,true,1,411447
7290116930718,false,מעדן  דיאט בטעם שוקו,,,מעדן  דיאט בטעם שוקו,גרמים,150.00,100 גרם,false,,3.90,0.0260,true,1,413228
7290117260227,false,קפה טורקי אמיתי מטור,,,קפה טורקי אמיתי מטור,גרמים,100.00,100 גרם,false,,5.90,0.0590,true,1,232285
7290117260449,false,גבינה בולגרית מעודנת,,,גבינה בולגרית מעודנת,גרמים,200.00,100 גרם,false,,11.90,0.0595,true,1,413494
7290117260456,false,גבינה בולגרית מעודנת,,,גבינה בולגרית מעודנת,גרמים,200.00,100 גרם,false,,11.90,0.0595,true,1,413508
7290117260470,false,גבינה בולגרית מעודנת,,,גבינה בולגרית מעודנת,גרמים,200.00,100 גרם,false,,11.90,0.0595,true,1,413509
7290117260708,false,משקה חלב עם תות 1.3%,,,משקה חלב עם תות 1.3%,ליטרים,1.00,100 ליטר,false,,12.90,12.9000,true,1,408927
7290117260920,false,קרקרים ללא גלוטן ויל,,,קרקרים ללא גלוטן ויל,גרמים,125.00,100 גרם,false,,9.90,0.0792,true,1,276726
7290117260968,false,ביסקוויטים ללא גלוטן,,,ביסקוויטים ללא גלוטן,גרמים,125.00,100 גרם,false,,9.90,0.0792,true,1,276730
7290117261347,false,תן בו בציפוי בטעם שו,,,תן בו בציפוי בטעם שו,גרמים,300.00,100 גרם,false,,19.90,0.0663,true,1,338693
7290117261354,false,גבינת ריקוטה  5% שומ,,,גבינת ריקוטה  5% שומ,גרמים,200.00,100 גרם,false,,9.90,0.0495,true,1,408854
7290117261385,false,גבינת פטה לייט  8% ש,,,גבינת פטה לייט  8% ש,גרמים,500.00,100 גרם,false,,27.90,0.0558,true,1,408899
7290117261538,false,סלמון אטלנטי בשמן קנ,,,סלמון אטלנטי בשמן קנ,גרמים,120.00,100 גרם,false,,10.90,0.0908,true,1,440854
7290117261569,false,סלמון אטלנטי מעושן ב,,,סלמון אטלנטי מעושן ב,גרמים,120.00,100 גרם,false,,10.90,0.0908,true,1,440857
7290117261583,false,סרדינים בריסלינג מעו,,,סרדינים בריסלינג מעו,גרמים,185.00,100 גרם,false,,13.90,0.0751,true,1,440836
7290117261590,false,סרדינים בריסלינג מעו,,,סרדינים בריסלינג מעו,גרמים,185.00,100 גרם,false,,13.90,0.0751,true,1,440837
7290117261613,false,צהובה טבעונית מגורדת,,,צהובה טבעונית מגורדת,גרמים,200.00,100 גרם,false,,14.90,0.0745,true,1,438552
7290117261675,false,צהובה טבעונית מגורדת,,,צהובה טבעונית מגורדת,גרמים,200.00,100 גרם,false,,14.90,0.0745,true,1,438558
7290117261705,false,חמאת עיזים 200 גרם,,,חמאת עיזים 200 גרם,גרמים,200.00,100 גרם,false,,13.90,0.0695,true,1,440934
7290117262221,false,משקה יוגורט עם אננס,,,משקה יוגורט עם אננס,מיליליטרים,200.00,"100 מ""ל",false,,4.90,0.0245,true,1,421099
7290117262238,false,משקה יוגורט עם תות ש,,,משקה יוגורט עם תות ש,מיליליטרים,200.00,"100 מ""ל",false,,4.90,0.0245,true,1,421084
7290117380154,false,רוטב אסיאתי עם סויה,,,רוטב אסיאתי עם סויה,מיליליטרים,264.00,"100 מ""ל",false,,9.90,0.0375,true,1,336520
7290117380192,false,פוף קראנצ בטעם גריל,,,פוף קראנצ בטעם גריל,גרמים,60.00,100 גרם,false,,3.90,0.0650,true,1,233365
7290117380864,false,סלים דליס פייבר - עו,,,סלים דליס פייבר - עו,גרמים,120.00,100 גרם,false,,10.90,0.0908,true,1,382140
7290117380871,false,סלים דליס פייבר - עו,,,סלים דליס פייבר - עו,גרמים,120.00,100 גרם,false,,10.90,0.0908,true,1,382125
7290117383711,false,פלמוליב חלב ודבש 750,,,פלמוליב חלב ודבש 750,ליטרים,1500.00,100 ליטר,false,,30.00,0.0200,true,1,453336
7290117383728,false,פלמוליב לומינוס אבוק,,,פלמוליב לומינוס אבוק,ליטרים,1500.00,100 ליטר,false,,30.00,0.0200,true,1,453337
7290117383735,false,פלמוליב חימר ורדים 7,,,פלמוליב חימר ורדים 7,ליטרים,1500.00,100 ליטר,false,,30.00,0.0200,true,1,453338
7290117383742,false,פלמוליב גבר מרענן 75,,,פלמוליב גבר מרענן 75,ליטרים,1500.00,100 ליטר,false,,30.00,0.0200,true,1,453339
7290117383780,false,פלמוליב ארומה מסאג',,,פלמוליב ארומה מסאג',ליטרים,1500.00,100 ליטר,false,,30.00,0.0200,true,1,453340
7290117761052,false,מנקה חלונות 1 ליטר ז,,,מנקה חלונות 1 ליטר ז,ארגז,1.00,ליטר,false,,14.90,14.9000,true,1,275205
7290117860199,false,שמפו לשיער יבש הוואי,,,שמפו לשיער יבש הוואי,מיליליטרים,700.00,"100 מ""ל",false,,14.90,0.0213,true,1,450439
7290117860243,false,מרכך לשיער יבש הוואי,,,מרכך לשיער יבש הוואי,מיליליטרים,700.00,"100 מ""ל",false,,14.90,0.0213,true,1,450440
7290117860847,false,שמפו 4 ב 1 לגבר רעננ,,,שמפו 4 ב 1 לגבר רעננ,מיליליטרים,700.00,"100 מ""ל",false,,14.90,0.0213,true,1,456215
7290117900932,false,גרעיני אבטיח קלויים,,,גרעיני אבטיח קלויים,גרמים,130.00,100 גרם,false,,10.90,0.0838,true,1,385475
7290117900956,false,תערובת פיצוחים קלויי,,,תערובת פיצוחים קלויי,גרמים,180.00,100 גרם,false,,15.90,0.0883,true,1,385477
7290117900963,false,בוטנים קלויים 270 גר,,,בוטנים קלויים 270 גר,גרמים,270.00,100 גרם,false,,10.90,0.0404,true,1,385478
7290117900987,false,פקאן קלוף 140 גרם,,,פקאן קלוף 140 גרם,גרמים,140.00,100 גרם,false,,15.90,0.1136,true,1,385480
7290117900994,false,פקאן סיני מסוכר 140,,,פקאן סיני מסוכר 140,גרמים,140.00,100 גרם,false,,15.90,0.1136,true,1,385481
7290117901007,false,פיסטוק קלוי 130 גרם,,,פיסטוק קלוי 130 גרם,גרמים,130.00,100 גרם,false,,15.90,0.1223,true,1,385482
7290117901014,false,קשיו קלוי 160 גרם,,,קשיו קלוי 160 גרם,גרמים,160.00,100 גרם,false,,15.90,0.0994,true,1,385483
7290117901021,false,קבוקים בוטנים מצופים,,,קבוקים בוטנים מצופים,גרמים,220.00,100 גרם,false,,10.90,0.0495,true,1,385484
7290117901038,false,אגוז מלך קלוף 190 גר,,,אגוז מלך קלוף 190 גר,גרמים,190.00,100 גרם,false,,15.90,0.0837,true,1,385485
7290117901045,false,בוטן רביולי 200 גרם,,,בוטן רביולי 200 גרם,גרמים,200.00,100 גרם,false,,15.90,0.0795,true,1,385486
7290118520023,true,"חמדוראה עץ מ""ס 12",,,"חמדוראה עץ מ""ס 12",אין,0.00,יחידה,false,,19.90,0.0000,true,1,444160
7290118520030,true,ניצנית קלנדיבה מיקס,,,ניצנית קלנדיבה מיקס,אין,0.00,יחידה,false,,25.00,0.0000,true,1,444161
7290118520115,true,"זאמיקולקס עץ מ""ס 12",,,"זאמיקולקס עץ מ""ס 12",אין,0.00,יחידה,false,,39.90,0.0000,true,1,444227
7290118520146,true,פיקוס גומי שחור עץ מ,,,פיקוס גומי שחור עץ מ,אין,0.00,יחידה,false,,39.90,0.0000,true,1,444230
7290118520153,true,"זית עץ מ""ס 12",,,"זית עץ מ""ס 12",אין,0.00,יחידה,false,,44.90,0.0000,true,1,444289
7290118520207,true,סנסיבריה חרבות פס צה,,,סנסיבריה חרבות פס צה,אין,0.00,יחידה,false,,49.90,0.0000,true,1,444309
7290900010367,false,טורטייה אבאל 360 גרם,,,טורטייה אבאל 360 גרם,גרמים,360.00,100 גרם,false,,8.90,0.0247,true,1,29924
7291008084915,false,תמר מג'הול  500גר,,,תמר מג'הול  500גר,גרמים,500.00,100 גרם,false,,10.00,0.0200,true,1,281582
7296021136573,false,תרווד עץ שטוח ידית ס,,,תרווד עץ שטוח ידית ס,אין,0.00,יחידה,false,,18.90,0.0000,true,1,273564
7296021136900,false,תבנית CS קפיץ עם מכס,,,תבנית CS קפיץ עם מכס,אין,0.00,יחידה,false,,179.90,0.0000,true,1,272601
7296021140990,false,כף בישול ידית משולבת,,,כף בישול ידית משולבת,אין,0.00,יחידה,false,,21.90,0.0000,true,1,273718
7296021141027,false,כף מסננת קטנה ידית מ,,,כף מסננת קטנה ידית מ,אין,0.00,יחידה,false,,19.90,0.0000,true,1,273747
7296021146374,false,תבנית CS לאפיה טוסטר,,,תבנית CS לאפיה טוסטר,אין,0.00,יחידה,false,,79.90,0.0000,true,1,272497
7296021170713,false,כותש שום איכותי ZINK,,,כותש שום איכותי ZINK,אין,0.00,יחידה,false,,26.90,0.0000,true,1,274245
7296021234231,false,"בקבוק מים 500 מ""ל 3",,,"בקבוק מים 500 מ""ל 3",אין,0.00,יחידה,false,,69.90,0.0000,true,1,274332
7296021256790,false,כף גלידה ידית שחורה,,,כף גלידה ידית שחורה,אין,0.00,יחידה,false,,14.90,0.0000,true,1,273536
7296021266720,false,"מסננת ידית עץ 26 ס""מ",,,"מסננת ידית עץ 26 ס""מ",אין,0.00,יחידה,false,,43.90,0.0000,true,1,274391
7296021266836,false,סט כף ותרווד עץ פרפק,,,סט כף ותרווד עץ פרפק,אין,0.00,יחידה,false,,12.90,0.0000,true,1,274407
7296021266843,false,פטיש לשניצל עץ פרפקט,,,פטיש לשניצל עץ פרפקט,אין,0.00,יחידה,false,,18.90,0.0000,true,1,274682
7296021268502,false,"מחבת לטיגון 20 ס""מ B",,,"מחבת לטיגון 20 ס""מ B",אין,0.00,יחידה,false,,399.90,0.0000,true,1,272996
7296021288623,false,"סיר בישוול 20 ס""מ 3.",,,"סיר בישוול 20 ס""מ 3.",אין,0.00,יחידה,false,,333.00,0.0000,true,1,429303
7296021288654,false,"סיר בישוול 26 ס""מ 6.",,,"סיר בישוול 26 ס""מ 6.",אין,0.00,יחידה,false,,349.90,0.0000,true,1,429337
7296021288678,false,"מחבת לטיגון 22 ס""מ C",,,"מחבת לטיגון 22 ס""מ C",אין,0.00,יחידה,false,,217.00,0.0000,true,1,429353
7296021288685,false,"מחבת לטיגון 24 ס""מ C",,,"מחבת לטיגון 24 ס""מ C",אין,0.00,יחידה,false,,229.90,0.0000,true,1,429354
7296102210642,false,סט 5 קופסאות מלבן in,,,סט 5 קופסאות מלבן in,אין,0.00,יחידה,false,,22.90,0.0000,true,1,101098
7296102210659,false,סט 5 קופסאות מרובע i,,,סט 5 קופסאות מרובע i,אין,0.00,יחידה,false,,22.90,0.0000,true,1,101112
7296102210703,false,סט 4 קופסאות מלבני,,,סט 4 קופסאות מלבני,אין,0.00,יחידה,false,,19.90,0.0000,true,1,235045
7296102210710,false,סט 4 קופסאות מרובע,,,סט 4 קופסאות מרובע,אין,0.00,יחידה,false,,19.90,0.0000,true,1,235046
7296102521755,false,סט 4 קופסאות פלסטיק,,,סט 4 קופסאות פלסטיק,אין,0.00,יחידה,false,,19.90,0.0000,true,1,153878
7296102521762,false,סט 4 קופסאות פלסטיק,,,סט 4 קופסאות פלסטיק,אין,0.00,יחידה,false,,19.90,0.0000,true,1,153879
7296102521779,false,סט 4 קופסאות פלסטיק,,,סט 4 קופסאות פלסטיק,אין,0.00,יחידה,false,,19.90,0.0000,true,1,168716
7296102831540,false,סט 4 קערות מילאנו 13,,,סט 4 קערות מילאנו 13,אין,0.00,יחידה,false,,15.00,0.0000,true,1,234542
7297028174841,false,קרסוליות נשים COSY,,,קרסוליות נשים COSY,אין,0.00,יחידה,false,,19.90,0.0000,true,1,179674
7297461005986,false,מפת שולחן ג'אקרד ( 1,,,מפת שולחן ג'אקרד ( 1,אין,0.00,יחידה,false,,49.90,0.0000,true,1,235919
7297478002985,false,גרבי נוער,,,גרבי נוער,אין,0.00,יחידה,false,,15.90,0.0000,true,1,165798
7297488097995,false,דגש גרנולה דבש 250 ג,,,דגש גרנולה דבש 250 ג,גרמים,250.00,100 גרם,false,,14.50,0.0580,true,1,1875
7297488098190,false,דגש קמח אורז מלא ללא,,,דגש קמח אורז מלא ללא,גרמים,500.00,100 גרם,false,,12.90,0.0258,true,1,2021
7297488098220,false,"דגש קמח תפו""א ללא גל",,,"דגש קמח תפו""א ללא גל",גרמים,500.00,100 גרם,false,,9.90,0.0198,true,1,2022
7297488098282,false,דגש אבקת מרק בטעם עו,,,דגש אבקת מרק בטעם עו,גרמים,500.00,100 גרם,false,,19.90,0.0398,true,1,2065
7297488098305,false,דגש קמח שקדים 250 גר,,,דגש קמח שקדים 250 גר,גרמים,250.00,100 גרם,false,,24.90,0.0996,true,1,2066
7297488099753,false,דגש עוגיות בטעם שוקו,,,דגש עוגיות בטעם שוקו,גרמים,250.00,100 גרם,false,,25.90,0.1036,true,1,2273
7297488099760,false,דגש עוגיות בטעם חלבה,,,דגש עוגיות בטעם חלבה,גרמים,250.00,100 גרם,false,,25.90,0.1036,true,1,2274
7298171185418,false,גרבי בנות מגבת מיני,,,גרבי בנות מגבת מיני,אין,0.00,יחידה,false,,19.90,0.0000,true,1,179675
7298171185470,false,גרבי בנים מיקי מאוס,,,גרבי בנים מיקי מאוס,אין,0.00,יחידה,false,,19.90,0.0000,true,1,179689
7298171185487,false,גרבי בנים מיקי מאוס,,,גרבי בנים מיקי מאוס,אין,0.00,יחידה,false,,19.90,0.0000,true,1,179690
7298171185524,false,גרבי בנים מגבת מיקי,,,גרבי בנים מגבת מיקי,אין,0.00,יחידה,false,,19.90,0.0000,true,1,179660
7312040017683,false,אבסולוט וודקה 700 מל,,,אבסולוט וודקה 700 מל,מיליליטרים,700.00,"100 מ""ל",false,,60.90,0.0870,true,1,21479
7394376123337,false,משקה שיבולת שועל אור,,,משקה שיבולת שועל אור,ארגז,1.00,ליטר,false,,13.90,13.9000,true,1,14722
7394376615825,false,משקה שיבולת שועל מוע,,,משקה שיבולת שועל מוע,ארגז,1.00,ליטר,false,,13.90,13.9000,true,1,14723
7394376616778,false,משקה שיבולת שועל להק,,,משקה שיבולת שועל להק,ארגז,1.00,ליטר,false,,15.90,15.9000,true,1,14725
7501013101362,false,ג'ומקס משקה קוקוס אנ,,,ג'ומקס משקה קוקוס אנ,מיליליטרים,473.00,"100 מ""ל",false,,8.10,0.0171,true,1,24955
7501013122039,false,ג'ומקס נקטר מנגו קרט,,,ג'ומקס נקטר מנגו קרט,ארגז,1.00,ליטר,false,,10.50,10.5000,true,1,24959
7501013122053,false,ג'ומקס נקטר אפרסק קר,,,ג'ומקס נקטר אפרסק קר,ארגז,1.00,ליטר,false,,10.50,10.5000,true,1,24960
7501013122114,false,ג'ומקס נקטר אננס קרט,,,ג'ומקס נקטר אננס קרט,ארגז,1.00,ליטר,false,,10.50,10.5000,true,1,24961
7501013122190,false,ג'ומקס משקה תפוחים ק,,,ג'ומקס משקה תפוחים ק,ארגז,1.00,ליטר,false,,10.50,10.5000,true,1,24962
7501013122992,false,ג'ומקס משקה קוקוס אנ,,,ג'ומקס משקה קוקוס אנ,ארגז,1.00,ליטר,false,,10.50,10.5000,true,1,24963
7501049936945,false,מארז שישייה בירה סול,,,מארז שישייה בירה סול,ארגז,1.98,ליטר,false,,36.90,18.6364,true,1,8710
7501064191398,false,קורונה מארז שישיה 6*,,,קורונה מארז שישיה 6*,ארגז,2.13,ליטר,false,,38.90,18.2629,true,1,18976
7503012779306,false,נטורפוד סירופ אגבה כ,,,נטורפוד סירופ אגבה כ,גרמים,330.00,100 גרם,false,,19.90,0.0603,true,1,2178
7509546063515,false,ליידי ספיד סטיק פרו,,,ליידי ספיד סטיק פרו,מיליליטרים,150.00,"100 מ""ל",false,,19.90,0.1327,true,1,442015
7509546666846,false,קולגייט טוטאל משחת ש,,,קולגייט טוטאל משחת ש,מיליליטרים,75.00,"100 מ""ל",false,,19.90,0.2653,true,1,83883
7509546678702,false,משחת שיניים קולגייט,,,משחת שיניים קולגייט,מיליליטרים,100.00,"100 מ""ל",false,,16.90,0.1690,true,1,397596
7610008059073,false,טבלת רגוסה קלאסי חדש,,,טבלת רגוסה קלאסי חדש,גרמים,100.00,100 גרם,false,,15.90,0.1590,true,1,354691
7610008059097,false,טבלת רגוסה בלונד חדש,,,טבלת רגוסה בלונד חדש,גרמים,100.00,100 גרם,false,,15.90,0.1590,true,1,354719
7610008059103,false,טבלת טורינו חלב  חדש,,,טבלת טורינו חלב  חדש,גרמים,100.00,100 גרם,false,,15.90,0.1590,true,1,354720
7610100034084,false,מיונז טומי 265 גרם,,,מיונז טומי 265 גרם,גרמים,265.00,100 גרם,false,,9.90,0.0374,true,1,10164
7610113011652,false,בקרדי בריזר תפוח 275,,,בקרדי בריזר תפוח 275,מיליליטרים,275.00,"100 מ""ל",false,,13.90,0.0505,true,1,8711
7610113013250,false,פחית בקרדי מוחיטו 25,,,פחית בקרדי מוחיטו 25,מיליליטרים,250.00,"100 מ""ל",false,,13.20,0.0528,true,1,168860
7610400014649,false,לינדט לינדור שוק.חלב,,,לינדט לינדור שוק.חלב,גרמים,100.00,100 גרם,false,,14.90,0.1490,true,1,10789
7610400068505,false,לינדור בונבוניירה חל,,,לינדור בונבוניירה חל,גרמים,200.00,100 גרם,false,,29.90,0.1495,true,1,10792
7610400068529,false,לינדור בונבוניירה אס,,,לינדור בונבוניירה אס,גרמים,200.00,100 גרם,false,,29.90,0.1495,true,1,10793
7610400074155,false,לינדט לינדור 60% 100,,,לינדט לינדור 60% 100,גרמים,100.00,100 גרם,false,,14.90,0.1490,true,1,10794
7610400075787,false,לינדט לה גרנד חלב עם,,,לינדט לה גרנד חלב עם,גרמים,150.00,100 גרם,false,,23.90,0.1593,true,1,10796
7610400085946,false,לינדט לה גרנד ד.אלמו,,,לינדט לה גרנד ד.אלמו,גרמים,150.00,100 גרם,false,,23.90,0.1593,true,1,10797
7610400091060,false,לינדט מריר אקסלנס תפ,,,לינדט מריר אקסלנס תפ,גרמים,100.00,100 גרם,false,,14.90,0.1490,true,1,1149
7613030979647,false,דגני בוקר טריקס 480,,,דגני בוקר טריקס 480,גרמים,480.00,100 גרם,false,,24.90,0.0519,true,1,13470
7613031608850,false,דגני בוקר פיטנס נסטל,,,דגני בוקר פיטנס נסטל,גרמים,625.00,100 גרם,false,,27.90,0.0446,true,1,13472
7613032045753,false,דגני פיטנס שוקולד נס,,,דגני פיטנס שוקולד נס,גרמים,375.00,100 גרם,false,,19.90,0.0531,true,1,13473
7613033548192,false,דגני בוקר פיטנס שוקו,,,דגני בוקר פיטנס שוקו,גרמים,375.00,100 גרם,false,,19.90,0.0531,true,1,13482
7613035379794,false,דנטלייף גזע בינוני 5,,,דנטלייף גזע בינוני 5,גרמים,690.00,100 גרם,false,,13.90,0.0201,true,1,161642
7613035514430,false,פורינה ONE חתול בוגר,,,פורינה ONE חתול בוגר,אלף,3.00,"ק""ג",false,,119.00,39.6667,true,1,13492
7613035514560,false,פורינה ONE חתול סטרי,,,פורינה ONE חתול סטרי,אלף,3.00,"ק""ג",false,,119.00,39.6667,true,1,13493
7613035548374,false,דגני בוקר גולדן מיני,,,דגני בוקר גולדן מיני,גרמים,570.00,100 גרם,false,,24.90,0.0437,true,1,13494
7613035622623,false,פיטנס גרנולה שקדים ו,,,פיטנס גרנולה שקדים ו,גרמים,300.00,100 גרם,false,,15.90,0.0530,true,1,13497
7613035635845,false,פיטנס גרנולה שוקולד,,,פיטנס גרנולה שוקולד,גרמים,300.00,100 גרם,false,,15.90,0.0530,true,1,13498
7613035758834,false,פיטנס גרנולה חמוציות,,,פיטנס גרנולה חמוציות,גרמים,300.00,100 גרם,false,,15.90,0.0530,true,1,13499
7613035807778,false,פרפקטו רוטב עגבניות,,,פרפקטו רוטב עגבניות,גרמים,400.00,100 גרם,false,,8.90,0.0223,true,1,13500
7613035809109,false,פרפקטו רוטב עגבניות,,,פרפקטו רוטב עגבניות,גרמים,400.00,100 גרם,false,,8.90,0.0223,true,1,13501
7613035809857,false,פרפקטו רוטב עגבניות,,,פרפקטו רוטב עגבניות,גרמים,400.00,100 גרם,false,,8.90,0.0223,true,1,13503
7613036105545,false,דוגלי בטעם בקר גזע ק,,,דוגלי בטעם בקר גזע ק,אלף,3.00,"ק""ג",false,,49.90,16.6333,true,1,13506
7613036314114,false,נסקפה גולד 200 גרם,,,נסקפה גולד 200 גרם,גרמים,200.00,100 גרם,false,,45.90,0.2295,true,1,13519
7613036387798,false,דגני פיטנס יוגורט נס,,,דגני פיטנס יוגורט נס,גרמים,375.00,100 גרם,false,,19.90,0.0531,true,1,13520
7613036520492,false,פרפקטו רוטב עגבניות,,,פרפקטו רוטב עגבניות,גרמים,400.00,100 גרם,false,,8.90,0.0223,true,1,13521
7613037686906,false,פיטנס שקדים ודבש נסט,,,פיטנס שקדים ודבש נסט,גרמים,355.00,100 גרם,false,,19.90,0.0561,true,1,13552
7613037687132,false,דגני פיטנס שקדים ודב,,,דגני פיטנס שקדים ודב,גרמים,585.00,100 גרם,false,,26.90,0.0460,true,1,13553
7613037811629,false,קורנפלקס גו פרי 500,,,קורנפלקס גו פרי 500,גרמים,500.00,100 גרם,false,,10.90,0.0218,true,1,2269
7613038268262,false,האני נאט ציריוס מופח,,,האני נאט ציריוס מופח,גרמים,410.00,100 גרם,false,,19.90,0.0485,true,1,13554
7613038451954,false,קראנץ שוקולד מופחת ס,,,קראנץ שוקולד מופחת ס,גרמים,410.00,100 גרם,false,,19.90,0.0485,true,1,13555
7613039770450,false,בורגר צמחוני טבעוני,,,בורגר צמחוני טבעוני,גרמים,226.00,100 גרם,false,,30.90,0.1367,true,1,13848
7613039771174,false,טחון צמחוני טבעוני,,,טחון צמחוני טבעוני,גרמים,400.00,100 גרם,false,,30.90,0.0772,true,1,13849
7613039879382,false,גרבר מחית תפוחי עץ 1,,,גרבר מחית תפוחי עץ 1,גרמים,190.00,100 גרם,false,,5.90,0.0311,true,1,106653
7613039882030,false,גרבר מחית תפוח גזר ב,,,גרבר מחית תפוח גזר ב,גרמים,190.00,100 גרם,false,,5.90,0.0311,true,1,111798
7613287182326,false,פאוץ בננה תפוח ויטמי,,,פאוץ בננה תפוח ויטמי,גרמים,110.00,100 גרם,false,,4.90,0.0445,true,1,117533
7613287182357,false,פאוץ אגס תפוח ופירות,,,פאוץ אגס תפוח ופירות,גרמים,110.00,100 גרם,false,,4.90,0.0445,true,1,117534
7613287182425,false,פאוץ תפוח בננה ותות,,,פאוץ תפוח בננה ותות,גרמים,110.00,100 גרם,false,,4.90,0.0445,true,1,117535
7613287182456,false,פאוץ אגס תפוח בננה ו,,,פאוץ אגס תפוח בננה ו,גרמים,110.00,100 גרם,false,,4.90,0.0445,true,1,117536
7613287302373,false,קפסולות סטארבקס איטל,,,קפסולות סטארבקס איטל,גרמים,56.00,100 גרם,false,,21.90,0.3911,true,1,72261
7613287325808,false,רוטב איולי שום לחיץ,,,רוטב איולי שום לחיץ,גרמים,295.00,100 גרם,false,,14.90,0.0505,true,1,158524
7613287325822,false,רוטב מיקס לחיץ אסם 2,,,רוטב מיקס לחיץ אסם 2,גרמים,295.00,100 גרם,false,,14.90,0.0505,true,1,158525
7613287325853,false,רוטב ספייסי איולי לח,,,רוטב ספייסי איולי לח,גרמים,295.00,100 גרם,false,,14.90,0.0505,true,1,158526
7613287325952,false,רוטב ברביקיו לחיץ אס,,,רוטב ברביקיו לחיץ אס,גרמים,345.00,100 גרם,false,,14.90,0.0432,true,1,158495
7613287394323,false,מולטי צ'יריוס 100% ד,,,מולטי צ'יריוס 100% ד,גרמים,600.00,100 גרם,false,,20.90,0.0348,true,1,91478
7613287476678,false,סינימיניס צ'ורוס 360,,,סינימיניס צ'ורוס 360,גרמים,360.00,100 גרם,false,,24.90,0.0692,true,1,103644
7613287525789,false,"פרייה מים 500 מ""ל שי",,,"פרייה מים 500 מ""ל שי",ארגז,3.00,ליטר,false,,25.90,8.6333,true,1,150108
7613287821348,false,נתחוני עוף טבעוני סנ,,,נתחוני עוף טבעוני סנ,גרמים,350.00,100 גרם,false,,29.90,0.0854,true,1,178160
7622010001858,false,עוגיות אוראו  סנדביץ,,,עוגיות אוראו  סנדביץ,גרמים,176.00,100 גרם,false,,9.90,0.0563,true,1,1223
7622201137052,false,מיני קוקיז מילקה 110,,,מיני קוקיז מילקה 110,גרמים,110.00,100 גרם,false,,7.90,0.0718,true,1,158333
7622201139278,false,פילדלפיה גבינת שמנת,,,פילדלפיה גבינת שמנת,גרמים,150.00,100 גרם,false,,11.90,0.0793,true,1,12244
7622201502515,false,קוקי לופ מילקה 132 ג,,,קוקי לופ מילקה 132 ג,גרמים,110.00,100 גרם,false,,12.90,0.1173,true,1,158387
7622201521493,false,גבינת שמנת עם שום וע,,,גבינת שמנת עם שום וע,גרמים,150.00,100 גרם,false,,11.90,0.0793,true,1,414062
7622201798154,false,פילדלפיה גבינת שמנת,,,פילדלפיה גבינת שמנת,גרמים,150.00,100 גרם,false,,11.90,0.0793,true,1,140008
7622201801809,false,מילקה שוקוד חלב עם א,,,מילקה שוקוד חלב עם א,גרמים,100.00,100 גרם,false,,6.90,0.0690,true,1,109025
7622201802363,false,מילקה שוקולד חלב עם,,,מילקה שוקולד חלב עם,גרמים,100.00,100 גרם,false,,6.90,0.0690,true,1,109011
7622201802394,false,מילקה שוקולד חלב 100,,,מילקה שוקולד חלב 100,גרמים,100.00,100 גרם,false,,6.90,0.0690,true,1,108997
7622201809188,false,מילקה ביסקויט 150 גר,,,מילקה ביסקויט 150 גר,גרמים,150.00,100 גרם,false,,9.90,0.0660,true,1,102596
7622201813390,false,מילקה וואפל במילוי ק,,,מילקה וואפל במילוי ק,גרמים,150.00,100 גרם,false,,9.90,0.0660,true,1,93228
7622201819170,false,מילקה דארק שקדים 85,,,מילקה דארק שקדים 85,גרמים,85.00,100 גרם,false,,7.90,0.0929,true,1,149277
7622201819552,false,מילקה דארק  85 גרם,,,מילקה דארק  85 גרם,גרמים,85.00,100 גרם,false,,7.90,0.0929,true,1,149279
7622210453327,false,מילקה סנסיישן 156 גר,,,מילקה סנסיישן 156 גר,גרמים,156.00,100 גרם,false,,9.90,0.0635,true,1,6284
7622210637994,false,קראנצ'י בייטס אוראו,,,קראנצ'י בייטס אוראו,גרמים,110.00,100 גרם,false,,7.90,0.0718,true,1,158360
7622300107949,false,טובלרון חלב צימוק 10,,,טובלרון חלב צימוק 10,גרמים,100.00,100 גרם,false,,9.50,0.0950,true,1,355300
7622300270506,false,מילקה גריינס עוגיות,,,מילקה גריינס עוגיות,גרמים,168.00,100 גרם,false,,9.90,0.0589,true,1,6300
7622300503079,false,מילקה מוו - ביסקוויט,,,מילקה מוו - ביסקוויט,גרמים,200.00,100 גרם,false,,9.90,0.0495,true,1,6308
7622300617820,false,מילקה שוקולד אוראו 1,,,מילקה שוקולד אוראו 1,גרמים,100.00,100 גרם,false,,6.90,0.0690,true,1,6309
7630477891592,false,קפסולות האוס בלנד סט,,,קפסולות האוס בלנד סט,גרמים,57.00,100 גרם,false,,21.90,0.3842,true,1,34509
7630477891639,false,סטארבקס קפסולות ורונ,,,סטארבקס קפסולות ורונ,גרמים,55.00,100 גרם,false,,21.90,0.3982,true,1,13564
7630477891653,false,סטארבקס קפסולות אספר,,,סטארבקס קפסולות אספר,גרמים,57.00,100 גרם,false,,21.90,0.3842,true,1,13565
7630477891677,false,קפס' פייק פלייס סטאר,,,קפס' פייק פלייס סטאר,גרמים,53.00,100 גרם,false,,21.90,0.4132,true,1,34510
7630477891691,false,סטארבקס קפסולות קולו,,,סטארבקס קפסולות קולו,גרמים,57.00,100 גרם,false,,21.90,0.3842,true,1,13566
7630477891714,false,קפסולות אספרסו סטארב,,,קפסולות אספרסו סטארב,גרמים,57.00,100 גרם,false,,21.90,0.3842,true,1,34511
7630477891738,false,סטארבקס קפסולות אספר,,,סטארבקס קפסולות אספר,גרמים,53.00,100 גרם,false,,21.90,0.4132,true,1,13567
7640175743451,false,פחית ג'ין בומביי ספי,,,פחית ג'ין בומביי ספי,מיליליטרים,250.00,"100 מ""ל",false,,13.20,0.0528,true,1,168861
7702018321582,false,דאודורנט סטיק מתקדם,,,דאודורנט סטיק מתקדם,מיליליטרים,50.00,"100 מ""ל",false,,21.90,0.4380,true,1,17537
7702018441075,false,סכיני גילוח פיוזן יד,,,סכיני גילוח פיוזן יד,אין,0.00,יחידה,false,,120.90,0.0000,true,1,17546
7702024074625,false,פיטנס חטיפי קרקר חיט,,,פיטנס חטיפי קרקר חיט,גרמים,234.00,100 גרם,false,,11.90,0.0509,true,1,1405
7702174066631,false,יוגטה פינפופ לקקן 10,,,יוגטה פינפופ לקקן 10,גרמים,180.00,100 גרם,false,,7.90,0.0439,true,1,26022
7702174068826,false,יוגטה לקקן חדש 12יח,,,יוגטה לקקן חדש 12יח,גרמים,216.00,100 גרם,false,,8.90,0.0412,true,1,26023
7702174068833,false,'לקקן יוגטה אייס קרי,,,'לקקן יוגטה אייס קרי,גרמים,216.00,100 גרם,false,,8.90,0.0412,true,1,26024
7702174070201,false,לקקן בטעם מסטיק ממול,,,לקקן בטעם מסטיק ממול,גרמים,216.00,100 גרם,false,,8.90,0.0412,true,1,26025
7702174073783,false,לקקן פינפופ קולה 10,,,לקקן פינפופ קולה 10,גרמים,180.00,100 גרם,false,,7.90,0.0439,true,1,26026
7790040420076,false,אלפחורס עוגיות סנדבי,,,אלפחורס עוגיות סנדבי,גרמים,117.00,100 גרם,false,,8.90,0.0761,true,1,2903
7792860006218,false,בייבי דול לקקן 20גר,,,בייבי דול לקקן 20גר,גרמים,24.00,100 גרם,false,,2.50,0.1042,true,1,10799
7800601801098,false,נר הבדלה דקורטיבי פמ,,,נר הבדלה דקורטיבי פמ,אין,0.00,יחידה,false,,16.90,0.0000,true,1,10501
7804414000884,false,דון חוליו שרדונה 750,,,דון חוליו שרדונה 750,מיליליטרים,750.00,"100 מ""ל",false,,28.90,0.0385,true,1,7621
7840392000454,false,"פחם בריקאפאר 5 ק""ג",,,"פחם בריקאפאר 5 ק""ג",אלף,5.00,"ק""ג",false,,49.90,9.9800,true,1,441796
7891024027998,false,קולגייט מי פה טוטל ס,,,קולגייט מי פה טוטל ס,מיליליטרים,500.00,"100 מ""ל",false,,30.90,0.0618,true,1,398144
7898051687775,false,סוכר קנים אורגני 1 ק,,,סוכר קנים אורגני 1 ק,אלף,1.00,"ק""ג",false,,9.90,9.9000,true,1,1938
8000070003798,false,קפסולת LAVAZZA DELIZ,,,קפסולת LAVAZZA DELIZ,גרמים,120.00,100 גרם,false,,29.90,0.2492,true,1,433809
8000070003811,false,קפסולת LAVAZZA PASSI,,,קפסולת LAVAZZA PASSI,גרמים,120.00,100 גרם,false,,29.90,0.2492,true,1,433810
8000070003842,false,קפסולת LAVAZZA DEKCR,,,קפסולת LAVAZZA DEKCR,גרמים,120.00,100 גרם,false,,29.90,0.2492,true,1,433811
8000070003972,false,קפסולת LAVAZZA DEKCR,,,קפסולת LAVAZZA DEKCR,גרמים,120.00,100 גרם,false,,29.90,0.2492,true,1,433813
8000070081000,false,לוואצ'ה קפסולות קפה,,,לוואצ'ה קפסולות קפה,גרמים,50.00,100 גרם,false,,16.90,0.3380,true,1,1421
8000215204219,false,משקה אורז אורגני 1 ל,,,משקה אורז אורגני 1 ל,ארגז,1.00,ליטר,false,,12.90,12.9000,true,1,2080
8000215204240,false,משקה שקדים ואורז אור,,,משקה שקדים ואורז אור,ארגז,1.00,ליטר,false,,12.90,12.9000,true,1,2096
8000215204370,false,ויטריז לבישול - תחלי,,,ויטריז לבישול - תחלי,מיליליטרים,200.00,"100 מ""ל",false,,4.90,0.0245,true,1,2081
8000215204387,false,ויטריז לבישול - רוטב,,,ויטריז לבישול - רוטב,מיליליטרים,500.00,"100 מ""ל",false,,14.90,0.0298,true,1,2082
8000215204554,false,משקה אורז קוקוס אורג,,,משקה אורז קוקוס אורג,ארגז,1.00,ליטר,false,,12.90,12.9000,true,1,2097
8000215204561,false,משקה שקדים 1 ליטר,,,משקה שקדים 1 ליטר,ארגז,1.00,ליטר,false,,14.90,14.9000,true,1,2098
8000215204653,false,משקה סויה 1 ליטר  -,,,משקה סויה 1 ליטר  -,ארגז,1.00,ליטר,false,,11.90,11.9000,true,1,2083
8000215204677,false,משקה שיבולת שועל אור,,,משקה שיבולת שועל אור,ארגז,1.00,ליטר,false,,12.90,12.9000,true,1,238029
8000215204714,false,משקה שיבולת שועל אור,,,משקה שיבולת שועל אור,ארגז,1.00,ליטר,false,,12.90,12.9000,true,1,2099
8000380003723,false,גרנד פטיסרי ופל אגוז,,,גרנד פטיסרי ופל אגוז,גרמים,100.00,100 גרם,false,,11.50,0.1150,true,1,10166
8000380003761,false,גרנד פטיסרי ופל קוקו,,,גרנד פטיסרי ופל קוקו,גרמים,100.00,100 גרם,false,,11.50,0.1150,true,1,10167
8000380004669,false,לואקר וופל סנדוויץ',,,לואקר וופל סנדוויץ',גרמים,200.00,100 גרם,false,,12.90,0.0645,true,1,10168
8000380004676,false,לואקר וופל קרם וניל,,,לואקר וופל קרם וניל,גרמים,200.00,100 גרם,false,,12.90,0.0645,true,1,10169
8000380004911,false,וופל קואדרטיני אגוז,,,וופל קואדרטיני אגוז,גרמים,250.00,100 גרם,false,,13.90,0.0556,true,1,1230
8000380004966,false,וופל קואדרטיני קקאו,,,וופל קואדרטיני קקאו,גרמים,250.00,100 גרם,false,,13.90,0.0556,true,1,1231
8000380005598,false,טורטינה מריר 6יח,,,טורטינה מריר 6יח,גרמים,125.00,100 גרם,false,,14.90,0.1192,true,1,10170
8000380007219,false,וופל לואקר אגוז 175,,,וופל לואקר אגוז 175,גרמים,175.00,100 גרם,false,,10.50,0.0600,true,1,10173
8000380007257,false,.וופל מצופה שוקולד ג,,,.וופל מצופה שוקולד ג,גרמים,200.00,100 גרם,false,,12.80,0.0640,true,1,10174
8000380007264,false,וופל לואקר קקאו 175,,,וופל לואקר קקאו 175,גרמים,175.00,100 גרם,false,,10.50,0.0600,true,1,10175
8000380007271,false,וופל לואקר חלב 175 ג,,,וופל לואקר חלב 175 ג,גרמים,175.00,100 גרם,false,,10.50,0.0600,true,1,10176
8000380106028,false,1/6 טורטינה אורגינל,,,1/6 טורטינה אורגינל,גרמים,125.00,100 גרם,false,,14.90,0.1192,true,1,10177
8000380142484,false,וופל קואדרטיני שוקול,,,וופל קואדרטיני שוקול,גרמים,250.00,100 גרם,false,,13.90,0.0556,true,1,1232
8000380180721,false,וופל לואקר קלאסיק שו,,,וופל לואקר קלאסיק שו,גרמים,175.00,100 גרם,false,,10.50,0.0600,true,1,10182
8000380180745,false,וופל קואדרטיני לואקר,,,וופל קואדרטיני לואקר,גרמים,250.00,100 גרם,false,,13.90,0.0556,true,1,1233
8000380187249,false,עוגיות לואקר שקדים 1,,,עוגיות לואקר שקדים 1,גרמים,100.00,100 גרם,false,,13.90,0.1390,true,1,23783
8000380187300,false,עוגיות לואקר פתיתי ש,,,עוגיות לואקר פתיתי ש,גרמים,120.00,100 גרם,false,,13.90,0.1158,true,1,23784
8000380192151,false,טורטינה טריפל שוקולד,,,טורטינה טריפל שוקולד,גרמים,125.00,100 גרם,false,,14.90,0.1192,true,1,242268
8000380192243,false,וופל לואקר מקסי אגוז,,,וופל לואקר מקסי אגוז,גרמים,200.00,100 גרם,false,,12.90,0.0645,true,1,10184
8000380201396,false,טורטינה קרמל לואקר 1,,,טורטינה קרמל לואקר 1,גרמים,125.00,100 גרם,false,,14.90,0.1192,true,1,242282
8000500026731,false,קינדר ביצי שוקולד 3*,,,קינדר ביצי שוקולד 3*,גרמים,60.00,100 גרם,false,,14.90,0.2483,true,1,25663
8000500029350,false,קינדר בואנו 3*43 גרם,,,קינדר בואנו 3*43 גרם,גרמים,129.00,100 גרם,false,,8.90,0.0690,true,1,25664
8000500032237,false,רושר 375 גרם,,,רושר 375 גרם,גרמים,375.00,100 גרם,false,,43.90,0.1171,true,1,25665
8000500037874,false,בונבוניירת רושר 200ג,,,בונבוניירת רושר 200ג,גרמים,200.00,100 גרם,false,,25.90,0.1295,true,1,25667
8000500071083,false,קינדר אצבעות שוקולד,,,קינדר אצבעות שוקולד,גרמים,200.00,100 גרם,false,,12.50,0.0625,true,1,25669
8000500075708,false,קינדר גוי 1/3 כחול 3,,,קינדר גוי 1/3 כחול 3,גרמים,60.00,100 גרם,false,,14.90,0.2483,true,1,1382
8000500121436,false,קינדר בואנו לבן 3*43,,,קינדר בואנו לבן 3*43,גרמים,117.00,100 גרם,false,,8.90,0.0761,true,1,25672
8000500127728,false,קינדר מילק סלייס עוג,,,קינדר מילק סלייס עוג,גרמים,30.00,100 גרם,false,,11.90,0.3967,true,1,82560
8000500172810,false,טיק טק תות שדה 4*16ג,,,טיק טק תות שדה 4*16ג,גרמים,64.00,100 גרם,false,,9.90,0.1547,true,1,25675
8000500227848,false,'וופל מלוח במילוי ממ,,,'וופל מלוח במילוי ממ,גרמים,132.00,100 גרם,false,,9.90,0.0750,true,1,25679
8000500256213,false,פרר-קינדר שוקולד מינ,,,פרר-קינדר שוקולד מינ,גרמים,120.00,100 גרם,false,,8.90,0.0742,true,1,25683
8000500267103,false,פררו-קינדר דליס עשיר,,,פררו-קינדר דליס עשיר,אין,0.00,יחידה,false,,17.90,0.0000,true,1,3535
8000500269169,false,קינדר קארדס 128 גרם,,,קינדר קארדס 128 גרם,גרמים,128.00,100 גרם,false,,12.90,0.1008,true,1,38481
8000500386941,false,ממרח קקאו עם אגוזי ל,,,ממרח קקאו עם אגוזי ל,גרמים,900.00,100 גרם,false,,31.90,0.0354,true,1,331631
8001003100164,false,יוגטה סוכריות ג'לי פ,,,יוגטה סוכריות ג'לי פ,גרמים,450.00,100 גרם,false,,9.90,0.0220,true,1,26027
8001090222756,false,מרכך שמן מורינגה הרב,,,מרכך שמן מורינגה הרב,מיליליטרים,400.00,"100 מ""ל",false,,14.90,0.0373,true,1,115
8001090222848,false,שמפו שיקום שמן ארגן,,,שמפו שיקום שמן ארגן,מיליליטרים,400.00,"100 מ""ל",false,,14.90,0.0373,true,1,116
8001090290830,false,אורל בי – משחה  3D W,,,אורל בי – משחה  3D W,מיליליטרים,75.00,"100 מ""ל",false,,22.90,0.3053,true,1,106989
8001090336408,false,פמפרס בייבי דריי מיד,,,פמפרס בייבי דריי מיד,אין,0.00,יחידה,false,,31.90,0.0000,true,1,17575
8001090336446,false,פמפרס בייבי דריי מיד,,,פמפרס בייבי דריי מיד,אין,0.00,יחידה,false,,31.90,0.0000,true,1,17576
8001090336521,false,פמפרס בייבי דריי מיד,,,פמפרס בייבי דריי מיד,אין,0.00,יחידה,false,,31.90,0.0000,true,1,17578
8001090336606,false,פמפרס בייבי דריי מיד,,,פמפרס בייבי דריי מיד,אין,0.00,יחידה,false,,31.90,0.0000,true,1,17579
8001090375230,false,פנטן מרכך מרוכז 200,,,פנטן מרכך מרוכז 200,מיליליטרים,200.00,"100 מ""ל",false,,21.90,0.1095,true,1,17581
8001090375285,false,פנטן מרכך מרוכז 200,,,פנטן מרכך מרוכז 200,מיליליטרים,200.00,"100 מ""ל",false,,21.90,0.1095,true,1,17582
8001090379337,false,חיתולי פמפרס פרימיום,,,חיתולי פמפרס פרימיום,אין,0.00,יחידה,false,,31.90,0.0000,true,1,17583
8001090379368,false,חיתולי פמפרס פרימיום,,,חיתולי פמפרס פרימיום,אין,0.00,יחידה,false,,31.90,0.0000,true,1,17584
8001090379399,false,חיתולי פמפרס פרימיום,,,חיתולי פמפרס פרימיום,אין,0.00,יחידה,false,,31.90,0.0000,true,1,17585
8001090458322,false,פיירי ורדים ומשי 101,,,פיירי ורדים ומשי 101,ארגז,1.01,ליטר,false,,15.90,15.7426,true,1,118
8001090493637,false,שמפו אולטרא טוטאל קר,,,שמפו אולטרא טוטאל קר,מיליליטרים,450.00,"100 מ""ל",false,,17.90,0.0398,true,1,17587
8001090678614,false,שמפו שולדרס סופרים ל,,,שמפו שולדרס סופרים ל,מיליליטרים,400.00,"100 מ""ל",false,,17.90,0.0447,true,1,120
8001090737892,false,מגן תחתון נורמל סלים,,,מגן תחתון נורמל סלים,אין,0.00,יחידה,false,,17.90,0.0000,true,1,419236
8001090745903,false,אבקת כביסה טייד אלפי,,,אבקת כביסה טייד אלפי,אלף,4.00,"ק""ג",false,,29.90,7.4750,true,1,17601
8001090802385,false,טייד קפסולות ג'ל בני,,,טייד קפסולות ג'ל בני,אין,0.00,יחידה,false,,29.90,0.0000,true,1,17607
8001090832450,false,שמפו הנוסחה הקלאסית,,,שמפו הנוסחה הקלאסית,מיליליטרים,660.00,"100 מ""ל",false,,18.90,0.0286,true,1,17616
8001090832535,false,שמפו שמן מרוקאי משקם,,,שמפו שמן מרוקאי משקם,מיליליטרים,660.00,"100 מ""ל",false,,18.90,0.0286,true,1,17617
8001090832573,false,שמפו לחות מוגברת פנט,,,שמפו לחות מוגברת פנט,מיליליטרים,660.00,"100 מ""ל",false,,18.90,0.0286,true,1,17618
8001090832818,false,מרכך נוסחה קלאסית פנ,,,מרכך נוסחה קלאסית פנ,מיליליטרים,660.00,"100 מ""ל",false,,18.90,0.0286,true,1,17619
8001090832894,false,מרכך לחות מוגברת פנט,,,מרכך לחות מוגברת פנט,מיליליטרים,660.00,"100 מ""ל",false,,18.90,0.0286,true,1,17621
8001090833136,false,אריאל ג'ל כביסה בייב,,,אריאל ג'ל כביסה בייב,ארגז,2.26,ליטר,false,,29.90,13.2301,true,1,17622
8001090833167,false,אריאל ג'ל כביסה ניחו,,,אריאל ג'ל כביסה ניחו,ארגז,2.37,ליטר,false,,29.90,12.6160,true,1,17623
8001090833198,false,אריאל ג'ל כביסה ניחו,,,אריאל ג'ל כביסה ניחו,ארגז,2.37,ליטר,false,,29.90,12.6160,true,1,17624
8001090899194,false,תחבושות פלטינום נורמ,,,תחבושות פלטינום נורמ,אין,0.00,יחידה,false,,19.90,0.0000,true,1,122
8001090899224,false,תחבושות פלטינום לונג,,,תחבושות פלטינום לונג,אין,0.00,יחידה,false,,19.90,0.0000,true,1,123
8001090899286,false,תחבושות פלטינום לילה,,,תחבושות פלטינום לילה,אין,0.00,יחידה,false,,19.90,0.0000,true,1,125
8001100059259,false,וואפל קוביות BALOCCO,,,וואפל קוביות BALOCCO,גרמים,250.00,100 גרם,false,,12.90,0.0516,true,1,62594
8001505000177,false,מעדן משמש אורגני ללא,,,מעדן משמש אורגני ללא,גרמים,250.00,100 גרם,false,,17.90,0.0716,true,1,2126
8001505000313,false,ממרח אגוזי לוז אורגנ,,,ממרח אגוזי לוז אורגנ,גרמים,270.00,100 גרם,false,,17.90,0.0663,true,1,2574
8001505001105,false,ממרח אגוזי לוז אורגנ,,,ממרח אגוזי לוז אורגנ,גרמים,270.00,100 גרם,false,,17.90,0.0663,true,1,2575
8001561301706,false,טונה בהירה בשמן זית(,,,טונה בהירה בשמן זית(,גרמים,160.00,100 גרם,false,,18.00,0.1125,true,1,364637
8001620011935,false,סאן בנדטו מוגז 6*500,,,סאן בנדטו מוגז 6*500,ארגז,3.00,ליטר,false,,11.90,3.9667,true,1,8712
8001620015612,false,סן בנדטו בטעם גזר תפ,,,סן בנדטו בטעם גזר תפ,מיליליטרים,400.00,"100 מ""ל",false,,7.50,0.0188,true,1,64214
8001620015629,false,משקה פירות פרוטה בטע,,,משקה פירות פרוטה בטע,מיליליטרים,400.00,"100 מ""ל",false,,7.50,0.0188,true,1,172937
8001620017456,false,סאן בנדטו פקק ספורט,,,סאן בנדטו פקק ספורט,ארגז,3.00,ליטר,false,,14.50,4.8333,true,1,8714
8001620018408,false,סן בנדטו מנגו תפוח פ,,,סן בנדטו מנגו תפוח פ,מיליליטרים,400.00,"100 מ""ל",false,,7.50,0.0188,true,1,217366
8001841006710,false,לנור כדוריות הבושם ב,,,לנור כדוריות הבושם ב,גרמים,210.00,100 גרם,false,,27.90,0.1329,true,1,1714
8001841053806,false,תחבושות עבה לילה אול,,,תחבושות עבה לילה אול,אין,0.00,יחידה,false,,12.90,0.0000,true,1,17646
8001841096889,false,פיירי קלאסיק לימון 9,,,פיירי קלאסיק לימון 9,מיליליטרים,900.00,"100 מ""ל",false,,6.90,0.0077,true,1,17647
8001841104799,false,חיתולי פמפרס פרימיום,,,חיתולי פמפרס פרימיום,אין,0.00,יחידה,false,,31.90,0.0000,true,1,17649
8001841105093,false,חיתולי פמפרס פרימיום,,,חיתולי פמפרס פרימיום,אין,0.00,יחידה,false,,31.90,0.0000,true,1,17650
8001841137216,false,מרכך למגע רך כמשי הד,,,מרכך למגע רך כמשי הד,מיליליטרים,275.00,"100 מ""ל",false,,16.90,0.0615,true,1,17652
8001841566771,false,לנור כדוריות הבושם ב,,,לנור כדוריות הבושם ב,גרמים,210.00,100 גרם,false,,27.90,0.1329,true,1,1715
8001841625188,false,פיירי נוזל כלים פלטי,,,פיירי נוזל כלים פלטי,מיליליטרים,515.00,"100 מ""ל",false,,8.90,0.0173,true,1,17659
8001841625287,false,פיירי נוזל כלים פלטי,,,פיירי נוזל כלים פלטי,ארגז,1.01,ליטר,false,,15.90,15.7426,true,1,127
8001841625362,false,פיירי נוזל כלים פלטי,,,פיירי נוזל כלים פלטי,מיליליטרים,780.00,"100 מ""ל",false,,12.90,0.0165,true,1,344725
8001841625461,false,פיירי נוזל כלים פלטי,,,פיירי נוזל כלים פלטי,מיליליטרים,515.00,"100 מ""ל",false,,8.90,0.0173,true,1,17660
8001841625508,false,פיירי נוזל כלים פלטי,,,פיירי נוזל כלים פלטי,ארגז,1.01,ליטר,false,,15.90,15.7426,true,1,128
8001841653624,false,פיירי נוזל כלים 625,,,פיירי נוזל כלים 625,מיליליטרים,625.00,"100 מ""ל",false,,9.90,0.0158,true,1,422439
8001841663654,false,פיירי נוזל כלים 650,,,פיירי נוזל כלים 650,מיליליטרים,650.00,"100 מ""ל",false,,9.90,0.0152,true,1,426516
8001841663692,false,פיירי נוזל כלים  לימ,,,פיירי נוזל כלים  לימ,מיליליטרים,900.00,"100 מ""ל",false,,11.90,0.0132,true,1,400066
8001841669465,false,אריאל קפסולות 24 יחי,,,אריאל קפסולות 24 יחי,גרמים,646.00,100 גרם,false,,32.90,0.0509,true,1,163413
8001841669519,false,קפסולות ג'ל לכביסה א,,,קפסולות ג'ל לכביסה א,יח',55.00,יח',false,,62.90,1.1436,true,1,17661
8001841715957,false,ג'ל רחצה ושמפו ניקוי,,,ג'ל רחצה ושמפו ניקוי,מיליליטרים,360.00,"100 מ""ל",false,,16.90,0.0469,true,1,141672
8001841716435,false,ג'ל רחצה ושמפו לעור,,,ג'ל רחצה ושמפו לעור,מיליליטרים,360.00,"100 מ""ל",false,,16.90,0.0469,true,1,141674
8001841941929,false,אולוויז וליו פק לילה,,,אולוויז וליו פק לילה,אין,0.00,יחידה,false,,16.90,0.0000,true,1,269536
8002205319903,false,פורינה ONE חתול בוגר,,,פורינה ONE חתול בוגר,גרמים,800.00,100 גרם,false,,45.90,0.0574,true,1,13569
8002267016475,false,צ'וקטה ביצת הפתעה בו,,,צ'וקטה ביצת הפתעה בו,יח',60.00,יח',false,,10.90,0.1817,true,1,26034
8002270866524,false,סאן פלנגרינו מים מינ,,,סאן פלנגרינו מים מינ,ארגז,1.00,ליטר,false,,8.90,8.9000,true,1,8720
8002450201008,false,ורדי ספרקלטיני כשר 7,,,ורדי ספרקלטיני כשר 7,מיליליטרים,750.00,"100 מ""ל",false,,24.90,0.0332,true,1,7625
8002450204009,false,ורדי אפרסק 750 מל,,,ורדי אפרסק 750 מל,מיליליטרים,750.00,"100 מ""ל",false,,24.90,0.0332,true,1,7626
8002450206003,false,ורדי ספרקלטיני רימון,,,ורדי ספרקלטיני רימון,מיליליטרים,750.00,"100 מ""ל",false,,24.90,0.0332,true,1,7628
8002450208007,false,ורדי ספרקלטיני גרין,,,ורדי ספרקלטיני גרין,מיליליטרים,750.00,"100 מ""ל",false,,24.90,0.0332,true,1,7631
8003012013633,false,קפסולות ברזיל גריבלד,,,קפסולות ברזיל גריבלד,גרמים,55.00,100 גרם,false,,9.90,0.1800,true,1,198575
8003477500044,false,"פרימלוצ'י ספגטי מ""ס",,,"פרימלוצ'י ספגטי מ""ס",גרמים,500.00,100 גרם,false,,5.90,0.0118,true,1,439622
8003477500051,false,"פרימלוצ'י ספגטי מ""ס",,,"פרימלוצ'י ספגטי מ""ס",גרמים,500.00,100 גרם,false,,5.90,0.0118,true,1,439623
8003477500327,false,פרימלוצ'י קורנטי 500,,,פרימלוצ'י קורנטי 500,גרמים,500.00,100 גרם,false,,5.90,0.0118,true,1,439624
8003477500365,false,פרימלוצ'י קונקילייה,,,פרימלוצ'י קונקילייה,גרמים,500.00,100 גרם,false,,5.90,0.0118,true,1,439625
8003477500556,false,פרימלוצ'י פוסילי 500,,,פרימלוצ'י פוסילי 500,גרמים,500.00,100 גרם,false,,5.90,0.0118,true,1,439913
8003477500594,false,פרימלוצ'י פנה ריגאטה,,,פרימלוצ'י פנה ריגאטה,גרמים,500.00,100 גרם,false,,5.90,0.0118,true,1,439914
8003753158556,false,אילי קפסולות אספרסו,,,אילי קפסולות אספרסו,גרמים,57.00,100 גרם,false,,25.90,0.4544,true,1,267764
8003753158617,false,אילי קפסולות אספרסו,,,אילי קפסולות אספרסו,גרמים,57.00,100 גרם,false,,25.90,0.4544,true,1,267766
8003753158648,false,אילי קפסולות אספרסו,,,אילי קפסולות אספרסו,גרמים,57.00,100 גרם,false,,25.90,0.4544,true,1,267767
8004030081024,false,נתחי טונה שמן זית שו,,,נתחי טונה שמן זית שו,גרמים,160.00,100 גרם,false,,18.90,0.1181,true,1,14738
8004030102033,false,טונה בשמן עם לימון ו,,,טונה בשמן עם לימון ו,גרמים,240.00,100 גרם,false,,27.90,0.1162,true,1,14739
8004030344938,false,טונה בשמן זית ריו מר,,,טונה בשמן זית ריו מר,גרמים,240.00,100 גרם,false,,27.90,0.1162,true,1,14744
8004030845046,false,אינסלטיסימי אורז עם,,,אינסלטיסימי אורז עם,גרמים,160.00,100 גרם,false,,16.90,0.1056,true,1,14746
8004030860001,false,קוסקוס וטונה ריו מרה,,,קוסקוס וטונה ריו מרה,גרמים,160.00,100 גרם,false,,16.90,0.1056,true,1,14747
8004123004893,false,שמן מתובל בטעם פטריו,,,שמן מתובל בטעם פטריו,מיליליטרים,250.00,"100 מ""ל",false,,29.90,0.1196,true,1,352894
8004123010726,false,שמן זית כתית מעולה ב,,,שמן זית כתית מעולה ב,מיליליטרים,750.00,"100 מ""ל",false,,39.90,0.0532,true,1,336870
8004708048779,false,מלח ורוד במטחנה גדול,,,מלח ורוד במטחנה גדול,גרמים,190.00,100 גרם,false,,29.90,0.1574,true,1,418532
8004800004826,false,ופלים במילוי קרם קוק,,,ופלים במילוי קרם קוק,גרמים,98.00,100 גרם,false,,10.90,0.1112,true,1,441436
8004800005502,false,לאגו מיני רול- גלילי,,,לאגו מיני רול- גלילי,גרמים,125.00,100 גרם,false,,9.90,0.0792,true,1,443455
8004800005519,false,לאגו מיני רול- גלילי,,,לאגו מיני רול- גלילי,גרמים,125.00,100 גרם,false,,9.90,0.0792,true,1,443456
8005110002243,false,תרכיז MUTTI עגבניות,,,תרכיז MUTTI עגבניות,גרמים,185.00,100 גרם,false,,6.90,0.0373,true,1,31867
8005110060007,false,עגבניות MUTTI מקולפו,,,עגבניות MUTTI מקולפו,גרמים,400.00,100 גרם,false,,6.90,0.0173,true,1,31868
8005110170300,false,עגבניות MUTTI מרוסקו,,,עגבניות MUTTI מרוסקו,אלף,1.20,"ק""ג",false,,16.90,14.0833,true,1,31870
8005200286584,false,נסטי מנגו אננס 1.5 ל,,,נסטי מנגו אננס 1.5 ל,ארגז,1.50,ליטר,false,,8.90,5.9333,true,1,156124
8005200316588,false,נסטי דיאט אפרסק 1.5,,,נסטי דיאט אפרסק 1.5,ארגז,1.50,ליטר,false,,8.50,5.6667,true,1,156125
8005469951452,false,ממרח אנשובי עם שמן ח,,,ממרח אנשובי עם שמן ח,גרמים,60.00,100 גרם,false,,12.90,0.2150,true,1,336884
8006227000399,false,לחם מחמצת פרוס לבן 4,,,לחם מחמצת פרוס לבן 4,גרמים,400.00,100 גרם,false,,16.90,0.0422,true,1,412292
8006227001372,false,לחם מחמצת לבן עם שמן,,,לחם מחמצת לבן עם שמן,גרמים,400.00,100 גרם,false,,18.90,0.0472,true,1,412014
8006227001389,false,לחם מחמצת קמח מלא עם,,,לחם מחמצת קמח מלא עם,גרמים,400.00,100 גרם,false,,18.90,0.0472,true,1,412015
8006540091937,false,לנור כדוריות הבושם ב,,,לנור כדוריות הבושם ב,גרמים,210.00,100 גרם,false,,27.90,0.1329,true,1,141860
8006540112823,false,לנור מרכך מרוכז בניח,,,לנור מרכך מרוכז בניח,מיליליטרים,900.00,"100 מ""ל",false,,14.90,0.0166,true,1,84526
8006540112854,false,לנור מרכך מרוכז בניח,,,לנור מרכך מרוכז בניח,מיליליטרים,900.00,"100 מ""ל",false,,14.90,0.0166,true,1,77405
8006540425930,false,אריאל קפסולות 24 יחי,,,אריאל קפסולות 24 יחי,גרמים,646.00,100 גרם,false,,32.90,0.0509,true,1,338988
8006540429327,false,"פיירי לימון 440 מ""ל",,,"פיירי לימון 440 מ""ל",מיליליטרים,440.00,"100 מ""ל",false,,10.90,0.0248,true,1,210943
8006540458013,false,פיירי נוזל כלים 650,,,פיירי נוזל כלים 650,מיליליטרים,650.00,"100 מ""ל",false,,9.90,0.0152,true,1,446198
8006540495216,false,לנור מרכך מרוכז בניח,,,לנור מרכך מרוכז בניח,מיליליטרים,900.00,"100 מ""ל",false,,14.90,0.0166,true,1,398384
8006540592465,false,תחבושות אולוויז סגול,,,תחבושות אולוויז סגול,100 יח',16.00,100 יח',false,,18.90,1.1812,true,1,423571
8006540592496,false,תחבושות אולוויז כחול,,,תחבושות אולוויז כחול,100 יח',16.00,100 יח',false,,18.90,1.1812,true,1,423572
8006540628737,false,שמפו הד שולדרס קלאסי,,,שמפו הד שולדרס קלאסי,מיליליטרים,350.00,"100 מ""ל",false,,16.90,0.0483,true,1,433990
8008245004847,true,ממרח אגוזי לוז וקקאו,,,ממרח אגוזי לוז וקקאו,גרמים,300.00,100 גרם,false,,14.90,0.0497,true,1,47060
8008620009276,false,קרקר מלוח 500 גרם קר,,,קרקר מלוח 500 גרם קר,גרמים,500.00,100 גרם,false,,19.90,0.0398,true,1,25010
8008620009290,false,קרקר חיטה מלאה 500 ג,,,קרקר חיטה מלאה 500 ג,גרמים,500.00,100 גרם,false,,19.90,0.0398,true,1,25011
8008620009337,false,קרקר חיטה מלאה 250 ג,,,קרקר חיטה מלאה 250 ג,גרמים,250.00,100 גרם,false,,8.90,0.0356,true,1,412263
8008660210038,false,מעדן תות שדה 300 גר`,,,מעדן תות שדה 300 גר`,גרמים,300.00,100 גרם,false,,15.90,0.0530,true,1,16176
8008660210045,false,מעדן פירות יער 300 ג,,,מעדן פירות יער 300 ג,גרמים,300.00,100 גרם,false,,15.90,0.0530,true,1,16177
8008857310343,false,"פסטה רג'ייה 1 ק""ג",,,"פסטה רג'ייה 1 ק""ג",אלף,1.00,"ק""ג",false,,10.00,10.0000,true,1,368005
8008912010034,false,פסטה ספגטי מספר 3 -,,,פסטה ספגטי מספר 3 -,גרמים,500.00,100 גרם,false,,7.90,0.0158,true,1,381099
8008912010072,false,פסטה לינגוויני מספר,,,פסטה לינגוויני מספר,גרמים,500.00,100 גרם,false,,7.90,0.0158,true,1,381100
8008912010270,false,פסטה קסרצ'ה מספר 27,,,פסטה קסרצ'ה מספר 27,גרמים,500.00,100 גרם,false,,7.90,0.0158,true,1,381101
8008912010300,false,פסטה פרפלה מספר 30 -,,,פסטה פרפלה מספר 30 -,גרמים,500.00,100 גרם,false,,7.90,0.0158,true,1,381102
8008940225004,false,גרנולה עוגיות קקאו א,,,גרנולה עוגיות קקאו א,גרמים,350.00,100 גרם,false,,15.90,0.0454,true,1,1904
8010024006003,false,השקד - 100% חמאת שקד,,,השקד - 100% חמאת שקד,גרמים,250.00,100 גרם,false,,32.90,0.1316,true,1,2639
8015997000911,false,בישקוטים פריכים 200,,,בישקוטים פריכים 200,גרמים,200.00,100 גרם,false,,6.90,0.0345,true,1,412278
8023788030610,false,שוקולד חלב  300 גרם,,,שוקולד חלב  300 גרם,גרמים,300.00,100 גרם,false,,17.90,0.0597,true,1,420705
8023788030627,false,שוקולד מריר מעולה  3,,,שוקולד מריר מעולה  3,גרמים,300.00,100 גרם,false,,17.90,0.0597,true,1,420706
8023788030634,false,שוקולד חלב עם שברי א,,,שוקולד חלב עם שברי א,גרמים,300.00,100 גרם,false,,18.90,0.0630,true,1,420722
8023788030658,false,עוגיות מלוחות בטעם ט,,,עוגיות מלוחות בטעם ט,גרמים,400.00,100 גרם,false,,12.90,0.0323,true,1,449740
8023788030672,false,עוגיות מלוחות בתוספת,,,עוגיות מלוחות בתוספת,גרמים,400.00,100 גרם,false,,12.90,0.0323,true,1,449742
8023788030689,false,עוגיות מלוחות בטעם ע,,,עוגיות מלוחות בטעם ע,גרמים,400.00,100 גרם,false,,12.90,0.0323,true,1,450162
8024985000062,false,נטורה נובה - מחית תפ,,,נטורה נובה - מחית תפ,גרמים,200.00,100 גרם,false,,8.90,0.0445,true,1,2378
8024985000086,false,נטורה נובה - מחית תפ,,,נטורה נובה - מחית תפ,גרמים,200.00,100 גרם,false,,8.90,0.0445,true,1,2379
8024985000093,false,נטורה נובה - מחית תפ,,,נטורה נובה - מחית תפ,גרמים,200.00,100 גרם,false,,8.90,0.0445,true,1,299895
8024985000116,false,נטורה נובה - מחית תפ,,,נטורה נובה - מחית תפ,גרמים,200.00,100 גרם,false,,8.90,0.0445,true,1,299909
8024985002783,false,נטורה נובה - סמוזי ג,,,נטורה נובה - סמוזי ג,גרמים,100.00,100 גרם,false,,4.90,0.0490,true,1,2339
8024985002943,false,נטורה נובה - סמוזי ת,,,נטורה נובה - סמוזי ת,גרמים,100.00,100 גרם,false,,4.90,0.0490,true,1,2340
8024985002967,false,נטורה נובה - סמוזי ב,,,נטורה נובה - סמוזי ב,גרמים,100.00,100 גרם,false,,4.90,0.0490,true,1,299925
8024985005234,false,נטורה נובה - סמוזי ת,,,נטורה נובה - סמוזי ת,גרמים,100.00,100 גרם,false,,4.90,0.0490,true,1,2354
8024985008037,false,נטורה נובה - סמוזי ת,,,נטורה נובה - סמוזי ת,גרמים,100.00,100 גרם,false,,4.90,0.0490,true,1,2355
8024985008044,false,נטורה נובה - סמוזי א,,,נטורה נובה - סמוזי א,גרמים,100.00,100 גרם,false,,4.90,0.0490,true,1,2356
8024985008051,false,נטורה נובה - סמוזי פ,,,נטורה נובה - סמוזי פ,גרמים,100.00,100 גרם,false,,4.90,0.0490,true,1,2357
8032804432024,false,פליסיה קופסא - לזניה,,,פליסיה קופסא - לזניה,גרמים,250.00,100 גרם,false,,18.90,0.0756,true,1,2326
8076800105735,false,פנה ריגטה בקופסה ברי,,,פנה ריגטה בקופסה ברי,אלף,1.00,"ק""ג",false,,12.90,12.9000,true,1,419797
8076800105988,false,פוזלי בקופסה ברילה 1,,,פוזלי בקופסה ברילה 1,אלף,1.00,"ק""ג",false,,12.90,12.9000,true,1,419812
8076800195019,false,ספגטי קפליני מס' 1 ב,,,ספגטי קפליני מס' 1 ב,גרמים,500.00,100 גרם,false,,6.90,0.0138,true,1,424
8076800195033,false,ספגטי מס' 3 ברילה 50,,,ספגטי מס' 3 ברילה 50,גרמים,500.00,100 גרם,false,,6.90,0.0138,true,1,425
8076800195132,false,ספגטי בבטה מס' 13 בר,,,ספגטי בבטה מס' 13 בר,גרמים,500.00,100 גרם,false,,6.90,0.0138,true,1,427
8076800315097,false,ספגטי בוקטיני מס' 9,,,ספגטי בוקטיני מס' 9,גרמים,500.00,100 גרם,false,,6.90,0.0138,true,1,428
8076802085738,false,פנה רגטה מס' 73 בריל,,,פנה רגטה מס' 73 בריל,גרמים,500.00,100 גרם,false,,6.90,0.0138,true,1,430
8076802085981,false,פסטה פוזילי 98 ברילה,,,פסטה פוזילי 98 ברילה,גרמים,500.00,100 גרם,false,,6.90,0.0138,true,1,431
8076808050440,false,פסטה מקרוני מס' 44 ב,,,פסטה מקרוני מס' 44 ב,גרמים,500.00,100 גרם,false,,6.90,0.0138,true,1,432
8076808060654,false,פסטה פרפלה 65 ברילה,,,פסטה פרפלה 65 ברילה,גרמים,500.00,100 גרם,false,,6.90,0.0138,true,1,433
8076808070882,false,קנלוני ברילה 250 גרם,,,קנלוני ברילה 250 גרם,גרמים,250.00,100 גרם,false,,11.90,0.0476,true,1,14748
8076808150072,false,ספגטי מס' 7 ברילה 50,,,ספגטי מס' 7 ברילה 50,גרמים,500.00,100 גרם,false,,6.90,0.0138,true,1,434
8076809501415,false,ברילה פסטה פנה טריקו,,,ברילה פסטה פנה טריקו,גרמים,500.00,100 גרם,false,,11.90,0.0238,true,1,342054
8076809512268,false,פסטה גירנדולה מס' 34,,,פסטה גירנדולה מס' 34,גרמים,500.00,100 גרם,false,,6.90,0.0138,true,1,435
8076809513388,false,ברילה רוטב ארביאטה 4,,,ברילה רוטב ארביאטה 4,גרמים,400.00,100 גרם,false,,14.90,0.0373,true,1,14749
8076809513395,false,ברילה רוטב פורמודרו,,,ברילה רוטב פורמודרו,גרמים,400.00,100 גרם,false,,14.90,0.0373,true,1,14750
8076809513654,false,ברילה רוטב עגבניות ל,,,ברילה רוטב עגבניות ל,גרמים,400.00,100 גרם,false,,14.90,0.0373,true,1,14751
8076809513692,false,ברילה רוטב נפוליטנה,,,ברילה רוטב נפוליטנה,גרמים,400.00,100 גרם,false,,14.90,0.0373,true,1,14752
8076809513739,false,ברילה רוטב בזיליקום,,,ברילה רוטב בזיליקום,גרמים,400.00,100 גרם,false,,14.90,0.0373,true,1,14754
8076809514774,false,ברילה פפרדלה ביצים 2,,,ברילה פפרדלה ביצים 2,גרמים,250.00,100 גרם,false,,17.90,0.0716,true,1,76574
8076809515399,false,ברילה אמיליאנה טליאט,,,ברילה אמיליאנה טליאט,גרמים,500.00,100 גרם,false,,17.90,0.0358,true,1,336586
8076809523738,false,לזניה ברילה 500 גרם,,,לזניה ברילה 500 גרם,גרמים,500.00,100 גרם,false,,20.90,0.0418,true,1,395
8076809529419,false,ספגטי מחיטה מלאה ברי,,,ספגטי מחיטה מלאה ברי,גרמים,500.00,100 גרם,false,,14.90,0.0298,true,1,14756
8076809529433,false,פנה רגטה מחיטה מלאה,,,פנה רגטה מחיטה מלאה,גרמים,500.00,100 גרם,false,,14.90,0.0298,true,1,14757
8076809545440,false,ברילה אטריות ללא גלו,,,ברילה אטריות ללא גלו,גרמים,400.00,100 גרם,false,,14.90,0.0373,true,1,14758
8076809545457,false,ברילה צינורות עבה קמ,,,ברילה צינורות עבה קמ,גרמים,400.00,100 גרם,false,,14.90,0.0373,true,1,14759
8076809545464,false,ברילה ספירלי עב קמח,,,ברילה ספירלי עב קמח,גרמים,400.00,100 גרם,false,,14.90,0.0373,true,1,14760
8076809576352,false,לזניה ללא גלוטן בריל,,,לזניה ללא גלוטן בריל,גרמים,500.00,100 גרם,false,,22.90,0.0458,true,1,71909
8076809578998,false,פסטה סטלינה מס'  27,,,פסטה סטלינה מס'  27,גרמים,500.00,100 גרם,false,,6.90,0.0138,true,1,79916
8121300208780,false,תחליף סוכר לכל מטרה,,,תחליף סוכר לכל מטרה,גרמים,360.00,100 גרם,false,,34.90,0.0969,true,1,438361
8121300209466,false,תחליף סוכר חום טרובי,,,תחליף סוכר חום טרובי,גרמים,320.00,100 גרם,false,,34.90,0.1091,true,1,438362
8410076600622,false,חטיף קראנצי שבבי שוק,,,חטיף קראנצי שבבי שוק,גרמים,210.00,100 גרם,false,,19.50,0.0929,true,1,10188
8410104039134,false,פיניש מנקה ומחדש מדי,,,פיניש מנקה ומחדש מדי,מיליליטרים,250.00,"100 מ""ל",false,,14.90,0.0596,true,1,14371
8410104044916,false,אבקה למדיח כלים פיני,,,אבקה למדיח כלים פיני,אלף,2.70,"ק""ג",false,,44.90,16.6296,true,1,14372
8410104045111,false,"פיניש מלח למדיח 2 ק""",,,"פיניש מלח למדיח 2 ק""",אלף,2.00,"ק""ג",false,,14.90,7.4500,true,1,14373
8410104437268,false,פיניש מפיג ריחות ציט,,,פיניש מפיג ריחות ציט,אין,0.00,יחידה,false,,14.90,0.0000,true,1,14375
8410128768355,false,ויוה סוי סויה 1 ליטר,,,ויוה סוי סויה 1 ליטר,ארגז,1.00,ליטר,false,,10.90,10.9000,true,1,24977
8410128783587,false,ויוה סוי שיבולת שועל,,,ויוה סוי שיבולת שועל,ארגז,1.00,ליטר,false,,10.90,10.9000,true,1,413120
8410182420114,false,בצלצלי פנינה בחומץ ד,,,בצלצלי פנינה בחומץ ד,גרמים,370.00,100 גרם,false,,11.90,0.0322,true,1,336925
8410376011203,false,עוגיות מיני רולינו ג,,,עוגיות מיני רולינו ג,גרמים,100.00,100 גרם,false,,5.90,0.0590,true,1,354841
8410376047509,false,טוסטדה ללא תוספת סוכ,,,טוסטדה ללא תוספת סוכ,גרמים,400.00,100 גרם,false,,14.90,0.0373,true,1,371343
8410628460612,false,טונה ספרדית בשמן זית,,,טונה ספרדית בשמן זית,גרמים,190.00,100 גרם,false,,27.90,0.1468,true,1,16342
8410655001147,false,סן מיגל בירה 4.5% כה,,,סן מיגל בירה 4.5% כה,מיליליטרים,500.00,"100 מ""ל",false,,8.90,0.0178,true,1,442456
8413664611611,false,ARGENTE  חטיף תפוח א,,,ARGENTE  חטיף תפוח א,גרמים,180.00,100 גרם,false,,16.90,0.0939,true,1,411767
8413664611956,false,ARGENTE  חטיף תפוח א,,,ARGENTE  חטיף תפוח א,גרמים,160.00,100 גרם,false,,16.90,0.1056,true,1,412000
8413664811905,false,ARGENTE  חטיף תפוח א,,,ARGENTE  חטיף תפוח א,גרמים,150.00,100 גרם,false,,16.90,0.1127,true,1,411769
8423207206495,false,סלים דליס חטיף דגנים,,,סלים דליס חטיף דגנים,גרמים,120.00,100 גרם,false,,10.90,0.0908,true,1,14763
8423207206501,false,סלים דליס חטיף דגנים,,,סלים דליס חטיף דגנים,גרמים,120.00,100 גרם,false,,10.90,0.0908,true,1,14764
8423207208703,false,סלים דליס אקסטרא חטי,,,סלים דליס אקסטרא חטי,גרמים,120.00,100 גרם,false,,10.90,0.0908,true,1,14769
8423207209748,false,סלים דליס חטיף דגנים,,,סלים דליס חטיף דגנים,גרמים,120.00,100 גרם,false,,10.90,0.0908,true,1,14770
8423207210287,false,סלים דליס חטיף דגנים,,,סלים דליס חטיף דגנים,גרמים,120.00,100 גרם,false,,10.90,0.0908,true,1,14772
8423207210928,false,סלים דליס טופינג בטע,,,סלים דליס טופינג בטע,גרמים,90.00,100 גרם,false,,10.90,0.1211,true,1,14773
8423207210942,false,סלים דליס טופינג פיר,,,סלים דליס טופינג פיר,גרמים,90.00,100 גרם,false,,10.90,0.1211,true,1,14774
8423207210966,false,סלים דליס טופינג קוק,,,סלים דליס טופינג קוק,גרמים,90.00,100 גרם,false,,10.90,0.1211,true,1,14775
8423207210980,false,סלים דליס טופינג קלי,,,סלים דליס טופינג קלי,גרמים,90.00,100 גרם,false,,10.90,0.1211,true,1,14776
8424842050085,false,חטיף צ'יפס דבש וחרדל,,,חטיף צ'יפס דבש וחרדל,גרמים,125.00,100 גרם,false,,12.90,0.1032,true,1,239652
8435495805168,false,אבקת כביסה תינוקלין,,,אבקת כביסה תינוקלין,אלף,1.25,"ק""ג",false,,21.90,17.5200,true,1,26036
8436575292205,false,מאגדת חמשושים אננס מ,,,מאגדת חמשושים אננס מ,גרמים,180.00,100 גרם,false,,19.90,0.1106,true,1,11904
8606109023609,false,מיץ פרוויטה תפוחי עץ,,,מיץ פרוויטה תפוחי עץ,מיליליטרים,750.00,"100 מ""ל",false,,11.30,0.0151,true,1,83177
8681863065287,false,מלח הימלאיה 350 גרם,,,מלח הימלאיה 350 גרם,גרמים,350.00,100 גרם,false,,24.90,0.0711,true,1,394563
8682655100513,false,מארז 3 קופסאות פלסטי,,,מארז 3 קופסאות פלסטי,אין,0.00,יחידה,false,,19.90,0.0000,true,1,153862
8683130008355,false,מיונז עם שום הלמנס 4,,,מיונז עם שום הלמנס 4,גרמים,400.00,100 גרם,false,,13.90,0.0348,true,1,444956
8683130008935,false,ממרח קטשיונז הלמנס 4,,,ממרח קטשיונז הלמנס 4,גרמים,425.00,100 גרם,false,,13.90,0.0327,true,1,444957
8683323063024,false,יוגטה חיספוסים שטיחי,,,יוגטה חיספוסים שטיחי,גרמים,220.00,100 גרם,false,,6.90,0.0314,true,1,26044
8690120060170,false,וופלים אגוזים רויאל,,,וופלים אגוזים רויאל,גרמים,35.00,100 גרם,false,,1.90,0.0543,true,1,126617
8690120060408,false,וופלים אגוזי לוז רוי,,,וופלים אגוזי לוז רוי,גרמים,35.00,100 גרם,false,,1.90,0.0543,true,1,126603
8690120129006,false,וופלים מריר רויאל קנ,,,וופלים מריר רויאל קנ,גרמים,35.00,100 גרם,false,,1.90,0.0543,true,1,126618
8690120160177,false,מארז וופלים רויאל קנ,,,מארז וופלים רויאל קנ,גרמים,840.00,100 גרם,false,,28.90,0.0344,true,1,117518
8690504153740,false,טבלת שוקולד מריר עם,,,טבלת שוקולד מריר עם,גרמים,86.00,100 גרם,false,,13.90,0.1616,true,1,16180
8690526009278,false,חטיף קרמל מצופה שוקו,,,חטיף קרמל מצופה שוקו,אין,0.00,יחידה,false,,9.90,0.0000,true,1,864
8690526009308,false,חטיף קוקוס מצופה שוק,,,חטיף קוקוס מצופה שוק,אין,0.00,יחידה,false,,9.90,0.0000,true,1,865
8690526009353,false,מיני חטיף בוטנים נוג,,,מיני חטיף בוטנים נוג,גרמים,140.00,100 גרם,false,,9.90,0.0707,true,1,694
8690531032377,false,פלפל שיפקונית במי מל,,,פלפל שיפקונית במי מל,גרמים,340.00,100 גרם,false,,10.00,0.0294,true,1,11818
8690637073434,false,תה ליפטון ארל גריי 1,,,תה ליפטון ארל גריי 1,גרמים,200.00,100 גרם,false,,24.90,0.1245,true,1,9322
8690637503856,false,ממרח הלמנ'ס בקבוק לח,,,ממרח הלמנ'ס בקבוק לח,גרמים,355.00,100 גרם,false,,13.90,0.0392,true,1,444958
8690637505607,false,מרכך כביסה אקסטרה כח,,,מרכך כביסה אקסטרה כח,מיליליטרים,960.00,"100 מ""ל",false,,15.90,0.0166,true,1,110354
8690637505614,false,מרכך כביסה מרוכז בדי,,,מרכך כביסה מרוכז בדי,מיליליטרים,960.00,"100 מ""ל",false,,15.90,0.0166,true,1,110368
8690637555084,false,בדין אקסטרה לבן 960,,,בדין אקסטרה לבן 960,מיליליטרים,960.00,"100 מ""ל",false,,15.90,0.0166,true,1,9323
8690637704277,false,שמפו יום יומי 2ב1 דא,,,שמפו יום יומי 2ב1 דא,מיליליטרים,600.00,"100 מ""ל",false,,16.90,0.0282,true,1,9330
8690637704376,false,שמפו יום יומי דאב 60,,,שמפו יום יומי דאב 60,מיליליטרים,600.00,"100 מ""ל",false,,16.90,0.0282,true,1,9332
8690637704390,false,מרכך יום יומי דאב 60,,,מרכך יום יומי דאב 60,מיליליטרים,600.00,"100 מ""ל",false,,16.90,0.0282,true,1,9333
8690637842399,false,מיני מגנום דאבל  פרי,,,מיני מגנום דאבל  פרי,גרמים,329.00,100 גרם,false,,27.90,0.0848,true,1,6018
8690637858734,false,סיף ג'ל אקונומיקה לי,,,סיף ג'ל אקונומיקה לי,מיליליטרים,750.00,"100 מ""ל",false,,9.90,0.0132,true,1,9340
8690637858758,false,סיף ג'ל אקונומיקה או,,,סיף ג'ל אקונומיקה או,מיליליטרים,750.00,"100 מ""ל",false,,9.90,0.0132,true,1,9341
8690637890666,false,מיני מגנום דאבל פיסט,,,מיני מגנום דאבל פיסט,גרמים,282.00,100 גרם,false,,27.90,0.0989,true,1,6020
8690637946301,false,בדין אקסטרה בייבי  כ,,,בדין אקסטרה בייבי  כ,מיליליטרים,960.00,"100 מ""ל",false,,15.90,0.0166,true,1,9354
8690637971310,false,בדין אקסטרא פריחת הת,,,בדין אקסטרא פריחת הת,מיליליטרים,960.00,"100 מ""ל",false,,15.90,0.0166,true,1,34524
8690637976995,false,בדין אקסטרא ורוד- 96,,,בדין אקסטרא ורוד- 96,מיליליטרים,960.00,"100 מ""ל",false,,15.90,0.0166,true,1,34508
8690637994029,false,בדין אקסטרא מכך כביס,,,בדין אקסטרא מכך כביס,ארגז,1.44,ליטר,false,,19.90,13.8194,true,1,51123
8690637994036,false,בדין אקסטרא מרכך כבי,,,בדין אקסטרא מרכך כבי,ארגז,1.44,ליטר,false,,19.90,13.8194,true,1,51124
8690766156367,false,גודייבה שוקולד חלב מ,,,גודייבה שוקולד חלב מ,גרמים,90.00,100 גרם,false,,15.90,0.1767,true,1,1415
8690766156374,false,גודייבה שוקולד מריר,,,גודייבה שוקולד מריר,גרמים,90.00,100 גרם,false,,15.90,0.1767,true,1,1416
8690766156404,false,גודייבה שוקולד מריר,,,גודייבה שוקולד מריר,גרמים,90.00,100 גרם,false,,15.90,0.1767,true,1,1419
8690777204071,false,פלפל חריף סרה 640 גר,,,פלפל חריף סרה 640 גר,גרמים,640.00,100 גרם,false,,10.90,0.0170,true,1,5541
8690777221405,false,פלפל אדום קלוי על הא,,,פלפל אדום קלוי על הא,גרמים,650.00,100 גרם,false,,10.90,0.0168,true,1,5543
8690946270074,false,פסטה ספגטי 500 גרם B,,,פסטה ספגטי 500 גרם B,גרמים,500.00,100 גרם,false,,3.90,0.0078,true,1,451060
8690946270241,false,פסטה קונכיות גדולות,,,פסטה קונכיות גדולות,גרמים,500.00,100 גרם,false,,3.90,0.0078,true,1,451062
8690946272207,false,פסטה פנה 500 גרם BAH,,,פסטה פנה 500 גרם BAH,גרמים,500.00,100 גרם,false,,3.90,0.0078,true,1,451063
8690946272320,false,פסטה מקרוני 500 גרם,,,פסטה מקרוני 500 גרם,גרמים,500.00,100 גרם,false,,3.90,0.0078,true,1,451064
8691058141238,false,AVEL ערמונים שלמים ק,,,AVEL ערמונים שלמים ק,גרמים,100.00,100 גרם,false,,4.90,0.0490,true,1,29927
8691900174032,false,תחבושות קוטקס נורמל,,,תחבושות קוטקס נורמל,100 יח',24.00,100 יח',false,,16.90,0.7042,true,1,400217
8691900174056,false,תחבושות קוטקס לילה,,,תחבושות קוטקס לילה,100 יח',16.00,100 יח',false,,16.90,1.0562,true,1,400203
8692952157165,false,"VEGA-מאג 300 מ""ל",,,"VEGA-מאג 300 מ""ל",אין,0.00,יחידה,false,,5.90,0.0000,true,1,142673
8693323099107,false,יוגטה מרשמלו לבבות 1,,,יוגטה מרשמלו לבבות 1,גרמים,150.00,100 גרם,false,,6.80,0.0453,true,1,26050
8693495052177,false,פלמוליב נטורלס תחליב,,,פלמוליב נטורלס תחליב,מיליליטרים,750.00,"100 מ""ל",false,,19.90,0.0265,true,1,116108
8697409841741,false,מגב שיש 20.5 CM,,,מגב שיש 20.5 CM,אין,0.00,יחידה,false,,6.90,0.0000,true,1,165668
8697418280333,false,שערות קדאיף מיובשות,,,שערות קדאיף מיובשות,גרמים,500.00,100 גרם,false,,19.90,0.0398,true,1,336709
8697530910781,false,פאל מאל רד,,,פאל מאל רד,אין,0.00,יחידה,false,,29.00,0.0000,false,1,5881
8697826469092,false,טורטיה  540 גרם tort,,,טורטיה  540 גרם tort,גרמים,540.00,100 גרם,false,,8.90,0.0165,true,1,6220
8697853095110,false,סט 3 קופסאות אחסון מ,,,סט 3 קופסאות אחסון מ,אין,0.00,יחידה,false,,24.00,0.0000,true,1,234514
8698996000207,false,מגבות נייר 1/6,,,מגבות נייר 1/6,מטרים,0.00,מטר,false,,10.90,0.0000,true,1,453788
8710428016348,false,משקה להשלמה תזונתית,,,משקה להשלמה תזונתית,גרמים,400.00,100 גרם,false,,39.90,0.0997,true,1,252952
8710502060021,false,מרבה פטיסרי - עוגיות,,,מרבה פטיסרי - עוגיות,גרמים,210.00,100 גרם,false,,10.90,0.0519,true,1,422532
8710502064814,false,מרבה עוגיות שוקוציפס,,,מרבה עוגיות שוקוציפס,גרמים,175.00,100 גרם,false,,7.90,0.0451,true,1,1247
8710502100864,false,מרבה פטיסרי דאבל שוק,,,מרבה פטיסרי דאבל שוק,גרמים,200.00,100 גרם,false,,10.90,0.0545,true,1,422533
8710502139017,false,מרבה עוגיות טריפל שו,,,מרבה עוגיות טריפל שו,גרמים,180.00,100 גרם,false,,7.90,0.0439,true,1,1248
8710502231018,false,מרבה עוגיות שוקולד צ,,,מרבה עוגיות שוקולד צ,גרמים,175.00,100 גרם,false,,8.90,0.0509,true,1,48313
8710502260032,false,מרבה עוגיות שוקולד צ,,,מרבה עוגיות שוקולד צ,גרמים,150.00,100 גרם,false,,5.90,0.0393,true,1,402882
8710502279010,false,מרבה עוגיות שוקולד צ,,,מרבה עוגיות שוקולד צ,גרמים,175.00,100 גרם,false,,7.90,0.0451,true,1,53220
8710502470028,false,מרבה עוגיות נוגטלי 1,,,מרבה עוגיות נוגטלי 1,גרמים,160.00,100 גרם,false,,7.90,0.0494,true,1,1249
8710800027573,false,מיני מנטוס שקית,,,מיני מנטוס שקית,גרמים,178.00,100 גרם,false,,12.30,0.0691,true,1,10201
8710908326691,false,תחליב רחצה אדמונית ד,,,תחליב רחצה אדמונית ד,מיליליטרים,750.00,"100 מ""ל",false,,15.90,0.0212,true,1,9373
8711000362570,false,לור קפסולות קפה אספר,,,לור קפסולות קפה אספר,גרמים,52.00,100 גרם,false,,15.90,0.3058,true,1,6313
8711000362679,false,לור קפסולות קפה אספר,,,לור קפסולות קפה אספר,גרמים,52.00,100 גרם,false,,15.90,0.3058,true,1,6316
8711000362747,false,לור קפסולות קפה אספר,,,לור קפסולות קפה אספר,גרמים,52.00,100 גרם,false,,15.90,0.3058,true,1,6318
8711000371176,false,ג'ייקובס קפסולות קפה,,,ג'ייקובס קפסולות קפה,גרמים,52.00,100 גרם,false,,12.90,0.2481,true,1,6319
8711000371206,false,ג'ייקובס קפסולות קפה,,,ג'ייקובס קפסולות קפה,גרמים,52.00,100 גרם,false,,12.90,0.2481,true,1,6321
8711000371244,false,ג'ייקובס קפסולות קפה,,,ג'ייקובס קפסולות קפה,גרמים,52.00,100 גרם,false,,12.90,0.2481,true,1,6322
8711327475717,false,גלידת שמנת בטעם וניל,,,גלידת שמנת בטעם וניל,גרמים,260.00,100 גרם,false,,21.90,0.0842,true,1,78452
8711700665834,false,סבון מוצק מלפפונים ד,,,סבון מוצק מלפפונים ד,גרמים,600.00,100 גרם,false,,16.90,0.0282,true,1,9384
8712100441639,false,חומץ בלסמי ממודנה 50,,,חומץ בלסמי ממודנה 50,מיליליטרים,500.00,"100 מ""ל",false,,44.90,0.0898,true,1,419722
8712400802512,false,נוטרילון שלב 2- 800,,,נוטרילון שלב 2- 800,גרמים,800.00,100 גרם,false,,64.90,0.0811,true,1,6336
8712400802536,false,נוטרילון שלב 3- 800,,,נוטרילון שלב 3- 800,גרמים,800.00,100 גרם,false,,64.90,0.0811,true,1,6337
8712561594608,false,תחליב רחצה להזנה עמו,,,תחליב רחצה להזנה עמו,מיליליטרים,750.00,"100 מ""ל",false,,15.90,0.0212,true,1,9388
8712561611183,false,דאב תחליב רחצה תה יר,,,דאב תחליב רחצה תה יר,מיליליטרים,500.00,"100 מ""ל",false,,17.90,0.0358,true,1,9389
8712561611411,false,תחליב רחצה תה ירוק ו,,,תחליב רחצה תה ירוק ו,מיליליטרים,750.00,"100 מ""ל",false,,15.90,0.0212,true,1,9390
8712561626286,false,תחליב רחצה זוהר כמשי,,,תחליב רחצה זוהר כמשי,מיליליטרים,750.00,"100 מ""ל",false,,15.90,0.0212,true,1,9392
8712561631570,false,תחליב רחצה חלב קוקוס,,,תחליב רחצה חלב קוקוס,מיליליטרים,750.00,"100 מ""ל",false,,15.90,0.0212,true,1,9393
8712561646024,false,תחליב רחצה קרם פיסטו,,,תחליב רחצה קרם פיסטו,מיליליטרים,750.00,"100 מ""ל",false,,15.90,0.0212,true,1,255492
8714599512159,false,קפה ג'ייקובס 190 גרם,,,קפה ג'ייקובס 190 גרם,גרמים,190.00,100 גרם,false,,22.90,0.1205,true,1,32184
8714599513781,false,קפה ג'יקובס גולד 200,,,קפה ג'יקובס גולד 200,גרמים,200.00,100 גרם,false,,26.90,0.1345,true,1,6330
8714599513835,false,קפה ג`יקובס נטול קופ,,,קפה ג`יקובס נטול קופ,גרמים,200.00,100 גרם,false,,33.90,0.1695,true,1,6331
8714599513866,false,קפה ג'יקובס קרונונג,,,קפה ג'יקובס קרונונג,גרמים,200.00,100 גרם,false,,26.90,0.1345,true,1,6332
8714789177229,false,מב.שיניים אקסטרא קלי,,,מב.שיניים אקסטרא קלי,אין,0.00,יחידה,false,,9.90,0.0000,true,1,14785
8714789303925,false,זוג מברשת שיניים 360,,,זוג מברשת שיניים 360,אין,0.00,יחידה,false,,24.90,0.0000,true,1,14789
8714789402918,false,חגיגת הפרחים אדום אג,,,חגיגת הפרחים אדום אג,ארגז,1.50,ליטר,false,,19.90,13.2667,true,1,14790
8714789402932,false,אג'קס חגיגת הפרחים ו,,,אג'קס חגיגת הפרחים ו,ארגז,1.50,ליטר,false,,19.90,13.2667,true,1,14791
8714789402970,false,אג'קס חגיגת הפרחים י,,,אג'קס חגיגת הפרחים י,ארגז,1.50,ליטר,false,,19.90,13.2667,true,1,14792
8714789450315,false,פלמוליב שקוף לימון 1,,,פלמוליב שקוף לימון 1,ארגז,1.50,ליטר,false,,15.90,10.6000,true,1,14793
8714789582764,false,אגקס חלונות 750מל,,,אגקס חלונות 750מל,מיליליטרים,750.00,"100 מ""ל",false,,14.90,0.0199,true,1,1495
8714789834467,false,פלמוליב נוזל כלים 1.,,,פלמוליב נוזל כלים 1.,ארגז,1.50,ליטר,false,,15.90,10.6000,true,1,14800
8714789930848,false,משחת שיניים אופטיק ו,,,משחת שיניים אופטיק ו,מיליליטרים,75.00,"100 מ""ל",false,,19.90,0.2653,true,1,14802
8715700110141,false,מיונז היינץ אמיתי צנ,,,מיונז היינץ אמיתי צנ,גרמים,460.00,100 גרם,false,,9.90,0.0215,true,1,1226
8715700110158,false,מיונז היינץ לייט צנצ,,,מיונז היינץ לייט צנצ,גרמים,490.00,100 גרם,false,,9.90,0.0202,true,1,1227
8715700419732,false,היינץ קטשופ 700 גרם,,,היינץ קטשופ 700 גרם,גרמים,700.00,100 גרם,false,,10.90,0.0156,true,1,6431
8715700423906,false,מתבל עגבניות היינץ 2,,,מתבל עגבניות היינץ 2,גרמים,555.00,100 גרם,false,,10.90,0.0196,true,1,6436
8718114734484,false,מיונז מיילי 320 גרם,,,מיונז מיילי 320 גרם,גרמים,320.00,100 גרם,false,,13.90,0.0434,true,1,12254
8718951001596,false,אגקס ספריי כחול אמבט,,,אגקס ספריי כחול אמבט,מיליליטרים,600.00,"100 מ""ל",false,,9.90,0.0165,true,1,14803
8718951030169,false,משחת קולגייט סנסטיב,,,משחת קולגייט סנסטיב,מיליליטרים,75.00,"100 מ""ל",false,,17.90,0.2387,true,1,14804
8718951093331,false,מברשת שיניים מרידול,,,מברשת שיניים מרידול,אין,0.00,יחידה,false,,35.90,0.0000,true,1,2418
8718951166288,false,קולגייט משחת שיניים,,,קולגייט משחת שיניים,מיליליטרים,125.00,"100 מ""ל",false,,17.90,0.1432,true,1,14818
8718951166561,false,קולגייט משחת שיניים,,,קולגייט משחת שיניים,מיליליטרים,125.00,"100 מ""ל",false,,17.90,0.1432,true,1,14819
8718951236790,false,משחת שיניים קלין מינ,,,משחת שיניים קלין מינ,מיליליטרים,100.00,"100 מ""ל",false,,16.90,0.1690,true,1,14831
8718951236806,false,מש.שיניים להלבנה קול,,,מש.שיניים להלבנה קול,מיליליטרים,100.00,"100 מ""ל",false,,16.90,0.1690,true,1,14832
8718951240742,false,מש.שיניים פסים מרעננ,,,מש.שיניים פסים מרעננ,גרמים,128.00,100 גרם,false,,16.90,0.1320,true,1,14834
8718951264618,false,קולגייט אופטיק וייט,,,קולגייט אופטיק וייט,מיליליטרים,75.00,"100 מ""ל",false,,29.90,0.3987,true,1,14837
8718951286733,false,קולגייט אופטיק וייט,,,קולגייט אופטיק וייט,מיליליטרים,75.00,"100 מ""ל",false,,29.90,0.3987,true,1,136506
8718951288492,false,מרידול משחת שיניים ב,,,מרידול משחת שיניים ב,מיליליטרים,150.00,"100 מ""ל",false,,30.90,0.2060,true,1,54203
8718951313927,false,סבון ידיים חימר טונו,,,סבון ידיים חימר טונו,מיליליטרים,300.00,"100 מ""ל",false,,9.90,0.0330,true,1,14842
8718951315303,false,משחת שיניים קולגייט,,,משחת שיניים קולגייט,מיליליטרים,200.00,"100 מ""ל",false,,19.90,0.0995,true,1,14843
8718951333048,false,סבון ידיים  פלמוליב,,,סבון ידיים  פלמוליב,מיליליטרים,300.00,"100 מ""ל",false,,9.90,0.0330,true,1,54216
8718951334151,false,סופלין מרכך כביסה מר,,,סופלין מרכך כביסה מר,מיליליטרים,650.00,"100 מ""ל",false,,11.90,0.0183,true,1,381541
8718951345119,false,אג'קס ניקוי כללי עוצ,,,אג'קס ניקוי כללי עוצ,ארגז,2.00,ליטר,false,,22.90,11.4500,true,1,41620
8718951381292,false,קולגייט משחת שיניים,,,קולגייט משחת שיניים,מיליליטרים,125.00,"100 מ""ל",false,,17.90,0.1432,true,1,40078
8718951382664,false,ג'ל רחצה חימר טונוס,,,ג'ל רחצה חימר טונוס,מיליליטרים,750.00,"100 מ""ל",false,,19.90,0.0265,true,1,14853
8718951382718,false,ג'ל רחצה חימר התחדשו,,,ג'ל רחצה חימר התחדשו,מיליליטרים,750.00,"100 מ""ל",false,,19.90,0.0265,true,1,14854
8718951385290,false,אג'קס ניקוי כללי עוצ,,,אג'קס ניקוי כללי עוצ,ארגז,2.00,ליטר,false,,22.90,11.4500,true,1,57115
8718951400474,false,תחליב רחצה קמליה ושק,,,תחליב רחצה קמליה ושק,מיליליטרים,750.00,"100 מ""ל",false,,19.90,0.0265,true,1,398185
8718951409798,false,קולגייט מברשת שיניים,,,קולגייט מברשת שיניים,אין,0.00,יחידה,false,,24.90,0.0000,true,1,83899
8718951428492,false,תחליב רחצה לגבר 4 ב-,,,תחליב רחצה לגבר 4 ב-,מיליליטרים,750.00,"100 מ""ל",false,,19.90,0.0265,true,1,252589
8718951431614,false,ג'ל רחצה פלמוליב So,,,ג'ל רחצה פלמוליב So,מיליליטרים,750.00,"100 מ""ל",false,,19.90,0.0265,true,1,136547
8718951443358,false,פלמוליב סבון ידיים ה,,,פלמוליב סבון ידיים ה,מיליליטרים,900.00,"100 מ""ל",false,,24.90,0.0277,true,1,84012
8718951466371,false,משחת שיניים מרידול 7,,,משחת שיניים מרידול 7,מיליליטרים,75.00,"100 מ""ל",false,,19.90,0.2653,true,1,420766
8718951470323,false,זוג מברשת שיניים סופ,,,זוג מברשת שיניים סופ,אין,0.00,יחידה,false,,36.90,0.0000,true,1,445328
8718951470538,false,משחת שיניים קולגייט,,,משחת שיניים קולגייט,מיליליטרים,250.00,"100 מ""ל",false,,29.90,0.1196,true,1,277008
8718951509627,false,קולגייט וואייט להסרת,,,קולגייט וואייט להסרת,אין,0.00,יחידה,false,,27.90,0.0000,true,1,337106
8719128117249,false,סירופ פפסי מקס סודה,,,סירופ פפסי מקס סודה,מיליליטרים,440.00,"100 מ""ל",false,,22.90,0.0520,true,1,76077
8719200997998,false,בלו בנד לבישול וטיגו,,,בלו בנד לבישול וטיגו,גרמים,200.00,100 גרם,false,,4.90,0.0245,true,1,6437
8719200998001,false,בלו בנד ללא מלח 200,,,בלו בנד ללא מלח 200,גרמים,200.00,100 גרם,false,,4.90,0.0245,true,1,6438
8719200998018,false,מחמאה מרגרינה בטעם ח,,,מחמאה מרגרינה בטעם ח,גרמים,200.00,100 גרם,false,,4.90,0.0245,true,1,6439
8719200998032,false,מזולה בטעם חמאה 250,,,מזולה בטעם חמאה 250,גרמים,250.00,100 גרם,false,,9.20,0.0368,true,1,6441
8719200998094,false,מזולה מרגרינה לאפייה,,,מזולה מרגרינה לאפייה,גרמים,200.00,100 גרם,false,,6.90,0.0345,true,1,6445
8719200998100,false,מזולה מרגרינה לאפייה,,,מזולה מרגרינה לאפייה,גרמים,200.00,100 גרם,false,,6.90,0.0345,true,1,6446
8720181201332,false,סבון מוצק גרגירים דא,,,סבון מוצק גרגירים דא,גרמים,400.00,100 גרם,false,,11.90,0.0298,true,1,399920
8720182253156,false,סבון מוצק  מלפפון ות,,,סבון מוצק  מלפפון ות,גרמים,400.00,100 גרם,false,,11.90,0.0298,true,1,399934
8720182256850,false,סבון מוצק לבן דאב 4*,,,סבון מוצק לבן דאב 4*,גרמים,400.00,100 גרם,false,,11.90,0.0298,true,1,399935
8723400756552,false,RAINBOW רביעית סוכרי,,,RAINBOW רביעית סוכרי,גרמים,150.00,100 גרם,false,,10.90,0.0727,true,1,1235
8801055707966,false,נס קפה טייסטרס צ'ויס,,,נס קפה טייסטרס צ'ויס,גרמים,180.00,100 גרם,false,,29.90,0.1661,true,1,13577
8801055709427,false,נסקפה טייסטרס צ'ויס,,,נסקפה טייסטרס צ'ויס,גרמים,100.00,100 גרם,false,,23.90,0.2390,true,1,158453
8801055709434,false,נסקפה טייסטרס צ'ויס,,,נסקפה טייסטרס צ'ויס,גרמים,100.00,100 גרם,false,,23.90,0.2390,true,1,158454
8801055709458,false,נסקפה קפוצ'ינו קרמל,,,נסקפה קפוצ'ינו קרמל,גרמים,170.00,100 גרם,false,,18.90,0.1112,true,1,384961
8801055709465,false,נסקפה קפוצ'ינו וניל,,,נסקפה קפוצ'ינו וניל,גרמים,185.00,100 גרם,false,,18.90,0.1022,true,1,273461
8801055709472,false,נסקפה קפוצ'ינו קלאסי,,,נסקפה קפוצ'ינו קלאסי,גרמים,185.00,100 גרם,false,,18.90,0.1022,true,1,273462
8801055709489,false,נסקפה קפוצ'ינו אגוזי,,,נסקפה קפוצ'ינו אגוזי,גרמים,185.00,100 גרם,false,,18.90,0.1022,true,1,273463
8809168840471,false,חטיף אצות מיובשות 9,,,חטיף אצות מיובשות 9,גרמים,4.50,100 גרם,false,,24.90,5.5333,true,1,306414
8850180040028,false,קמח טמפורה להכנת בלי,,,קמח טמפורה להכנת בלי,גרמים,500.00,100 גרם,false,,10.90,0.0218,true,1,431021
8850206250592,false,רוטב צ'ילי סיראצ'ה מ,,,רוטב צ'ילי סיראצ'ה מ,גרמים,540.00,100 גרם,false,,19.90,0.0369,true,1,306386
8850206280049,false,רוטב צ'ילי חריף צ'יל,,,רוטב צ'ילי חריף צ'יל,גרמים,250.00,100 גרם,false,,16.90,0.0676,true,1,431654
8850367992164,false,קרם קוקוס ללא גלוטן,,,קרם קוקוס ללא גלוטן,גרמים,250.00,100 גרם,false,,7.90,0.0316,true,1,306235
8850389103128,false,סאפה משקה אלוורה תפו,,,סאפה משקה אלוורה תפו,מיליליטרים,300.00,"100 מ""ל",false,,6.40,0.0213,true,1,24981
8850389103159,false,ליצי' משקה עם חתיכות,,,ליצי' משקה עם חתיכות,מיליליטרים,320.00,"100 מ""ל",false,,6.90,0.0216,true,1,271812
8850389104637,false,סאפה משקה אלוורה אפר,,,סאפה משקה אלוורה אפר,מיליליטרים,300.00,"100 מ""ל",false,,6.40,0.0213,true,1,24983
8850389105825,false,סאפה משקה אלוורה ענב,,,סאפה משקה אלוורה ענב,ארגז,1.00,ליטר,false,,13.50,13.5000,true,1,24984
8850389105832,false,סאפה משקה אלוורה תפו,,,סאפה משקה אלוורה תפו,ארגז,1.00,ליטר,false,,13.50,13.5000,true,1,24985
8850389105849,false,סאפה משקה אלוורה אפר,,,סאפה משקה אלוורה אפר,ארגז,1.00,ליטר,false,,13.50,13.5000,true,1,24986
8850389115336,false,סאפה משקה מלון 1ל,,,סאפה משקה מלון 1ל,ארגז,1.00,ליטר,false,,13.50,13.5000,true,1,24992
8850632604259,false,יוגטה חיספוסים מקלות,,,יוגטה חיספוסים מקלות,גרמים,50.00,100 גרם,false,,3.90,0.0780,true,1,26052
8850632604372,false,יוגטה ממתק תות שדה ב,,,יוגטה ממתק תות שדה ב,גרמים,50.00,100 גרם,false,,3.90,0.0780,true,1,26054
8850632604402,false,יוגטה ממתק תות ענבים,,,יוגטה ממתק תות ענבים,גרמים,50.00,100 גרם,false,,3.90,0.0780,true,1,26055
8851613101378,false,משקה קוקוס ארוי-די,,,משקה קוקוס ארוי-די,מיליליטרים,250.00,"100 מ""ל",false,,9.90,0.0396,true,1,1338
8858271002870,false,רוטב פאד תאי MAXCHUP,,,רוטב פאד תאי MAXCHUP,מיליליטרים,250.00,"100 מ""ל",false,,9.90,0.0396,true,1,431625
8858271002887,false,רוטב טריאקי MAXCHUP,,,רוטב טריאקי MAXCHUP,מיליליטרים,250.00,"100 מ""ל",false,,10.90,0.0436,true,1,431522
8858271003075,false,רוטב סויה מתוק MAXCH,,,רוטב סויה מתוק MAXCH,מיליליטרים,700.00,"100 מ""ל",false,,16.90,0.0241,true,1,431581
8858271003938,false,רוטב קארי ירוק MAXCH,,,רוטב קארי ירוק MAXCH,מיליליטרים,250.00,"100 מ""ל",false,,9.90,0.0396,true,1,431714
8858271004034,false,רוטב צ'ילי חריף MAXC,,,רוטב צ'ילי חריף MAXC,מיליליטרים,700.00,"100 מ""ל",false,,15.90,0.0227,true,1,431669
8858271004126,false,רוטב חמוץ מתוק MAXCH,,,רוטב חמוץ מתוק MAXCH,מיליליטרים,700.00,"100 מ""ל",false,,14.90,0.0213,true,1,431449
8858271004300,false,רוטב טריאקי MAXCHUP,,,רוטב טריאקי MAXCHUP,מיליליטרים,700.00,"100 מ""ל",false,,10.90,0.0156,true,1,431551
8858271004799,false,רוטב צ'ילי מתוק מזרח,,,רוטב צ'ילי מתוק מזרח,מיליליטרים,700.00,"100 מ""ל",false,,12.90,0.0184,true,1,306345
8858271005451,false,רוטב סויה בהיר-פורמו,,,רוטב סויה בהיר-פורמו,מיליליטרים,700.00,"100 מ""ל",false,,9.90,0.0141,true,1,431610
8888021200256,false,AAאנרג'ייזר סוללות מ,,,AAאנרג'ייזר סוללות מ,אין,0.00,יחידה,false,,24.90,0.0000,true,1,6739
8888021200720,false,AAAאנרג'ייזר סוללות,,,AAAאנרג'ייזר סוללות,אין,0.00,יחידה,false,,24.90,0.0000,true,1,6740
8901314308436,false,מברשת שיניים שישייה,,,מברשת שיניים שישייה,אין,0.00,יחידה,false,,12.90,0.0000,true,1,285643
8901314525055,false,רביעיית מברשת שיניים,,,רביעיית מברשת שיניים,אין,0.00,יחידה,false,,14.90,0.0000,true,1,269177
8901314532022,false,רביעיית מברשת שיניים,,,רביעיית מברשת שיניים,אין,0.00,יחידה,false,,14.90,0.0000,true,1,262348
8901537024014,false,וילי פוד אורז בסמטי,,,וילי פוד אורז בסמטי,גרמים,1000.00,100 גרם,false,,12.90,0.0129,true,1,5550
8907931003600,false,טרה צ'יפס חטיף בטטה,,,טרה צ'יפס חטיף בטטה,גרמים,30.00,100 גרם,false,,4.90,0.1633,true,1,238014
8934868127130,false,נוזל כלים סאן בניחוח,,,נוזל כלים סאן בניחוח,מיליליטרים,750.00,"100 מ""ל",false,,9.90,0.0132,true,1,76051
8934878081811,false,דפים על בסיס קמח טפי,,,דפים על בסיס קמח טפי,גרמים,400.00,100 גרם,false,,11.90,0.0298,true,1,305022
8997206332016,false,סוכר קוקוס אורגני 45,,,סוכר קוקוס אורגני 45,גרמים,454.00,100 גרם,false,,19.90,0.0438,true,1,1965
9000101372878,false,פרסיל דיסקס לכביסה ל,,,פרסיל דיסקס לכביסה ל,יח',22.00,יח',false,,34.90,1.5864,true,1,92546
9000101380255,false,פרסיל דיסקס לכביסה ל,,,פרסיל דיסקס לכביסה ל,יח',22.00,יח',false,,34.90,1.5864,true,1,112892
9000101418163,false,ברף בניחוח מתחלף תפו,,,ברף בניחוח מתחלף תפו,גרמים,150.00,100 גרם,false,,19.90,0.1327,true,1,366269
9000101512526,false,פרסיל פאוור קאפס לכב,,,פרסיל פאוור קאפס לכב,יח',26.00,יח',false,,34.90,1.3423,true,1,365962
9000101515596,false,פרסיל פאוור קאפס קפס,,,פרסיל פאוור קאפס קפס,אין,0.00,יחידה,false,,58.90,0.0000,true,1,126033
9000101520965,false,ברף בניחוח מתחלף לוט,,,ברף בניחוח מתחלף לוט,גרמים,150.00,100 גרם,false,,19.90,0.1327,true,1,366270
9000101521436,false,כדוריות לאסלה Bref,,,כדוריות לאסלה Bref,גרמים,50.00,100 גרם,false,,9.90,0.1980,true,1,130581
9000101537550,false,פרסיל פאוור קאפס קפס,,,פרסיל פאוור קאפס קפס,אין,0.00,יחידה,false,,58.90,0.0000,true,1,352256
9000101537581,false,פרסיל פאוור קאפס קפס,,,פרסיל פאוור קאפס קפס,אין,0.00,יחידה,false,,58.90,0.0000,true,1,352257
9001616661099,false,"בקבוק תינוק 270 מ""ל",,,"בקבוק תינוק 270 מ""ל",אין,0.00,יחידה,false,,35.00,0.0000,true,1,4164
9001616702761,false,זוג מוצצים סיליקון 6,,,זוג מוצצים סיליקון 6,יח',2.00,יח',false,,38.70,19.3500,true,1,4178
9001616702969,false,"בקבוק תינוק 270 מ""ל",,,"בקבוק תינוק 270 מ""ל",אין,0.00,יחידה,false,,37.90,0.0000,true,1,4184
9001616702983,false,"בקבוק תינוק 330 מ""ל",,,"בקבוק תינוק 330 מ""ל",מיליליטרים,330.00,"100 מ""ל",false,,37.90,0.1148,true,1,33844
9002859037221,false,שוקולד מריר אספרסו 7,,,שוקולד מריר אספרסו 7,גרמים,100.00,100 גרם,false,,9.90,0.0990,true,1,415921
9002859050671,false,לבבות שוקולד ברשת 10,,,לבבות שוקולד ברשת 10,גרמים,100.00,100 גרם,false,,9.90,0.0990,true,1,416116
9002859050763,false,חיפושיות שוקולד ברשת,,,חיפושיות שוקולד ברשת,גרמים,100.00,100 גרם,false,,9.90,0.0990,true,1,416117
9002859053801,false,שוקולד סטיקס מריר מנ,,,שוקולד סטיקס מריר מנ,גרמים,75.00,100 גרם,false,,11.90,0.1587,true,1,416420
9002859053825,false,שוקולד סטיקס מריר קפ,,,שוקולד סטיקס מריר קפ,גרמים,75.00,100 גרם,false,,11.90,0.1587,true,1,416421
9002859053849,false,שוקולד סטיקס מריר תפ,,,שוקולד סטיקס מריר תפ,גרמים,75.00,100 גרם,false,,11.90,0.1587,true,1,416422
9002859058172,false,בננה ציפוי שוקולד מר,,,בננה ציפוי שוקולד מר,גרמים,300.00,100 גרם,false,,14.90,0.0497,true,1,416319
9002859075674,false,אפרוחי שוקולד ברשת 1,,,אפרוחי שוקולד ברשת 1,גרמים,100.00,100 גרם,false,,9.90,0.0990,true,1,416177
9002859077678,false,שוקולד לבן  100 גרם,,,שוקולד לבן  100 גרם,גרמים,100.00,100 גרם,false,,9.90,0.0990,true,1,415982
9002859110412,false,שוקולד לבן-קפה  100,,,שוקולד לבן-קפה  100,גרמים,100.00,100 גרם,false,,9.90,0.0990,true,1,415951
9002975393843,false,סוכריות גומי בטעמי פ,,,סוכריות גומי בטעמי פ,גרמים,70.00,100 גרם,false,,6.90,0.0986,true,1,74339
9005835313609,false,טבליות למדיח כלים 15,,,טבליות למדיח כלים 15,גרמים,350.00,100 גרם,false,,14.90,0.0426,true,1,269230
9008700128575,false,נקטר פסיפלורה 1 ליטר,,,נקטר פסיפלורה 1 ליטר,ארגז,1.00,ליטר,false,,11.20,11.2000,true,1,16351
9120025839896,false,חטיף מילקה מצונן 128,,,חטיף מילקה מצונן 128,גרמים,128.00,100 גרם,false,,14.90,0.1164,true,1,423541
9120097310583,false,חטיף שוקו בננה מיניו,,,חטיף שוקו בננה מיניו,גרמים,108.00,100 גרם,false,,14.90,0.1380,true,1,422934
9322969000039,false,פריכיות תירס עם 4 דג,,,פריכיות תירס עם 4 דג,גרמים,150.00,100 גרם,false,,11.90,0.0793,true,1,277281
9322969000046,false,פריכיות תירס אורגניו,,,פריכיות תירס אורגניו,גרמים,150.00,100 גרם,false,,11.90,0.0793,true,1,6746
9720188050109,false,טופוטי ממרח טופו בטע,,,טופוטי ממרח טופו בטע,גרמים,225.00,100 גרם,false,,18.90,0.0840,true,1,7207
9720188060108,false,טופוטי ממרח טופו בטע,,,טופוטי ממרח טופו בטע,גרמים,340.00,100 גרם,false,,18.90,0.0556,true,1,7208
9771565038319,false,ידיעות אחרונות יום א,,,ידיעות אחרונות יום א,אין,0.00,יחידה,false,,0.50,0.0000,true,1,8915
9771565038326,false,ידיעות אחרונות יום ב,,,ידיעות אחרונות יום ב,אין,0.00,יחידה,false,,0.50,0.0000,true,1,8916
9771565038333,false,ידיעות אחרונות יום ג,,,ידיעות אחרונות יום ג,אין,0.00,יחידה,false,,0.50,0.0000,true,1,8917
9771565038340,false,ידיעות אחרונות יום ד,,,ידיעות אחרונות יום ד,אין,0.00,יחידה,false,,0.50,0.0000,true,1,8918
9771565038357,false,ידיעות אחרונות יום ה,,,ידיעות אחרונות יום ה,אין,0.00,יחידה,false,,0.50,0.0000,true,1,8919
9771565051066,false,ידיעות אחרונות יום ו,,,ידיעות אחרונות יום ו,אין,0.00,יחידה,false,,12.00,0.0000,true,1,8931
