code,internal_code,name,manufacturer_name,manufacture_country,manufacturer_item_description,unit_qty,quantity,unit_of_measure,weighted,qty_in_package,price,unit_of_measure_price,allow_discount,status,item_id
12,true,עיתון  עליתון,שונים,,,יח,1,,false,1,3,3,false,1,
15,true,עיתון שופר,שופר השבועון לקהילה,,,יח,1,,false,1,1,1,false,1,
16,true,מציות בית-מאפה  גאלט,מאפית היפרכהן,,,יח,1,,false,1,14.90,14.90,false,1,
23,true,עיתון השבוע,דפוס עתיד,,,יח,1,,false,1,2,2,false,1,
24,true,עיתון נתיבות,נתיבות העיתון של העיר,,,יח,1,,false,1,3.50,3.50,false,1,
25,true,עיתון מגזין,ל.א אוחיון פרסום ותקשורת בעמ,,,יח,1,,false,1,3,3,false,1,
38,true,עיתון צהוב,י.מ.צ.א ביצוע פרויקטים,,,יח,1,,false,1,3.50,3.50,false,1,
48,true,תוי קניה 1,שונים,,,יח,1,,false,1,1,1,false,1,
50,true,מים קטן כללי,החברה המרכזית להפצת משקאות בע,,,יח,1,,false,1,4.90,4.90,false,1,
70,true,טרופית,שונים,,,יח,1,,false,1,1.10,1.10,false,1,
100,true,תו קניה וועד עובדים עיריה,שונים,,,יח,1,,false,1,530,530,false,1,
118,true,לחמניה  ארוכה,בית מאפה ח. כהן חדש,,,יח,1,,false,1,1.90,1.90,true,1,
119,true,חצי בגט,בית מאפה ח. כהן חדש,,,יח,1,,false,1,2.90,2.90,true,1,
120,true,לחמניה קלועה שמניה /מיני חלה,בית מאפה ח. כהן חדש,,,יח,1,,false,1,2.50,2.50,true,1,
121,true,חלה  4 צמות,בית מאפה ח. כהן חדש,,,יח,1,,false,1,9.90,9.90,true,1,
122,true,לחמניה  ציפור//פרח,בית מאפה ח. כהן חדש,,,יח,1,,false,1,2.50,2.50,true,1,
129,true,לחם קווקזי,בית מאפה ח. כהן חדש,,,יח,1,,false,1,7.90,7.90,false,1,
143,true,חלה שושנה,בית מאפה ח. כהן חדש,,,יח,1,,false,1,7.90,7.90,false,1,
147,true,בייגל שומשום,מאפית היפרכהן,,,יח,1,,false,1,4.20,4.20,false,1,
148,true,מארז 5 פיתות,גיא שיווק טוב,,,יח,5,למארז,false,1,8,1.60,false,1,
149,true,לחמניה כפרית,ג`נרל מילס ישראל בעמ,,,יח,1,,false,1,2.50,2.50,false,1,
158,true,חלה 2 צמות.,בית מאפה ח. כהן חדש,,,יח,1,,false,1,6.50,6.50,true,1,
159,true,חלה מתוקה,בית מאפה ח. כהן חדש,,,יח,1,,false,1,11.90,11.90,false,1,
161,true,לחמניה המבורגר,ג`נרל מילס ישראל בעמ,,,יח,1,,false,1,3.30,3.30,true,1,
165,true,לחמניה מתוקה קלועה,בית מאפה ח. כהן חדש,,,יח,1,,false,1,2.70,2.70,true,1,
211,true,לחם מקל סבא,בית מאפה ח. כהן חדש,,,יח,1,,false,1,2.50,2.50,false,1,
221,true,לחמניה  טונסאי,בית מאפה ח. כהן חדש,,,יח,1,,false,1,2.50,2.50,true,1,
231,true,כבד עוף מוכן,יזמויות אור הנר,,,ל 100 גרם,10,ל 100 גרם,true,1,51.50,5.15,false,1,
232,true,טונה מזרחי פיקנטי,יזמויות אור הנר,,,ל 100 גרם,10,ל 100 גרם,true,1,82.50,8.25,false,1,
237,true,סיגרים פסטלים,יזמויות אור הנר,,,ל 100 גרם,10,ל 100 גרם,true,1,49,4.90,false,1,
240,true,כרעיים  מבושל(קייטרינג),יזמויות אור הנר,,,ל 100 גרם,10,ל 100 גרם,true,1,51.50,5.15,false,1,
241,true,קציצות דג פיקנטיות,יזמויות אור הנר,,,ל 100 גרם,10,ל 100 גרם,true,1,71.50,7.15,false,1,
242,true,שניצל מטוגן(קייטרינג),יזמויות אור הנר,,,ל 100 גרם,10,ל 100 גרם,true,1,62,6.20,false,1,
245,true,פרגיות אפויות-סטייק  פרגית,יזמויות אור הנר,,,ל 100 גרם,10,ל 100 גרם,true,1,93,9.30,false,1,
250,true,סופגניה,ג`נרל מילס ישראל בעמ,,,יח,1,,false,1,3.90,3.90,false,1,
252,true,רוסטביף/אסאדו,יזמויות אור הנר,,,ל 100 גרם,10,ל 100 גרם,true,1,107.80,10.78,false,1,
254,true,צלי  בקר,יזמויות אור הנר,,,ל 100 גרם,10,ל 100 גרם,true,1,107.80,10.78,false,1,
255,true,קציצות בקר מזרחי,יזמויות אור הנר,,,ל 100 גרם,10,ל 100 גרם,true,1,71.50,7.15,false,1,
256,true,חזה עוף פיקנטי,יזמויות אור הנר,,,ל 100 גרם,10,ל 100 גרם,true,1,62,6.20,false,1,
259,true,פיתות 10 יח`,גיא שיווק טוב,,,יח,1,,false,1,15.90,15.90,false,1,
262,true,לחמניה שומשום,בית מאפה ח. כהן חדש,,,יח,1,,false,1,2.50,2.50,true,1,
271,true,פלפל/כרוב  ממולא,יזמויות אור הנר,,,ל 100 גרם,10,ל 100 גרם,true,1,64.90,6.49,false,1,
282,true,סופגניה ריבת חלב טעמים,מאפית היפרכהן,,,יח,1,,false,1,6,6,false,1,
466,true,בצל ירוק,"בכורי השדה צפון1994 ג.ד. בע""מ",,,יח,1,,false,1,5.90,5.90,false,1,
502,true,אננס שלם,"בכורי השדה צפון1994 ג.ד. בע""מ",,,"לק""ג",10,ל 100 גרם,true,1,39.90,3.99,false,1,
504,true,אפרסמון,"בכורי השדה צפון1994 ג.ד. בע""מ",,,"לק""ג",1,,true,1,13.90,13.90,false,1,
505,true,אבוקדו,"בכורי השדה צפון1994 ג.ד. בע""מ",,,"לק""ג",1,,true,1,9.90,9.90,false,1,
507,true,אפרסמון קרמבו,"בכורי השדה צפון1994 ג.ד. בע""מ",,,"לק""ג",1,,true,1,16.90,16.90,false,1,
508,true,אפרסק,"בכורי השדה צפון1994 ג.ד. בע""מ",,,"לק""ג",1,,true,1,12.90,12.90,false,1,
510,true,אגס אדום,"בכורי השדה צפון1994 ג.ד. בע""מ",,,"לק""ג",1,,true,1,16.90,16.90,false,1,
511,true,.אגס,"בכורי השדה צפון1994 ג.ד. בע""מ",,,"לק""ג",1,,true,1,16.90,16.90,false,1,
513,true,שום  ירוק{חתוך/שבור/קצר},"בכורי השדה צפון1994 ג.ד. בע""מ",,,"לק""ג",1,,true,1,19.90,19.90,false,1,
514,true,ראש שום טרי חתוך,"בכורי השדה צפון1994 ג.ד. בע""מ",,,"לק""ג",1,,true,1,24.90,24.90,false,1,
517,true,תפוזים ברשת{ארוז בלבד},"בכורי השדה צפון1994 ג.ד. בע""מ",,,"לק""ג",1,,true,1,7.90,7.90,false,1,
530,true,בננה,"בכורי השדה צפון1994 ג.ד. בע""מ",,,"לק""ג",1,,true,1,8.90,8.90,true,1,
531,true,אבטיח אישי,"בכורי השדה צפון1994 ג.ד. בע""מ",,,"לק""ג",1,,true,1,6.90,6.90,false,1,
533,true,גויאבה,"בכורי השדה צפון1994 ג.ד. בע""מ",,,"לק""ג",1,,true,1,12.90,12.90,false,1,
535,true,לימון,"בכורי השדה צפון1994 ג.ד. בע""מ",,,"לק""ג",1,,true,1,6.90,6.90,false,1,
540,true,מלון,"בכורי השדה צפון1994 ג.ד. בע""מ",,,"לק""ג",1,,true,1,6.90,6.90,false,1,
543,true,מנגו,"בכורי השדה צפון1994 ג.ד. בע""מ",,,"לק""ג",1,,true,1,19.90,19.90,false,1,
545,true,נקטרינה,"בכורי השדה צפון1994 ג.ד. בע""מ",,,"לק""ג",1,,true,1,12.90,12.90,false,1,
547,true,מלון בוכרי ירוק/צהוב,"בכורי השדה צפון1994 ג.ד. בע""מ",,,"לק""ג",1,,true,1,8.90,8.90,false,1,
553,true,ענב תפזורת ירוק,"בכורי השדה צפון1994 ג.ד. בע""מ",,,"לק""ג",10,"ל100 מ""ל",true,1,29.90,2.99,false,1,
554,true,ענב אדום רד  גלוב/  מיקס,"בכורי השדה צפון1994 ג.ד. בע""מ",,,"לק""ג",10,ל 100 גרם,true,1,22.90,2.29,false,1,
560,true,קלמנטינה,"בכורי השדה צפון1994 ג.ד. בע""מ",,,"לק""ג",1,,true,1,6.90,6.90,true,1,
563,true,קיווי,"בכורי השדה צפון1994 ג.ד. בע""מ",,,"לק""ג",1,,true,1,19.90,19.90,false,1,
564,true,רימון,"בכורי השדה צפון1994 ג.ד. בע""מ",,,"לק""ג",1,,true,1,6.90,6.90,false,1,
568,true,שזיף אדום,"בכורי השדה צפון1994 ג.ד. בע""מ",,,"לק""ג",1,,true,1,15.90,15.90,false,1,
573,true,שזיף שגיב/מיטלי,"בכורי השדה צפון1994 ג.ד. בע""מ",,,"לק""ג",1,,true,1,15.90,15.90,false,1,
575,true,תפוז,"בכורי השדה צפון1994 ג.ד. בע""מ",,,"לק""ג",1,,true,1,5.90,5.90,true,1,
579,true,נענע רגיל,"בכורי השדה צפון1994 ג.ד. בע""מ",,,יח,1,,false,1,3.90,3.90,true,1,
580,true,חבוש,"בכורי השדה צפון1994 ג.ד. בע""מ",,,"לק""ג",1,,true,1,12.90,12.90,false,1,
581,true,תפוח עץ אנה,"בכורי השדה צפון1994 ג.ד. בע""מ",,,"לק""ג",1,,true,1,10.90,10.90,false,1,
583,true,תפוח סמיט ירוק,"בכורי השדה צפון1994 ג.ד. בע""מ",,,"לק""ג",10,ל 100 גרם,true,1,10.90,1.09,false,1,
584,true,תפוח עץ גלה,"בכורי השדה צפון1994 ג.ד. בע""מ",,,"לק""ג",1,,true,1,10.90,10.90,false,1,
585,true,תפוח חרמון,"בכורי השדה צפון1994 ג.ד. בע""מ",,,"לק""ג",10,ל 100 גרם,true,1,10.90,1.09,false,1,
586,true,תפוח עץ אורלינס,"בכורי השדה צפון1994 ג.ד. בע""מ",,,"לק""ג",1,,true,1,10.90,10.90,false,1,
588,true,תפוח עץ יונתן ייבוא,"בכורי השדה צפון1994 ג.ד. בע""מ",,,"לק""ג",1,,true,1,9.90,9.90,false,1,
590,true,תפוח זהוב,"בכורי השדה צפון1994 ג.ד. בע""מ",,,"לק""ג",1,,true,1,10.90,10.90,false,1,
592,true,תפוח עץ פינק,"בכורי השדה צפון1994 ג.ד. בע""מ",,,"לק""ג",1,,true,1,14.90,14.90,false,1,
603,true,דלורית,"בכורי השדה צפון1994 ג.ד. בע""מ",,,"לק""ג",1,,true,1,5.90,5.90,true,1,
605,true,בצל יבש,"בכורי השדה צפון1994 ג.ד. בע""מ",,,"לק""ג",1,"לק""ג",true,1,3.90,3.90,true,1,
606,true,בטטה קסביה,"בכורי השדה צפון1994 ג.ד. בע""מ",,,"לק""ג",1,,true,1,15.90,15.90,false,1,
608,true,בצל ירוק ארוז,"בכורי השדה צפון1994 ג.ד. בע""מ",,,יח,1,,false,1,5.90,5.90,false,1,
609,true,בצל סגול,"בכורי השדה צפון1994 ג.ד. בע""מ",,,"לק""ג",1,,true,1,5.90,5.90,true,1,
612,true,בטטה,"בכורי השדה צפון1994 ג.ד. בע""מ",,,"לק""ג",1,,true,1,8.90,8.90,false,1,
613,true,קישוא עגול/ירוק,"בכורי השדה צפון1994 ג.ד. בע""מ",,,"לק""ג",1,,true,1,8.90,8.90,false,1,
618,true,גזר ארוז,"בכורי השדה צפון1994 ג.ד. בע""מ",,,"לק""ג",1,,true,1,3.90,3.90,true,1,
621,true,דלעת /יפנית  / אקזוטי,*22138,,,"לק""ג",1,,true,1,12.90,12.90,false,1,
624,true,חסה עגולה,"בכורי השדה צפון1994 ג.ד. בע""מ",,,יח,1,,false,1,6.90,6.90,false,1,
625,true,חציל,"בכורי השדה צפון1994 ג.ד. בע""מ",,,"לק""ג",1,,true,1,6.90,6.90,true,1,
628,true,תירס ארוז,"בכורי השדה צפון1994 ג.ד. בע""מ",,,"לק""ג",10,ל 100 גרם,true,1,14.90,1.49,false,1,
630,true,כרוב  לבן,"בכורי השדה צפון1994 ג.ד. בע""מ",,,"לק""ג",1,,true,1,3.90,3.90,true,1,
631,true,פלפלונים צבעוני טינקרבל,"בכורי השדה צפון1994 ג.ד. בע""מ",,,יח,1,ל 100 גרם,false,1,18.90,18.90,false,1,
633,true,כרוב אדום.,"בכורי השדה צפון1994 ג.ד. בע""מ",,,"לק""ג",1,,true,1,8.90,8.90,true,1,
634,true,קישוא  קרעה(ברכות),"בכורי השדה צפון1994 ג.ד. בע""מ",,,"לק""ג",1,,true,1,16.90,16.90,false,1,
635,true,כרובית,"בכורי השדה צפון1994 ג.ד. בע""מ",,,יח,1,,false,1,8.90,8.90,false,1,
639,true,כוסברה,"בכורי השדה צפון1994 ג.ד. בע""מ",,,יח,1,,false,1,3.90,3.90,true,1,
645,true,מלפפון,"בכורי השדה צפון1994 ג.ד. בע""מ",,,"לק""ג",1,"לק""ג",true,1,5.90,5.90,true,1,
646,true,שורש  פטרוזיליה/סלרי ראש,"בכורי השדה צפון1994 ג.ד. בע""מ",,,יח,1,,false,1,5.90,5.90,false,1,
650,true,נענע,"בכורי השדה צפון1994 ג.ד. בע""מ",,,יח,1,,false,1,3.90,3.90,true,1,
655,true,סלרי,"בכורי השדה צפון1994 ג.ד. בע""מ",,,יח,1,,false,1,5.90,5.90,false,1,
659,true,סלק אדום,"בכורי השדה צפון1994 ג.ד. בע""מ",,,"לק""ג",1,,true,1,3.90,3.90,true,1,
660,true,עגבניה  תמר,"בכורי השדה צפון1994 ג.ד. בע""מ",,,"לק""ג",10,ל 100 גרם,true,1,4.90,0.49,false,1,
661,true,עגבניות שרי תפזורת,"בכורי השדה צפון1994 ג.ד. בע""מ",,,"לק""ג",10,ל 100 גרם,true,1,19.90,1.99,false,1,
662,true,עגבניה,"בכורי השדה צפון1994 ג.ד. בע""מ",,,"לק""ג",1,,true,1,5.90,5.90,true,1,
663,true,פלפל חריף ירוק,"בכורי השדה צפון1994 ג.ד. בע""מ",,,"לק""ג",10,ל 100 גרם,true,1,9.90,0.99,false,1,
664,true,פלפל חריף אדום,"בכורי השדה צפון1994 ג.ד. בע""מ",,,"לק""ג",1,,true,1,19.90,19.90,false,1,
665,true,גמבה ירוקה,"בכורי השדה צפון1994 ג.ד. בע""מ",,,"לק""ג",1,,true,1,9.90,9.90,false,1,
666,true,תפוח אדמה לבן/אדום/גזר תפזורת,"בכורי השדה צפון1994 ג.ד. בע""מ",,,"לק""ג",1,,true,1,5.90,5.90,false,1,
667,true,גמבה אדומה,"בכורי השדה צפון1994 ג.ד. בע""מ",,,"לק""ג",1,ל 100 גרם,true,1,9.90,9.90,true,1,
668,true,גמבה כתום,"בכורי השדה צפון1994 ג.ד. בע""מ",,,"לק""ג",1,,true,1,10.90,10.90,false,1,
669,true,גמבה בהירה,"בכורי השדה צפון1994 ג.ד. בע""מ",,,"לק""ג",1,,true,1,9.90,9.90,false,1,
670,true,פטרוזליה,"בכורי השדה צפון1994 ג.ד. בע""מ",,,יח,1,,false,1,3.90,3.90,true,1,
675,true,שמיר,"בכורי השדה צפון1994 ג.ד. בע""מ",,,יח,1,,false,1,3.90,3.90,true,1,
678,true,חסה מסולסלת ירוק/אדום,"בכורי השדה צפון1994 ג.ד. בע""מ",,,יח,1,,false,1,9.90,9.90,false,1,
684,true,פלפל שושקה,"בכורי השדה צפון1994 ג.ד. בע""מ",,,"לק""ג",1,,true,1,19.90,19.90,false,1,
685,true,קישוא,"בכורי השדה צפון1994 ג.ד. בע""מ",,,"לק""ג",1,,true,1,7.90,7.90,false,1,
687,true,קולורבי,"בכורי השדה צפון1994 ג.ד. בע""מ",,,"לק""ג",1,,true,1,9.90,9.90,true,1,
689,true,שום יבש,"בכורי השדה צפון1994 ג.ד. בע""מ",,,יח,1,,false,1,7.90,7.90,false,1,
690,true,שומר.,"בכורי השדה צפון1994 ג.ד. בע""מ",,,"לק""ג",1,,true,1,9.90,9.90,false,1,
691,true,גמבה צהובה,"בכורי השדה צפון1994 ג.ד. בע""מ",,,"לק""ג",1,,true,1,9.90,9.90,true,1,
696,true,"תפו""א לבן ארוז","בכורי השדה צפון1994 ג.ד. בע""מ",,,"לק""ג",1,,true,1,3.90,3.90,true,1,
697,true,"תפו""א  אדום ארוז","בכורי השדה צפון1994 ג.ד. בע""מ",,,"לק""ג",1,,true,1,4.90,4.90,false,1,
722,true,חיסול גליל אלבד,שונים,,,יח,0,יח,false,1,14.90,14.90,false,1,
985,true,פטרוזליה ברכת קטיף,"בכורי השדה צפון1994 ג.ד. בע""מ",,,יח,1,,false,1,5.90,5.90,false,1,
1021,true,זנבות הודו,יהודה ניב,,,"לק""ג",10,ל 100 גרם,true,1,7.90,0.79,false,1,
1111,true,מכולת,שונים,,,יח,1,,false,1,0.01,0.01,false,1,
1164,true,דג לברק נקי פילה   קפוא זוגות,אחים דובקין בעמ,,,יח,1,,false,1,79,79,false,1,
1197,true,גבינת פטה צי חתם סופר,גבינות הכפר בעמ,,,ל 100 גרם,10,ל 100 גרם,true,1,32.90,3.29,false,1,
1278,true,נקניקיות מרגז חריפות,עת רן (1996) בעמ,,,"לק""ג",10,ל 100 גרם,true,1,58.90,5.89,false,1,
1502,true,שמיטה  אננס חול,"בכורי השדה צפון1994 ג.ד. בע""מ",,,"לק""ג",1,יח,true,1,39.90,39.90,false,1,
1504,true,שמיטה אפרסמון-אוצר בית דין,"בכורי השדה צפון1994 ג.ד. בע""מ",,,"לק""ג",1,,true,1,13.90,13.90,false,1,
1505,true,שמיטה אבוקדו,"בכורי השדה צפון1994 ג.ד. בע""מ",,,"לק""ג",1,,true,1,9.90,9.90,false,1,
1511,true,שמיטה  אגסים,"בכורי השדה צפון1994 ג.ד. בע""מ",,,"לק""ג",1,,true,1,16.90,16.90,false,1,
1530,true,שמיטה בננה-שמינית,"בכורי השדה צפון1994 ג.ד. בע""מ",,,"לק""ג",1,,true,1,8.90,8.90,true,1,
1535,true,שמיטה  לימון-אוצר בית דין,"בכורי השדה צפון1994 ג.ד. בע""מ",,,"לק""ג",1,,true,1,6.90,6.90,false,1,
1540,true,שמיטה  מלון..,"בכורי השדה צפון1994 ג.ד. בע""מ",,,"לק""ג",1,,true,1,6.90,6.90,false,1,
1543,true,שמיטה  מנגו-אוצר בית דין,"בכורי השדה צפון1994 ג.ד. בע""מ",,,"לק""ג",1,,true,1,10.90,10.90,false,1,
1545,true,שמיטה נקטרינה-אוצר בית דין,"בכורי השדה צפון1994 ג.ד. בע""מ",,,"לק""ג",1,,true,1,7.90,7.90,false,1,
1553,true,שמיטה  ענבים לבן-אוצר בית דין,"בכורי השדה צפון1994 ג.ד. בע""מ",,,"לק""ג",1,,true,1,19.90,19.90,false,1,
1560,true,שמיטה  קלמנטינה-אוצר בית דין,"בכורי השדה צפון1994 ג.ד. בע""מ",,,"לק""ג",1,,true,1,5.90,5.90,true,1,
1563,true,שמיטה  קיווי,"בכורי השדה צפון1994 ג.ד. בע""מ",,,"לק""ג",1,,true,1,19.90,19.90,false,1,
1564,true,שמיטה  רימון-אוצר בית דין,"בכורי השדה צפון1994 ג.ד. בע""מ",,,"לק""ג",10,ל 100 גרם,true,1,6.90,0.69,false,1,
1575,true,שמיטה  תפוז-אוצר בית דין,"בכורי השדה צפון1994 ג.ד. בע""מ",,,"לק""ג",1,,true,1,5.90,5.90,true,1,
1579,true,סלרי ברכת קטיף,*22138,,,יח,1,,false,1,6.90,6.90,false,1,
1580,true,שמיטה  חבושים,"בכורי השדה צפון1994 ג.ד. בע""מ",,,"לק""ג",1,,true,1,12.90,12.90,false,1,
1581,true,תפוח עץ אנה,"בכורי השדה צפון1994 ג.ד. בע""מ",,,"לק""ג",1,,true,1,10.90,10.90,false,1,
1582,true,שמיטה  אבקדו ארוז,*22138,,,"לק""ג",1,,true,1,9.90,9.90,false,1,
1583,true,שמיטה  תפוח סמיט ירוק,"בכורי השדה צפון1994 ג.ד. בע""מ",,,"לק""ג",1,,true,1,10.90,10.90,false,1,
1584,true,שמיטה-תפוח עץ גלה-,"בכורי השדה צפון1994 ג.ד. בע""מ",,,"לק""ג",1,,true,1,10.90,10.90,false,1,
1585,true,שמיטה  תפוח חרמון,"בכורי השדה צפון1994 ג.ד. בע""מ",,,"לק""ג",1,,true,1,10.90,10.90,false,1,
1586,true,שמיר  ב. קטיף,*22138,,,יח,1,,false,1,5.90,5.90,false,1,
1588,true,שמיטה-תפוח עץ יונתן,"בכורי השדה צפון1994 ג.ד. בע""מ",,,"לק""ג",1,,true,1,9.90,9.90,false,1,
1590,true,שמיטה  תפוח זהוב.,"בכורי השדה צפון1994 ג.ד. בע""מ",,,"לק""ג",1,,true,1,10.90,10.90,false,1,
1592,true,תפוח פינק ליידי שמיטה,"בכורי השדה צפון1994 ג.ד. בע""מ",,,"לק""ג",1,,true,1,14.90,14.90,false,1,
1603,true,שמיטה  דלורית,"בכורי השדה צפון1994 ג.ד. בע""מ",,,"לק""ג",1,,true,1,5.90,5.90,true,1,
1605,true,שמיטה בצל יבש,"בכורי השדה צפון1994 ג.ד. בע""מ",,,"לק""ג",1,,true,1,3.90,3.90,true,1,
1609,true,מנגולד גוש קטיף ירק הארץ היתר מכירה,*22138,,,יח,1,,false,1,7.90,7.90,false,1,
1612,true,שמיטה  בטטה,"בכורי השדה צפון1994 ג.ד. בע""מ",,,"לק""ג",1,,true,1,8.90,8.90,false,1,
1618,true,שמיטה גזר  ארוז,"בכורי השדה צפון1994 ג.ד. בע""מ",,,"לק""ג",1,,true,1,3.90,3.90,true,1,
1620,true,שמיטה  דלעת,"בכורי השדה צפון1994 ג.ד. בע""מ",,,"לק""ג",1,,true,1,12.90,12.90,false,1,
1625,true,שמיטה  חצילים,"בכורי השדה צפון1994 ג.ד. בע""מ",,,"לק""ג",1,,true,1,6.90,6.90,true,1,
1630,true,שמיטה  כרוב  לבן,"בכורי השדה צפון1994 ג.ד. בע""מ",,,"לק""ג",1,,true,1,3.90,3.90,true,1,
1633,true,שמיטה  כרוב אדום.,"בכורי השדה צפון1994 ג.ד. בע""מ",,,"לק""ג",1,,true,1,8.90,8.90,true,1,
1645,true,שמיטה  מלפפון,"בכורי השדה צפון1994 ג.ד. בע""מ",,,"לק""ג",1,"לק""ג",true,1,5.90,5.90,true,1,
1659,true,שמיטה  סלק אדום,"בכורי השדה צפון1994 ג.ד. בע""מ",,,"לק""ג",1,,true,1,3.90,3.90,true,1,
1661,true,שמיטה  עגבניות שרי תמר,"בכורי השדה צפון1994 ג.ד. בע""מ",,,"לק""ג",10,ל 100 גרם,true,1,14.90,1.49,false,1,
1662,true,שמיטה  עגבניה רגילה,"בכורי השדה צפון1994 ג.ד. בע""מ",,,"לק""ג",1,,true,1,5.90,5.90,true,1,
1663,true,שמיטה פלפל חריף,"בכורי השדה צפון1994 ג.ד. בע""מ",,,"לק""ג",10,ל 100 גרם,true,1,9.90,0.99,false,1,
1664,true,שמיטה פלפל חריף אדום,"בכורי השדה צפון1994 ג.ד. בע""מ",,,"לק""ג",1,,true,1,14.90,14.90,false,1,
1665,true,שמיטה  גמבה ירוקה,"בכורי השדה צפון1994 ג.ד. בע""מ",,,"לק""ג",1,,true,1,9.90,9.90,false,1,
1666,true,שמיטה תפוח אדמה לבן/אדום/גזר תפזורת,"בכורי השדה צפון1994 ג.ד. בע""מ",,,"לק""ג",1,,true,1,5.90,5.90,false,1,
1667,true,שמיטה  גמבה אדומה,"בכורי השדה צפון1994 ג.ד. בע""מ",,,"לק""ג",1,ל 100 גרם,true,1,9.90,9.90,true,1,
1669,true,שמיטה  גמבה בהירה,"בכורי השדה צפון1994 ג.ד. בע""מ",,,"לק""ג",1,,true,1,9.90,9.90,false,1,
1685,true,שמיטה קישואים.,"בכורי השדה צפון1994 ג.ד. בע""מ",,,"לק""ג",1,,true,1,7.90,7.90,false,1,
1689,true,שמיטה  שום יבש,"בכורי השדה צפון1994 ג.ד. בע""מ",,,יח,1,,false,1,7.90,7.90,false,1,
1690,true,שמיטה  שומר,"בכורי השדה צפון1994 ג.ד. בע""מ",,,"לק""ג",1,,true,1,9.90,9.90,false,1,
1691,true,שמיטה  גמבה צהובה,"בכורי השדה צפון1994 ג.ד. בע""מ",,,"לק""ג",1,,true,1,9.90,9.90,true,1,
1696,true,"שמיטה  תפו""א לבן.","בכורי השדה צפון1994 ג.ד. בע""מ",,,"לק""ג",10,ל 100 גרם,true,1,3.90,0.39,true,1,
1697,true,"שמיטה  תפו""א  אדום","בכורי השדה צפון1994 ג.ד. בע""מ",,,"לק""ג",1,,true,1,4.90,4.90,false,1,
1748,true,עוף טרי מחולק,יהודה ניב,,,"לק""ג",1,,true,1,21.90,21.90,false,1,
1749,true,עוף  טרי שלם,נטו מילנדה סחר בעמ*,,,"לק""ג",1,,true,1,19.90,19.90,false,1,
1755,true,כרעיים עוף טרי תפזורת  רבנות,שונים,,,"לק""ג",1,,true,1,29.90,29.90,true,1,
1762,true,ירכיים עוף טרי.,נטו מילנדה סחר בעמ*,,,"לק""ג",10,ל 100 גרם,true,1,29.90,2.99,true,1,
1779,true,שוקיים עוף טרי,נטו מילנדה סחר בעמ*,,,"לק""ג",1,,true,1,31.90,31.90,true,1,
1786,true,שניצל רגיל,עוף עוז שיווק בעמ,,,"לק""ג",10,ל 100 גרם,true,1,39.90,3.99,false,1,
1793,true,כנפיים עוף טרי,נטו מילנדה סחר בעמ*,,,"לק""ג",1,,true,1,14.90,14.90,true,1,
1809,true,כבד עוף לא מוכשר לצליה בלבד,עוף עוז שיווק בעמ,,,"לק""ג",1,,true,1,24.90,24.90,true,1,
1816,true,לב עוף לא מוכשר לצליה בלבד,נטו מילנדה סחר בעמ*,,,"לק""ג",1,,true,1,31.90,31.90,true,1,
1823,true,קורקבן עוף טרי,קורניש חן{1987} בעמ,,,"לק""ג",1,,true,1,11.90,11.90,false,1,
1830,true,שוארמה נקבה טרי,יהודה ניב,,,"לק""ג",10,ל 100 גרם,true,1,71.90,7.19,false,1,
1861,true,שוקיים הודו טרי,יהודה ניב,,,"לק""ג",10,ל 100 גרם,true,1,29.90,2.99,false,1,
1878,true,כנפיים הודו,יהודה ניב,,,"לק""ג",10,ל 100 גרם,true,1,15.90,1.59,false,1,
1885,true,שניצל הודו טרי,שונים,,,"לק""ג",1,,true,1,34.90,34.90,false,1,
1892,true,גרון הודו טרי,יהודה ניב,,,"לק""ג",10,ל 100 גרם,true,1,34.90,3.49,false,1,
1900,true,נתחי פילה עוף,נטו מילנדה סחר בעמ*,,,"לק""ג",1,,true,1,42.90,42.90,true,1,
1922,true,קורקבן הודו טרי,קורניש חן{1987} בעמ,,,"לק""ג",1,,true,1,13.90,13.90,false,1,
1953,true,טחול עוף טרי רבנות,נטו מילנדה סחר בעמ*,,,"לק""ג",1,,true,1,69.90,69.90,false,1,
1960,true,טחול הודו טרי,עוף טוב (שאן) בעמ,,,"לק""ג",10,ל 100 גרם,true,1,69.90,6.99,false,1,
1975,true,עוף מחפוד שלם *טרי,עוף ירושלים שיווק בעמ,,,"לק""ג",1,"לק""ג",true,1,22.90,22.90,true,1,
1991,true,חזה הודו,קורניש חן{1987} בעמ,,,"לק""ג",10,ל 100 גרם,true,1,32.90,3.29,false,1,
2000,true,כרעיים טרי ללא עור,מאסטרפוד בעמ,,,"לק""ג",1,,true,1,31.90,31.90,false,1,
2004,true,כתף טרי חלק מחפוד/עטרה,בקר תנובה -שותפות מוגבלת,,,"לק""ג",1,,true,1,74.90,74.90,false,1,
2005,true,חזה הודו טרי מחפוד,*21293,,,"לק""ג",1,,true,1,38.90,38.90,false,1,
2010,true,כנפיים עוף   חצוי טרי,מאסטרפוד בעמ,,,"לק""ג",1,,true,1,15.90,15.90,false,1,
2020,true,חזה עוף שלם,נטו מילנדה סחר בעמ*,,,"לק""ג",10,ל 100 גרם,true,1,32.90,3.29,true,1,
2028,true,עוף טחון,שונים,,,"לק""ג",1,,true,1,34.90,34.90,true,1,
2029,true,פרגיות עוף לתנור (עים עצם),קורניש חן{1987} בעמ,,,"לק""ג",10,ל 100 גרם,true,1,49.90,4.99,true,1,
2035,true,מעורב  ירושלמי חלק  ע.מ טרי,עוף ירושלים שיווק בעמ,,,"לק""ג",1,,true,1,74.90,74.90,false,1,
2042,true,הודו טחון טרי,שונים,,,"לק""ג",1,,true,1,32.90,32.90,false,1,
2059,true,בשרטחון מובחר חלק רבנות,בלדי בעמ,,,"לק""ג",1,,true,1,43.90,43.90,true,1,
2060,true,בשר טחון-מחפוד/עטרה,עוף ירושלים שיווק בעמ,,,"לק""ג",1,,true,1,44.90,44.90,false,1,
2066,true,בשר טחון טרי מחפוד  פרמיום,נטו מלינדה סחר בעמ,,,"לק""ג",1,,true,1,49.90,49.90,false,1,
2077,true,כרעיים ללא עצם  טרי,שונים,,,"לק""ג",1,,true,1,39.90,39.90,false,1,
2226,true,פילה  סלמון טרי מפולט נקי,מאסטרפוד בעמ,,,"לק""ג",1,,true,1,89.90,89.90,false,1,
2233,true,דג נסיכה שלם,בלדי בעמ,,,"לק""ג",10,ל 100 גרם,true,1,59.90,5.99,false,1,
2239,true,טונה אלבקור לבנה שלם,שונים,,,"לק""ג",10,יח,true,1,44.90,4.49,false,1,
2240,true,דג טונה פילה גוש,בלדי בעמ,,,"לק""ג",10,ל 100 גרם,true,1,42.90,4.29,false,1,
2244,true,דג טונה צעירה שלם,תנובה ענף ב.ע.ד,,,"לק""ג",10,ל 100 גרם,true,1,42.90,4.29,false,1,
2245,true,דג טונה צעיר פרוס,שונים,,,"לק""ג",10,ל 100 גרם,true,1,44.90,4.49,false,1,
2259,true,דג לברק טרי,מאסטרפוד בעמ,,,ל 100 גרם,1,,true,1,69.90,69.90,false,1,
2260,true,דג מוסר טרי,מאסטרפוד בעמ,,,ל 100 גרם,10,ל 100 גרם,true,1,79,7.90,false,1,
2301,true,דג סרדין קפוא,חיים פסקוביץ ובניו בעמ,,,"לק""ג",1,,true,1,14.90,14.90,false,1,
2336,true,ביצי דג שעווה,שונים,,,"לק""ג",1,"לק""ג",true,1,520,520,false,1,
2349,true,דג אמנון טרי,מאסטרפוד בעמ,,,"לק""ג",1,,true,1,29.90,29.90,false,1,
2356,true,נסיכת הנילוס פרוס,שונים,,,"לק""ג",1,,true,1,59.90,59.90,false,1,
2363,true,דג דניס  טרי,מאסטרפוד בעמ,,,ל 100 גרם,1,,true,1,65,65,false,1,
2370,true,דג קרפיון טרי,מאסטרפוד בעמ,,,"לק""ג",10,ל 100 גרם,true,1,29.90,2.99,false,1,
2372,true,ראש סלמון טרי,דגת הארץ אגודה שיתופית חקלאית,,,ל 100 גרם,1,,true,1,9.90,9.90,false,1,
2377,true,דג טונה אדומה  טרי,מאסטרפוד בעמ,,,"לק""ג",1,,true,1,220,220,false,1,
2380,true,דג נסיכת הנילוס טרי,מאסטרפוד בעמ,,,ל 100 גרם,1,,true,1,75,75,false,1,
2401,true,דג בורי גדול טרי,מאסטרפוד בעמ,,,ל 100 גרם,10,ל 100 גרם,true,1,39.90,3.99,false,1,
2500,true,ויסבטראן  בשר טרי,בקר תנובה -שותפות מוגבלת,,,"לק""ג",1,,true,1,74.90,74.90,false,1,
2504,true,צ`אך   בשר טרי  מחפוד,בקר תנובה -שותפות מוגבלת,,,"לק""ג",1,,true,1,74.90,74.90,false,1,
2505,true,אווזית בשר טרי מחפוד,בקר תנובה -שותפות מוגבלת,,,"לק""ג",1,,true,1,75.90,75.90,false,1,
2509,true,בשר ראש טרי מחפוד/עטרה,בקר תנובה -שותפות מוגבלת,,,"לק""ג",10,ל 100 גרם,true,1,69.90,6.99,false,1,
2523,true,שומןבקר טרי מחפוד,בקר תנובה -שותפות מוגבלת,,,"לק""ג",1,,true,1,22.90,22.90,false,1,
2524,true,עצמותבקר טרי מחפוד,בקר תנובה -שותפות מוגבלת,,,"לק""ג",10,ל 100 גרם,true,1,34.90,3.49,false,1,
2530,true,לב בקר טרימחפוד/עטרה,בקר תנובה -שותפות מוגבלת,,,"לק""ג",1,,true,1,29.90,29.90,false,1,
2547,true,כבד בקר טרי מחופד עטרה,בקר תנובה -שותפות מוגבלת,,,"לק""ג",1,,true,1,29.90,29.90,false,1,
2550,true,שיפודי אנטריקוט  טרי,שונים,,,"לק""ג",10,ל 100 גרם,true,1,110,11,false,1,
2561,true,לשון עגל טרימחפוד/עטרה,בקר תנובה -שותפות מוגבלת,,,"לק""ג",1,,true,1,56.90,56.90,false,1,
2575,true,חיסול צילי,שונים,,,יח,1,,false,1,5,5,false,1,
2579,true,שקדי בקר טרי,בקר תנובה -שותפות מוגבלת,,,"לק""ג",1,,true,1,164.90,164.90,false,1,
2585,true,צלעות טלה חלק קצביה,בקר תנובה -שותפות מוגבלת,,,"לק""ג",1,,true,1,180,180,false,1,
2592,true,צלעות טרי חלק מחפוד עטרה,בקר תנובה -שותפות מוגבלת,,,"לק""ג",1,,true,1,64.90,64.90,false,1,
2600,true,גב עוף,שונים,,,"לק""ג",1,,true,1,6.90,6.90,false,1,
2608,true,בשר צוואר טרי מוכשר מ/ע,נטו מלינדה סחר בעמ,,,"לק""ג",1,,true,1,56.90,56.90,true,1,
2622,true,שומן בקר טרי,בקר תנובה -שותפות מוגבלת,,,"לק""ג",1,,true,1,22.90,22.90,false,1,
2663,true,חמוצים מיוחדים,אצלן מזור בעמ,,,ל 100 גרם,10,ל 100 גרם,true,1,45,4.50,false,1,
2695,true,דג לוקוס לבן טרי,מאסטרפוד בעמ,,,ל 100 גרם,1,,true,1,149,149,false,1,
2699,true,פילה אמנון ללא עור. פס עור  קפוא,שונים,,,"לק""ג",10,ל 100 גרם,true,1,34.90,3.49,false,1,
2700,true,פילה אמנון קפוא80%,שונים,,,"לק""ג",10,ל 100 גרם,true,1,29.90,2.99,true,1,
2701,true,פלפל חריף    קטרינג,יזמויות אור הנר,,,ל 100 גרם,10,ל 100 גרם,true,1,68.50,6.85,false,1,
2705,true,כבד קצוץ  קטרינג,יזמויות אור הנר,,,ל 100 גרם,10,ל 100 גרם,true,1,68.50,6.85,false,1,
2739,true,דג סלמון נורווגי טרי.,מאסטרפוד בעמ,,,"לק""ג",1,,true,1,80,80,false,1,
2806,true,צלי חלק מחפוד עטרה טרי,נטו מלינדה סחר בעמ,,,"לק""ג",1,,true,1,110,110,false,1,
2807,true,אסדו טרי חלק מ/ע עם עצם,בקר תנובה -שותפות מוגבלת,,,"לק""ג",1,,true,1,69.90,69.90,false,1,
2808,true,שריר בקר טרי חלק מחפוד עטרה,נטו מלינדה סחר בעמ,,,"לק""ג",1,,true,1,75.90,75.90,false,1,
2810,true,אסדו פלזמה טרי מחפוד עטרה,שונים,,,"לק""ג",10,ל 100 גרם,true,1,66.90,6.69,false,1,
2819,true,בשר פילה טרי 6 מדומה,עוף ירושלים שיווק בעמ,,,"לק""ג",1,,true,1,80,80,false,1,
2821,true,סטייק עצם טרי מחפוד/עטרה,באסם דבאח בעמ,,,"לק""ג",10,ל 100 גרם,true,1,110,11,false,1,
2828,true,טורטיה במילוי עוף וירקות קטרינג,יזמויות אור הנר,,,ל 100 גרם,10,ל 100 גרם,true,1,71.50,7.15,false,1,
2860,true,שניצל עוף דק דק טרי,קורניש חן{1987} בעמ,,,"לק""ג",1,,true,1,44.90,44.90,true,1,
2862,true,קשתית אסדו טריע.מבלי עצם..,עוף ירושלים שיווק בעמ,,,"לק""ג",1,,true,1,75.90,75.90,false,1,
2875,true,כבש טרי חלק ע\מ,בקר תנובה -שותפות מוגבלת,,,"לק""ג",10,ל 100 גרם,true,1,110,11,false,1,
2878,true,צלעות טלה טרי חלק,נטו מלינדה סחר בעמ,,,"לק""ג",10,ל 100 גרם,true,1,180,18,false,1,
2879,true,צוואר כבש לבישול  חלק,נטו מלינדה סחר בעמ,,,"לק""ג",1,,true,1,100,100,false,1,
2881,true,שומן כבש טרי חלק,נטו מלינדה סחר בעמ,,,"לק""ג",1,,true,1,129,129,false,1,
2924,true,סטייק  חציל   קטרינג,יזמויות אור הנר,,,ל 100 גרם,10,ל 100 גרם,true,1,68.50,6.85,false,1,
2925,true,מטבוחה   קטרינג,יזמויות אור הנר,,,ל 100 גרם,10,ל 100 גרם,true,1,68.50,6.85,false,1,
2929,true,רצועות פלפלים בצבעים   קטרינג,יזמויות אור הנר,,,ל 100 גרם,10,ל 100 גרם,true,1,68.50,6.85,false,1,
2931,true,מעורב ירושלמי טרי,שונים,,,"לק""ג",1,,true,1,72.90,72.90,false,1,
2932,true,רצועות שווארמה  טרי,שונים,,,"לק""ג",1,,true,1,73.90,73.90,false,1,
2934,true,חציל פיקנטי ז`עלוק  קטרינג,יזמויות אור הנר,,,ל 100 גרם,10,ל 100 גרם,true,1,46.50,4.65,false,1,
2935,true,חציל במיונז  קטרינג,יזמויות אור הנר,,,ל 100 גרם,10,ל 100 גרם,true,1,46.50,4.65,false,1,
2936,true,חציל מזרחי  קטרינג,יזמויות אור הנר,,,ל 100 גרם,10,ל 100 גרם,true,1,46.50,4.65,false,1,
2938,true,גזר  מזרחי   קטרינג,יזמויות אור הנר,,,ל 100 גרם,10,ל 100 גרם,true,1,46.50,4.65,false,1,
2939,true,סלק אדום  קטרינג,יזמויות אור הנר,,,ל 100 גרם,10,ל 100 גרם,true,1,46.50,4.65,false,1,
2942,true,כרוב אדום במיונז   קטרינג,יזמויות אור הנר,,,ל 100 גרם,10,ל 100 גרם,true,1,46.50,4.65,false,1,
2943,true,משייר חמוצי הבית    קטרינג,יזמויות אור הנר,,,ל 100 גרם,10,ל 100 גרם,true,1,46.50,4.65,false,1,
2946,true,"סלט תפו""א במיונז  קטרינג",יזמויות אור הנר,,,ל 100 גרם,10,ל 100 גרם,true,1,46.50,4.65,false,1,
2957,true,דג נסיכה מוכן,יזמויות אור הנר,,,ל 100 גרם,10,ל 100 גרם,true,1,82.50,8.25,false,1,
2958,true,פילה אמנון מוכן,יזמויות אור הנר,,,ל 100 גרם,10,ל 100 גרם,true,1,75.90,7.59,false,1,
2960,true,סטיק סלמון בעשבי טיבול,יזמויות אור הנר,,,ל 100 גרם,10,ל 100 גרם,true,1,107.80,10.78,false,1,
2963,true,אורז לבן/בוכרי קטרינג,יזמויות אור הנר,,,ל 100 גרם,10,ל 100 גרם,true,1,31.90,3.19,false,1,
2964,true,קוסקוס   קטרינג,יזמויות אור הנר,,,ל 100 גרם,10,ל 100 גרם,true,1,31.90,3.19,false,1,
2965,true,"תפו""א אדמה אפוי כדורי/סירות (קטרינג  )",יזמויות אור הנר,,,ל 100 גרם,10,ל 100 גרם,true,1,31.90,3.19,false,1,
2966,true,מרק ירקות לקוסקוס,יזמויות אור הנר,,,ל 100 גרם,10,ל 100 גרם,true,1,31.90,3.19,false,1,
2968,true,קציצות טונסאיות  (קטרינג),יזמויות אור הנר,,,ל 100 גרם,10,ל 100 גרם,true,1,62,6.20,false,1,
2971,true,פטריות  אסיאתי קיטרינג,יזמויות אור הנר,,,ל 100 גרם,10,ל 100 גרם,true,1,68.50,6.85,false,1,
2982,true,טורטיה  במילוי  בקר קטרינג,יזמויות אור הנר,,,ל 100 גרם,10,ל 100 גרם,true,1,71.50,7.15,false,1,
2983,true,סחוג  ביתי(קטרינג),יזמויות אור הנר,,,ל 100 גרם,10,ל 100 גרם,true,1,68.50,6.85,false,1,
2992,true,אמפמדס  ממולא(קטרינג,יזמויות אור הנר,,,ל 100 גרם,10,ל 100 גרם,true,1,65,6.50,false,1,
2994,true,משויה   קטרינג,יזמויות אור הנר,,,ל 100 גרם,10,ל 100 גרם,true,1,46.50,4.65,false,1,
2996,true,תירשי  קטרינג,יזמויות אור הנר,,,ל 100 גרם,10,ל 100 גרם,true,1,46.50,4.65,false,1,
3094,true,חזה בקר עם עצם מחפוד /עטרה,בקר תנובה -שותפות מוגבלת,,,"לק""ג",1,,true,1,39.90,39.90,true,1,
3115,true,גביע 115 היפרכהן לסלט,פאלאס תעשיות (פי.איי) בעמ,,,יח,1,,false,1,0.50,0.50,false,1,
3116,true,ג. 116  500 שקוף,פאלאס תעשיות (פי.איי) בעמ,,,יח,1,,false,1,0.60,0.60,false,1,
3635,true,בשר ראש חלק רבנות,נטו מילנדה סחר בעמ*,,,"לק""ג",10,ל 100 גרם,true,1,69.90,6.99,false,1,
3637,true,רבע כבש חלק קפוא,מאסטרפוד בעמ,,,"לק""ג",10,ל 100 גרם,true,1,89.90,8.99,false,1,
3639,true,לשון בקר חלק רבנות קפוא,בלדי בעמ,,,"לק""ג",10,"לק""ג",true,1,34.90,3.49,false,1,
3644,true,חזה אווז קפוא,בלדי בעמ,,,"לק""ג",10,ל 100 גרם,true,1,189,18.90,false,1,
3645,true,כבד אווז קפוא,בלדי בעמ,,,"לק""ג",10,ל 100 גרם,true,1,480,48,false,1,
4505,true,.בשר מס` 5  קפוא חלק,תנובה ענף ב.ע.ד,,,"לק""ג",10,ל 100 גרם,true,1,64.90,6.49,true,1,
4506,true,בשר  מס`6   חלק רבנות קפוא,נטו מילנדה סחר בעמ*,,,"לק""ג",1,"לק""ג",true,1,39.90,39.90,false,1,
4508,true,בשר מס` 8  חלק רבנות,תנובה ענף ב.ע.ד,,,"לק""ג",10,"לק""ג",true,1,33.90,3.39,false,1,
4902,true,טונה  לבנה  פרוסות  רגילות,אחים דובקין בעמ,,,"לק""ג",10,ל 100 גרם,true,1,69,6.90,false,1,
4906,true,נסיכת הנילוס קפוא,אחים דובקין בעמ,,,"לק""ג",10,ל 100 גרם,true,1,72,7.20,false,1,
4939,true,פילה הוק פרוס לפיש אנד צ`יפ  קפוא,אחים דובקין בעמ,,,"לק""ג",10,ל 100 גרם,true,1,75,7.50,false,1,
5076,true,אובדן,שונים,,,יח,1,,false,1,10000,10000,false,1,
5216,true,"זר פרחים 39.90 ש""ח",שונים,,,יח,1,יח,false,1,39.90,39.90,false,1,
5217,true,"זר פרחים 34.90 ש""ח",שונים,,,יח,1,,false,1,34.90,34.90,false,1,
5218,true,"זר פרחים 29.90  ש""ח",שונים,,,יח,1,,false,1,29.90,29.90,false,1,
5704,true,בשר טחון  טרי,ח.י מעדני גורמה בעמ,,,"לק""ג",1,,true,1,69.90,69.90,false,1,
5906,true,דג טונה  טחון קפוא,אחים דובקין בעמ,,,"לק""ג",10,ל 100 גרם,true,1,60,6,false,1,
6251,true,מארז 10 פיתות,גיא שיווק טוב,,,יח,10,למארז,false,1,15.90,1.59,false,1,
6330,true,מארז 2 יח חלות מיוחדות,מאפית היפרכהן,,,יח,1,,false,1,10,10,false,1,
6500,true,בורקס/עוגיות-במשקל,ג`נרל מילס ישראל בעמ,,,"לק""ג",10,ל 100 גרם,true,1,44.90,4.49,false,1,
6514,true,חלה  3 צמות,בית מאפה ח. כהן חדש,,,יח,1,יח,false,1,8.50,8.50,true,1,
6515,true,חלה  כפרית,ג`נרל מילס ישראל בעמ,,,יח,1,יח,false,1,11.90,11.90,false,1,
6523,true,עוגת גבינה במשקל,בית עוגיות מרוקאיות בעמ,,,"לק""ג",10,ל 100 גרם,true,1,65,6.50,false,1,
6526,true,לחם מחמצת קטן,ג`נרל מילס ישראל בעמ,,,יח,1,,false,1,5,5,true,1,
6567,true,לחמנית כוסמין,מאפית היפרכהן,,,יח,1,,false,1,3.50,3.50,true,1,
6680,true,מארז  שלישיות  פרינה,גיא שיווק טוב,,,יח,3,למארז,false,1,14.90,4.97,false,1,
6868,true,פילה  סלומון שלם  שונים,נטו מילנדה סחר בעמ*,,,"לק""ג",10,ל 100 גרם,true,1,79.90,7.99,false,1,
9019,true,אריסה ביתית,אחים אלעזרי בעמ,,,ל 100 גרם,10,ל 100 גרם,true,1,39.90,3.99,false,1,
9020,true,שום כתוש מחפוד,אחים אלעזרי בעמ,,,ל 100 גרם,10,ל 100 גרם,true,1,27.90,2.79,false,1,
9034,true,לימון כבוש  מ.,אחים אלעזרי בעמ,,,ל 100 גרם,10,ל 100 גרם,true,1,39.90,3.99,false,1,
9046,true,סחוג  ירוק  / אדום גל,אחים אלעזרי בעמ,,,"לק""ג",10,ל 100 גרם,true,1,25.90,2.59,false,1,
24240,true,"רזרב שרדונה 750 מ""ל",טמפו משקאות בעמ,,,,7.50,"ל100 מ""ל",false,1,39.90,5.28,false,1,
28572,true,בשר ראש  בית יוסף טרי,ביפ מפעל יצור בשר בעמ,,,"לק""ג",10,ל 100 גרם,true,1,69.90,6.99,false,1,
40301,true,גבינה עין גדי,תנובה -חלב,,,יח,1,,false,1,18.90,18.90,false,1,
40974,true,חלב טרי דל לקטוז תנובה,תנובה -חלב,,,יח,10,ל 100 גרם,false,1,6.80,0.68,false,1,
41010,true,קפה ברזיל,פיקסו בר בעע,,,ל 100 גרם,1,,true,1,79,79,false,1,
41014,true,קפה  קולומביה,פיקסו בר בעע,,,ל 100 גרם,1,,true,1,79,79,false,1,
41015,true,קפה תערובת הבית,פיקסו בר בעע,,,ל 100 גרם,1,,true,1,59,59,false,1,
45917,true,פרומעז גליל 200,תנובה -חלב,,,יח,1,,false,1,24.90,24.90,false,1,
46020,true,גלבוע גבינה חצי  קשה 22%  שומן{פ},תנובה -חלב,,,ל 100 גרם,10,ל 100 גרם,true,1,42.58,4.26,false,1,
46501,true,טל העמק 1000 קג,תנובה -חלב,,,ל 100 גרם,10,ל 100 גרם,true,1,54.90,5.49,false,1,
46563,true,פרמזן  קולאז/,תנובה -חלב,,,ל 100 גרם,10,ל 100 גרם,true,1,109,10.90,false,1,
46662,true,סקנדינבית,תנובה -חלב,,,ל 100 גרם,10,ל 100 גרם,true,1,71.30,7.13,false,1,
47034,true,קולאז  רוקפור,תנובה -חלב,,,ל 100 גרם,10,ל 100 גרם,true,1,119,11.90,false,1,
47485,true,בולגרית 24%,תנובה -חלב,,,"לק""ג",10,ל 100 גרם,true,1,55.90,5.59,false,1,
51352,true,חלב של פעם 1 ליטר,תנובה -חלב,,,יח,1,לליטר,false,1,7.50,7.50,false,1,
51376,true,יופלה דיאט אננס ספורטיבי 0%,תנובה -חלב,,,יח,1.50,"ל100 מ""ל",false,1,4.90,3.27,false,1,
51956,true,טל העמק 9% חריץ,תנובה -חלב,,,"לק""ג",10,ל 100 גרם,true,1,78.90,7.89,false,1,
52311,true,עמק פרוס בקופסא 15% שומן,תנובה -חלב,,,יח,2,ל 100 גרם,false,1,15.90,7.95,false,1,
52649,true,פיראוס  לאבנה 5%,תנובה -חלב,,,יח,5,ל 100 גרם,false,1,18.90,3.78,false,1,
55206,true,גבינה לבנה  טעם בצל מטוגן,תנובה -חלב,,,יח,2.50,ל 100 גרם,false,1,5.60,2.24,false,1,
55329,true,משקה בוקר  תות מלון,תנובה -חלב,,,יח,2.50,"ל100 מ""ל",false,1,5.30,2.12,false,1,
55336,true,"יופלה משקה יוגורט בננה אפרסק250מ""ל תנובה",תנובה -חלב,,,יח,2.50,"ל100 מ""ל",false,1,5.30,2.12,false,1,
55343,true,משקה בוקר טרופי,תנובה -חלב,,,יח,2.50,"ל100 מ""ל",false,1,5.30,2.12,false,1,
55502,true,פיקדון פלסטיק או פחית,שונים,,,יח,1,,false,1,0.30,0.30,false,1,
56845,true,חלב  %3קרטון  1.5  ליטר,תנובה -חלב,,,יח,1.50,לליטר,false,1,9.34,6.23,false,1,
56883,true,מארז יופלה  8  יח`בטעמים ק,תנובה -חלב,,,יח,8,למארז,false,1,28.30,3.54,false,1,
56951,true,"שמנת לבישול 15% באריזת 500 מ""ל",תנובה -חלב,,,יח,5,"ל100 מ""ל",false,1,15.90,3.18,false,1,
56968,true,שמנת מתוקה  להקצפה 38% ק,תנובה -חלב,,,יח,5,"ל100 מ""ל",false,1,12.90,2.58,false,1,
57132,true,יוגורט  תנובה 1.5%,תנובה -חלב,,,יח,2,"ל100 מ""ל",false,1,3.20,1.60,false,1,
57552,true,יופלה בטעם ע. גבינה,תנובה -חלב,,,יח,1.50,"ל100 מ""ל",false,1,4.90,3.27,false,1,
58047,true,"שמנת מתוקה 38% 500 מ""ל",תנובה -חלב,,,יח,0.50,ל 100 גרם,false,1,12.90,25.80,false,1,
58979,true,גיל טעם תות,תנובה -חלב,,,יח,1.25,"ל100 מ""ל",false,1,1.40,1.12,false,1,
61214,true,פתיתים  קוסקוס עם בצל,קבוצת אוסם סחר שותפות מוגבלת,,,יח,5,ל 100 גרם,false,1,7.90,1.58,true,1,
61450,true,פתיתים קוסקוס 3 צבעים,קבוצת אוסם סחר שותפות מוגבלת,,,יח,5,"ל100 מ""ל",false,1,6.90,1.38,true,1,
69609,true,.חטיפי קרקר זעתרXX,קבוצת אוסם סחר שותפות מוגבלת,,,יח,3,ל 100 גרם,false,1,11.80,3.93,false,1,
69715,true,חטיפי קרקר  מלוח,קבוצת אוסם סחר שותפות מוגבלת,,,יח,3,ל 100 גרם,false,1,10.90,3.63,false,1,
72067,true,במבה במילוי  קרם חלבה,קבוצת אוסם סחר שותפות מוגבלת,,,יח,0.60,ל 100 גרם,false,1,4.90,8.17,true,1,
74481,true,לחמית  אגוזים,קבוצת אוסם סחר שותפות מוגבלת,,,יח,1.60,ל 100 גרם,false,1,9.90,6.19,true,1,
76645,true,טוסטעים פת קלויה,קבוצת אוסם סחר שותפות מוגבלת,,,יח,1,ל 100 גרם,false,1,9.90,9.90,false,1,
77253,true,לחמית כפרית ק,קבוצת אוסם סחר שותפות מוגבלת,,,יח,1.90,ל 100 גרם,false,1,9.90,5.21,true,1,
78762,true,חטיפי פריכונים  טעם דבש,קבוצת אוסם סחר שותפות מוגבלת,,,יח,0.80,ל 100 גרם,false,1,7.90,9.88,false,1,
90900,true,"פריט  חיסול-2.5 ש""ח",שונים,,,יח,1,,false,1,2.50,2.50,false,1,
90901,true,"פריט  חיסול-5 ש""ח",שונים,,,יח,1,,false,1,5,5,false,1,
99917,true,ידיעות + כל הנגב.,ידיעות אחרונות בעמ,,,יח,1,,false,1,20,20,true,1,
99921,true,עיתון לאישה.,ידיעות אחרונות בעמ,,,יח,1,,false,1,21.90,21.90,false,1,
99924,true,עיתון דין וחשבון,שונים,,,יח,1,,false,1,1,1,false,1,
99927,true,כל הנגב  בודד.,ידיעות אחרונות בעמ,,,יח,1,,false,1,5.40,5.40,false,1,
106199,true,לקט נורמנדי סנפורסט 800 גרם,תנובה ענף ב.ע.ד,,,יח,8,ל 100 גרם,false,1,21.90,2.74,false,1,
111384,true,TELMA 12 X 550 ARMY,"יוניליוור ישראלשיווק בע""מ",,,יח,5.50,ל 100 גרם,false,1,7.90,1.44,false,1,
112233,true,עמלת ליקוט,מרבק 18 בעמ,,,יח,1,,false,1,9.90,9.90,true,1,
124503,true,שומן כבש ארוז 200  גר`בלדי,בלדי בעמ,,,יח,2,ל 100 גרם,false,1,12.90,6.45,false,1,
135623,true,דג מקרל מעושן  בוואקום.,ישראגל,,,"לק""ג",10,ל 100 גרם,true,1,69.90,6.99,false,1,
139241,true,דגני מולטי שוקו וניל `,אשבול בעמ,,,יח,4.20,ל 100 גרם,false,1,8.90,2.12,false,1,
139296,true,דגני מולטי   כוכבים,אשבול בעמ,,,יח,4.20,ל 100 גרם,false,1,8.90,2.12,false,1,
139906,true,חטיף פאף אפוי טעם בצל 60 גר`,אשבול בעמ,,,יח,0.60,ל 100 גרם,false,1,3.30,5.50,false,1,
139913,true,חטיף פאף אפוי טעם  ברבקיו 60 גר`,אשבול בעמ,,,יח,0.60,ל 100 גרם,false,1,2.90,4.83,false,1,
139920,true,חטיף פאף אפוי טעם  שום בצל 60 גר`,אשבול בעמ,,,יח,0.60,ל 100 גרם,false,1,3.30,5.50,false,1,
139968,true,טורבו חטיף דגנים  מלאים ט. נוגט,אשבול בעמ,,,יח,1.68,ל 100 גרם,false,1,11.90,7.08,false,1,
144160,true,"שמן  זית מודגש 750 מ""ל עץ הזית*",סוגת תעשיות בעמ,,,יח,7.50,"ל100 מ""ל",false,1,29.90,3.99,false,1,
150642,true,כתף בקר מעושן,קבוצת אוסם סחר שותפות מוגבלת,,,ל 100 גרם,10,ל 100 גרם,true,1,89,8.90,false,1,
152943,true,מארז סלמי +פסטרמה,קבוצת אוסם סחר שותפות מוגבלת,,,יח,7,ל 100 גרם,false,1,28.90,4.13,false,1,
153698,true,כתף בקר מפולפל,קבוצת אוסם סחר שותפות מוגבלת,,,ל 100 גרם,10,ל 100 גרם,true,1,89,8.90,false,1,
155502,true,זיכוי פיקדון פלסטיק או פחית,שונים,,,יח,1,,false,1,0.30,0.30,false,1,
158105,true,שניצל דינוזאור עוף טוב,קבוצת אוסם סחר שותפות מוגבלת,,,יח,7,ל 100 גרם,false,1,34.90,4.99,true,1,
168173,true,TELMA CRUNCHIM BADATZ 6X375GR,"יוניליוור ישראלשיווק בע""מ",,,יח,3.75,ל 100 גרם,false,6,19.90,5.31,false,1,
169538,true,KNORR CAS-TOMATO BADAZT 72X62G,"יוניליוור ישראלשיווק בע""מ",,,יח,0.62,ל 100 גרם,false,1,6.50,10.48,false,1,
188355,true,מג  ניקול לבנה 1/6  (ג),קימברלי קלארק ישראל שיווק בעמ,,,יח,1,,false,1,11.90,11.90,false,1,
188386,true,מג  ניקול לבנה 1/12,קימברלי קלארק ישראל שיווק בעמ,,,יח,12,"ל100 מ""ל",false,1,21.90,1.83,false,1,
188560,true,מגני תחתון קוטקס  סליק  לארג`,קימברלי קלארק ישראל שיווק בעמ,,,יח,1,,false,1,18.90,18.90,false,1,
188591,true,מגני תחתון קוטקס  סליק  יאנג,קימברלי קלארק ישראל שיווק בעמ,,,יח,1,,false,1,18.90,18.90,false,1,
189536,true,שקיות אשפתון 40 יח,קימברלי קלארק ישראל שיווק בעמ,,,יח,1,,false,1,19.90,19.90,false,1,
193540,true,לילי אינטימייט לונג,קימברלי קלארק ישראל שיווק בעמ,,,יח,1,,false,1,14.90,14.90,false,1,
195537,true,מגבוני האגיס רבעיה,קימברלי קלארק ישראל שיווק בעמ,,,יח,1,,false,1,19.90,19.90,false,1,
196763,true,שקיות החזקה   40 יח`,קימברלי קלארק ישראל שיווק בעמ,,,יח,1,,false,1,24.90,24.90,false,1,
197326,true,זוג רדיד אלומניום ק,קימברלי קלארק ישראל שיווק בעמ,,,יח,1,,false,1,10.90,10.90,false,1,
197340,true,רדיד אלומניום זוג,קימברלי קלארק ישראל שיווק בעמ,,,יח,1,,false,1,18.20,18.20,false,1,
197654,true,שק  אשפה ניקול אריזת ענק,קימברלי קלארק ישראל שיווק בעמ,,,יח,1,,false,1,24.90,24.90,false,1,
197753,true,ניילונית אנטיבקטריאלית,קימברלי קלארק ישראל שיווק בעמ,,,יח,1,,false,1,10.90,10.90,false,1,
199313,true,תחבושת קוטקס יאנג,קימברלי קלארק ישראל שיווק בעמ,,,יח,1,,false,1,17.90,17.90,false,1,
204253,true,מטלית ניקול,קימברלי קלארק ישראל שיווק בעמ,,,יח,1,,false,1,9.90,9.90,false,1,
204611,true,ניקול ספוגית קסם שישיה,קימברלי קלארק ישראל שיווק בעמ,,,יח,1,,false,1,10.90,10.90,false,1,
205762,true,האגיס  אקסטרא  קר מידה 3,קימברלי קלארק ישראל שיווק בעמ,,,יח,1,,false,1,47.90,47.90,false,1,
205915,true,האגיס  אקסטרא  קר,קימברלי קלארק ישראל שיווק בעמ,,,יח,1,,false,1,47.90,47.90,false,1,
209524,true,סירופ דיאט  פטל,זנלכל בעמ,,,יח,1,לליטר,false,1,16.90,16.90,false,1,
209579,true,סירופ דיאט  אננס,זנלכל בעמ,,,יח,1,לליטר,false,1,16.90,16.90,false,1,
209944,true,שקשוקה   240 גר,זנלכל בעמ,,,יח,2.40,ל 100 גרם,false,1,5.50,2.29,false,1,
209951,true,רוטב פיצה   240 גר,זנלכל בעמ,,,יח,2.40,ל 100 גרם,false,1,5.50,2.29,false,1,
220488,true,סטייק עין עטרה מיושן קפוא,נטו מלינדה סחר בעמ,,,"לק""ג",10,ל 100 גרם,true,1,64.90,6.49,false,1,
225935,true,הודו אדום א.   מחפוד,עוף ירושלים שיווק בעמ,,,"לק""ג",1,,true,1,53.90,53.90,false,1,
225942,true,חזה  הודו טרי ארוז מחפוד,עוף ירושלים שיווק בעמ,,,"לק""ג",1,,true,1,36.90,36.90,false,1,
225966,true,שוק  הודו טרי ארוז מחפוד.,עוף ירושלים שיווק בעמ,,,"לק""ג",1,,true,1,33.90,33.90,false,1,
225997,true,נתחי  חזה הודו טרי ארוז מחפוד,עוף ירושלים שיווק בעמ,,,"לק""ג",1,,true,1,33.90,33.90,false,1,
243566,true,"שמן קנולה  בריאות 750 מ""ל",סוגת תעשיות בעמ,,,יח,7.50,"ל100 מ""ל",false,1,11.80,1.57,true,1,
254250,true,כתף שוק  טלה  חלק בית יוסף,עוף ירושלים שיווק בעמ,,,"לק""ג",10,ל 100 גרם,true,1,109.90,10.99,false,1,
262413,true,האגיס  אקסטרא  קר מידה 5,קימברלי קלארק ישראל שיווק בעמ,,,יח,1,,false,1,47.90,47.90,false,1,
263359,true,האגיס חיתולי כותנה NB1,קימברלי קלארק ישראל שיווק בעמ,,,יח,1,,false,1,34.90,34.90,false,1,
264752,true,זוג רדיד אלומניום ק,קימברלי קלארק ישראל שיווק בעמ,,,יח,1,,false,1,10.90,10.90,false,1,
286228,true,סנו סושי שישיה. ק,החברה הדרומית לשיווק בעמ,,,יח,1,,false,1,10.90,10.90,false,1,
286501,true,ספוג מסג,החברה הדרומית לשיווק בעמ,,,יח,1,,false,1,11.90,11.90,false,1,
286525,true,ספוג פרינה,החברה הדרומית לשיווק בעמ,,,יח,1,,false,1,10.90,10.90,false,1,
286549,true,מטלית לכל 9 בשקי. ק,החברה הדרומית לשיווק בעמ,,,יח,1,,false,1,9.90,9.90,false,1,
286761,true,פלסטיק נצמד צמד ק,החברה הדרומית לשיווק בעמ,,,יח,1,,false,1,10.90,10.90,false,1,
287376,true,בשר  מס` 8 מוזה,בלדי בעמ,,,"לק""ג",10,ל 100 גרם,true,1,51.90,5.19,false,1,
289472,true,שקיות סושי   76X90,החברה הדרומית לשיווק בעמ,,,יח,1,,false,1,18.90,18.90,false,1,
290290,true,נקניקיות מני מרגז גוליה,ג`וליה מעדני בשר בעמ,,,"לק""ג",10,ל 100 גרם,true,1,58.90,5.89,false,1,
292557,true,סנומט נוזלי מלוי,החברה הדרומית לשיווק בעמ,,,יח,1,,false,1,17.90,17.90,false,1,
293882,true,כיף רצועות מסא ז,החברה הדרומית לשיווק בעמ,,,יח,1,,false,1,19.90,19.90,false,1,
295121,true,מטלית זיזג בשליש,החברה הדרומית לשיווק בעמ,,,יח,1,,false,1,9.90,9.90,false,1,
295299,true,סנו סושי רבעיה,החברה הדרומית לשיווק בעמ,,,יח,1,,false,1,9.90,9.90,false,1,
295503,true,שקיות אוכל נשלפות 300 ק,החברה הדרומית לשיווק בעמ,,,יח,1,,false,1,14.90,14.90,false,1,
295558,true,צמד רדיד אלומניו,החברה הדרומית לשיווק בעמ,,,יח,1,,false,1,10.90,10.90,false,1,
295565,true,צמד רדיד אלומניו,החברה הדרומית לשיווק בעמ,,,יח,1,,false,1,16.90,16.90,false,1,
295794,true,סנו ספוגית אל חל,החברה הדרומית לשיווק בעמ,,,יח,1,,false,1,10.90,10.90,false,1,
295824,true,אלומ 100* מטר,החברה הדרומית לשיווק בעמ,,,יח,1,,false,1,49.90,49.90,false,1,
300884,true,צ`דר אנגלית  כתומה,נטו מילנדה סחר בעמ*,,,יח,10,ל 100 גרם,true,1,110,11,false,1,
311272,true,halva wafers,רוקחמן בעמ,,,יח,1.80,ל 100 גרם,false,1,4.30,2.39,false,1,
311746,true,chocolate cookies,רוקחמן בעמ,,,יח,3,ל 100 גרם,false,1,6.90,2.30,false,1,
311753,true,עוגיות חיטה מלאה בטעם חלבה 250 גר`מן*,רוקחמן בעמ,,,יח,2.50,ל 100 גרם,false,1,6.90,2.76,false,1,
311845,true,granola chocolate cookies,רוקחמן בעמ,,,יח,3,ל 100 גרם,false,1,8.90,2.97,false,1,
311869,true,no sugar wafers,רוקחמן בעמ,,,יח,1.80,ל 100 גרם,false,1,6.90,3.83,false,1,
311876,true,no sugar wafers,רוקחמן בעמ,,,יח,1.80,ל 100 גרם,false,1,6.90,3.83,false,1,
311883,true,granola chocolate cookies,רוקחמן בעמ,,,יח,3,ל 100 גרם,false,1,8.90,2.97,false,1,
315140,true,TELMA WHOLE CORNFLAKES BADATZ 12X500GR,"יוניליוור ישראלשיווק בע""מ",,,יח,5,ל 100 גרם,false,12,18.90,3.78,false,1,
318103,true,פסטרמה ברבקיו יחיעם,מעדני יחיעם (1993) בעמ,,,ל 100 גרם,10,ל 100 גרם,true,1,69,6.90,true,1,
318165,true,פסטרמה צלויה על גחלים יחיעם,מעדני יחיעם (1993) בעמ,,,ל 100 גרם,10,ל 100 גרם,true,1,69,6.90,true,1,
318288,true,חזה הודו בדבש יחיעם,מעדני יחיעם (1993) בעמ,,,ל 100 גרם,10,ל 100 גרם,true,1,69,6.90,true,1,
318798,true,מס`5 צלי כתף חלק אשפר,ישראל פלדמן ייצור ושיווק,,,"לק""ג",1,,true,1,95.90,95.90,false,1,
318882,true,מעושן אטלקי יחיעם,מעדני יחיעם (1993) בעמ,,,ל 100 גרם,10,ל 100 גרם,true,1,59.90,5.99,true,1,
318927,true,בשר ראש חלק  אשפר  קפוא,ישראל פלדמן ייצור ושיווק,,,"לק""ג",1,,true,1,95.90,95.90,false,1,
319049,true,פסטרמה גלילית מעדניה יחיעם,מעדני יחיעם (1993) בעמ,,,ל 100 גרם,10,ל 100 גרם,true,1,42.90,4.29,true,1,
319728,true,מעושן איטלקי מפולפל יחיעם,מעדני יחיעם (1993) בעמ,,,ל 100 גרם,10,ל 100 גרם,true,1,69,6.90,true,1,
319759,true,סלמי תה יחיעם,מעדני יחיעם (1993) בעמ,,,"לק""ג",10,ל 100 גרם,true,1,45,4.50,true,1,
345435,true,פילה מרלוזה  ארגנטינאית דלידג,נטו מילנדה סחר בעמ*,,,"לק""ג",10,ל 100 גרם,true,1,32.90,3.29,false,1,
356222,true,הרינג ים תיכוני,ישראגל,,,ל 100 גרם,10,ל 100 גרם,true,1,27.90,2.79,false,1,
356258,true,מקרל מעושן קטן,ישראגל,,,"לק""ג",10,ל 100 גרם,true,1,59.90,5.99,false,1,
356418,true,פילה  הרינג,ישראגל,,,"לק""ג",10,ל 100 גרם,true,1,46.90,4.69,false,1,
356425,true,פילה  מטיאס,ישראגל,,,"לק""ג",10,ל 100 גרם,true,1,46.90,4.69,false,1,
356449,true,שפרוטים מעושנים,ישראגל,,,"לק""ג",10,ל 100 גרם,true,1,69.90,6.99,false,1,
356470,true,מקרל פרוס בשמן מעדניה,ישראגל,,,"לק""ג",10,ל 100 גרם,true,1,89,8.90,false,1,
356630,true,פילה הרינג כבוש,ישראגל,,,"לק""ג",10,ל 100 גרם,true,1,46.90,4.69,false,1,
356951,true,סלומון פלטה פרוס,ישראגל,,,למטר,10,ל 100 גרם,true,1,189,18.90,false,1,
357808,true,גבינת  מוצרלה 21% שומן,ג.וילי פוד בעמ,,,ל 100 גרם,10,ל 100 גרם,true,1,58.90,5.89,false,1,
364278,true,סלסולי  סלמי איטלקי  120 גר`,תנובה ענף ב.ע.ד,,,יח,1.20,יח,false,1,13.90,11.58,false,1,
369341,true,לאבנה אבו גוש,גבינות עמיר ניצן בעמ,,,ל 100 גרם,10,ל 100 גרם,true,1,45,4.50,false,1,
395408,true,גבינת נועם 28%.,החברה המרכזית טלהפצת משקאות בע,,,ל 100 גרם,10,ל 100 גרם,true,1,44.79,4.48,false,1,
395422,true,גבינה חריץ 22%,החברה המרכזית טלהפצת משקאות בע,,,"לק""ג",10,ל 100 גרם,true,1,42.58,4.26,false,1,
402503,true,סטייק אנגוס  מיושן מחפוד.,עוף ירושלים שיווק בעמ,,,"לק""ג",1,"לק""ג",true,1,99,99,false,1,
416861,true,Spread cream 500 dairy premium-Hshachar,השחר העולה בעמ,,,יח,5,ל 100 גרם,false,1,21.90,4.38,false,1,
418131,true,טמפד סופר בודד,שקד תבל בעמ,,,יח,1,,false,1,5.90,5.90,false,1,
430102,true,אייס קוביות קרח.,אייס קיובס בעמ,,,יח,1,יח,false,1,8.90,8.90,false,1,
446127,true,פרכיות ללא מלח   BD*,בטר אנד דיפרנט בעמ,,,יח,1,ל 100 גרם,false,1,4.50,4.50,false,1,
446752,true,ממרח שומשום טעם חלבה 350ג B D,בטר אנד דיפרנט בעמ,,,יח,3.50,ל 100 גרם,false,1,13.50,3.86,false,1,
446943,true,פרכיות אורז מלא כוסמת BD,בטר אנד דיפרנט בעמ,,,יח,1,ל 100 גרם,false,1,4.50,4.50,false,1,
462141,true,הריסא זהבי 150,שטראוס גרופ בעמ (ח),,,יח,1,,false,1,8.90,8.90,false,1,
472542,true,"עמק  חריץ  (28% פ) בד""ץ",תנובה -חלב,,,"לק""ג",10,ל 100 גרם,true,1,44.79,4.48,false,1,
480561,true,סלק עלים  ברכת קטיף,"בכורי השדה צפון1994 ג.ד. בע""מ",,,יח,1,,false,1,5.90,5.90,false,1,
481531,true,10 לחמניות   אצבע חיטה מלא,דגנית עין בר תעשיות,,,יח,5,ל 100 גרם,false,1,12.90,2.58,false,1,
481883,true,10 לחמניות אצבע,דגנית עין בר תעשיות,,,יח,5,ל 100 גרם,false,1,12.90,2.58,false,1,
482019,true,שקיות קוקי 10,ש.שסטוביץ בעמ,,,יח,1,,false,1,10.90,10.90,false,1,
482033,true,שקיות קוקי ענק,ש.שסטוביץ בעמ,,,יח,1,,false,1,10.90,10.90,false,1,
509910,true,פיתה  רגיל,גיא שיווק טוב,,,יח,1,,false,1,1.60,1.60,false,1,
511434,true,אצבע שוקו א.ח.נכרי,מחלבת המושבה בעמ,,,ל 100 גרם,10,ל 100 גרם,true,1,63.90,6.39,false,1,
515106,true,"סולת ב""ש 1  ק""ג*",טחנות קמח שטיבל בש בעמ,,,יח,10,ל 100 גרם,false,1,5.50,0.55,false,1,
523804,true,"מלח ים עדין 1 ק""ג  צנצנת סוגת*",סוגת תעשיות בעמ,,,יח,10,ל 100 גרם,false,1,7.90,0.79,false,1,
523811,true,"מלח ים גס 1 ק""ג צנצנת סוגת *",סוגת תעשיות בעמ,,,יח,10,ל 100 גרם,false,1,7.90,0.79,false,1,
530024,true,תה מעושן רחב זוגלובק,זוגלובק שיווק בעמ,,,ל 100 גרם,10,ל 100 גרם,true,1,42.90,4.29,true,1,
530062,true,איטלקי מעושן זוגלובק,זוגלובק שיווק בעמ,,,ל 100 גרם,10,ל 100 גרם,true,1,78.90,7.89,true,1,
530192,true,סרוולד זוגלובק,זוגלובק שיווק בעמ,,,ל 100 גרם,10,ל 100 גרם,true,1,120,12,false,1,
530260,true,מרטדלה רחב זוגלובק,זוגלובק שיווק בעמ,,,ל 100 גרם,10,ל 100 גרם,true,1,36.90,3.69,true,1,
530369,true,גולן חזה הודו מעושן זוגלובק,זוגלובק שיווק בעמ,,,ל 100 גרם,10,ל 100 גרם,true,1,79.90,7.99,true,1,
530444,true,כתף בקר מעושן זוגלובק,זוגלובק שיווק בעמ,,,ל 100 גרם,10,ל 100 גרם,true,1,110,11,false,1,
531410,true,פסטרממיה בדבש זוגלובק,זוגלובק שיווק בעמ,,,ל 100 גרם,10,ל 100 גרם,true,1,79.90,7.99,true,1,
532400,true,חזה הודו בר.בי.קיו זוגלובק,זוגלובק שיווק בעמ,,,ל 100 גרם,10,ל 100 גרם,true,1,79.90,7.99,true,1,
532585,true,נקניק רוסטיבף חצוי זוגלובק,זוגלובק שיווק בעמ,,,ל 100 גרם,10,ל 100 גרם,true,1,139,13.90,false,1,
533377,true,פסטרמה עוף בגריל זוגלובק,זוגלובק שיווק בעמ,,,ל 100 גרם,10,ל 100 גרם,true,1,79.90,7.99,true,1,
533636,true,פסטרמה צלויה על לבנים זוגלובק,זוגלובק שיווק בעמ,,,ל 100 גרם,10,ל 100 גרם,true,1,79.90,7.99,true,1,
533681,true,פסטרמה מעושנת הבית זוגלובק,זוגלובק שיווק בעמ,,,ל 100 גרם,10,ל 100 גרם,true,1,79.90,7.99,true,1,
534718,true,תבור חזה הודו מעושן זוגלובק,זוגלובק שיווק בעמ,,,ל 100 גרם,10,ל 100 גרם,true,1,79.90,7.99,true,1,
534824,true,חזה חרמון מעושן זוגלובק,זוגלובק שיווק בעמ,,,ל 100 גרם,10,ל 100 גרם,true,1,55.90,5.59,true,1,
536743,true,קריספי סטיקס  תירס זוגלובק 500 גרם,זוגלובק שיווק בעמ,,,יח,5,ל 100 גרם,false,1,19.90,3.98,true,1,
537610,true,סלמי עממי זוגלובק,זוגלובק שיווק בעמ,,,ל 100 גרם,10,ל 100 גרם,true,1,49.90,4.99,true,1,
538099,true,פסטרממיה כפרית זוגלובק,זוגלובק שיווק בעמ,,,ל 100 גרם,10,ל 100 גרם,true,1,79.90,7.99,true,1,
538372,true,פיין אקסטרה קוניאק זוגלובק,זוגלובק שיווק בעמ,,,ל 100 גרם,10,ל 100 גרם,true,1,54.90,5.49,true,1,
553504,true,סטייק עיין חלק קפוא.,נטו מילנדה סחר בעמ*,,,"לק""ג",10,ל 100 גרם,true,1,64.90,6.49,true,1,
554006,true,קאשקאבלו,מחלבות גד שיווק 1992 בעמ,,,יח,10,ל 100 גרם,true,1,118,11.80,false,1,
554471,true,מוצרלה נקניק טבעי,מחלבות גד שיווק 1992 בעמ,,,יח,1,,false,1,17.30,17.30,false,1,
554532,true,צפתית עם מי מלח,מחלבות גד שיווק 1992 בעמ,,,יח,1,,false,1,13.90,13.90,false,1,
554754,true,מוצרלה כדורים מעדניה,מחלבות גד שיווק 1992 בעמ,,,ל 100 גרם,10,ל 100 גרם,true,1,87.14,8.71,false,1,
554815,true,מוצרלה גד נקניק טבעי א.ח נוכרי,מחלבות גד שיווק 1992 בעמ,,,ל 100 גרם,10,ל 100 גרם,true,1,77.90,7.79,false,1,
554891,true,בולגרית 5% ב.ד.צ,מחלבות גד שיווק 1992 בעמ,,,ל 100 גרם,10,ל 100 גרם,true,1,49.90,4.99,false,1,
555501,true,חיוב בקבוק בירה חוזר,טמפו משקאות בעמ,,,יח,1,,false,1,1.20,1.20,false,1,
555502,true,חיוב פיקדון פלסטיק או פחית,שונים,,,יח,1,,false,1,0.30,0.30,false,1,
555503,true,פיקדון שש בק ק,שונים,,,יח,1,,false,1,1.80,1.80,false,1,
555504,true,פיקדון רבעיה,שונים,,,יח,1,,false,1,1.20,1.20,false,1,
555506,true,פיקדון  מיכל סודה 30 ליטר,א.א צ יקו שיווק והפצה,,,יח,1,,false,1,45,45,false,1,
555514,true,פיקדון מיכל סודה 60 ליטר,שונים,,,יח,1,,false,1,55,55,false,1,
555519,true,חיוב פיקדון  12 יח`,טמפו משקאות בעמ,,,יח,1,,false,1,3.60,3.60,false,1,
555543,true,חיוב ארגז בירה חוזר,טמפו משקאות בעמ,,,יח,1,,false,1,23.40,23.40,false,1,
559907,true,פיצה משפחתית 100% גבינה 550 גרם מעדנות,תנובה ענף ב.ע.ד,,,ל 100 גרם,5,ל 100 גרם,false,1,19.90,3.98,false,1,
559914,true,פיצה משפחתית זיתים 550 גרם מעדנות,תנובה ענף ב.ע.ד,,,ל 100 גרם,5.50,ל 100 גרם,false,1,19.90,3.62,false,1,
571260,true,פילה סלמון  פרימיום בלדי,בלדי בעמ,,,"לק""ג",1,,true,1,69.90,69.90,false,1,
574028,true,לחם שחור מועשר +750,דגנית עין בר תעשיות,,,יח,7.50,ל 100 גרם,false,1,7.90,1.05,false,1,
574035,true,אחיד פרוס עין בר 750,דגנית עין בר תעשיות,,,יח,7.50,ל 100 גרם,false,1,5.90,0.79,false,1,
574066,true,שיפון קל 500 גר,דגנית עין בר תעשיות,,,יח,5,ל 100 גרם,false,1,13.90,2.78,false,1,
574141,true,לחם חיטה מלאה 750 גר ק,דגנית עין בר תעשיות,,,יח,7.50,ל 100 גרם,false,1,13.90,1.85,false,1,
574172,true,"קל מחיטה מלאה דגנית,",דגנית עין בר תעשיות,,,יח,1,,false,1,14.90,14.90,false,1,
574370,true,לחם שיפון 750  גר,דגנית עין בר תעשיות,,,יח,7.50,ל 100 גרם,false,1,14.90,1.99,false,1,
574455,true,לחם חיטה מלאה+כוסמין,דגנית עין בר תעשיות,,,יח,7.50,ל 100 גרם,false,1,14.90,1.99,false,1,
610403,true,חזה עוף  טרי ארוז חתם סופר,עוף ירושלים שיווק בעמ,,,"לק""ג",1,,true,1,34.90,34.90,true,1,
610410,true,כרעיים   עוף  טרי ארוז חתם סופר,עוף ירושלים שיווק בעמ,,,"לק""ג",1,,true,1,29.90,29.90,true,1,
610441,true,שוקיים  עוף  טרי ארוז חתם סופר,עוף ירושלים שיווק בעמ,,,"לק""ג",10,ל 100 גרם,true,1,32.90,3.29,false,1,
610465,true,כבד עוף  טרי ארוז חתם סופר,עוף ירושלים שיווק בעמ,,,"לק""ג",1,,true,1,23.90,23.90,false,1,
610472,true,לבבות  עוף  טרי ארוז חתם סופר,עוף ירושלים שיווק בעמ,,,"לק""ג",1,,true,1,31.90,31.90,false,1,
610489,true,שניצל   עוף  טרי ארוז חתם סופר,עוף ירושלים שיווק בעמ,,,"לק""ג",1,,true,1,36.90,36.90,false,1,
610496,true,סטייק פרגית עוף  טרי ארוז חתם סופר,עוף ירושלים שיווק בעמ,,,"לק""ג",1,,true,1,64.90,64.90,false,1,
611884,true,כבד עוף טרי,עוף עוז שיווק בעמ,,,"לק""ג",1,,true,1,18.90,18.90,false,1,
630076,true,עוף מס 2 עטרה,נטו מלינדה סחר בעמ,,,"לק""ג",10,ל 100 גרם,true,1,23.90,2.39,false,1,
631301,true,טחול עוף  קפוא ארוז,קורניש חן{1987} בעמ,,,"לק""ג",1,,true,1,64.90,64.90,false,1,
631387,true,טחול עוף חלק טרי,סגור עוף ירושלים,,,"לק""ג",1,,true,1,69.90,69.90,false,1,
631424,true,פרגיות עוף טרי,נטו מילנדה סחר בעמ*,,,"לק""ג",1,,true,1,69.90,69.90,true,1,
632209,true,חזה עוף עטרה,נטו מלינדה סחר בעמ,,,"לק""ג",10,ל 100 גרם,true,1,31.90,3.19,false,1,
632322,true,שניצל עוף חלק טרי מחפוד,נטו מלינדה סחר בעמ,,,"לק""ג",1,,true,1,44.90,44.90,true,1,
632391,true,כרעיים עוף עטרה,נטו מלינדה סחר בעמ,,,"לק""ג",1,,true,1,29.90,29.90,false,1,
632599,true,ירכיים עטרה,נטו מלינדה סחר בעמ,,,"לק""ג",10,ל 100 גרם,true,1,29.90,2.99,false,1,
632698,true,שוקיים עוף בית י,נטו מלינדה סחר בעמ,,,"לק""ג",1,,true,1,34.90,34.90,false,1,
633800,true,כנפיים עוף עטרה,נטו מלינדה סחר בעמ,,,"לק""ג",10,ל 100 גרם,true,1,14.90,1.49,false,1,
644783,true,מנות סלמון  ממותג-תנובה,תנובה ענף ב.ע.ד,,,"לק""ג",10,ל 100 גרם,true,1,89.90,8.99,false,1,
645106,true,פילה סלמון פרוס ש.רוזנרס,ש.רוזנרס בעמ,,,"לק""ג",10,ל 100 גרם,true,1,89.90,8.99,false,1,
645434,true,מנות פילה  סלמון בלי עור,ש.רוזנרס בעמ,,,"לק""ג",10,ל 100 גרם,true,1,99,9.90,false,1,
645742,true,פילה דניס,מאסטרפוד בעמ,,,"לק""ג",1,,true,1,114.90,114.90,false,1,
646114,true,כנף הודו  עטרה,נטו מלינדה סחר בעמ,,,"לק""ג",10,ל 100 גרם,true,1,16.90,1.69,false,1,
646299,true,פילה  נסיכת הנילוס תנובה,תנובה ענף ב.ע.ד,,,"לק""ג",10,ל 100 גרם,true,1,55.90,5.59,false,1,
666601,true,חיוב פיקדון פלסטיק  1.5,שונים,,,יח,1,,false,1,0.30,0.30,false,1,
666604,true,חיוב פיקדון פלסטיק  1.5  רבעיה,שונים,,,יח,1,,false,1,1.20,1.20,false,1,
666606,true,חיוב פיקדון פלסטיק  1.5  שישיה,שונים,,,יח,1,,false,1,1.80,1.80,false,1,
672919,true,טונה חומה פרוס בואקום,עת רן (1996) בעמ,,,"לק""ג",10,ל 100 גרם,true,1,39.90,3.99,false,1,
679440,true,משחה לתינוק  דר`פישר,"פישר  תעשיות פרמצביטות בע""מ",,,יח,1,ל 100 גרם,false,1,15.90,15.90,false,1,
685242,true,במבה מתוקה על סרט,קבוצת אוסם סחר שותפות מוגבלת,,,יח,0.30,ל 100 גרם,false,1,2.70,9,false,1,
728357,true,טומהוק סטייק עגלה  טרי    פרימיום,בקר תנובה -שותפות מוגבלת,,,"לק""ג",1,,true,1,159,159,false,1,
728418,true,דנבר סטייק עגלה  טרי פרימיום,בקר תנובה -שותפות מוגבלת,,,"לק""ג",1,,true,1,110,110,false,1,
728555,true,אונטריב עגלה   טרי פרימיום,בקר תנובה -שותפות מוגבלת,,,"לק""ג",1,,true,1,69.90,69.90,false,1,
728562,true,אונטריב עגלה  מחפוד   טרי פרימיום,בקר תנובה -שותפות מוגבלת,,,"לק""ג",1,,true,1,78.90,78.90,false,1,
728678,true,אנטריקוט  עגלה   טרי פרימיום,בקר תנובה -שותפות מוגבלת,,,"לק""ג",1,,true,1,199,199,false,1,
821829,true,סטייק עיין מסטר פוד,מאסטרפוד בעמ,,,"לק""ג",10,ל 100 גרם,true,1,49.90,4.99,false,1,
827702,true,סינטה  עגל מצונן  מחפוד,עוף ירושלים שיווק בעמ,,,"לק""ג",1,,true,1,139,139,false,1,
828282,true,"מוצר חיסול -10ש""ח",שונים,,,יח,0,יח,false,1,10,10,false,1,
913551,true,פסטרמה כפרית 400,תנובה ענף ב.ע.ד,,,יח,1,,false,1,22.90,22.90,false,1,
921414,true,הפרש מחיר,נגה גלידות שותפות מוגבלת,,,יח,1,,false,1,23.40,23.40,false,1,
934365,true,גרון הודו טרי חלק,עוף ירושלים שיווק בעמ,,,"לק""ג",1,,true,1,34.90,34.90,false,1,
969790,true,פיקניה  בקר קפוא מחפוד,עוף ירושלים שיווק בעמ,,,"לק""ג",10,ל 100 גרם,true,1,110,11,false,1,
990148,true,Classic Golden Sugar 1kg jar - Sugat,סוגת תעשיות בעמ,,,יח,1,"לק""ג",false,1,10.90,10.90,false,1,
1007464,true,מלכודת עכברים פתיון,יוגב נירה בעמ,,,יח,1,יח,false,1,5.90,5.90,false,1,
1121054,true,צמד חמד יחיעם,מעדני יחיעם (1993) בעמ,,,יח,8.50,ל 100 גרם,false,1,24.90,2.93,false,1,
1121092,true,פסטרמה עוף בגריל יחיעם,מעדני יחיעם (1993) בעמ,,,ל 100 גרם,10,ל 100 גרם,true,1,69,6.90,true,1,
1121931,true,קבנוס  מקסיקני  דק דק  125 גר`,מעדני יחיעם (1993) בעמ,,,יח,1.25,ל 100 גרם,false,1,14.90,11.92,true,1,
1123775,true,שווארמה פרגיות טיבון ויל,נטו מילנדה סחר בעמ*,,,יח,5,ל 100 גרם,false,1,26.90,5.38,false,1,
1123782,true,שווארמה הודו ק טיבון ויל 500 גרם,נטו מילנדה סחר בעמ*,,,יח,5,ל 100 גרם,false,1,25.90,5.18,false,1,
1124536,true,מג יק טעם תירס,נטו מילנדה סחר בעמ*,,,יח,0.70,ל 100 גרם,false,1,4.80,6.86,false,1,
1124611,true,שומן כבש טיבון ויל 200 גרם,נטו מילנדה סחר בעמ*,,,יח,2,ל 100 גרם,false,1,22.90,11.45,false,1,
1133484,true,פילה סלומון בלדי,בלדי בעמ,,,"לק""ג",10,ל 100 גרם,true,1,79.90,7.99,false,1,
1209042,true,רוסטביף עגל ברשת,נטו מלינדה סחר בעמ,,,"לק""ג",10,ל 100 גרם,true,1,59.90,5.99,false,1,
1209103,true,עוף טחון עטרה 500 גרם,נטו מלינדה סחר בעמ,,,יח,1,,false,1,11.90,11.90,false,1,
1209189,true,נקניקיות עוף חריפות עטרה 400 גרם,נטו מלינדה סחר בעמ,,,יח,5,ל 100 גרם,false,1,10.90,2.18,true,1,
1209264,true,טחון בקר מובחר,נטו מלינדה סחר בעמ,,,יח,5,ל 100 גרם,false,1,26.90,5.38,false,1,
1209349,true,עוף טרי עטרה,נטו מלינדה סחר בעמ,,,ל 100 גרם,1,,true,1,22.90,22.90,false,1,
1209356,true,כרעיים עוף טרי עטרה,נטו מלינדה סחר בעמ,,,"לק""ג",1,,true,1,32.90,32.90,true,1,
1209370,true,ירכיים  עוף טרי עטרה,נטו מלינדה סחר בעמ,,,ל 100 גרם,1,,true,1,29.90,29.90,false,1,
1209387,true,שוקיים   עוף טרי עטרה,נטו מלינדה סחר בעמ,,,ל 100 גרם,1,,true,1,34.90,34.90,false,1,
1209394,true,כנפיים  עוף טרי עטרה,נטו מלינדה סחר בעמ,,,ל 100 גרם,1,,true,1,16.90,16.90,false,1,
1209509,true,סטייק  עוף עטרה 800 גרם,נטו מלינדה סחר בעמ,,,יח,8,ל 100 גרם,false,1,26.90,3.36,false,1,
1209783,true,*סטייק מיושן עטרה/מחפוד,נטו מלינדה סחר בעמ,,,"לק""ג",1,,true,1,99,99,false,1,
1216057,true,"טחינה 1 ק""ג   אל  ארז*",סוגת תעשיות בעמ,,,יח,1,"לק""ג",false,1,28.90,28.90,false,1,
1216231,true,טחינה מלאה 500ג  אל ארז*,סוגת תעשיות בעמ,,,יח,5,ל 100 גרם,false,1,16.90,3.38,false,1,
1219108,true,"גפרורים  ""שווה""",י.ד יבוא קל בעמ,,,יח,1,,false,1,3.90,3.90,false,1,
1230604,true,סיר  קטן,סירב בעמ,,,יח,1,,false,1,45,45,false,1,
1326938,true,ספוג הפלא סנו סושי,החברה הדרומית לשיווק בעמ,,,יח,1,,false,1,10.90,10.90,false,1,
1335086,true,רגל פרוס   הקצבים,נתח אדום עוזי ביטון ובניו בעמ,,,"לק""ג",10,ל 100 גרם,true,1,34.90,3.49,false,1,
1335895,true,שיפודי כבד עגל,נתח אדום עוזי ביטון ובניו בעמ,,,יח,1,,false,1,29.90,29.90,false,1,
1455241,true,+פילה סלמון נורווגי קפואמארז,בלדי בעמ,,,"לק""ג",0,ל 100 גרם,true,1,79.90,79.90,false,1,
1468463,true,ספוג לפנים,נאמן לאורך זמן בעמ,,,יח,1,,false,1,13.90,13.90,false,1,
1468470,true,ספוג סיזל,נאמן לאורך זמן בעמ,,,יח,1,,false,1,13.90,13.90,false,1,
1468654,true,שעווה טבעית דבש 500,נאמן לאורך זמן בעמ,,,יח,4,ל 100 גרם,false,1,11.90,2.98,false,1,
1482049,true,הבולגריה בקוביות חתם סופר,ג.וילי פוד בעמ,,,ל 100 גרם,10,ל 100 גרם,true,1,74.90,7.49,false,1,
1552025,true,קוסקוס מוכן של אמא מטעמי פאר 800 גרם,מטעמי פאר,,,יח,8,ל 100 גרם,false,1,14.90,1.86,false,1,
1552049,true,קוסקוס מרוקאי סולטנה 800 גרם,מטעמי פאר,,,ל 100 גרם,8,ל 100 גרם,false,1,14.90,1.86,false,1,
1555501,true,בקבוק בירה  ק(זיכוי),טמפו משקאות בעמ,,,יח,1,,false,1,1.20,1.20,false,1,
1555502,true,פלס  או פחית ק(זיכוי  ),שונים,,,יח,1,,false,1,0.30,0.30,false,1,
1555543,true,ארגז מכבי גולדסטאר נשר איגל,טמפו משקאות בעמ,,,יח,1,,false,1,23.40,23.40,false,1,
1555545,true,פלסטיק קלסברג טובורג גולדסטאר,החברה המרכזית להפצת משקאות בע,,,יח,1,,false,1,23.40,23.40,false,1,
1567043,true,פסטרמה מעודנת על גחלים יחיעם,מעדני יחיעם (1993) בעמ,,,ל 100 גרם,10,ל 100 גרם,true,1,49,4.90,true,1,
1567142,true,סלמי  תה יחיעם,מעדני יחיעם (1993) בעמ,,,ל 100 גרם,10,ל 100 גרם,true,1,45,4.50,true,1,
1594155,true,"קוקה קולה 500 ח""פ",החברה המרכזית להפצת משקאות בע,,,יח,5,"ל100 מ""ל",false,1,7.90,1.52,false,1,
1594230,true,קינלי סודה קלאסי 250,החברה המרכזית להפצת משקאות בע,,,יח,2.50,"ל100 מ""ל",false,1,3.60,1.32,true,1,
1594377,true,פריגת תפוזים 500,החברה המרכזית להפצת משקאות בע,,,יח,5,"ל100 מ""ל",false,1,7.90,1.52,true,1,
1594384,true,פריגת אשכוליות 500,החברה המרכזית להפצת משקאות בע,,,יח,5,"ל100 מ""ל",false,1,7.90,1.52,true,1,
1594391,true,פריגת ענבים 500,החברה המרכזית להפצת משקאות בע,,,יח,5,"ל100 מ""ל",false,1,7.90,1.52,true,1,
1594810,true,טורבוג מאלט 330 6,החברה המרכזית להפצת משקאות בע,,,יח,15,"ל100 מ""ל",false,1,26.90,1.67,false,1,
1594858,true,טורבוג  6בק  330,החברה המרכזית להפצת משקאות בע,,,יח,15,"ל100 מ""ל",false,1,34.90,2.21,true,1,
1594865,true,"קרלסברג  שישייה  330 מ""ל",החברה המרכזית להפצת משקאות בע,,,יח,1.98,לליטר,false,1,34.90,16.72,true,1,
1619001,true,פפריקה מתוקה,נפטון מוצרי מזון 1990 בעמ,,,ל 100 גרם,10,ל 100 גרם,true,1,35,3.50,false,1,
1619003,true,חטיף סויה א.צ,קליית חממה א.י 2011 בעמ,,,ל 100 גרם,10,ל 100 גרם,true,1,89,8.90,false,1,
1619018,true,פפריקה חריפה,נפטון מוצרי מזון 1990 בעמ,,,"לק""ג",10,ל 100 גרם,true,1,33,3.30,false,1,
1619025,true,פפריקה  גרוסה,נפטון מוצרי מזון 1990 בעמ,,,"לק""ג",10,ל 100 גרם,true,1,35,3.50,false,1,
1619032,true,מקלות קינמון,נפטון מוצרי מזון 1990 בעמ,,,"לק""ג",10,ל 100 גרם,true,1,59,5.90,false,1,
1619049,true,חילבה גרוס,נפטון מוצרי מזון 1990 בעמ,,,"לק""ג",10,ל 100 גרם,true,1,25,2.50,false,1,
1619056,true,כמון טחון,נפטון מוצרי מזון 1990 בעמ,,,ל 100 גרם,10,ל 100 גרם,true,1,49,4.90,false,1,
1619070,true,כורכום  טחון,נפטון מוצרי מזון 1990 בעמ,,,ל 100 גרם,10,ל 100 גרם,true,1,49,4.90,false,1,
1619094,true,אבקת שום,נפטון מוצרי מזון 1990 בעמ,,,"לק""ג",10,ל 100 גרם,true,1,69,6.90,false,1,
1619100,true,קימל טחון,נפטון מוצרי מזון 1990 בעמ,,,"לק""ג",10,ל 100 גרם,true,1,59,5.90,false,1,
1619117,true,טימין,נפטון מוצרי מזון 1990 בעמ,,,"לק""ג",10,ל 100 גרם,true,1,79,7.90,false,1,
1619124,true,כוסברה  טחון,נפטון מוצרי מזון 1990 בעמ,,,"לק""ג",10,ל 100 גרם,true,1,39,3.90,false,1,
1619148,true,פלפל אנגלי שלם,נפטון מוצרי מזון 1990 בעמ,,,"לק""ג",10,ל 100 גרם,true,1,69,6.90,false,1,
1619179,true,תבלין לעוף,נפטון מוצרי מזון 1990 בעמ,,,"לק""ג",10,ל 100 גרם,true,1,59,5.90,false,1,
1619186,true,תבלין/גריל  לדגים,נפטון מוצרי מזון 1990 בעמ,,,"לק""ג",10,ל 100 גרם,true,1,59,5.90,false,1,
1619193,true,חוויג  למרק/אפיה,נפטון מוצרי מזון 1990 בעמ,,,"לק""ג",10,ל 100 גרם,true,1,59,5.90,false,1,
1619209,true,קארי,נפטון מוצרי מזון 1990 בעמ,,,"לק""ג",10,ל 100 גרם,true,1,59,5.90,false,1,
1619216,true,זנגביל  טחון/גרוס,נפטון מוצרי מזון 1990 בעמ,,,"לק""ג",10,ל 100 גרם,true,1,59,5.90,false,1,
1619223,true,מסלת דגים,נפטון מוצרי מזון 1990 בעמ,,,"לק""ג",10,ל 100 גרם,true,1,70,7,false,1,
1619230,true,שטה טחון,נפטון מוצרי מזון 1990 בעמ,,,"לק""ג",10,ל 100 גרם,true,1,45,4.50,false,1,
1619247,true,שטה שלם,נפטון מוצרי מזון 1990 בעמ,,,"לק""ג",10,ל 100 גרם,true,1,45,4.50,false,1,
1619254,true,מלח לימון,נפטון מוצרי מזון 1990 בעמ,,,"לק""ג",10,ל 100 גרם,true,1,29,2.90,false,1,
1619261,true,פלפל לבן שלם/טחון,נפטון מוצרי מזון 1990 בעמ,,,"לק""ג",10,ל 100 גרם,true,1,119,11.90,false,1,
1619278,true,גרם מסלה,נפטון מוצרי מזון 1990 בעמ,,,"לק""ג",10,ל 100 גרם,true,1,70,7,false,1,
1619285,true,אגוז מוסקט  טחון,נפטון מוצרי מזון 1990 בעמ,,,"לק""ג",10,ל 100 גרם,true,1,149,14.90,false,1,
1619292,true,מסלת בשר,נפטון מוצרי מזון 1990 בעמ,,,"לק""ג",10,ל 100 גרם,true,1,69,6.90,false,1,
1619308,true,פלפל שחור טחון,נפטון מוצרי מזון 1990 בעמ,,,"לק""ג",10,ל 100 גרם,true,1,69,6.90,false,1,
1619315,true,פלפל שחור גרוס,נפטון מוצרי מזון 1990 בעמ,,,"לק""ג",10,ל 100 גרם,true,1,69,6.90,false,1,
1619322,true,תבלין לקציצות,נפטון מוצרי מזון 1990 בעמ,,,"לק""ג",10,ל 100 גרם,true,1,69,6.90,false,1,
1619346,true,אורגנו,נפטון מוצרי מזון 1990 בעמ,,,"לק""ג",10,ל 100 גרם,true,1,59,5.90,false,1,
1619353,true,עלי דפנה,נפטון מוצרי מזון 1990 בעמ,,,"לק""ג",10,ל 100 גרם,true,1,69,6.90,false,1,
1619360,true,פטרוזליה עלים,נפטון מוצרי מזון 1990 בעמ,,,"לק""ג",10,ל 100 גרם,true,1,79,7.90,false,1,
1619377,true,סודה  לשתיה,נפטון מוצרי מזון 1990 בעמ,,,"לק""ג",10,ל 100 גרם,true,1,11.90,1.19,false,1,
1619391,true,הל טחון,נפטון מוצרי מזון 1990 בעמ,,,"לק""ג",10,ל 100 גרם,true,1,239,23.90,false,1,
1619414,true,בזיליקום,נפטון מוצרי מזון 1990 בעמ,,,"לק""ג",10,ל 100 גרם,true,1,69,6.90,false,1,
1619421,true,שום גבישי,נפטון מוצרי מזון 1990 בעמ,,,"לק""ג",10,ל 100 גרם,true,1,79,7.90,false,1,
1619445,true,רוזמרין,נפטון מוצרי מזון 1990 בעמ,,,"לק""ג",10,ל 100 גרם,true,1,49,4.90,false,1,
1619452,true,בהרט,נפטון מוצרי מזון 1990 בעמ,,,"לק""ג",10,ל 100 גרם,true,1,69,6.90,false,1,
1619469,true,ציפורן  שלם,נפטון מוצרי מזון 1990 בעמ,,,"לק""ג",10,ל 100 גרם,true,1,139,13.90,false,1,
1619476,true,קמח חומוס/טחון גונדי,נפטון מוצרי מזון 1990 בעמ,,,"לק""ג",10,ל 100 גרם,false,1,22.90,2.29,false,1,
1619483,true,חילבה שלם,נפטון מוצרי מזון 1990 בעמ,,,"לק""ג",10,ל 100 גרם,true,1,25,2.50,false,1,
1619506,true,סומק,נפטון מוצרי מזון 1990 בעמ,,,"לק""ג",10,ל 100 גרם,true,1,59,5.90,false,1,
1619520,true,תבלין לקוסקוס,א.ל ייצור ושיווק תבלינים בעמ,,,"לק""ג",10,ל 100 גרם,true,1,59,5.90,false,1,
1619537,true,שומר בשבש טחון,נפטון מוצרי מזון 1990 בעמ,,,"לק""ג",10,ל 100 גרם,true,1,49,4.90,false,1,
1619551,true,שמיר,נפטון מוצרי מזון 1990 בעמ,,,"לק""ג",10,ל 100 גרם,true,1,89,8.90,false,1,
1619568,true,שיני שום,נפטון מוצרי מזון 1990 בעמ,,,"לק""ג",10,ל 100 גרם,true,1,79,7.90,false,1,
1619582,true,חרדל צהוב/שחור,נפטון מוצרי מזון 1990 בעמ,,,"לק""ג",10,ל 100 גרם,true,1,49,4.90,false,1,
1619599,true,תבלין על האש,נפטון מוצרי מזון 1990 בעמ,,,"לק""ג",10,ל 100 גרם,true,1,69,6.90,false,1,
1619605,true,תבלין לפיצה,נפטון מוצרי מזון 1990 בעמ,,,"לק""ג",10,ל 100 גרם,true,1,59,5.90,false,1,
1619636,true,משיה  טחון,תבלני בר (ד.ב) בעמ,,,"לק""ג",10,ל 100 גרם,true,1,250,25,false,1,
1619643,true,אניס,נפטון מוצרי מזון 1990 בעמ,,,"לק""ג",10,ל 100 גרם,true,1,79,7.90,false,1,
1619667,true,זעתר  ושומשום,נפטון מוצרי מזון 1990 בעמ,,,"לק""ג",10,ל 100 גרם,true,1,59,5.90,false,1,
1619681,true,תבלין לשוארמה,נפטון מוצרי מזון 1990 בעמ,,,"לק""ג",10,ל 100 גרם,true,1,69,6.90,false,1,
1619704,true,גרעיני פשתן,נפטון מוצרי מזון 1990 בעמ,,,"לק""ג",10,ל 100 גרם,true,1,17,1.70,false,1,
1619742,true,מרק עוף משקל,נפטון מוצרי מזון 1990 בעמ,,,"לק""ג",10,ל 100 גרם,true,1,17,1.70,false,1,
1619759,true,לואיזה,נפטון מוצרי מזון 1990 בעמ,,,"לק""ג",10,ל 100 גרם,true,1,199,19.90,false,1,
1619827,true,מקלות וניל,נפטון מוצרי מזון 1990 בעמ,,,יח,10,ל 100 גרם,false,1,12,1.20,false,1,
1619919,true,קווקר דק,סיגמה גריינס אחזקות 2008 בעמ,,,"לק""ג",10,ל 100 גרם,true,1,8.90,0.89,false,1,
1619926,true,בונדוק מסוכר,קליית חממה א.י 2011 בעמ,,,"לק""ג",10,ל 100 גרם,true,1,119,11.90,false,1,
1619964,true,פרג,"א.מ.ס.ש ניהול והשקעות בע,מ",,,"לק""ג",10,ל 100 גרם,true,1,49,4.90,false,1,
1620007,true,שקד טחון,שקרצי בעמ,,,"לק""ג",10,"ל100 ס""מ",true,1,79,7.90,false,1,
1620021,true,קוסקוס בינוני,סיגמה גריינס אחזקות 2008 בעמ,,,"לק""ג",10,ל 100 גרם,true,1,11.90,1.19,false,1,
1620038,true,לימון פרסי כהה,נפטון מוצרי מזון 1990 בעמ,,,"לק""ג",10,ל 100 גרם,true,1,89,8.90,false,1,
1620045,true,צימוק חום תפז*,"עדין בע""מ",,,"לק""ג",10,ל 100 גרם,true,1,25,2.50,false,1,
1620052,true,"צימוק לבן ג`מבו תפז 13.6 ק""ג*",שושן (פירות)יבשים בעמ,,,"לק""ג",10,ל 100 גרם,true,1,39,3.90,false,1,
1620069,true,משמש תפז*,שושן (פירות)יבשים בעמ,,,"לק""ג",10,ל 100 גרם,true,1,49,4.90,false,1,
1620076,true,אננס תפז משקל *.,שושן (פירות)יבשים בעמ,,,"לק""ג",10,ל 100 גרם,true,1,39,3.90,false,1,
1620090,true,תאנים תפז  משקל*,שושן (פירות)יבשים בעמ,,,"לק""ג",10,ל 100 גרם,true,1,45,4.50,false,1,
1620113,true,בננה ציפס תפזורת,שושן (פירות)יבשים בעמ,,,"לק""ג",10,ל 100 גרם,true,1,29,2.90,false,1,
1620120,true,אגוזי מלך מקולף*,שושן (פירות)יבשים בעמ,,,ל 100 גרם,10,ל 100 גרם,true,1,55,5.50,false,1,
1620137,true,פקאן מקולף  תפזורת*,שושן (פירות)יבשים בעמ,,,"לק""ג",10,ל 100 גרם,true,1,89,8.90,false,1,
1620144,true,שקד מקולף  אמרקאי*,שושן (פירות)יבשים בעמ,,,"לק""ג",10,ל 100 גרם,true,1,79,7.90,false,1,
1620168,true,מיקס פירות אורגני,קליית חממה א.י 2011 בעמ,,,"לק""ג",10,ל 100 גרם,true,1,96,9.60,false,1,
1620199,true,בונדוק מקולף  תפז*,"עדין בע""מ",,,"לק""ג",10,ל 100 גרם,true,1,85,8.50,false,1,
1620205,true,קשיו טבעי תפז*,יוסף לוי-עסקי מזון בעמ,,,"לק""ג",10,ל 100 גרם,true,1,75,7.50,false,1,
1620211,true,פירות קופאים  25.,מאיר עבודי - פירות קפואים,,,"לק""ג",10,ל 100 גרם,true,1,25,2.50,false,1,
1620212,true,צנובר במשקל,"עדין בע""מ",,,"לק""ג",10,ל 100 גרם,true,1,189,18.90,false,1,
1620213,true,פירות קופאים 27,מאיר עבודי - פירות קפואים,,,"לק""ג",10,יח,true,1,27,2.70,false,1,
1620217,true,פרוזן/ ללא סוכר,מאיר עבודי - פירות קפואים,,,יח,1,,false,1,6.90,6.90,false,1,
1620229,true,חמניות מקולף  *,שקרצי בעמ,,,"לק""ג",10,ל 100 גרם,true,1,25,2.50,false,1,
1620236,true,פיסטוק מקולף תפז*,"עדין בע""מ",,,"לק""ג",10,ל 100 גרם,true,1,129,12.90,false,1,
1620243,true,שקד מולבן,"עדין בע""מ",,,"לק""ג",10,ל 100 גרם,true,1,79,7.90,false,1,
1620250,true,שומשום לבן ש.,סיגמה גריינס אחזקות 2008 בעמ,,,"לק""ג",10,ל 100 גרם,true,1,25,2.50,false,1,
1620267,true,שומשום חום ש.,נפטון מוצרי מזון 1990 בעמ,,,"לק""ג",10,ל 100 גרם,true,1,30,3,false,1,
1620274,true,קוקוס ש.,סיגמה גריינס אחזקות 2008 בעמ,,,"לק""ג",10,ל 100 גרם,true,1,26.90,2.69,false,1,
1620311,true,שעועית ארגנטינאית,סיגמה גריינס אחזקות 2008 בעמ,,,"לק""ג",10,ל 100 גרם,true,1,17.90,1.79,false,1,
1620328,true,שעועית אדומה ש.,סיגמה גריינס אחזקות 2008 בעמ,,,"לק""ג",10,ל 100 גרם,true,1,15.90,1.59,false,1,
1620335,true,שעועית לוביה,א.ג.מ סחר מזון בעמ,,,"לק""ג",10,ל 100 גרם,true,1,15.90,1.59,false,1,
1620373,true,חומוס ספרדי ש.,סיגמה גריינס אחזקות 2008 בעמ,,,"לק""ג",10,ל 100 גרם,true,1,19.90,1.99,false,1,
1620380,true,חיטה,א.ג.מ סחר מזון בעמ,,,ל 100 גרם,10,ל 100 גרם,true,1,7,0.70,false,1,
1620397,true,פול יבש גדול ש.,סיגמה גריינס אחזקות 2008 בעמ,,,"לק""ג",10,ל 100 גרם,true,1,16.90,1.69,false,1,
1620410,true,אפונה ירוקה חצאים,א.ג.מ סחר מזון בעמ,,,"לק""ג",10,ל 100 גרם,true,1,9.90,0.99,false,1,
1620434,true,עדשים ירוקים ש.,א.ג.מ סחר מזון בעמ,,,"לק""ג",10,ל 100 גרם,true,1,10,1,false,1,
1620441,true,עדשים  אדום ש.,סיגמה גריינס אחזקות 2008 בעמ,,,"לק""ג",10,ל 100 גרם,true,1,15,1.50,false,1,
1620458,true,תירס ש.,א.ג.מ סחר מזון בעמ,,,"לק""ג",10,ל 100 גרם,true,1,9,0.90,false,1,
1620465,true,תירס שבור ש.,א.ג.מ סחר מזון בעמ,,,"לק""ג",10,ל 100 גרם,true,1,8,0.80,false,1,
1620472,true,חמניה במלח  קלוי,קליית חממה א.י 2011 בעמ,,,ל 100 גרם,10,ל 100 גרם,true,1,27,2.70,false,1,
1620502,true,גרעיני אבטיח קלוי,קליית חממה א.י 2011 בעמ,,,ל 100 גרם,10,ל 100 גרם,true,1,59,5.90,false,1,
1620519,true,גרעיני דלעת קלוי,קליית חממה א.י 2011 בעמ,,,"לק""ג",10,ל 100 גרם,true,1,49,4.90,false,1,
1620526,true,"קשיו ג`מבו (10  ק""ג)*",קליית חממה א.י 2011 בעמ,,,"לק""ג",10,ל 100 גרם,true,1,89,8.90,false,1,
1620533,true,שקד אמריקאי קלוי,קליית חממה א.י 2011 בעמ,,,"לק""ג",10,ל 100 גרם,true,1,89,8.90,false,1,
1620540,true,פיסטוק  חלבי,קליית חממה א.י 2011 בעמ,,,"לק""ג",10,ל 100 גרם,true,1,89,8.90,false,1,
1620557,true,אגוז מלך טחון,שקרצי בעמ,,,"לק""ג",10,ל 100 גרם,true,1,59,5.90,false,1,
1620564,true,בוטנים  ענק קלוי,קליית חממה א.י 2011 בעמ,,,"לק""ג",10,ל 100 גרם,true,1,39,3.90,false,1,
1620588,true,אלמנדוס,שקרצי בעמ,,,ל 100 גרם,10,ל 100 גרם,true,1,39,3.90,false,1,
1620595,true,פול ענק מטוגן,קליית חממה א.י 2011 בעמ,,,"לק""ג",10,ל 100 גרם,true,1,45,4.50,false,1,
1620618,true,רבונדוק קלוי,קליית חממה א.י 2011 בעמ,,,"לק""ג",10,ל 100 גרם,true,1,79,7.90,false,1,
1620649,true,פקאן מסוכר*,מדגן בעמ,,,"לק""ג",10,ל 100 גרם,true,1,90,9,false,1,
1620656,true,שקדים מסוכרים,קליית חממה א.י 2011 בעמ,,,"לק""ג",10,ל 100 גרם,true,1,99,9.90,false,1,
1620663,true,בוטנים מסוכרים,קליית חממה א.י 2011 בעמ,,,"לק""ג",10,ל 100 גרם,true,1,39,3.90,false,1,
1620670,true,קשיו מסוכר,קליית חממה א.י 2011 בעמ,,,"לק""ג",10,ל 100 גרם,true,1,109,10.90,false,1,
1620700,true,תבלין למעורב ירושלמי,נפטון מוצרי מזון 1990 בעמ,,,"לק""ג",10,ל 100 גרם,true,1,59,5.90,false,1,
1620717,true,תירס מטוגן.,סיגמה גריינס אחזקות 2008 בעמ,,,"לק""ג",10,ל 100 גרם,true,1,49,4.90,false,1,
1620724,true,בוטנים אמרקאי,שקרצי בעמ,,,"לק""ג",10,ל 100 גרם,true,1,30,3,false,1,
1620731,true,קבוקים,שקרצי בעמ,,,ל 100 גרם,10,ל 100 גרם,true,1,29.90,2.99,false,1,
1620748,true,מיקס תאילנדי,קליית חממה א.י 2011 בעמ,,,"לק""ג",10,ל 100 גרם,true,1,70,7,false,1,
1620755,true,שקד בקליפה,קליית חממה א.י 2011 בעמ,,,"לק""ג",10,ל 100 גרם,true,1,65,6.50,false,1,
1620762,true,בוטנים בקליפה קלוי,קליית חממה א.י 2011 בעמ,,,"לק""ג",10,ל 100 גרם,true,1,24,2.40,false,1,
1620779,true,שבבי  בוטנים*,שקרצי בעמ,,,"לק""ג",10,ל 100 גרם,true,1,32,3.20,false,1,
1620793,true,פקאן בקליפה,קליית חממה א.י 2011 בעמ,,,"לק""ג",10,ל 100 גרם,true,1,89,8.90,false,1,
1620816,true,גרעיני דלעת מקולף*,"עדין בע""מ",,,"לק""ג",10,ל 100 גרם,true,1,50,5,false,1,
1620823,true,שעועית בובס ש.,סיגמה גריינס אחזקות 2008 בעמ,,,"לק""ג",10,ל 100 גרם,true,1,18.90,1.89,false,1,
1620854,true,תערובת טוסקנה,נפטון מוצרי מזון 1990 בעמ,,,"לק""ג",10,ל 100 גרם,true,1,79,7.90,false,1,
1620861,true,רביולי  קלוי,קליית חממה א.י 2011 בעמ,,,"לק""ג",10,ל 100 גרם,true,1,69,6.90,false,1,
1620878,true,אפונה קלויה,קליית חממה א.י 2011 בעמ,,,"לק""ג",10,ל 100 גרם,true,1,40,4,false,1,
1620908,true,צ ימיצ ורי,נפטון מוצרי מזון 1990 בעמ,,,"לק""ג",10,ל 100 גרם,true,1,79,7.90,false,1,
1620915,true,סוכריות תפז  ש,אליאס וקסמן בע,,,"לק""ג",10,ל 100 גרם,true,1,19.90,1.99,false,1,
1620922,true,כוסמת קלויה ש.,א.ג.מ סחר מזון בעמ,,,"לק""ג",10,ל 100 גרם,true,1,10.90,1.09,false,1,
1620939,true,ג`ישה,חממה מאיר סחר {1996} בעמ,,,"לק""ג",10,ל 100 גרם,true,1,9,0.90,false,1,
1620960,true,מש שוק מימון,א.ג.מ סחר מזון בעמ,,,"לק""ג",10,ל 100 גרם,true,1,14,1.40,false,1,
1620991,true,קינוואה,א.ג.מ סחר מזון בעמ,,,"לק""ג",10,ל 100 גרם,true,1,25,2.50,false,1,
1621004,true,גרעיני טלזה,קליית חממה א.י 2011 בעמ,,,"לק""ג",10,ל 100 גרם,true,1,49,4.90,false,1,
1621172,true,אננס טבעי  תפזורת*,"עדין בע""מ",,,"לק""ג",10,ל 100 גרם,true,1,69,6.90,false,1,
1621189,true,תבלין לפרגיות,נפטון מוצרי מזון 1990 בעמ,,,"לק""ג",10,ל 100 גרם,true,1,59,5.90,false,1,
1621257,true,חטיפים מתוקים,טופ מתוק ו.ק בעמ,,,"לק""ג",10,ל 100 גרם,true,1,29,2.90,false,1,
1621271,true,צלי בקר/גולש,נפטון מוצרי מזון 1990 בעמ,,,"לק""ג",10,ל 100 גרם,true,1,59,5.90,false,1,
1621288,true,שטה גרוס צ לי,נפטון מוצרי מזון 1990 בעמ,,,"לק""ג",10,ל 100 גרם,true,1,45,4.50,false,1,
1621301,true,כוסברה עלים,נפטון מוצרי מזון 1990 בעמ,,,"לק""ג",10,ל 100 גרם,true,1,99,9.90,false,1,
1621318,true,בורגול עבה,סיגמה גריינס אחזקות 2008 בעמ,,,"לק""ג",10,ל 100 גרם,true,1,9,0.90,false,1,
1621325,true,שומשום שחור.,א.ג.מ סחר מזון בעמ,,,"לק""ג",10,ל 100 גרם,true,1,49,4.90,false,1,
1621349,true,בוטנים מקולף טבעי חצוי,שקרצי בעמ,,,"לק""ג",10,ל 100 גרם,true,1,27,2.70,false,1,
1621370,true,מנצ ס  קלוי,קליית חממה א.י 2011 בעמ,,,"לק""ג",10,ל 100 גרם,true,1,59,5.90,false,1,
1621424,true,קוואקר עבה,חממה מאיר סחר {1996} בעמ,,,"לק""ג",1,,true,1,8.90,8.90,false,1,
1621615,true,פקאן מקולף קלוי,קליית חממה א.י 2011 בעמ,,,"לק""ג",10,"לק""ג",true,1,109,10.90,false,1,
1621653,true,תמר בונבן מובחר,שקרצי בעמ,,,"לק""ג",10,ל 100 גרם,true,1,49.90,4.99,false,1,
1621677,true,אגוז ברזיל תפזורת  *,"עדין בע""מ",,,"לק""ג",10,ל 100 גרם,true,1,89,8.90,false,1,
1621691,true,נבט סוכר,א.ל ייצור ושיווק תבלינים בעמ,,,"לק""ג",10,ל 100 גרם,true,1,29,2.90,false,1,
1621707,true,חמוציות ללא סוכר*,"עדין בע""מ",,,"לק""ג",10,ל 100 גרם,true,1,59,5.90,false,1,
1621738,true,קראנץ,שקרצי בעמ,,,"לק""ג",10,ל 100 גרם,true,1,45,4.50,false,1,
1621745,true,מיסי  קראנץ,קליית חממה א.י 2011 בעמ,,,"לק""ג",10,ל 100 גרם,true,1,69,6.90,false,1,
1621752,true,פילדלפיה גריל אמרקאי,נפטון מוצרי מזון 1990 בעמ,,,"לק""ג",10,ל 100 גרם,true,1,59,5.90,false,1,
1621783,true,פול שבור ש.,סיגמה גריינס אחזקות 2008 בעמ,,,"לק""ג",10,ל 100 גרם,true,1,8,0.80,false,1,
1621837,true,קצח,נפטון מוצרי מזון 1990 בעמ,,,"לק""ג",10,ל 100 גרם,true,1,59,5.90,false,1,
1621851,true,גוצי ברי,א.ג.מ סחר מזון בעמ,,,"לק""ג",10,ל 100 גרם,true,1,89,8.90,false,1,
1621936,true,קורקנט בוטנים,שקרצי בעמ,,,"לק""ג",10,ל 100 גרם,true,1,39,3.90,false,1,
1622018,true,סוכריות גומי משקל,אליאס וקסמן בע,,,ל 100 גרם,10,ל 100 גרם,true,1,35.90,3.59,false,1,
1622049,true,קורקנט לוז,שקרצי בעמ,,,"לק""ג",10,ל 100 גרם,true,1,69,6.90,false,1,
1622087,true,קוקוס פרוס,חממה מאיר סחר {1996} בעמ,,,"לק""ג",10,ל 100 גרם,true,1,49.90,4.99,false,1,
1622155,true,ריזוטו קלוי,קליית חממה א.י 2011 בעמ,,,"לק""ג",10,ל 100 גרם,true,1,69,6.90,false,1,
1622162,true,חומוס קלוי,קליית חממה א.י 2011 בעמ,,,"לק""ג",10,ל 100 גרם,true,1,39,3.90,false,1,
1622186,true,"שוקולדים מובחרים בד""ץ",ק.א שוקולד בעמ,,,"לק""ג",10,ל 100 גרם,true,1,69,6.90,false,1,
1622193,true,תמר שרביט תפז*.,שושן (פירות)יבשים בעמ,,,"לק""ג",10,ל 100 גרם,true,1,26,2.60,false,1,
1622300,true,פלפל חריף  אדום יבש,עמוס אזרד,,,"לק""ג",10,ל 100 גרם,true,1,36,3.60,false,1,
1622301,true,בוטנים טבעי,שונים,,,"לק""ג",10,ל 100 גרם,true,1,27,2.70,false,1,
1622302,true,קוסקוס עבה,סיגמה גריינס אחזקות 2008 בעמ,,,"לק""ג",1,,true,1,11.90,11.90,false,1,
1622304,true,פול מקולף מטוגן,קליית חממה א.י 2011 בעמ,,,ל 100 גרם,10,ל 100 גרם,true,1,45,4.50,false,1,
1622305,true,פיסטוק  קטן,קליית חממה א.י 2011 בעמ,,,"לק""ג",10,ל 100 גרם,true,1,89,8.90,false,1,
1622306,true,שקד חסן,קליית חממה א.י 2011 בעמ,,,"לק""ג",10,ל 100 גרם,true,1,89,8.90,false,1,
1622307,true,פקאן פררו,קליית חממה א.י 2011 בעמ,,,"לק""ג",10,ל 100 גרם,true,1,90,9,false,1,
1622308,true,בצל מטוגן,נפטון מוצרי מזון 1990 בעמ,,,"לק""ג",10,ל 100 גרם,true,1,79,7.90,false,1,
1622309,true,פקאן  חלבה,קליית חממה א.י 2011 בעמ,,,"לק""ג",10,ל 100 גרם,true,1,90,9,false,1,
1622310,true,שקד  גפרור,"עדין בע""מ",,,"לק""ג",10,ל 100 גרם,true,1,79,7.90,false,1,
1622311,true,שקד  חצוי,"עדין בע""מ",,,"לק""ג",10,ל 100 גרם,true,1,79,7.90,false,1,
1622312,true,שקד שלם,"עדין בע""מ",,,"לק""ג",10,ל 100 גרם,true,1,79,7.90,false,1,
1622316,true,תבלין שום שמיר  לדגים,נפטון מוצרי מזון 1990 בעמ,,,"לק""ג",10,ל 100 גרם,true,1,59,5.90,false,1,
1622317,true,חילבה  טחון,נפטון מוצרי מזון 1990 בעמ,,,"לק""ג",10,ל 100 גרם,true,1,25,2.50,false,1,
1622318,true,פלפל אנגלי  טחון,נפטון מוצרי מזון 1990 בעמ,,,"לק""ג",10,ל 100 גרם,true,1,69,6.90,false,1,
1622319,true,קימל שלם,נפטון מוצרי מזון 1990 בעמ,,,"לק""ג",10,ל 100 גרם,true,1,59,5.90,false,1,
1622320,true,כוסברה  הודי שלם,נפטון מוצרי מזון 1990 בעמ,,,"לק""ג",10,ל 100 גרם,true,1,39,3.90,false,1,
1622321,true,הל שלם,נפטון מוצרי מזון 1990 בעמ,,,"לק""ג",10,ל 100 גרם,true,1,259,25.90,false,1,
1622322,true,קוקוס קלוי,נפטון מוצרי מזון 1990 בעמ,,,"לק""ג",10,ל 100 גרם,true,1,89,8.90,false,1,
1622325,true,ציפורן  טחון,נפטון מוצרי מזון 1990 בעמ,,,"לק""ג",10,ל 100 גרם,true,1,139,13.90,false,1,
1622326,true,כמון  שלם,נפטון מוצרי מזון 1990 בעמ,,,ל 100 גרם,10,ל 100 גרם,true,1,49,4.90,false,1,
1622334,true,מונטריאול על האש,נפטון מוצרי מזון 1990 בעמ,,,ל 100 גרם,10,ל 100 גרם,true,1,69,6.90,false,1,
1622335,true,תבלין דג מבושל,תבלני בר (ד.ב) בעמ,,,"לק""ג",10,ל 100 גרם,true,1,59,5.90,false,1,
1622346,true,מלח ים אטלנטי,נפטון מוצרי מזון 1990 בעמ,,,"לק""ג",10,ל 100 גרם,true,1,59,5.90,false,1,
1622353,true,זנגביל מסוכר  תפז*,שושן (פירות)יבשים בעמ,,,"לק""ג",10,ל 100 גרם,true,1,49,4.90,false,1,
1622360,true,מקדמיה טבעי,א.ג.מ סחר מזון בעמ,,,"לק""ג",10,ל 100 גרם,true,1,129,12.90,false,1,
1622513,true,צילי מתוק,נפטון מוצרי מזון 1990 בעמ,,,"לק""ג",10,ל 100 גרם,true,1,49,4.90,false,1,
1622568,true,פלפל ארבע עונות שלם,נפטון מוצרי מזון 1990 בעמ,,,"לק""ג",10,ל 100 גרם,true,1,149,14.90,false,1,
1622575,true,פפריקה מעושנת,נפטון מוצרי מזון 1990 בעמ,,,"לק""ג",10,ל 100 גרם,true,1,49,4.90,false,1,
1622605,true,זרעי צי`ה,א.ג.מ סחר מזון בעמ,,,"לק""ג",10,ל 100 גרם,true,1,39,3.90,false,1,
1622612,true,חוואג  לקפה מימון,נפטון מוצרי מזון 1990 בעמ,,,"לק""ג",10,ל 100 גרם,true,1,69,6.90,false,1,
1622629,true,חמוציות  תפז משקל*,שושן (פירות)יבשים בעמ,,,ל 100 גרם,10,ל 100 גרם,true,1,35,3.50,false,1,
1622704,true,תות מיובש דל סוכר,חממה מאיר סחר {1996} בעמ,,,"לק""ג",10,ל 100 גרם,true,1,89,8.90,false,1,
1622742,true,תערובת ירוקה לסלט,נפטון מוצרי מזון 1990 בעמ,,,"לק""ג",10,ל 100 גרם,true,1,79,7.90,false,1,
1622759,true,מקדמיה תפז,קליית חממה א.י 2011 בעמ,,,"לק""ג",10,ל 100 גרם,true,1,169,16.90,false,1,
1622803,true,חמניות ארוך ענק,א.ג.מ סחר מזון בעמ,,,"לק""ג",10,ל 100 גרם,true,1,18,1.80,false,1,
1622865,true,תיבולים  לשניצל,נפטון מוצרי מזון 1990 בעמ,,,"לק""ג",10,ל 100 גרם,true,1,19,1.90,false,1,
1622889,true,פלפל מתוק  אדום יבש,עמוס אזרד,,,"לק""ג",10,ל 100 גרם,true,1,36,3.60,false,1,
1622896,true,אגוז מלך בקליפה*,שושן (פירות)יבשים בעמ,,,ל 100 גרם,10,ל 100 גרם,true,1,29,2.90,false,1,
1622902,true,חמניה אמרקאי קצר,סיגמה גריינס אחזקות 2008 בעמ,,,"לק""ג",10,ל 100 גרם,true,1,13,1.30,false,1,
1622926,true,פיסטוק חלבי תפז,חממה מאיר סחר {1996} בעמ,,,"לק""ג",10,ל 100 גרם,true,1,75,7.50,false,1,
1622957,true,תמר דקל נור תפז*.,שושן (פירות)יבשים בעמ,,,"לק""ג",10,ל 100 גרם,true,1,23.90,2.39,false,1,
1622964,true,"תמרים מגהול 5 ק""ג",חממה מאיר סחר {1996} בעמ,,,יח,10,ל 100 גרם,false,1,150,15,false,1,
1622971,true,תמר מג`הול תפז*,שושן (פירות)יבשים בעמ,,,"לק""ג",10,ל 100 גרם,true,1,39.90,3.99,false,1,
1622995,true,שזיף תפז בלי  חרצן*,שושן (פירות)יבשים בעמ,,,ל 100 גרם,10,ל 100 גרם,true,1,45,4.50,false,1,
1713518,true,"ניקוי רהיטים 750 מ""ל  מוריץ*",קומפלקס בעמ,,,יח,7.50,"ל100 מ""ל",false,1,16.90,2.25,false,1,
1713907,true,אקונומיקה ג`ל BLANCO 4  ל` מוריץ*,קומפלקס בעמ,,,יח,1,,false,1,10.90,10.90,false,1,
1713921,true,אקונומיקה מבושמת 4 ליטר  מוריץ*,קומפלקס בעמ,,,יח,40,"ל100 מ""ל",false,1,8.90,0.22,false,1,
1723333,true,מוצץ סיליקון אורטו,אינטרסן )1996(בעמ,,,יח,1,,false,1,19.90,19.90,false,1,
1723357,true,מוצץ סיליקון אורט,אינטרסן )1996(בעמ,,,יח,1,,false,1,19.90,19.90,false,1,
1723494,true,פיטמה סיליקון רחבה זוג,אינטרסן )1996(בעמ,,,יח,1,,false,1,14.90,14.90,false,1,
1791776,true,סנו דיי אלוורה רולאון,החברה הדרומית לשיווק בעמ,,,יח,0.50,"ל100 מ""ל",false,1,19.90,39.80,false,1,
1849101,true,"נקנקיות מרגז כבד בד""ץ",חוג הבשרים של קורקבדוס בעמ,,,"לק""ג",10,ל 100 גרם,true,1,68.90,6.89,false,1,
1849156,true,מרגז/כבד קפוא-קורקבדוס,חוג הבשרים של קורקבדוס בעמ,,,"לק""ג",10,ל 100 גרם,true,1,69.90,6.99,false,1,
1849354,true,נקניקיות  מרגז חריפות,חוג הבשרים של קורקבדוס בעמ,,,"לק""ג",0,"לק""ג",true,1,64.90,64.90,false,1,
1859018,true,עוף טרי מחפוד מחולק,עוף ירושלים שיווק בעמ,,,"לק""ג",1,,true,1,26.90,26.90,false,1,
1859483,true,שוארמה טרי מחפוד עטרה,עוף ירושלים שיווק בעמ,,,"לק""ג",1,,true,1,74.90,74.90,false,1,
1893012,true,דג סלמון נתחים ואקום מאסטר פוד,מאסטרפוד בעמ,,,"לק""ג",10,ל 100 גרם,true,1,64.90,6.49,false,1,
1901663,true,געפילטע פיש 4יח ללא סוכר*,מ.ב.גלאט עוף למהדרין בעמ,,,יח,3.50,ל 100 גרם,false,1,19.90,5.69,false,1,
1917527,true,פדיות קוסמטיות,"דנשר (1963) בע,מ",,,יח,1,,false,1,18.90,18.90,false,1,
1973233,true,מגבוני קמיל בלו 120,"פישר  תעשיות פרמצביטות בע""מ",,,יח,1,,false,1,10.90,10.90,false,1,
1985007,true,שלגון מצופה שוקו שוקו,"גלידת שטראוס בע""מ",,,יח,1,,false,1,5.30,5.30,true,1,
2002857,true,מגע משי נייר הדבש,"דנשר (1963) בע,מ",,,יח,1,,false,1,17.90,17.90,false,1,
2008156,true,עטרות לעוגה מס 5    הנמל*,הנמל אריזות ושווק בעמ,,,יח,1,,false,1,5.90,5.90,false,1,
2008170,true,עטרות לעוגה מס 3 הנמל  *,הנמל אריזות ושווק בעמ,,,יח,1,,false,1,5.90,5.90,false,1,
2008309,true,עטרות לעוגה מס 4   הנמל*,הנמל אריזות ושווק בעמ,,,יח,1,,false,1,5.90,5.90,false,1,
2008460,true,עטרות לעוגה מס 1.5   הנמל  *,הנמל אריזות ושווק בעמ,,,יח,1,,false,1,5.90,5.90,false,1,
2008835,true,מגן כיריים,הנמל אריזות ושווק בעמ,,,יח,1,,false,1,6.50,6.50,false,1,
2013006,true,פסטרמה  מקסיקנית זוגלובק,זוגלובק שיווק בעמ,,,ל 100 גרם,10,ל 100 גרם,true,1,79.90,7.99,true,1,
2013037,true,פסטרמה  פרגיות על לבנים זוגלובק,זוגלובק שיווק בעמ,,,ל 100 גרם,10,ל 100 גרם,true,1,79.90,7.99,true,1,
2013174,true,פסטרמה   של פעם זוגלובק,זוגלובק שיווק בעמ,,,ל 100 גרם,10,ל 100 גרם,true,1,79.90,7.99,true,1,
2015154,true,Cucumbers in brine 7-9 a2 20%+,קבוצת יבנה מוצרי מזון,,,יח,5.60,ל 100 גרם,false,1,5.90,1.05,false,1,
2015321,true,green olives 15-17 a2,קבוצת יבנה מוצרי מזון,,,יח,5.60,ל 100 גרם,false,1,6.50,1.16,false,1,
2044628,true,שומן כבש עטרה,נטו מלינדה סחר בעמ,,,יח,2,ל 100 גרם,false,1,22.90,11.45,false,1,
2053088,true,איטריות ביצים    מס`8,גורי מוצרי צריכה 1991 בעמ,,,יח,2,ל 100 גרם,false,1,7.90,3.95,false,1,
2065616,true,לחם שיפון גרעינים,שלמה א.אנג ל בעמ,,,יח,7.50,ל 100 גרם,false,1,13.90,1.85,false,1,
2065623,true,לחם שיפון  כפרי,שלמה א.אנג ל בעמ,,,יח,7.50,ל 100 גרם,false,1,13.90,1.85,false,1,
2077268,true,מיני קציצות דג לבישול דלידג,נטו מילנדה סחר בעמ*,,,יח,5,ל 100 גרם,false,1,21.90,4.38,false,1,
2077725,true,סלמון נוררוגי מצונן 100 גר`,נטו מילנדה סחר בעמ*,,,יח,1,ל 100 גרם,false,1,19.90,19.90,false,1,
2105145,true,בשר מס` 2 צלעות-מחפוד,עוף ירושלים שיווק בעמ,,,"לק""ג",10,ל 100 גרם,true,1,49.90,4.99,false,1,
2105176,true,בשר מס 4 כתף-מחפוד,עוף ירושלים שיווק בעמ,,,"לק""ג",10,ל 100 גרם,true,1,44.90,4.49,false,1,
2105183,true,מס `5מחפוד לא מעובד ק,עוף ירושלים שיווק בעמ,,,"לק""ג",10,ל 100 גרם,true,1,99.90,9.99,false,1,
2105190,true,בשר  מס`6מחפוד לא מעובד  פילה מדומה,עוף ירושלים שיווק בעמ,,,"לק""ג",10,ל 100 גרם,true,1,54.90,5.49,false,1,
2105220,true,בשר מס` 8  מחפוד קפוא,עוף ירושלים שיווק בעמ,,,"לק""ג",10,ל 100 גרם,true,1,54.90,5.49,false,1,
2105299,true,בשר  מס`3  מחפוד,עוף ירושלים שיווק בעמ,,,"לק""ג",1,,true,1,39.90,39.90,false,1,
2105312,true,בשר   מס` 8 K מחפוד,עוף ירושלים שיווק בעמ,,,"לק""ג",10,ל 100 גרם,true,1,54.90,5.49,false,1,
2105442,true,בשר  ראש  בקר מחפוד,עוף ירושלים שיווק בעמ,,,"לק""ג",10,ל 100 גרם,true,1,99.90,9.99,false,1,
2105503,true,המבורגר מזרחי מחפוד  500 גרם,עוף ירושלים שיווק בעמ,,,יח,5,"ל100 מ""ל",false,1,18.90,3.78,true,1,
2105510,true,קבב מזרחי 500 מחפוד,עוף ירושלים שיווק בעמ,,,יח,5,"ל100 מ""ל",false,1,18.90,3.78,true,1,
2105565,true,טחון הודו 500 מחפוד,עוף ירושלים שיווק בעמ,,,יח,5,ל 100 גרם,false,1,12.90,2.58,true,1,
2105572,true,צלי כתף מעובד.,עוף ירושלים שיווק בעמ,,,"לק""ג",10,ל 100 גרם,true,1,49.90,4.99,false,1,
2105671,true,טחון  עוף  500 גר`,עוף ירושלים שיווק בעמ,,,יח,5,ל 100 גרם,false,1,12.90,2.58,false,1,
2105756,true,"טחון בקר  1 ק""ג מחפוד",עוף ירושלים שיווק בעמ,,,יח,10,ל 100 גרם,false,1,34.90,3.49,false,1,
2105770,true,2105770קבב כבש ביתי קפוא מחפוד,עוף ירושלים שיווק בעמ,,,"לק""ג",10,ל 100 גרם,true,1,39.90,3.99,false,1,
2109372,true,בורקס פילו  בולגרית 700 גרם שלושת האופ,נטו מילנדה סחר בעמ*,,,יח,7,ל 100 גרם,false,1,19.90,2.84,true,1,
2129479,true,פיצה איטלקית דקה שלושת האופים 320 גרם,נטו מילנדה סחר בעמ*,,,יח,3.20,ל 100 גרם,false,1,13.90,4.34,true,1,
2139225,true,סטיק סינטה עגל טרי חלק מחפוד,נטו מלינדה סחר בעמ,,,"לק""ג",1,,true,1,139,139,false,1,
2153887,true,אובלטים קימל 300 ג    *,אם החיטה בעמ,,,יח,3,ל 100 גרם,false,1,7.90,2.63,false,1,
2225942,true,חזה  הודו טרי ארוז מחפוד,עוף ירושלים שיווק בעמ,,,"לק""ג",1,,true,1,37.90,37.90,false,1,
2225980,true,כנף הודו טרי מחפוד ארוז,עוף ירושלים שיווק בעמ,,,"לק""ג",1,,true,1,22.90,22.90,false,1,
2239185,true,800 Pea expired - Pry Galilee,ויטה-פרי גליל (החדשה) בעמ,,,יח,8,ל 100 גרם,false,1,9.90,1.24,false,1,
2239277,true,C .gmdi 800 expired - Pry Galilee,ויטה-פרי גליל (החדשה) בעמ,,,יח,8,ל 100 גרם,false,1,8.90,1.11,false,1,
2239307,true,800 Yellow hours expired - Pry Galilee,ויטה-פרי גליל (החדשה) בעמ,,,יח,8,ל 100 גרם,false,1,9.90,1.24,false,1,
2239369,true,Complete 800 hours expired - Pry Galilee,ויטה-פרי גליל (החדשה) בעמ,,,יח,8,ל 100 גרם,false,1,9.90,1.24,false,1,
2239420,true,Corn 800 expired - Pry Galilee,ויטה-פרי גליל (החדשה) בעמ,,,יח,8,ל 100 גרם,false,1,9.90,1.24,false,1,
2253006,true,שום כתוש  טרי*דורות,קבוצת אוסם סחר שותפות מוגבלת,,,יח,2,ל 100 גרם,false,1,15.90,7.95,false,1,
2253105,true,קוביות שום דורות,קבוצת אוסם סחר שותפות מוגבלת,,,יח,0.80,ל 100 גרם,false,1,12.90,16.13,false,1,
2253198,true,ג`ינג`ר כתוש דורות 70 גרם.,קבוצת אוסם סחר שותפות מוגבלת,,,יח,0.90,ל 100 גרם,false,1,11.90,13.22,false,1,
2255024,true,אגרול בדץ,חטיפי אלקיים בעמ,,,יח,8,ל 100 גרם,false,1,21.90,2.74,false,1,
2255031,true,סיגרים בשר חטיפון,חטיפי אלקיים בעמ,,,יח,8,ל 100 גרם,false,1,21.90,2.74,false,1,
2255048,true,קובה למרק אלקיים,חטיפי אלקיים בעמ,,,יח,8,ל 100 גרם,false,1,28.90,3.61,false,1,
2255055,true,פלאפל אלקיים,חטיפי אלקיים בעמ,,,יח,8,ל 100 גרם,false,1,12.90,1.61,false,1,
2255086,true,"קובה שפיץ בד""צ",חטיפי אלקיים בעמ,,,יח,1,"לק""ג",false,1,21.90,21.90,false,1,
2255116,true,קרפלך במילוי בשר,חטיפי אלקיים בעמ,,,יח,8,ל 100 גרם,false,1,22.90,2.86,false,1,
2255130,true,"סיגר תפו""א 800",חטיפי אלקיים בעמ,,,יח,8,ל 100 גרם,false,1,18.90,2.36,false,1,
2255215,true,עלים לסיגרים 500,חטיפי אלקיים בעמ,,,יח,5,ל 100 גרם,false,1,10.90,2.18,false,1,
2255222,true,"פסטל תפו""א 800",חטיפי אלקיים בעמ,,,יח,8,ל 100 גרם,false,1,18.90,2.36,false,1,
2255284,true,"קובה חמוסטה בד""צ",חטיפי אלקיים בעמ,,,יח,8,ל 100 גרם,false,1,24.90,3.11,false,1,
2263685,true,"הזמנה סוכר נבט 1 ק""ג מימון",א.ל ייצור ושיווק תבלינים בעמ,,,יח,1,,false,1,21.90,21.90,false,1,
2277248,true,מון בלאן  זעתר  120,נטו מילנדה סחר בעמ*,,,יח,1.20,ל 100 גרם,false,1,9.90,8.25,false,1,
2277422,true,ריבועי בצק עלים מרודד שלושת האופים 700,נטו מילנדה סחר בעמ*,,,יח,7,ל 100 גרם,false,1,19.90,2.84,true,1,
2278528,true,כרית שבת כלין 2 יח*,פלסטו פוליש (ברקן)בעמ,,,יח,2,יח,false,1,7.90,3.95,false,1,
2285816,true,שניצל פרימיום טרי  ארוז עטרה,נטו מלינדה סחר בעמ,,,"לק""ג",1,,true,1,44.90,44.90,false,1,
2285830,true,פילה עוף  טרי  עטרה.,נטו מלינדה סחר בעמ,,,ל 100 גרם,1,,true,1,44.90,44.90,false,1,
2298908,true,עצמות מוח מחפו ק פוא,עוף ירושלים שיווק בעמ,,,"לק""ג",10,ל 100 גרם,true,1,49.90,4.99,false,1,
2316084,true,דינמו  *4,אחים וייס י.ש.י.ייצור ושווק בע,,,יח,1,,false,1,12.90,12.90,false,1,
2316251,true,קריסטל *4ברך שקו,אחים וייס י.ש.י.ייצור ושווק בע,,,יח,1,,false,1,14.90,14.90,false,1,
2316916,true,קליפסו לונג ירכו,אחים וייס י.ש.י.ייצור ושווק בע,,,יח,1,,false,1,26.90,26.90,false,1,
2327028,true,ג חנון תמני  650 גרם שלושת האופים.,נטו מילנדה סחר בעמ*,,,יח,6.50,ל 100 גרם,false,1,18.90,2.91,true,1,
2327042,true,"בורקס תפו""א 800 גרם שלושת האופים",נטו מילנדה סחר בעמ*,,,יח,8,ל 100 גרם,false,1,17.90,2.24,true,1,
2327059,true,"בצק עלים מרודד 1 ק""ג שלושת האופים",נטו מילנדה סחר בעמ*,,,יח,10,"לק""ג",false,1,18.90,1.89,true,1,
2327066,true,קונכיות בצק שלושת האופים 625 גרם,נטו מילנדה סחר בעמ*,,,יח,5,ל 100 גרם,false,1,19.90,3.98,true,1,
2327073,true,בורקס גבינה שלושת האופים 800 גרם,נטו מילנדה סחר בעמ*,,,יח,8,ל 100 גרם,false,1,19.90,2.49,true,1,
2327103,true,גחנון תימני 900 גרם שלושת האופים,נטו מילנדה סחר בעמ*,,,יח,1,"לק""ג",false,1,19.90,19.90,true,1,
2327912,true,קוקטיל גבינה 800,נטו מילנדה סחר בעמ*,,,יח,7,ל 100 גרם,false,1,21.90,3.13,true,1,
2327929,true,"מיני בורקס תפו""א 800 גרם",נטו מילנדה סחר בעמ*,,,יח,8,ל 100 גרם,false,1,21.90,2.74,true,1,
2331018,true,מים קטן כללי,החברה המרכזית להפצת משקאות בע,,,יח,5,"ל100 מ""ל",false,1,4.90,0.92,false,1,
2331360,true,נביעות  6טריק 500,החברה המרכזית להפצת משקאות בע,,,יח,30,"ל100 מ""ל",false,1,13.90,0.40,false,1,
2336754,true,חזה   עם עצם עגל טרי עטרה,נטו מלינדה סחר בעמ,,,"לק""ג",10,ל 100 גרם,true,1,59.90,5.99,false,1,
2336785,true,אוסבוקו עם עצם עגל טרי עטרה,נטו מלינדה סחר בעמ,,,"לק""ג",10,ל 100 גרם,true,1,69.90,6.99,false,1,
2336792,true,צוואר+צלעות   עגל חלב טרי עטרה,נטו מלינדה סחר בעמ,,,"לק""ג",10,ל 100 גרם,true,1,59.90,5.99,false,1,
2385127,true,לאבנה שמן זית  א.ח נוכרי,מחלבות גד שיווק 1992 בעמ,,,ל 100 גרם,1.50,ל 100 גרם,true,1,41.90,27.93,false,1,
2385486,true,שמנת  טבעית 30% מהדרין,מחלבות גד שיווק 1992 בעמ,,,ל 100 גרם,10,ל 100 גרם,true,1,43.90,4.39,false,1,
2385493,true,שמנת זיתים 30% מהדרין,מחלבות גד שיווק 1992 בעמ,,,"לק""ג",10,ל 100 גרם,true,1,43.90,4.39,false,1,
2385509,true,שמנת שום שמיר 30% מהדרין,מחלבות גד שיווק 1992 בעמ,,,"לק""ג",10,ל 100 גרם,true,1,43.90,4.39,false,1,
2385615,true,"חלומי גד  מעדניה בד""ץ",מחלבות גד שיווק 1992 בעמ,,,ל 100 גרם,10,ל 100 גרם,true,1,102.90,10.29,false,1,
2402060,true,"נקנקיות קראנץ 1 ק""ג מחפוד",עוף ירושלים שיווק בעמ,,,יח,10,ל 100 גרם,false,1,26.90,2.69,false,1,
2402855,true,"נקנקיות  קוקטיל ""עוף ירושלים"" 400 גרם",עוף ירושלים שיווק בעמ,,,יח,4,ל 100 גרם,false,1,11.90,2.98,true,1,
2404712,true,יין סוביניון בלאן סדרת היוצר בראשית*,יקבי ארזה ת.ר.ז. בעמ,,,יח,7.50,"ל100 מ""ל",false,1,32.90,4.35,false,1,
2409014,true,גחנון אפוי ציפור השרון 600 גרם,שיווק מזון רדמי אבישי,,,יח,6,ל 100 גרם,false,1,17.90,2.98,false,1,
2409038,true,בורקס גבינה ציפור השרון 800 גרם,שיווק מזון רדמי אבישי,,,יח,8,ל 100 גרם,false,1,18.50,2.31,false,1,
2409045,true,"בורקס תפו""א ציפור השרון 800 גרם",שיווק מזון רדמי אבישי,,,יח,8,ל 100 גרם,false,1,15.90,1.99,false,1,
2409076,true,גחנון בצק ציפור השרון 800 גרם,שיווק מזון רדמי אבישי,,,יח,8,ל 100 גרם,false,1,14.90,1.86,false,1,
2409106,true,בורקס פיצה ציפור השרון,שיווק מזון רדמי אבישי,,,יח,8,ל 100 גרם,false,1,21.90,2.74,false,1,
2409175,true,"בצק עלים צרפתי מרודד 1 ק""ג ציפור השרון",שיווק מזון רדמי אבישי,,,יח,1,"לק""ג",false,1,14.50,14.50,false,1,
2409274,true,מלווח ציפור השרו,שיווק מזון רדמי אבישי,,,יח,7.50,ל 100 גרם,false,1,14.90,1.99,false,1,
2409281,true,זיוה סבבה ציפור השרון 750 גרם,שיווק מזון רדמי אבישי,,,יח,7.50,ל 100 גרם,false,1,18.90,2.52,false,1,
2409304,true,נקניקיות בבצק,שיווק מזון רדמי אבישי,,,יח,6,ל 100 גרם,false,1,20.90,3.48,false,1,
2439998,true,קלסיקו קבב בקר  אל גאוצ`ו,נטו מילנדה סחר בעמ*,,,יח,3.60,ל 100 גרם,false,1,15.90,4.42,false,1,
2487364,true,בורקס פילו גבינה+זיתים 500 גרם שלושת,נטו מילנדה סחר בעמ*,,,יח,5,ל 100 גרם,false,1,19.90,3.98,true,1,
2507451,true,ק. דג סלמון לבישול 750 דלידג,נטו מילנדה סחר בעמ*,,,יח,7.50,ל 100 גרם,false,1,28.90,3.85,false,1,
2507604,true,פיצה השף  מאיטליה השף שגב 320 גרם,נטו מילנדה סחר בעמ*,,,יח,3.20,ל 100 גרם,false,1,16.90,5.28,true,1,
2511137,true,פטה עיזים מהדרין,מחלבת המושבה בעמ,,,"לק""ג",10,ל 100 גרם,true,1,99,9.90,false,1,
2511229,true,גבינת בולגרית    חלקה,מחלבת המושבה בעמ,,,ל 100 גרם,10,ל 100 גרם,true,1,44.90,4.49,true,1,
2511250,true,גבינת שמנת שום שמיר 30%,מחלבת המושבה בעמ,,,ל 100 גרם,10,ל 100 גרם,true,1,39.90,3.99,true,1,
2511427,true,אצבעות שוקולד  א.ח נוכרי,מחלבת המושבה בעמ,,,ל 100 גרם,10,ל 100 גרם,true,1,69.90,6.99,false,1,
2511496,true,גבינת בולגרית  קוביות% /5,מחלבת המושבה בעמ,,,ל 100 גרם,10,ל 100 גרם,true,1,49.90,4.99,false,1,
2511571,true,מוצרלה בלוק,מחלבת המושבה בעמ,,,ל 100 גרם,10,ל 100 גרם,true,1,69.90,6.99,false,1,
2511670,true,גבינת צ`דר כתומה-מושבה,מחלבת המושבה בעמ,,,ל 100 גרם,10,ל 100 גרם,true,1,85,8.50,false,1,
2512004,true,900 g Tsanany Malawach - Tsanany,א.ג בחירה חכמה בעמ,,,יח,9,ל 100 גרם,false,1,17.90,1.99,false,1,
2512011,true,Ghnon Tsanany 900 g - Tsanany,א.ג בחירה חכמה בעמ,,,יח,9,ל 100 גרם,false,1,16.90,1.88,false,1,
2512035,true,Puff pastry Tsanany 1 kg - Tsanany,א.ג בחירה חכמה בעמ,,,יח,10,ל 100 גרם,false,1,16.90,1.69,false,1,
2522188,true,עוף  מס 2  קפוא רובין,עוף ירושלים שיווק בעמ,,,"לק""ג",10,ל 100 גרם,true,1,28.90,2.89,false,1,
2522232,true,חזה  עוף ארוז קפוא רובין,עוף ירושלים שיווק בעמ,,,"לק""ג",10,ל 100 גרם,true,1,47.90,4.79,false,1,
2522263,true,שוקיים   עוף ארוז קפוא רובין,עוף ירושלים שיווק בעמ,,,"לק""ג",10,ל 100 גרם,true,1,47.90,4.79,false,1,
2522270,true,ירכיים  עוף ארוז קפוא רובין,עוף ירושלים שיווק בעמ,,,"לק""ג",10,ל 100 גרם,true,1,35.90,3.59,false,1,
2522348,true,שניצל   עוף  פרוס ארוז קפוא רובין,עוף ירושלים שיווק בעמ,,,"לק""ג",10,ל 100 גרם,true,1,51.90,5.19,false,1,
2522522,true,עוף טרי ארוז רובין,עוף ירושלים שיווק בעמ,,,"לק""ג",1,,true,1,27.90,27.90,false,1,
2541943,true,3מעדן סויה  שוקו* 4,שטראוס גרופ בעמ,,,יח,1.25,ל 100 גרם,false,1,14.90,11.92,false,1,
2567004,true,סטייק  פרגיות  קורקבדוס,חוג הבשרים של קורקבדוס בעמ,,,"לק""ג",1,,true,1,74.90,74.90,false,1,
2567073,true,שיפודי פרגיות פטם קורקבדוס,חוג הבשרים של קורקבדוס בעמ,,,"לק""ג",10,ל 100 גרם,true,1,74.90,7.49,false,1,
2567240,true,נתח קצבים,חוג הבשרים של קורקבדוס בעמ,,,"לק""ג",1,,true,1,109,109,false,1,
2567721,true,מוח מוכשר,חוג הבשרים של קורקבדוס בעמ,,,"לק""ג",10,יח,true,1,139,13.90,false,1,
2567745,true,קבב מזרחי  חוג הבשרים,חוג הבשרים של קורקבדוס בעמ,,,"לק""ג",10,ל 100 גרם,true,1,59.90,5.99,false,1,
2577508,true,פילה  דג הרינג מלוח,נטו מילנדה סחר בעמ*,,,יח,2.40,ל 100 גרם,false,1,25.90,10.79,false,1,
2579496,true,7day memorial candle,חביב את פרנק בעמ (לוגיסטי ),,,יח,1,יח,false,1,4.50,4.50,false,1,
2579533,true,.קיסמי אוזניים מעץ 80יח  חביב*,חביב את פרנק בעמ (לוגיסטי ),,,יח,1,,false,1,1.50,1.50,false,1,
2579731,true,7day memorial candle,חביב את פרנק בעמ (לוגיסטי ),,,יח,1,יח,false,1,9.90,9.90,true,1,
2657408,true,טונה פוסידון בשמן 960ג,נטו מילנדה סחר בעמ*,,,יח,9.60,ל 100 גרם,false,1,29.90,3.11,false,1,
2692768,true,תרסיס שמן קנולה מופחת קלוריות*,סוגת תעשיות בעמ,,,יח,2,ל 100 גרם,false,1,15.90,7.95,false,1,
2692782,true,תרסיס שמן זית מופחת קלוריות*,סוגת תעשיות בעמ,,,יח,2,ל 100 גרם,false,1,15.90,7.95,false,1,
2730521,true,צמרוני אוזניים,ש.שסטוביץ בעמ,,,יח,1,,false,1,5.90,5.90,false,1,
2739685,true,נקניקיות  מרגז עטרה 400 גרם,נטו מלינדה סחר בעמ,,,יח,4,ל 100 גרם,false,1,23.90,5.98,false,1,
2757139,true,מלווח שלושת האופים 700 גרם,נטו מילנדה סחר בעמ*,,,יח,7,"ל100 מ""ל",false,1,14.90,2.13,true,1,
2757146,true,"קובה חמוסטה למרק 1 ק""ג",נטו מילנדה סחר בעמ*,,,יח,10,ל 100 גרם,false,1,19.90,1.99,false,1,
2757511,true,ק. דג לבישול 750 ק דלידג,נטו מילנדה סחר בעמ*,,,ל 100 גרם,7.50,ל 100 גרם,false,1,30.90,4.12,false,1,
2757665,true,קבב מזרחי 400 גרם הסידרה האדומה,נטו מילנדה סחר בעמ*,,,יח,4,ל 100 גרם,false,1,11.90,2.98,false,1,
2757719,true,"בצק עלים 1 ק""ג הסידרה האדומה",נטו מילנדה סחר בעמ*,,,יח,10,ל 100 גרם,false,1,13.90,1.39,false,1,
2757726,true,בורקס  גבינה קהילות 700 גר`,נטו מילנדה סחר בעמ*,,,יח,7,ל 100 גרם,false,1,15.90,2.27,false,1,
2757733,true,"ג`חנון תימני 650 גרם""מהדרין  קהילות""",נטו מילנדה סחר בעמ*,,,יח,6.50,ל 100 גרם,false,1,11.90,1.83,false,1,
2757740,true,"בורקס תפו""א  700  ג`"" מהדרין קהילות""",נטו מילנדה סחר בעמ*,,,יח,10,ל 100 גרם,false,1,13.90,1.39,false,1,
2757757,true,"מלווח  700 גר`""מהדרין  קהילות""",נטו מילנדה סחר בעמ*,,,יח,7,ל 100 גרם,false,1,12.90,1.84,false,1,
2775010,true,מיני בורקס פילו גבינה 650 גרם,נטו מילנדה סחר בעמ*,,,יח,6.50,ל 100 גרם,false,1,19.90,3.06,true,1,
2787884,true,"מקלות בורקס פילו תפו""א",נטו מילנדה סחר בעמ*,,,יח,6.50,ל 100 גרם,false,1,19.90,3.06,true,1,
2787891,true,מקלוץ בורקס פילו תרד,נטו מילנדה סחר בעמ*,,,יח,6.50,ל 100 גרם,false,1,19.90,3.06,true,1,
2814191,true,מסיר שומנים 5 ליטר מוריץ*,קומפלקס בעמ,,,יח,5,לליטר,false,1,49,9.80,false,1,
2814870,true,"מסיר שומנים לבנדר מתז 750 מ""ל מוריץ*",קומפלקס בעמ,,,יח,1,,false,1,12.90,12.90,false,1,
2827306,true,נקנקיות עוף עוף ירושלים 400 גרם,עוף ירושלים שיווק בעמ,,,יח,4,ל 100 גרם,false,1,11.90,2.98,true,1,
2827320,true,נקנקיות מרגז 400 מחפוד,עוף ירושלים שיווק בעמ,,,יח,4,ל 100 גרם,false,1,24.90,6.23,false,1,
2827337,true,"נקנקיות עוף פיקנטי ""עוף ירושלים"" 400 גרם",עוף ירושלים שיווק בעמ,,,יח,4,ל 100 גרם,false,1,11.90,2.98,true,1,
2827634,true,צלעות כבש פרוס ארוז מחפוד,עוף ירושלים שיווק בעמ,,,"לק""ג",10,ל 100 גרם,true,1,199.90,19.99,false,1,
2830184,true,פילה לברק נטו,נטו מילנדה סחר בעמ*,,,"לק""ג",10,ל 100 גרם,true,1,59.90,5.99,false,1,
2867784,true,שוקיים עוף טרי,תנובה ענף ב.ע.ד,,,"לק""ג",1,,true,1,31.90,31.90,false,1,
2871361,true,בירה קרלסברג 500,החברה המרכזית להפצת משקאות בע,,,יח,5,"ל100 מ""ל",false,1,7.30,1.22,false,1,
2922797,true,חזה הודו טרי עטרה,נטו מלינדה סחר בעמ,,,"לק""ג",10,ל 100 גרם,true,1,32.90,3.29,false,1,
2922865,true,קבב מזרחי טאק טורו{בית   יוסף} 500 גרם,נטו מלינדה סחר בעמ,,,יח,5,ל 100 גרם,false,1,15.90,3.18,false,1,
2922872,true,"טאק בורגר""טאק   טורו""בית יוסף 500 גרם",נטו מלינדה סחר בעמ,,,יח,5,ל 100 גרם,false,1,15.90,3.18,false,1,
2929512,true,כדורי פלאפל 500 גרם,נטו מילנדה סחר בעמ*,,,יח,6,ל 100 גרם,false,1,12.90,2.15,false,1,
2929536,true,קובה למרק   600 גר`,נטו מילנדה סחר בעמ*,,,יח,6,ל 100 גרם,false,1,12.90,2.15,false,1,
2929642,true,טונה ויליגר 4  יח`140ג,נטו מילנדה סחר בעמ*,,,יח,4,למארז,false,1,19.90,4.98,false,1,
2930235,true,בשר לחמין עטרה,נטו מלינדה סחר בעמ,,,"לק""ג",10,ל 100 גרם,true,1,49.90,4.99,false,1,
2930945,true,גרון עוף טרי עטרה,נטו מלינדה סחר בעמ,,,ל 100 גרם,1,,true,1,10.90,10.90,false,1,
2939108,true,חזה  עוף טרי עטרה,נטו מלינדה סחר בעמ,,,"לק""ג",1,,true,1,32.90,32.90,true,1,
2939160,true,בשר אדום טרי עטרה,נטו מלינדה סחר בעמ,,,"לק""ג",1,,true,1,59.90,59.90,false,1,
2939177,true,גרון הודו  טרי עטרה.,נטו מלינדה סחר בעמ,,,ל 100 גרם,1,,true,1,33.90,33.90,false,1,
2939498,true,בשר מס  8 עטרה קפוא,נטו מלינדה סחר בעמ,,,"לק""ג",10,ל 100 גרם,true,1,49.90,4.99,false,1,
2939511,true,רגל בקר פרוס עטרה,נטו מלינדה סחר בעמ,,,"לק""ג",10,ל 100 גרם,true,1,34.90,3.49,false,1,
2939528,true,גידי בקר עטרה,נטו מלינדה סחר בעמ,,,"לק""ג",10,ל 100 גרם,true,1,69.90,6.99,false,1,
2939535,true,בשר ראש עטרה,נטו מלינדה סחר בעמ,,,"לק""ג",10,ל 100 גרם,true,1,74.90,7.49,false,1,
2939542,true,לשון בקר עטרה,נטו מלינדה סחר בעמ,,,"לק""ג",10,ל 100 גרם,true,1,59.90,5.99,true,1,
2971191,true,"קמח חיטה שפם 1ק""ג *",טחנות קמח שטיבל בש בעמ,,,יח,10,ל 100 גרם,false,1,3.90,0.39,true,1,
2973669,true,"קמח לחם ללא צורך בניפוי 1  ק""ג*",טחנות קמח שטיבל בש בעמ,,,יח,10,ל 100 גרם,false,1,7.50,0.75,false,1,
2973676,true,"קמח חלה ללא צורך בניפוי 1  ק""ג*",טחנות קמח שטיבל בש בעמ,,,יח,10,ל 100 גרם,false,1,7.50,0.75,false,1,
2974314,true,"קמח פיצה ללא צורך בניפוי 1  ק""ג*",טחנות קמח שטיבל בש בעמ,,,יח,10,"לק""ג",false,1,8.90,0.89,false,1,
3006021,true,סלט קוביות מעדן פטה,גבינות עמיר ניצן בעמ,,,ל 100 גרם,10,ל 100 גרם,true,1,70,7,false,1,
3006120,true,פלפל חריף ממולא,גבינות עמיר ניצן בעמ,,,ל 100 גרם,10,ל 100 גרם,true,1,156.90,15.69,false,1,
3013005,true,פתיל צף עגול קטן,אשוש חצב בעמ,,,יח,1,,false,1,3.50,3.50,false,1,
3013029,true,צינורית הזהב,אשוש חצב בעמ,,,יח,1,,false,1,3.90,3.90,false,1,
3013036,true,צנורית זהב לפתליה,שלהבת שיווק התמר בעמ,,,יח,1,,false,1,5.90,5.90,false,1,
3029617,true,שמנת מנה אישית,שטראוס גרופ בעמ (ח),,,יח,1,ל 100 גרם,false,1,1.90,1.90,false,1,
3031702,true,"נקניק הודו 1 ק""ג הרב מחפו",תנובה ענף ב.ע.ד,,,יח,1,"לק""ג",false,1,25.90,25.90,false,1,
3031788,true,פסטרמה +סלמי 800,תנובה ענף ב.ע.ד,,,יח,8,יח,false,1,28.90,3.61,false,1,
3069590,true,דג סול דלידג,נטו מילנדה סחר בעמ*,,,יח,10,ל 100 גרם,false,1,34.90,3.49,false,1,
3069682,true,בצק פיאלס 500 גרם שלושת האופים,נטו מילנדה סחר בעמ*,,,יח,5,ל 100 גרם,false,1,18.90,3.78,true,1,
3069705,true,פיצה אישית גבינה דק  בודד שלושת האופים,נטו מילנדה סחר בעמ*,,,יח,1,,false,1,2.80,2.80,true,1,
3072521,true,פסטרמה  כתף בקר מעושנת,תנובה ענף ב.ע.ד,,,ל 100 גרם,3,ל 100 גרם,false,1,29.90,9.97,false,1,
3093472,true,"אבקת  סוכר 1ק""ג ברמן*",בר מן תעשיות מזון בעמ,,,יח,1,"לק""ג",false,1,9.90,9.90,false,1,
3107353,true,משפר אפיה ביתי 30ג בדץ  דגן*,טחנות קמח דגן {2006}בעמ,,,יח,0.30,ל 100 גרם,false,1,5.90,19.67,false,1,
3107360,true,"קמח דגן ללא צורך בניפוי 1  ק""ג*",טחנות קמח דגן {2006}בעמ,,,יח,1,"לק""ג",false,1,8.90,8.90,false,1,
3121090,true,מגיק טעם ירקות,נטו מילנדה סחר בעמ*,,,יח,0.85,ל 100 גרם,false,1,2.90,3.41,false,1,
3148400,true,גרנולה בתוספת  פירות טרופים,קליית חממה א.י 2011 בעמ,,,"לק""ג",10,ל 100 גרם,false,1,24,2.40,false,1,
3189045,true,גבינה הולנדית א.ח נוכרי,גבינות הכפר בעמ,,,ל 100 גרם,10,ל 100 גרם,true,1,32.90,3.29,false,1,
3189199,true,גבינה מקסיקנית א.ח נוכרי,גבינות הכפר בעמ,,,ל 100 גרם,10,ל 100 גרם,true,1,32,3.20,false,1,
3189274,true,גבינה מעושנת א.ח נוכרי,גבינות הכפר בעמ,,,ל 100 גרם,10,ל 100 גרם,true,1,32,3.20,false,1,
3189380,true,ג. שום שמיר כפיר א.ח נוכרי,צי-תעשיות מזון יבנה בעמ,,,ל 100 גרם,10,ל 100 גרם,true,1,35,3.50,false,1,
3208593,true,מרטיני  אקסטרא דריי,מ. אקרמן בעמ,,,"ל100 מ""ל",7.50,"ל100 מ""ל",false,1,62.80,8.33,true,1,
3229109,true,פסטרמה בפפריקה,תנובה ענף ב.ע.ד,,,יח,4,ל 100 גרם,false,1,26.90,6.73,false,1,
3229116,true,פסטרמה בדבש,תנובה ענף ב.ע.ד,,,יח,4,ל 100 גרם,false,1,26.90,6.73,false,1,
3229147,true,סלמי איטלקי,תנובה ענף ב.ע.ד,,,יח,3,ל 100 גרם,false,1,27.90,9.30,false,1,
3229154,true,סלמי קוניאק,תנובה ענף ב.ע.ד,,,יח,3,ל 100 גרם,false,1,25.90,8.63,false,1,
3229192,true,כתף בקר מעושן 00,תנובה ענף ב.ע.ד,,,יח,4,ל 100 גרם,false,1,29.90,7.48,false,1,
3229222,true,סלמי תה  משובח,תנובה ענף ב.ע.ד,,,יח,3,ל 100 גרם,false,1,21.30,7.10,false,1,
3268252,true,לחם חיטה מלא ללא גרעינים,דגנית עין בר תעשיות,,,יח,7.50,ל 100 גרם,false,1,13.90,1.85,false,1,
3287321,true,פילה מדומה  מס`6,בלדי בעמ,,,"לק""ג",10,ל 100 גרם,true,1,39.90,3.99,false,1,
3397136,true,בדית,כ. כיפות כהן,,,יח,1,,false,1,6.30,6.30,false,1,
3400500,true,חטיף  קרמל ובוטנים,ליימן שליסל בעמ,,,יח,1,ל 100 גרם,false,1,4.90,4.90,false,1,
3414406,true,הרשי שביבי אפיה  בוטנים,ליימן שליסל בעמ,,,יח,6.80,ל 100 גרם,false,1,13.90,2.04,false,1,
3423909,true,חטיף  קוקיס קרים לבן,ליימן שליסל בעמ,,,יח,1,ל 100 גרם,false,1,4.90,4.90,false,1,
3444009,true,חטיף  ריזיס במילוי בוטנים,ליימן שליסל בעמ,,,יח,1,ל 100 גרם,false,1,3.50,3.50,false,1,
3457861,true,סולרו פירות טרו,"גלידת שטראוס בע""מ",,,יח,1,,false,1,8.90,8.90,true,1,
3514007,true,שקדי מרק מנה 400 גרם,ש.שסטוביץ בעמ,,,יח,4,ל 100 גרם,false,1,8.90,2.23,true,1,
3514571,true,פרכיות אורז עם מלח,ש.שסטוביץ בעמ,,,יח,1,ל 100 גרם,false,1,5.50,5.50,false,1,
3525911,true,טונה ויליגר שלישיה  בשמן,נטו מילנדה סחר בעמ*,,,יח,4.80,ל 100 גרם,false,1,19.90,4.15,false,1,
3570171,true,מיניט  שניצל בלדי,בלדי בעמ,,,יח,3,ל 100 גרם,false,1,26.90,8.97,false,1,
3598304,true,דג פילה אמנון.,מאסטרפוד בעמ,,,"לק""ג",1,,true,1,32.90,32.90,true,1,
3632367,true,דג פילה ברבוניה,בלדי בעמ,,,יח,5,ל 100 גרם,false,1,26.90,5.38,false,1,
3893027,true,פילה מרלוזה ווינר פוד,ג.עופר ייצור ושיווק בשר בעמ,,,"לק""ג",10,ל 100 גרם,true,1,33.90,3.39,false,1,
3893805,true,פילה סלמון,ג.עופר ייצור ושיווק בשר בעמ,,,"לק""ג",10,ל 100 גרם,true,1,69.90,6.99,false,1,
3996049,true,חסלט פטרוזיליה,"בכורי השדה צפון1994 ג.ד. בע""מ",,,יח,1,,false,1,7.90,7.90,false,1,
3996056,true,חסלט כוסברה,"בכורי השדה צפון1994 ג.ד. בע""מ",,,יח,1,,false,1,7.90,7.90,false,1,
3996070,true,חסלט נענע,"בכורי השדה צפון1994 ג.ד. בע""מ",,,יח,1,,false,1,7.90,7.90,false,1,
3996087,true,בצל ירוק חסלט,"בכורי השדה צפון1994 ג.ד. בע""מ",,,יח,1,,false,1,8.90,8.90,false,1,
3996094,true,חסאלט סלרי,"בכורי השדה צפון1994 ג.ד. בע""מ",,,יח,1,,false,1,8.90,8.90,false,1,
4006044,true,סדין מיטת נוער משובח,אינטרסן )1996(בעמ,,,יח,1,,false,1,13.90,13.90,false,1,
4011277,true,"ריצ` בישול והקרמה 220 מ""ל",נטו מילנדה סחר בעמ*,,,יח,2.20,"ל100 מ""ל",false,1,9.90,4.50,false,1,
4011284,true,"בסיס להכנת קצפת   ריצ`212 מ""ל",נטו מילנדה סחר בעמ*,,,יח,2.12,יח,false,1,7.90,3.73,false,1,
4011338,true,"קצפת ריצ` 250 מ""ל",נטו מילנדה סחר בעמ*,,,יח,2.50,"ל100 מ""ל",false,1,11.90,4.76,true,1,
4011345,true,קצפת  ריצ`פרווה במיכל,נטו מילנדה סחר בעמ*,,,יח,2.50,ל 100 גרם,false,1,8.90,3.56,false,1,
4011352,true,בסיס להכנת קצפת 212 מארז 3 יח`,נטו מילנדה סחר בעמ*,,,למארז,3,למארז,false,1,19.90,6.63,false,1,
4011796,true,קבבונים  אל גאוצ`ו 400 גר`,נטו מילנדה סחר בעמ*,,,יח,4,ל 100 גרם,false,1,15.90,3.98,false,1,
4030018,true,מיץ לימון 100%  סחוט טבעי פרי ניב,פריניב תנובה,,,יח,5,"ל100 מ""ל",false,1,12.90,2.58,false,1,
4030034,true,מיץ  רימונים   1 ליטר,פריניב תנובה,,,יח,10,"ל100 מ""ל",false,1,25.60,2.56,false,1,
4030223,true,תפוח עץ סחוט 1 ליטר,פריניב תנובה,,,יח,10,לליטר,false,1,17.60,1.76,true,1,
4030544,true,מיץ לימונדה לואיזה ולימון זראס 1 ליטר,פריניב תנובה,,,יח,1,לליטר,false,1,12.60,12.60,false,1,
4030612,true,מיץ  קיווי אגס  90% 1 ליטר,פריניב תנובה,,,יח,1,לליטר,false,1,16.90,16.90,true,1,
4061449,true,שניצל אמרקאי טופ שף,קפוא זן תעשיות מזון בעמ,,,יח,7,ל 100 גרם,false,1,13.90,1.99,true,1,
4061487,true,טבעות עוף שף,קפוא זן תעשיות מזון בעמ,,,יח,7,ל 100 גרם,false,1,14.90,2.13,true,1,
4061494,true,נגיסי עוף 700,קפוא זן תעשיות מזון בעמ,,,יח,7,ל 100 גרם,false,1,14.90,2.13,true,1,
4063016,true,"מלח שולחן  רגיל(כחול) 1  ק""ג*",סוגת תעשיות בעמ,,,יח,10,ל 100 גרם,false,1,1.70,0.17,false,1,
4068028,true,יוגורט צזיקי 3.5% שומן,מחלבות גד שיווק 1992 בעמ,,,יח,2,ל 100 גרם,false,1,9.90,4.95,false,1,
4068332,true,קממבר בקר משולש,מחלבות גד שיווק 1992 בעמ,,,ל 100 גרם,10,ל 100 גרם,true,1,125,12.50,false,1,
4078263,true,זוג קיסמי אוזנים,ש.שסטוביץ בעמ,,,יח,1,,false,1,9.90,9.90,false,1,
4084295,true,"אורז פרסי חתולים 5ק""ג חממה",חממה מאיר סחר {1996} בעמ,,,יח,5,"לק""ג",false,1,36.90,7.38,false,1,
4129569,true,גבינת שמנת שום שמיר 30%,תנובה -חלב,,,ל 100 גרם,10,ל 100 גרם,true,1,44.90,4.49,false,1,
4129576,true,גבינת שמנת זיתים 30%,תנובה -חלב,,,ל 100 גרם,10,ל 100 גרם,true,1,44.90,4.49,false,1,
4129903,true,גבינת שמנת טבעית 30%,תנובה -חלב,,,ל 100 גרם,10,ל 100 גרם,true,1,44.90,4.49,false,1,
4135355,true,פיראוס בולגרית לייט 3% א.ח נוכרי,תנובה -חלב,,,ל 100 גרם,10,ל 100 גרם,true,1,39.90,3.99,false,1,
4136291,true,צפתית מעודנת 5%,תנובה -חלב,,,ל 100 גרם,10,ל 100 גרם,true,1,50,5,false,1,
4194178,true,עוף מס  1 מחפוד,עוף ירושלים שיווק בעמ,,,"לק""ג",1,,true,1,24.90,24.90,false,1,
4194185,true,עוף  מחפוד קפוא,עוף ירושלים שיווק בעמ,,,"לק""ג",10,ל 100 גרם,true,1,24.90,2.49,false,1,
4194208,true,כרעיים עוף ארוז מחפוד ק,עוף ירושלים שיווק בעמ,,,"לק""ג",10,ל 100 גרם,true,1,31.90,3.19,false,1,
4194239,true,חזה פטם מחפוד,עוף ירושלים שיווק בעמ,,,"לק""ג",10,ל 100 גרם,true,1,31.90,3.19,false,1,
4194253,true,כנפיים עוף ארוז מחפוד,עוף ירושלים שיווק בעמ,,,"לק""ג",10,ל 100 גרם,true,1,12.90,1.29,false,1,
4194260,true,שוקיים עוף ארוז מחפוד,עוף ירושלים שיווק בעמ,,,"לק""ג",10,ל 100 גרם,true,1,31.90,3.19,false,1,
4194307,true,כבד עוף קפוא ארוז מחפוד,עוף ירושלים שיווק בעמ,,,"לק""ג",10,ל 100 גרם,true,1,34.90,3.49,false,1,
4194314,true,לבבות עוף ארוז  מחפוד,עוף ירושלים שיווק בעמ,,,"לק""ג",10,ל 100 גרם,true,1,34.90,3.49,false,1,
4194345,true,שניצל עוף מחפוד קפוא,עוף ירושלים שיווק בעמ,,,"לק""ג",10,ל 100 גרם,true,1,34.90,3.49,false,1,
4194529,true,עוף טרי שלם ארוז מחפוד,עוף ירושלים שיווק בעמ,,,"לק""ג",1,,true,1,22.90,22.90,true,1,
4194536,true,חזה עוף מחופד טרי ארוז,עוף ירושלים שיווק בעמ,,,"לק""ג",1,,true,1,32.90,32.90,true,1,
4194543,true,כרעיים עוף  מחפוד טרי ארוז,עוף ירושלים שיווק בעמ,,,"לק""ג",10,ל 100 גרם,true,1,32.90,3.29,true,1,
4194550,true,כנפיים  עוף  מחפוד טרי ארוז,עוף ירושלים שיווק בעמ,,,"לק""ג",1,,true,1,16.90,16.90,true,1,
4194567,true,ירכיים עוף טרי מחפוד,עוף ירושלים שיווק בעמ,,,"לק""ג",1,,true,1,29.90,29.90,false,1,
4194574,true,שוקיים עוף טרי מחפוד,עוף ירושלים שיווק בעמ,,,"לק""ג",1,,true,1,33.90,33.90,false,1,
4194581,true,פרגיות עוף  טרי  ארוז מחפוד,עוף ירושלים שיווק בעמ,,,"לק""ג",1,,true,1,75,75,false,1,
4194598,true,כבד עוף טרי  מחפוד ארוז,עוף ירושלים שיווק בעמ,,,"לק""ג",1,,true,1,32.90,32.90,false,1,
4194604,true,לבבות עוף   טרי  ארוז מחפוד,עוף ירושלים שיווק בעמ,,,"לק""ג",1,,true,1,34.90,34.90,false,1,
4194635,true,שניצל  עוף  טרי ארוז  מחפוד,עוף ירושלים שיווק בעמ,,,"לק""ג",1,"לק""ג",true,1,39.90,39.90,false,1,
4194642,true,גרון עוף    טרי,עוף ירושלים שיווק בעמ,,,"לק""ג",1,,true,1,9.90,9.90,false,1,
4194703,true,כבד עוף צלוי,עוף ירושלים שיווק בעמ,,,יח,2.50,ל 100 גרם,false,1,24.90,9.96,false,1,
4194819,true,פילה עוף טרי מחפוד,עוף ירושלים שיווק בעמ,,,"לק""ג",10,ל 100 גרם,true,1,34.90,3.49,false,1,
4199272,true,בקבוק פיה רחבה,אינטרסן )1996(בעמ,,,יח,1,,false,1,12.90,12.90,false,1,
4199326,true,כוס אימון מהפכנית לתינוק,אינטרסן )1996(בעמ,,,יח,1,,false,1,12.90,12.90,false,1,
4220037,true,סטייק אנטריקוט 800 גר-עטרה,נטו מלינדה סחר בעמ,,,יח,8,ל 100 גרם,false,1,46.90,5.86,false,1,
4225285,true,גבינה  סגנון דנאבלו 100 גר,נטו מילנדה סחר בעמ*,,,יח,1,ל 100 גרם,false,1,11.90,11.90,true,1,
4230326,true,שטרודל פילו עץ וקינמון השף שגב 600 ג,נטו מילנדה סחר בעמ*,,,יח,7,ל 100 גרם,false,1,19.90,2.84,true,1,
4230333,true,"מקלות בורקס פילו תפו""א שגב 600 גרם",נטו מילנדה סחר בעמ*,,,יח,6,ל 100 גרם,false,1,19.90,3.32,true,1,
4230340,true,מקלות  בורקס  פילו  תרד ובצל שגב 600 ג,נטו מילנדה סחר בעמ*,,,יח,6,ל 100 גרם,false,1,19.90,3.32,true,1,
4230357,true,מקלות בורקס פילו גבינה ובטטה שגב 600 גרם,נטו מילנדה סחר בעמ*,,,יח,6,ל 100 גרם,false,1,19.90,3.32,true,1,
4230364,true,מקלות  בורקס פילו  גבינה צרפתי שגב 600,נטו מילנדה סחר בעמ*,,,יח,6,ל 100 גרם,false,1,19.90,3.32,true,1,
4230944,true,מקלות בורקס פילו  גבינה 600 גרם השף שג,נטו מילנדה סחר בעמ*,,,יח,7,ל 100 גרם,false,1,19.90,2.84,true,1,
4257101,true,אנטריקוט דקדק 250 גר` עטרה,נטו מלינדה סחר בעמ,,,יח,0.25,ל 100 גרם,false,1,32.90,131.60,true,1,
4257118,true,מילנסה  דקדק 250 גר` עטרה,נטו מלינדה סחר בעמ,,,יח,0.25,ל 100 גרם,false,1,32.90,131.60,true,1,
4257125,true,סינטה   דקדק 250 גר` עטרה,נטו מלינדה סחר בעמ,,,יח,0.25,ל 100 גרם,false,1,32.90,131.60,true,1,
4263027,true,קבב מזרחי עטרה 500 גרם,נטו מלינדה סחר בעמ,,,יח,5,ל 100 גרם,false,1,18.90,3.78,false,1,
4263034,true,עטרה בורגר עטרה 500 גרם,נטו מלינדה סחר בעמ,,,יח,5,ל 100 גרם,false,1,18.90,3.78,false,1,
4263041,true,גולש בקר בית יוסף,נטו מלינדה סחר בעמ,,,"לק""ג",10,ל 100 גרם,true,1,41.90,4.19,false,1,
4263393,true,קישקע ירושלמי עטרה 500 גרם,נטו מלינדה סחר בעמ,,,יח,5,ל 100 גרם,false,1,16.90,3.38,false,1,
4263485,true,מס 2 עטרה,נטו מלינדה סחר בעמ,,,"לק""ג",10,ל 100 גרם,true,1,44.90,4.49,true,1,
4263515,true,מעורב ירושלמי,נטו מלינדה סחר בעמ,,,יח,8,ל 100 גרם,false,1,19.90,2.49,false,1,
4263553,true,חזה מס 3 עטרה,נטו מלינדה סחר בעמ,,,"לק""ג",10,ל 100 גרם,true,1,39.90,3.99,false,1,
4263621,true,מס 4 עטרה,נטו מלינדה סחר בעמ,,,"לק""ג",10,ל 100 גרם,true,1,54.90,5.49,true,1,
4263652,true,נקניקיות עוף עטרה 400 גרם,נטו מלינדה סחר בעמ,,,יח,4,ל 100 גרם,false,1,11.90,2.98,true,1,
4263676,true,טחון הודו בית יו,נטו מלינדה סחר בעמ,,,יח,5,ל 100 גרם,false,1,12.90,2.58,false,1,
4263799,true,צלי כתף בית יוסף  מס`5עטרה,נטו מלינדה סחר בעמ,,,"לק""ג",10,ל 100 גרם,true,1,88.90,8.89,false,1,
4263867,true,.פילה מדומה קפוא מס`6 עטרה,נטו מלינדה סחר בעמ,,,"לק""ג",10,ל 100 גרם,true,1,53.90,5.39,true,1,
4263935,true,מס 7 עטרה,נטו מלינדה סחר בעמ,,,"לק""ג",10,ל 100 גרם,true,1,39.90,3.99,false,1,
4267209,true,עוגיות לקפה 200ג  ברמן  *,ברמן שוקולד ועוגיות בעמ,,,יח,2,ל 100 גרם,false,1,4.90,2.45,true,1,
4267216,true,עוגיות ריבה 200ג  ברמן  *,ברמן שוקולד ועוגיות בעמ,,,יח,2,ל 100 גרם,false,1,4.90,2.45,true,1,
4267261,true,עוגיות טופז 600ג   ברמן*,ברמן שוקולד ועוגיות בעמ,,,יח,6,ל 100 גרם,false,1,11.90,1.98,false,1,
4267506,true,מחמאות  600 ברמן  *,ברמן שוקולד ועוגיות בעמ,,,יח,6,ל 100 גרם,false,1,15.80,2.63,false,1,
4267544,true,עוגיות ממולאות תות 600ג   ברמן*,ברמן שוקולד ועוגיות בעמ,,,יח,6,ל 100 גרם,false,1,11.90,1.98,false,1,
4267636,true,עוגיות לקפה 600 ברמן  *,ברמן שוקולד ועוגיות בעמ,,,יח,6,ל 100 גרם,false,1,11.90,1.98,false,1,
4267650,true,עוגיות ריבה  600 ברמן  *,ברמן שוקולד ועוגיות בעמ,,,יח,6,ל 100 גרם,false,1,11.90,1.98,false,1,
4267667,true,עוגיות שוקוציפס 600ג  ברמן*,ברמן שוקולד ועוגיות בעמ,,,יח,6,ל 100 גרם,false,1,11.90,1.98,false,1,
4267759,true,מפנקות במילוי קרם שוקולד 180ג   ברמן*,ברמן שוקולד ועוגיות בעמ,,,יח,3,ל 100 גרם,false,1,4.90,1.63,true,1,
4554293,true,קרחון ענבים,"גלידת שטראוס בע""מ",,,יח,1,,false,1,2.50,2.50,false,1,
4554330,true,אסקימו בודד דובדבן,"גלידת שטראוס בע""מ",,,יח,1,,false,1,2,2,false,1,
4639006,true,קוסקוס טוניסאי סולטנה 800 גרם,מטעמי פאר,,,ל 100 גרם,8,ל 100 גרם,false,1,14.90,1.86,false,1,
4645311,true,טונה  כהה(וואקום) רוזנרס,ש.רוזנרס בעמ,,,"לק""ג",10,ל 100 גרם,true,1,44.90,4.49,false,1,
4645328,true,פילה  סלמון רוזנרס,ש.רוזנרס בעמ,,,"לק""ג",10,ל 100 גרם,true,1,89.90,8.99,false,1,
4645748,true,פילה  אמנון בלי עור קהילות,ש.רוזנרס בעמ,,,"לק""ג",10,ל 100 גרם,true,1,39.90,3.99,false,1,
4731076,true,כיף 1 ליטר אלוורה,החברה הדרומית לשיווק בעמ,,,יח,1,לליטר,false,1,11.90,11.90,false,1,
4731083,true,כיף 1 ליטר ג`נסינג,החברה הדרומית לשיווק בעמ,,,יח,1,לליטר,false,1,11.90,11.90,false,1,
4731410,true,סקוטש סושי ענק ירוק ק,החברה הדרומית לשיווק בעמ,,,יח,1,,false,1,9.90,9.90,false,1,
4829421,true,נפה  משי,רפקו תעשיות כלי ניקוי בעמ,,,יח,1,,false,1,28.90,28.90,false,1,
4861025,true,גבינת בולגרית 16%/5%,מחלבת המושבה בעמ,,,ל 100 גרם,10,ל 100 גרם,true,1,46.90,4.69,false,1,
4861056,true,גבינה צפתית מושבה,מחלבת המושבה בעמ,,,ל 100 גרם,10,ל 100 גרם,true,1,44.90,4.49,false,1,
4861063,true,גבינת קש,מחלבת המושבה בעמ,,,ל 100 גרם,10,ל 100 גרם,true,1,44.90,4.49,false,1,
4861261,true,גבינת טורבוג צימוקים,מחלבת המושבה בעמ,,,ל 100 גרם,10,ל 100 גרם,true,1,32,3.20,false,1,
4861421,true,חלומי  מהדרין,מחלבת המושבה בעמ,,,"לק""ג",10,ל 100 גרם,true,1,79.90,7.99,false,1,
4861445,true,לבנה כדורים בשמן זית,מחלבת המושבה בעמ,,,ל 100 גרם,10,ל 100 גרם,true,1,119,11.90,false,1,
4934859,true,נקנקיות עוף 400  חתם סופר,עוף ירושלים שיווק בעמ,,,יח,4,ל 100 גרם,false,1,8.90,2.23,false,1,
4969516,true,אסדו בקר עם עצם פרוס,עוף ירושלים שיווק בעמ,,,"לק""ג",1,,true,1,54.90,54.90,false,1,
5017483,true,שיפודי פרגיות מתובל נתח אדום,נתח אדום עוזי ביטון ובניו בעמ,,,יח,10,יח,false,1,59.90,5.99,false,1,
5017704,true,שיפודי אנטריקוט קפוא נתח אדום,נתח אדום עוזי ביטון ובניו בעמ,,,"לק""ג",10,ל 100 גרם,true,1,110,11,false,1,
5017742,true,"חזה טלה לתנור מתובל בד""ץ  נתח אדום",נתח אדום עוזי ביטון ובניו בעמ,,,"לק""ג",10,ל 100 גרם,true,1,64.90,6.49,false,1,
5017889,true,קציצות ריב אנטריקוט נתח אדום,הקצבים,,,יח,7,ל 100 גרם,false,1,29.90,4.27,false,1,
5017902,true,מרגז  מרוקאי חריף נתח אדום,נתח אדום עוזי ביטון ובניו בעמ,,,יח,7,ל 100 גרם,false,1,29.90,4.27,false,1,
5017933,true,טחול ממולא בדץ נתח אדום,נתח אדום עוזי ביטון ובניו בעמ,,,"לק""ג",10,ל 100 גרם,true,1,64.90,6.49,false,1,
5017940,true,נקניקיות מרגז כבד נתח אדום,נתח אדום עוזי ביטון ובניו בעמ,,,יח,7,ל 100 גרם,false,1,29.90,4.27,false,1,
5017957,true,"קבב בקר ביתי בד""ץ",נתח אדום עוזי ביטון ובניו בעמ,,,יח,7,ל 100 גרם,false,1,29.90,4.27,false,1,
5017964,true,"קבב טלה ארוז בד""ץ",נתח אדום עוזי ביטון ובניו בעמ,,,יח,7,ל 100 גרם,false,1,29.90,4.27,false,1,
5017995,true,שיפודי פרגיות  קפוא נתח אדום,נתח אדום עוזי ביטון ובניו בעמ,,,יח,6,ל 100 גרם,false,1,59.90,9.98,false,1,
5113222,true,מיקס זיתים A-2 יבנה,קבוצת יבנה מוצרי מזון,,,יח,5.60,ל 100 גרם,false,1,9.80,1.75,false,1,
5326585,true,פסטו בזיליקום,תנובה -חלב,,,יח,8,"ל100 מ""ל",false,1,11.90,1.49,false,1,
5424847,true,סופט  150לבן,החברה הדרומית לשיווק בעמ,,,יח,1,,false,1,7.50,7.50,false,1,
5426193,true,סנו סושי ספוג הפלא,החברה הדרומית לשיווק בעמ,,,יח,1,,false,1,10.90,10.90,false,1,
5426230,true,מטלית הפלא לריצפה,החברה הדרומית לשיווק בעמ,,,יח,1,,false,1,11.90,11.90,false,1,
5427848,true,סושי 30 בגליל ורוד,החברה הדרומית לשיווק בעמ,,,יח,1,,false,1,18.90,18.90,false,1,
5430480,true,מטלית הפלא ק,החברה הדרומית לשיווק בעמ,,,יח,1,,false,1,6.90,6.90,false,1,
5431906,true,קדיף 82 גר`,תנובה -חלב,,,יח,0.82,ל 100 גרם,false,1,5.90,7.20,false,1,
5559587,true,מאפה נקניקיה מעדנות 800 גרם,תנובה ענף ב.ע.ד,,,ל 100 גרם,8,ל 100 גרם,false,1,28.90,3.61,false,1,
5559709,true,בורקס פיצה 700 גרם מעדנות,תנובה ענף ב.ע.ד,,,יח,7,ל 100 גרם,false,1,25.90,3.70,false,1,
5559990,true,בצק פילאס תורכי מעדנות 600 גרם,תנובה ענף ב.ע.ד,,,ל 100 גרם,6,ל 100 גרם,false,1,20.90,3.48,false,1,
5610509,true,צנונית מובחרת (דוד משה ),"בכורי השדה צפון1994 ג.ד. בע""מ",,,יח,1,,false,1,4.90,4.90,false,1,
5617492,true,דלי פיה ידית פלסטיק 12  נופר*,נופר ששון ציון בעמ,,,יח,1,יח,false,1,10.90,10.90,false,1,
5678318,true,ענבים  ירוקים  טלי אוטום קריספי,"בכורי השדה צפון1994 ג.ד. בע""מ",,,"לק""ג",1,,true,1,24.90,24.90,false,1,
5678387,true,ענבים אדומים אוטום רויאל,"בכורי השדה צפון1994 ג.ד. בע""מ",,,"לק""ג",1,,true,1,24.90,24.90,false,1,
5692543,true,"נקנקיות  מרגז  חריפות 1 ק""ג מחפוד",עוף ירושלים שיווק בעמ,,,יח,10,ל 100 גרם,false,1,49.90,4.99,false,1,
5854569,true,שלגון מצופה שוקו  בננה,"גלידת שטראוס בע""מ",,,יח,0.60,ל 100 גרם,false,1,5.30,8.83,true,1,
5854606,true,אסקימו פרי אננס,"גלידת שטראוס בע""מ",,,יח,1,,false,1,2.50,2.50,false,1,
5854613,true,אסקימו תותי פרוטי,"גלידת שטראוס בע""מ",,,,1,,false,1,2.50,2.50,false,1,
5938627,true,ממרח עגבניות,נטו מילנדה סחר בעמ*,,,יח,2.20,ל 100 גרם,false,1,16.90,7.68,false,1,
5992872,true,צפתית 5% במים,מחלבות גד שיווק 1992 בעמ,,,ל 100 גרם,10,ל 100 גרם,true,1,59.90,5.99,false,1,
5992902,true,שמנת בטעמים ירקות,מחלבות גד שיווק 1992 בעמ,,,"לק""ג",10,ל 100 גרם,true,1,42.80,4.28,false,1,
6271174,true,גחנון בצק לאפייה 700 גרם מעדנות,תנובה ענף ב.ע.ד,,,יח,7,ל 100 גרם,false,1,18.20,2.60,false,1,
6271181,true,ג חנון אפוי 750 גרם מעדנות,תנובה ענף ב.ע.ד,,,ל 100 גרם,7.50,ל 100 גרם,false,1,21.90,2.92,false,1,
6271648,true,"מיני בורקס תפו""א מעדנות 800 גרם",תנובה ענף ב.ע.ד,,,יח,6.50,יח,false,1,22.90,3.52,false,1,
6271655,true,מיני בורקס גבינה מעדנות 800 גרם,תנובה ענף ב.ע.ד,,,יח,8,יח,false,1,22.90,2.86,false,1,
6272072,true,חטיפי פיצה 100% גבינה 650 גרם מעדנות,תנובה ענף ב.ע.ד,,,יח,6.50,יח,false,1,27.90,4.29,false,1,
6272430,true,בצק עלים חמאה 600 גר מעדנות,תנובה ענף ב.ע.ד,,,ל 100 גרם,6,ל 100 גרם,false,1,26.90,4.48,false,1,
6306296,true,רביולי גבינה לילדים  גד,מחלבות גד שיווק 1992 בעמ,,,יח,3,ל 100 גרם,false,1,22.90,7.63,true,1,
6306302,true,רביולי  גבינה ופרמזן,מחלבות גד שיווק 1992 בעמ,,,יח,4,"ל100 מ""ל",false,1,22.90,5.73,true,1,
6306319,true,רביולי  בטטה,מחלבות גד שיווק 1992 בעמ,,,יח,1,,false,1,22.90,22.90,true,1,
6376848,true,קפה פרימיום,נאמן לאורך זמן בעמ,,,יח,1,,false,1,4.50,4.50,false,1,
6492432,true,מוצרלה בייבי מחלבות גד,מחלבות גד שיווק 1992 בעמ,,,יח,1,,false,1,13.90,13.90,false,1,
6492630,true,גליל גד עז 180 גר,מחלבות גד שיווק 1992 בעמ,,,יח,1,,false,1,22.90,22.90,false,1,
6511683,true,פולי סויה קפואים ווילי פוד 450 גרם,ג.וילי פוד בעמ,,,יח,4.54,ל 100 גרם,false,1,8.90,1.96,true,1,
6547620,true,פלסטר 50 יח חביב,חביב את פרנק בעמ (לוגיסטי ),,,יח,1,יח,false,1,3.90,3.90,false,1,
6550972,true,"בשר בקר טחון עטרה 1 ק""ג",נטו מלינדה סחר בעמ,,,יח,1,ל 100 גרם,false,1,29.90,29.90,false,1,
6632111,true,ביצי דג  קוד ארוז,ישראל פלדמן ייצור ושיווק,,,יח,2.50,יח,false,1,24.90,9.96,false,1,
6644527,true,תפוזינה תות   500,יפאורה שותפות מוגבלת לשיווק,,,יח,5,"ל100 מ""ל",false,1,4.90,0.92,true,1,
6681065,true,טעמקור XL שוקו וניל,"גלידת שטראוס בע""מ",,,יח,1,,false,1,6.90,6.90,true,1,
6681577,true,אסקימו  8+2,"גלידת שטראוס בע""מ",,,יח,1,,false,1,14.90,14.90,false,1,
6707277,true,גרון הודו הורבך קפוא,עוף טוב (שאן) בעמ,,,"לק""ג",10,ל 100 גרם,true,1,28.90,2.89,false,1,
6707321,true,אשכי הודו ארוז,שי פסי בעמ,,,"לק""ג",1,,true,1,159.90,159.90,false,1,
6707543,true,פילה  עוף  טרי  ארוז ע.ט,עוף טוב (שאן) בעמ,,,"לק""ג",1,,true,1,42.90,42.90,true,1,
6707734,true,עוף טוב שניצל דק טרי ארוז,עוף טוב (שאן) בעמ,,,"לק""ג",1,,true,1,45.90,45.90,true,1,
6730350,true,טרופיק עם פקק בודד,קלית סיטבון בעמ,,,יח,1,יח,false,1,1.50,1.50,false,1,
6737915,true,דובשניות 300 גרם חפץ,לירון קרביץ יבוא שיווק וסחר,,,יח,3,ל 100 גרם,false,1,6.90,2.30,false,1,
6739247,true,פסטרמה  איטלקית זוגלובק,זוגלובק שיווק בעמ,,,ל 100 גרם,10,ל 100 גרם,true,1,79.90,7.99,true,1,
6739407,true,שניצל תירס לייט  גר`,זוגלובק שיווק בעמ,,,יח,7.50,ל 100 גרם,false,1,24.90,3.32,true,1,
6739445,true,שניצל תירס קלאסי 750 ק. זוגלובק,זוגלובק שיווק בעמ,,,יח,7.50,ל 100 גרם,false,1,23.90,3.19,true,1,
6742278,true,פסטרממיה צלויה על לבנים 330  גר`זוגלוב,זוגלובק שיווק בעמ,,,יח,3.30,ל 100 גרם,false,1,25.90,7.85,true,1,
6742292,true,פסטרממיה  בדבש  330  גר`זוגלובק,זוגלובק שיווק בעמ,,,יח,3.30,ל 100 גרם,false,1,25.90,7.85,true,1,
6775894,true,עוגת שיש ללא סוכר 400ג אחוה*,אחדות בעמ,,,יח,4,ל 100 גרם,false,1,10.90,2.73,false,1,
6784865,true,תרסיס מטבחים 1 ליטר סנט מוריץ*,קומפלקס בעמ,,,יח,10,"ל100 מ""ל",false,1,8.90,0.89,false,1,
6941466,true,"שמן קנולה 1 ליטר  ""שווה"" *",ברוקלמן גרמניה,,,יח,1,לליטר,false,1,9.90,9.90,false,1,
6992864,true,"לה קט  חתלתולים   2.85 ק""ג",דיפלומט מפיצים {1968}בעמ,,,יח,2.85,"לק""ג",false,1,64.90,22.77,false,1,
8000796,true,משחת שיניים לילדים  כצט,גורי ע.ע.ע בעמ,,,יח,0.50,"ל100 מ""ל",false,1,10.90,21.80,false,1,
8116534,true,"ליסטרין מנטה 250 מ""ל",שקד תבל בעמ,,,יח,2.50,ל 100 גרם,false,1,17.90,7.16,false,1,
8154222,true,שניצלונים עוף טוב,קבוצת אוסם סחר שותפות מוגבלת,,,יח,7,ל 100 גרם,false,1,13.90,1.99,false,1,
8175906,true,גאודה עיזים ו.פוד א.ח נוכרי,ג.וילי פוד בעמ,,,ל 100 גרם,10,ל 100 גרם,true,1,118.90,11.89,false,1,
8181214,true,כוס זכוכית ידית,שונים,,,יח,1,,false,1,5.90,5.90,false,1,
8254267,true,חזה אסאדו טלה פרוס חלק בית יוסף,מאסטרפוד בעמ,,,"לק""ג",10,ל 100 גרם,true,1,59.90,5.99,false,1,
8257244,true,מברשת +_מסרק  תינוק,אריסטוקרט מ.ב.ליבוא שווק בעמ,,,יח,1,,false,1,8.50,8.50,false,1,
8257251,true,"מספריים  לתינוק""משופרות""",אריסטוקרט מ.ב.ליבוא שווק בעמ,,,יח,1,,false,1,8.40,8.40,false,1,
8257688,true,נשכן דובי,אריסטוקרט מ.ב.ליבוא שווק בעמ,,,יח,1,,false,1,6.90,6.90,false,1,
8335560,true,סיגרים בשר,נטו מילנדה סחר בעמ*,,,יח,6,ל 100 גרם,false,1,12.90,2.15,false,1,
8335577,true,"9פסטל תפו,א",נטו מילנדה סחר בעמ*,,,יח,6,ל 100 גרם,false,1,12.90,2.15,false,1,
8335584,true,"סיגרים תפו,א",נטו מילנדה סחר בעמ*,,,יח,6,ל 100 גרם,false,1,12.90,2.15,false,1,
8343466,true,בצק פילו שלושת האופים 500 גרם,נטו מילנדה סחר בעמ*,,,יח,5,ל 100 גרם,false,1,18.90,3.78,true,1,
8343503,true,ג חנון אפוי 650 גרם שלושת האופים,נטו מילנדה סחר בעמ*,,,יח,6.50,ל 100 גרם,false,1,18.90,2.91,true,1,
8343510,true,מיני ג חנון אפוי שלושת האופים 650 גרם,נטו מילנדה סחר בעמ*,,,יח,6.50,ל 100 גרם,false,1,18.90,2.91,false,1,
8344258,true,המבורגר מזרחי 400 ג טיבון ויל,נטו מילנדה סחר בעמ*,,,יח,4,ל 100 גרם,false,1,17.90,4.48,true,1,
8344272,true,המבורגר 100% בשר טיבון ויל,נטו מילנדה סחר בעמ*,,,יח,4,ל 100 גרם,false,1,17.90,4.48,true,1,
8409124,true,שניצל ג ונגל מאמא עוף,תנובה ענף ב.ע.ד,,,יח,7,ל 100 גרם,false,1,29.90,4.27,false,1,
8409407,true,שניצל דק  בציפוי צ`יפס מאמא עוף 700 גרם,תנובה ענף ב.ע.ד,,,יח,7,ל 100 גרם,false,1,39.90,5.70,false,1,
8409551,true,שניצל ע. ציפוי,תנובה ענף ב.ע.ד,,,יח,7,ל 100 גרם,false,1,33.90,4.84,false,1,
8464697,true,מכבי  חזקה 7.9% שישיה,טמפו משקאות בעמ,,,יח,15,"ל100 מ""ל",false,1,36.90,2.34,true,1,
8464703,true,מכבי מקומי  330שישיה ק,טמפו משקאות בעמ,,,יח,15,"ל100 מ""ל",false,1,33.90,2.14,true,1,
8634663,true,בקבוק טליפ שלישיה גדול,אינטרסן )1996(בעמ,,,יח,1,,false,1,11.90,11.90,false,1,
8670135,true,יין רקאנטי סוביניון בלאן 2019*,היכל היין שקד גולן בעמ,,,יח,7.50,"ל100 מ""ל",false,1,65.20,8.65,false,1,
8805049,true,רוזה סלקטד,אגודת הכורמים בעמ,,,יח,7.50,"ל100 מ""ל",false,1,29.90,3.95,true,1,
8805964,true,קברנה  שיראז גליל עליון   אדום יבש,אגודת הכורמים בעמ,,,יח,7.50,"ל100 מ""ל",false,1,59.90,7.95,true,1,
8837965,true,יין סמיון 1ליטר  כרמי  שי*,יקבי ארזה ת.ר.ז. בעמ,,,יח,1,לליטר,false,1,15.90,15.90,false,1,
8837989,true,יין קריניאן אדום יבש 1ליטר כרמי  שי*,יקבי ארזה ת.ר.ז. בעמ,,,יח,1,לליטר,false,1,15.90,15.90,false,1,
8846219,true,"שמן  זית חלוצה 750 מ""ל",נטו מילנדה סחר בעמ*,,,יח,7.50,"ל100 מ""ל",false,1,39.90,5.32,false,1,
8921251,true,קברנה פראנק,יקב תשבי (יקבי הברון בעמ ),,,"ל100 מ""ל",7.50,"ל100 מ""ל",false,1,37.90,5.01,true,1,
8921299,true,יין פטיט וורדו תשבי,יקב תשבי (יקבי הברון בעמ ),,,"ל100 מ""ל",7.50,"ל100 מ""ל",false,1,37.90,5.01,true,1,
8921459,true,יין שיראז ESTATE תשבי,יקב תשבי (יקבי הברון בעמ ),,,יח,7.50,"ל100 מ""ל",false,1,75.90,10.08,false,1,
8989091,true,פרכיות אורז 300ג 3יח  BD  *,בטר אנד דיפרנט בעמ,,,יח,3.10,ל 100 גרם,false,1,11.90,3.84,false,1,
8989848,true,חמאת בוטנים  קרנצי 350ג BD*,בטר אנד דיפרנט בעמ,,,יח,3.50,ל 100 גרם,false,1,13.50,3.86,false,1,
10003686,true,Bay leaves 20 grm bag - Maimon Spices,א.ל ייצור ושיווק תבלינים בעמ,,,יח,2,ל 100 גרם,false,1,5.90,2.95,false,1,
10003693,true,Sweet paprika 80 grm bag - Maimon Spices,א.ל ייצור ושיווק תבלינים בעמ,,,יח,0.20,ל 100 גרם,false,1,5.90,29.50,false,1,
10003792,true,Lemon Salt 100 grm bag new - Maimon Spic,א.ל ייצור ושיווק תבלינים בעמ,,,יח,1,ל 100 גרם,false,1,5.90,5.90,false,1,
10003808,true,Hyssop and sesame 80 grm bag - Maimon Sp,א.ל ייצור ושיווק תבלינים בעמ,,,יח,8,ל 100 גרם,false,1,5.90,0.74,false,1,
10065059,true,מחית פירות מעורבים  שלב 3,גורי מוצרי צריכה 1991 בעמ,,,יח,1.90,ל 100 גרם,false,1,6.60,3.47,true,1,
10066445,true,טונה בשמן צמחי 414ג פילטונה אדום*,תעשיות פיל טונה בעמ,,,יח,4.14,ל 100 גרם,false,1,11.90,2.87,false,1,
10066513,true,טונה בשמן 160ג 4יח  פילטונה*,תעשיות פיל טונה בעמ,,,יח,4,למארז,false,1,21.90,5.48,false,1,
10066520,true,טונה בשמן קנולה 160ג פילטונה,תעשיות פיל טונה בעמ,,,יח,1.13,ל 100 גרם,false,1,6.30,5.58,false,1,
10066575,true,טונה במים 160ג 4יח   פילטונה*,תעשיות פיל טונה בעמ,,,יח,4,למארז,false,1,21.90,5.48,false,1,
10066582,true,טונה בשמן קנולה 160ג 4יח  פילטונה*,תעשיות פיל טונה בעמ,,,יח,4,למארז,false,1,21.90,5.48,false,1,
10066599,true,טונה בשמן זית 160ג 4יח   פילטונה*,תעשיות פיל טונה בעמ,,,יח,4.52,ל 100 גרם,false,1,27.90,6.17,false,1,
10195268,true,פופקורן  מופחת שומן טבעי 5 יח`,"דנשר (1963) בע,מ",,,יח,5,ל 100 גרם,false,1,13.90,2.78,true,1,
10328345,true,חלבה חטיף  50ג   אחוה,אחדות בעמ,,,יח,0.50,ל 100 גרם,false,1,1.60,3.20,false,1,
10328680,true,עוגת שוקוציפס מריר ולבן  450ג  אחוה*,אחדות בעמ,,,יח,4.50,ל 100 גרם,false,1,9.90,2.20,false,1,
10328727,true,ממרח טחינה עם שוקולד400ג  אחוה   *,אחדות בעמ,,,יח,4,"ל100 מ""ל",false,1,9.90,2.48,false,1,
10328734,true,ממרח טחינה עם סילאן 400ג  אחוה   *,אחדות בעמ,,,יח,4,"ל100 מ""ל",false,1,9.90,2.48,false,1,
10328819,true,ממרח טחינה עם שוקולד לייט  אחוה*,אחדות בעמ,,,יח,4,"ל100 מ""ל",false,1,9.90,2.48,false,1,
10328901,true,מאפין וניל 45ג  אחוה*,אחדות בעמ,,,יח,0.45,ל 100 גרם,false,1,1.40,3.11,true,1,
10513727,true,פירורי לחם פנקו 200 גר`,מזרח ומערב יבוא ושיווק,,,יח,2,ל 100 גרם,false,1,7.90,3.95,false,1,
10558001,true,ממרח לימון 200ג   עוזי*,עוזי טעמים של בית,,,יח,2,ל 100 גרם,false,1,10.90,5.45,false,1,
10558087,true,אריסה פיקנטי 200ג  עוזי*,עוזי טעמים של בית,,,יח,2,ל 100 גרם,false,1,10.90,5.45,false,1,
10558094,true,אריסה 1 קג צנצנת   עוזי*,עוזי טעמים של בית,,,יח,2,ל 100 גרם,false,1,28.90,14.45,false,1,
10558889,true,שום כתוש 200ג  עוזי*,עוזי טעמים של בית,,,יח,2,ל 100 גרם,false,1,10.90,5.45,false,1,
10558896,true,אריסה מתוקה 200ג  עוזי*,עוזי טעמים של בית,,,יח,2,ל 100 גרם,false,1,10.90,5.45,false,1,
10558902,true,אריסה חריפה מאוד 200ג  עוזי*,עוזי טעמים של בית,,,יח,2,ל 100 גרם,false,1,10.90,5.45,false,1,
10561414,true,"לחם קל אקסטרה צ`יה וטף ללא גלוטן, 500",י.איטליאנו אחזקות בעמ,,,יח,5,ל 100 גרם,false,1,22.90,4.58,false,1,
10617968,true,קיסמי שיניים דנטלים,אריסטוקרט מ.ב.ליבוא שווק בעמ,,,יח,1,,false,1,9.90,9.90,false,1,
10650354,true,כורכום טרי שורש,"בכורי השדה צפון1994 ג.ד. בע""מ",,,יח,1,,false,1,9.90,9.90,false,1,
10657568,true,סרדינים  קזבלנקה  בלימון סטאר פוד,כ. נועם סוכניותלשיווק בעמ,,,יח,1.25,ל 100 גרם,false,1,3.90,3.12,false,1,
10657681,true,פילה מקרל בשמן חמניות סטאר פוד,כ. נועם סוכניותלשיווק בעמ,,,יח,1.25,ל 100 גרם,false,1,7.90,6.32,false,1,
10657698,true,פילה מקרל  חריף סטאר פוד,כ. נועם סוכניותלשיווק בעמ,,,יח,1.25,ל 100 גרם,false,1,7.90,6.32,false,1,
10657704,true,פילה מקרל  בשמן זית,כ. נועם סוכניותלשיווק בעמ,,,יח,1,,false,1,9.90,9.90,false,1,
10711871,true,מטאטא שיער סוס   מ.א,מ.א ייצור ויבו*מטליות בעמ,,,יח,0,יח,false,1,36.90,36.90,false,1,
10719044,true,שמן זית  5 ליטר פח   אחיה*,ארץ זית שמן מובחר בעמ,,,יח,50,"ל100 מ""ל",false,1,199,3.98,false,1,
10719051,true,"שמן זית 250 מ""ל  אחיה*",ארץ זית שמן מובחר בעמ,,,יח,2.50,"ל100 מ""ל",false,1,15.90,6.36,false,1,
10719112,true,שמן זית 2 ליטר  פח  אחיה*,ארץ זית שמן מובחר בעמ,,,יח,20,"ל100 מ""ל",false,1,85.90,4.30,false,1,
10766956,true,ממרח  פלפלים קלויים אוליביה,תה ויסוצקי (ישראל)בעמ,,,יח,1,,false,1,12.90,12.90,false,1,
10777358,true,פיתה כוסמין מלא שובע,גיא שיווק טוב,,,יח,1,יח,false,1,15.90,15.90,false,1,
10791552,true,לה קט דליטקס  טונה  ברוטב,דיפלומט מפיצים {1968}בעמ,,,יח,0.85,ל 100 גרם,false,1,4.90,5.76,false,1,
11015862,true,סירופ דיאט  לימונענע  750,החברה המרכזית להפצת משקאות בע,,,יח,7.50,"ל100 מ""ל",false,1,22.90,3.05,false,1,
11133504,true,בירה שנדי  אפרסק,טמפו משקאות בעמ,,,יח,3.30,"ל100 מ""ל",false,1,6.90,2,false,1,
11154134,true,סילאן דבש תמרים 900ג טעמי הגליל *,טעמי הגליל בעמ,,,יח,9,ל 100 גרם,false,1,11.90,1.32,true,1,
11174866,true,צ יפס בטטה פרי הגליל 800 גרם,ויטה-פרי גליל (החדשה) בעמ,,,יח,7,ל 100 גרם,false,1,15.90,2.27,false,1,
11174897,true,600 expired peas - Pry Galilee,ויטה-פרי גליל (החדשה) בעמ,,,יח,6,ל 100 גרם,false,1,11.90,1.98,false,1,
11223038,true,עלים לקרמשניט 300 גר`,"דנשר (1963) בע,מ",,,יח,3,ל 100 גרם,false,1,14.90,4.97,false,1,
11223045,true,בישקוטים 200 גר,"דנשר (1963) בע,מ",,,יח,2,ל 100 גרם,false,1,5.90,2.95,false,1,
11231354,true,סוללות שלט טורבו פלוס AAA רביעיה אבץ,טורבו פלוס {מ.ב} בעמ,,,יח,1,יח,false,1,4.50,4.50,false,1,
11254766,true,שעועית לוביה 400 ג   מיה*,מיה תעשיות מזון מ.ת.מ בעמ,,,יח,4,ל 100 גרם,false,1,9.90,2.48,false,1,
11254773,true,שעועית ארגנטינאית 500 מיה,מיה תעשיות מזון מ.ת.מ בעמ,,,יח,5,ל 100 גרם,false,1,9.90,1.98,false,1,
11254780,true,"שעועית ארגנטינאית 1 ק""ג מיה",מיה תעשיות מזון מ.ת.מ בעמ,,,יח,10,ל 100 גרם,false,1,16.90,1.69,false,1,
11254858,true,סוכ גלי  בג`ונגל  125  גר`מיה,מיה תעשיות מזון מ.ת.מ בעמ,,,יח,1.25,ל 100 גרם,false,1,5.90,4.72,true,1,
11369736,true,מזלף לאמבטיה  ע. הבית,עולם הבית,,,יח,1,,false,1,27.90,27.90,false,1,
11499624,true,גבינת שמנת 30% טבעי,מחלבות גד שיווק 1992 בעמ,,,יח,2,ל 100 גרם,false,1,12.90,6.45,false,1,
11514105,true,מסנן אמרקאי לכיור,עולם הבית,,,יח,1,,false,1,15,15,false,1,
11514280,true,מתקן  לספוג   וואקום    ע. הבית,עולם הבית,,,יח,1,,false,1,6.90,6.90,false,1,
11514549,true,מחורר חגורות   ע. הבית,עולם הבית,,,יח,1,,false,1,24.90,24.90,false,1,
11514761,true,סיכות ביטחון   ע. הבית,עולם הבית,,,יח,1,,false,1,5.90,5.90,false,1,
11514877,true,סט  לבד לכיסאות    ע. הבית,עולם הבית,,,יח,1,,false,1,11.90,11.90,false,1,
11514990,true,מספריים  ע. הבית,עולם הבית,,,יח,1,,false,1,11.90,11.90,false,1,
11530730,true,שייק איט יום חמישי,בלדי בעמ,,,יח,4.50,ל 100 גרם,false,1,29.90,6.64,false,1,
11695651,true,צנימים  300 גר`,נאמן לאורך זמן בעמ,,,יח,3,ל 100 גרם,false,1,11.90,3.97,false,1,
11695972,true,טוסטים  טעימים,נאמן לאורך זמן בעמ,,,יח,1,ל 100 גרם,false,1,7.90,7.90,false,1,
11773014,true,חגורה,ליאור יבוא ושיווק מוצרי הלבשה,,,יח,1,,false,1,25.90,25.90,false,1,
11876388,true,קציצות  עוף ובקר מאמא עוף 600 גרם,תנובה ענף ב.ע.ד,,,יח,6,ל 100 גרם,false,1,28.90,4.82,false,1,
11947521,true,"שמן זית זית כתית מעולה בד""ץ",תה ויסוצקי (ישראל)בעמ,,,יח,6.30,"ל100 מ""ל",false,1,34.90,5.54,true,1,
12025822,true,סלק  שמיר  אסלי    300 גר`,סלטי שמיר 2006 בעמ,,,יח,3,ל 100 גרם,false,1,10.90,3.63,true,1,
12025839,true,מטבוחה 400 גר`,סלטי שמיר 2006 בעמ,,,יח,3,ל 100 גרם,false,1,10.90,3.63,true,1,
12116063,true,אל סבון  פיות  קמומיל,החברה הדרומית לשיווק בעמ,,,יח,7.50,"ל100 מ""ל",false,1,10.90,1.45,false,1,
12116537,true,א. כביסה מקסימה 2.5 מאסק,החברה הדרומית לשיווק בעמ,,,יח,25,ל 100 גרם,false,1,24.90,1,false,1,
12117091,true,"מקסימה 6 ק""ג ג  סנסטיב",החברה הדרומית לשיווק בעמ,,,יח,60,ל 100 גרם,false,1,45.90,0.77,false,1,
12117275,true,"סנוקליר מילוי 750 מ""ל",החברה הדרומית לשיווק בעמ,,,יח,7.50,"ל100 מ""ל",false,1,5.90,0.79,false,1,
12117350,true,ריצפז פרש 2ליטר,החברה הדרומית לשיווק בעמ,,,יח,20,"ל100 מ""ל",false,1,17.90,0.90,false,1,
12117541,true,מרכך מקסימה  סופר מרוכז,החברה הדרומית לשיווק בעמ,,,יח,10,"ל100 מ""ל",false,1,17.90,1.79,false,1,
12117558,true,מרכך מקסימה  סופר מרוכז,החברה הדרומית לשיווק בעמ,,,יח,10,"ל100 מ""ל",false,1,17.90,1.79,false,1,
12117732,true,מרכך כביסה סנו מקסימה,החברה הדרומית לשיווק בעמ,,,יח,40,"ל100 מ""ל",false,1,21.90,0.55,false,1,
12226021,true,סלמי מעושן פראג 400 גר`,זוגלובק שיווק בעמ,,,יח,4,ל 100 גרם,false,1,16.90,4.23,false,1,
12226939,true,קבנוס  בטעם   צ`ילי,זוגלובק שיווק בעמ,,,יח,1,,false,1,9.90,9.90,true,1,
12226991,true,"נקנקיות ג`מבו 1.5 ק""ג זוגלובק",זוגלובק שיווק בעמ,,,יח,15,ל 100 גרם,false,1,26.90,1.79,true,1,
12227172,true,מארז זוג כפרי דבש,זוגלובק שיווק בעמ,,,יח,8,ל 100 גרם,false,1,25.90,3.24,true,1,
12227592,true,צמד 700 גרם מחפוד זוגלובק,זוגלובק שיווק בעמ,,,יח,7,ל 100 גרם,false,1,26.90,3.84,true,1,
12227608,true,צמד 600 גרם-מחפוד זוגלובק,זוגלובק שיווק בעמ,,,יח,6,ל 100 גרם,false,1,26.90,4.48,true,1,
12227615,true,נקנקיות עוף 800 גר`-מחפוד-זוגלובק,זוגלובק שיווק בעמ,,,יח,8,ל 100 גרם,false,1,19.90,2.49,false,1,
12227622,true,חרמון כפריות דבש  400 גר` מחפוד,זוגלובק שיווק בעמ,,,יח,4,ל 100 גרם,false,1,21.90,5.48,false,1,
12227738,true,סלמי תה  מעושן- מחפוד,זוגלובק שיווק בעמ,,,יח,3.70,ל 100 גרם,false,1,20.90,5.65,false,1,
12313141,true,מלפון פרוסות במלח A2,קבוצת יבנה מוצרי מזון,,,יח,6,ל 100 גרם,false,1,6.50,1.08,false,1,
12313547,true,זיתים קלמנטה A2,קבוצת יבנה מוצרי מזון,,,יח,6,ל 100 גרם,false,1,10.90,1.82,false,1,
12404993,true,ספרינג  נקטר  דיאט חמוציות,יפאורה שותפות מוגבלת לשיווק,,,יח,12.50,"ל100 מ""ל",false,1,11.90,0.93,false,1,
12413636,true,תה ירוק  צא`י  מאסלה,תה ויסוצקי (ישראל)בעמ,,,יח,0.3750,ל 100 גרם,false,1,22.90,61.07,true,1,
12439155,true,"פתי בר וניל צבעוני 1.75 ק""ג בד""ץ*",הגביע מוצרי וופלים בעמ,,,יח,2.50,יח,false,1,21.90,8.76,false,1,
12439858,true,"גלילוני ביס 60ג   הגביע בד""ץ",הגביע מוצרי וופלים בעמ,,,יח,0.60,ל 100 גרם,false,1,2.90,4.83,true,1,
12454578,true,קישוט לעוגה לבן   70ג  מיה,מיה תעשיות מזון מ.ת.מ בעמ,,,יח,2,ל 100 גרם,false,1,4.90,2.45,false,1,
12454592,true,סוכ`ללא סוכר טעם דבש,מיה תעשיות מזון מ.ת.מ בעמ,,,יח,0.80,ל 100 גרם,false,1,5.90,7.38,true,1,
12454608,true,תן צ אפ טבעות 70 גר  מיה,מיה תעשיות מזון מ.ת.מ בעמ,,,יח,1,,false,1,3.80,3.80,false,1,
12475108,true,משקה  שעורה אורגני נמס 100 גר`,י.איטליאנו אחזקות בעמ,,,יח,1,ל 100 גרם,false,1,14.90,14.90,false,1,
12522581,true,שניצל תירס  ללא גלוטן,קבוצת אוסם סחר שותפות מוגבלת,,,יח,6.64,ל 100 גרם,false,1,26.90,4.05,true,1,
12544583,true,בשר  מס`5   חלק   הרב בעדני,חיים פסקוביץ ובניו בעמ,,,"לק""ג",10,ל 100 גרם,true,1,58.90,5.89,false,1,
12803055,true,מרמוליט סוכרלוז 100 יח`,"דנשר (1963) בע,מ",,,יח,1,ל 100 גרם,false,1,24.90,24.90,false,1,
12823381,true,מרכך מקסימה  סנסנטיב   1 ליטר,החברה הדרומית לשיווק בעמ,,,יח,10,"ל100 מ""ל",false,1,17.90,1.79,false,1,
12823558,true,סושי מטליות לחות,החברה הדרומית לשיווק בעמ,,,יח,1,,false,1,10.90,10.90,false,1,
12823589,true,ריצפז  פרש  לימון  2 ליטר,החברה הדרומית לשיווק בעמ,,,יח,2,לליטר,false,1,17.90,8.95,false,1,
12823602,true,נייר טואלט סןפט 32   לבן,החברה הדרומית לשיווק בעמ,,,יח,25.50,ל 100 גרם,false,1,29.90,1.17,false,1,
12823923,true,מרכך פרימיום  מקסימה גולדן,החברה הדרומית לשיווק בעמ,,,יח,1,לליטר,false,1,17.90,17.90,false,1,
12929786,true,פסטה  מקמח מלא צינורות,טעמן שיווק מזון בעמ,,,יח,5,ל 100 גרם,false,1,4.90,0.98,false,1,
12929793,true,ספגטי מקמח מלא,טעמן שיווק מזון בעמ,,,יח,5,ל 100 גרם,false,1,4.90,0.98,false,1,
12931017,true,מברשת שירותים.,מ.א ייצור ויבו*מטליות בעמ,,,יח,1,,false,1,3.90,3.90,false,1,
12931079,true,מטאטא איכותי מ.א,מ.א ייצור ויבוא מטליות,,,יח,1,,false,1,9.90,9.90,false,1,
12931086,true,מטאטא  מיליצה,מ.א ייצור ויבו*מטליות בעמ,,,יח,1,,false,1,15.90,15.90,false,1,
12936845,true,Spice Couscous 50 grm Court. Glass - Mai,א.ל ייצור ושיווק תבלינים בעמ,,,יח,1,ל 100 גרם,false,1,9.90,9.90,false,1,
12936890,true,Nigella 50 grm Court. Glass - Maimon Spi,א.ל ייצור ושיווק תבלינים בעמ,,,יח,0.50,ל 100 גרם,false,1,10.90,21.80,false,1,
12936937,true,Bharat 40 grm Court. Glass - Maimon Spic,א.ל ייצור ושיווק תבלינים בעמ,,,יח,0.60,ל 100 גרם,false,1,10.90,18.17,false,1,
12936944,true,Ground nutmeg 40 grm Court. Zech - Maimo,א.ל ייצור ושיווק תבלינים בעמ,,,יח,0.50,ל 100 גרם,false,1,13.50,27,false,1,
12938580,true,סנסודין  הלבנה  עדינה,גורי ע.ע.ע בעמ,,,יח,0.75,ל 100 גרם,false,1,21.90,29.20,true,1,
12938597,true,סנסודיין הקלה  מיידית,גורי ע.ע.ע בעמ,,,יח,1,,false,1,25.90,25.90,true,1,
12969560,true,רדיד אלומיניום 14 מיקרון 100/45 אופל,אופל אריזות בעמ,,,יח,1,יח,false,1,55,55,false,1,
12969614,true,ניילון נצמד 300/45  אופל*,אופל אריזות בעמ,,,יח,1,יח,false,1,33.90,33.90,false,1,
12975875,true,disposable plastic 285cc maroccan 40,בנדע אגשח בעמ,,,יח,75,יח,false,1,9.90,0.13,true,1,
12996610,true,טבלית הפלא  לאסלה יעקובי,"יעקב יעקבי ובניו בע""מ",,,יח,4,ל 100 גרם,false,1,13.90,3.48,false,1,
12996672,true,סבון אסלה + בושם ל24 שעות,"יעקב יעקבי ובניו בע""מ",,,יח,1,,false,1,9.90,9.90,false,1,
13027399,true,אנג`ל 100 קל,שלמה א.אנג ל בעמ,,,יח,1,,false,1,14.90,14.90,false,1,
13083678,true,מטרנה אקסטרה קר  שלב 2,קבוצת אוסם סחר שותפות מוגבלת,,,יח,7,"ל100 מ""ל",false,1,55.90,7.99,false,1,
13083685,true,מטרנה אקסטרה קר  שלב 3,קבוצת אוסם סחר שותפות מוגבלת,,,יח,7,"ל100 מ""ל",false,1,55.90,7.99,false,1,
13117212,true,בורקס פילו במילוי גבינה מעדנות 600 גרם,תנובה ענף ב.ע.ד,,,ל 100 גרם,6,ל 100 גרם,false,1,19.90,3.32,false,1,
13117229,true,"בורקס פילו במילוי  תפו""א מעדנות 600 גר",תנובה ענף ב.ע.ד,,,ל 100 גרם,6,ל 100 גרם,false,1,19.90,3.32,false,1,
13117236,true,בורקס פילו  פיצה מעדנות 600 גרם,תנובה ענף ב.ע.ד,,,ל 100 גרם,6,ל 100 גרם,false,1,19.90,3.32,false,1,
13117243,true,בורקס פילו  בולגרית מעדנות 600 גרם,תנובה ענף ב.ע.ד,,,ל 100 גרם,6,ל 100 גרם,false,1,19.90,3.32,false,1,
13117427,true,בצק פריך מלוח  מעדנות,תנובה ענף ב.ע.ד,,,ל 100 גרם,9,ל 100 גרם,false,1,19.90,2.21,false,1,
13117526,true,בצק שמרים למאפה מתוקים מעדנות 600 גרם,תנובה ענף ב.ע.ד,,,יח,6,ל 100 גרם,false,1,19.90,3.32,false,1,
13144171,true,Fur chocolate cake mix 560 - Maimon`s,א.ל ייצור ושיווק תבלינים בעמ,,,יח,5.60,ל 100 גרם,false,1,14.90,2.66,false,1,
13144195,true,Mix chocolate balls 500 grm - Maimon`s,א.ל ייצור ושיווק תבלינים בעמ,,,יח,5,ל 100 גרם,false,1,14.90,2.98,false,1,
13144201,true,400 grm pancake mix - Maimon`s,א.ל ייצור ושיווק תבלינים בעמ,,,יח,4,ל 100 גרם,false,1,14.90,3.73,false,1,
13144218,true,Vanilla cake mix 560 grm - Maimon`s,א.ל ייצור ושיווק תבלינים בעמ,,,יח,5.60,ל 100 גרם,false,1,14.90,2.66,false,1,
13144263,true,Melby 112 grm - Maimon`s,א.ל ייצור ושיווק תבלינים בעמ,,,יח,1.12,ל 100 גרם,false,1,9.90,8.84,false,1,
13144270,true,100 grm pastry cream - Maimon`s,מימונס אפיה בעמ,,,יח,1,ל 100 גרם,false,1,9.90,9.90,false,1,
13144317,true,Goni 18 units - Maimon`s,א.ל ייצור ושיווק תבלינים בעמ,,,יח,1.50,ל 100 גרם,false,1,19.90,13.27,false,1,
13144393,true,Vanilla extract 50 grm - Maimon`s,א.ל ייצור ושיווק תבלינים בעמ,,,יח,0.50,ל 100 גרם,false,1,4.40,8.80,false,1,
13144409,true,Rum extract 50 grm - Maimon`s,א.ל ייצור ושיווק תבלינים בעמ,,,יח,0.50,ל 100 גרם,false,1,4.40,8.80,false,1,
13144614,true,100% maple syrup - Maimon`s,א.ל ייצור ושיווק תבלינים בעמ,,,יח,2.36,"ל100 מ""ל",false,1,27.90,11.82,false,1,
13145024,true,Walnut powder 100 grm - Maimon`s,א.ל ייצור ושיווק תבלינים בעמ,,,יח,1,ל 100 גרם,false,1,10.90,10.90,false,1,
13145031,true,To March candied hazelnuts 100g - Maimon,א.ל ייצור ושיווק תבלינים בעמ,,,יח,1,ל 100 גרם,false,1,11.90,11.90,false,1,
13145048,true,Pine nuts 100 grm - Maimon`s,א.ל ייצור ושיווק תבלינים בעמ,,,יח,1,ל 100 גרם,false,1,22.90,22.90,false,1,
13145079,true,Gross natural almond 100 grm - Maimon`s,א.ל ייצור ושיווק תבלינים בעמ,,,יח,1,ל 100 גרם,false,1,11.90,11.90,true,1,
13145116,true,Bleached almond sticks 100 grm - Maimon`,א.ל ייצור ושיווק תבלינים בעמ,,,יח,1,,false,1,11.90,11.90,true,1,
13145178,true,Shredded coconut White 100 grm - Maimon`,א.ל ייצור ושיווק תבלינים בעמ,,,יח,1,ל 100 גרם,false,1,3.90,3.90,false,1,
13145192,true,Sesame 100 grm - Maimon`s,מימונס אפיה בעמ,,,יח,1,ל 100 גרם,false,1,4.50,4.50,false,1,
13145215,true,Sesame 400 grm - Maimon`s,א.ל ייצור ושיווק תבלינים בעמ,,,יח,4,ל 100 גרם,false,1,11.90,2.98,false,1,
13145390,true,Compound chocolate chocolate Tz`ifs 250,א.ל ייצור ושיווק תבלינים בעמ,,,יח,2.50,ל 100 גרם,false,1,7.90,3.16,false,1,
13145406,true,Compound chocolate and white chocolate T,א.ל ייצור ושיווק תבלינים בעמ,,,יח,2.50,ל 100 גרם,false,1,8.90,3.56,false,1,
13145437,true,Real chocolate chips 45% - Maimon`s,א.ל ייצור ושיווק תבלינים בעמ,,,יח,2.50,ל 100 גרם,false,1,10.90,4.36,false,1,
13145444,true,Chocolate Tz`ifs 66% - Maimon`s,א.ל ייצור ושיווק תבלינים בעמ,,,יח,2.50,ל 100 גרם,false,1,14.90,5.96,false,1,
13145529,true,Colored candies for decoration 90 g - Ma,א.ל ייצור ושיווק תבלינים בעמ,,,יח,0.90,ל 100 גרם,false,1,4.90,5.44,false,1,
13145567,true,Mini Mini lentils 90 grm - Maimon`s,א.ל ייצור ושיווק תבלינים בעמ,,,יח,0.90,ל 100 גרם,false,1,10.90,12.11,false,1,
13145710,true,Cherries 100 grm - Maimon`s,מימונס אפיה בעמ,,,יח,1,ל 100 גרם,false,1,8.90,8.90,false,1,
13145833,true,95 grm Chocolate Pudding - Maimon`s,א.ל ייצור ושיווק תבלינים בעמ,,,יח,0.85,ל 100 גרם,false,1,3.90,4.59,true,1,
13145840,true,Vanilla sugar 10 cards for cellophane -,מימונס אפיה בעמ,,,יח,20,יח,false,1,1.90,0.10,false,1,
13145857,true,Baking powder 10 cards for cellophane -,מימונס אפיה בעמ,,,יח,20,יח,false,1,1.90,0.10,false,1,
13145871,true,Stick dry yeast * 11 grm 5 pcs - Maimon`,א.ל ייצור ושיווק תבלינים בעמ,,,יח,3,ל 100 גרם,false,1,8.90,2.97,false,1,
13145901,true,Baking soda 100 grm - Maimon`s,א.ל ייצור ושיווק תבלינים בעמ,,,יח,1,ל 100 גרם,false,1,1.90,1.90,false,1,
13145918,true,100 grm powdered sugar - Maimon`s,א.ל ייצור ושיווק תבלינים בעמ,,,יח,1,ל 100 גרם,false,1,1.90,1.90,false,1,
13146854,true,White coconut powder 400 grm bag - Maimo,א.ל ייצור ושיווק תבלינים בעמ,,,יח,4,ל 100 גרם,false,1,12.90,3.23,false,1,
13151322,true,סרדינים  קזבלנקה במי מלח סטאר פוד,כ. נועם סוכניותלשיווק בעמ,,,יח,1.25,ל 100 גרם,false,1,3.90,3.12,false,1,
13267665,true,מאגדת  סולרו  פירות טרופים,"גלידת שטראוס בע""מ",,,יח,3.54,ל 100 גרם,false,1,22.90,6.47,false,1,
13268020,true,מרכך מקסימה  א. פרש 1 ליטר,החברה הדרומית לשיווק בעמ,,,יח,10,"ל100 מ""ל",false,1,17.90,1.79,false,1,
13268037,true,מרכך מקסימה  פצ`ולי  1 ליטר,החברה הדרומית לשיווק בעמ,,,יח,10,"ל100 מ""ל",false,1,17.90,1.79,false,1,
13268990,true,מרכך מקסימה ביו מרוכז,החברה הדרומית לשיווק בעמ,,,יח,1,לליטר,false,1,17.90,17.90,false,1,
13269003,true,מרכך מקסימה  מרוכז בייבי,החברה הדרומית לשיווק בעמ,,,יח,1,לליטר,false,1,17.90,17.90,false,1,
13269157,true,מקסימה למייבש  לבנדר,החברה הדרומית לשיווק בעמ,,,יח,1,,false,1,17.90,17.90,false,1,
13269263,true,ג ל כביסה  קריסטל 3 ליטר,החברה הדרומית לשיווק בעמ,,,יח,3,לליטר,false,1,28.90,9.63,false,1,
13269287,true,ג ל כביסה  מאסק 3 ליטר,החברה הדרומית לשיווק בעמ,,,יח,30,"ל100 מ""ל",false,1,28.90,0.96,false,1,
13269645,true,מטליות ריצפז מאסק,החברה הדרומית לשיווק בעמ,,,יח,1,,false,1,11.90,11.90,false,1,
13269911,true,תרסיס 333 K,החברה הדרומית לשיווק בעמ,,,יח,7.50,"ל100 מ""ל",false,1,29.90,3.99,false,1,
13302014,true,"שוקו שוקו 1 ק""ג",טעמן שיווק מזון בעמ,,,יח,10,ל 100 גרם,false,1,13.90,1.39,true,1,
13302656,true,פילה סרדין בשמן זית  פלפל חריףטעים,טעמן שיווק מזון בעמ,,,יח,1,,false,1,7.90,7.90,true,1,
13302663,true,פילה סרדין בשמן זית טעים,טעמן שיווק מזון בעמ,,,יח,1.25,ל 100 גרם,false,1,7.90,6.32,true,1,
13350871,true,לבבות עוף משופד,נתח אדום עוזי ביטון ובניו בעמ,,,"לק""ג",1,,true,1,110,110,false,1,
13358356,true,פירורי לחם מוזהבים  320 גר`.,ש.שסטוביץ בעמ,,,יח,3.20,ל 100 גרם,false,1,6.90,2.16,false,1,
13358363,true,פירורי לחם  יפני  פנקו מוזהב.,ש.שסטוביץ בעמ,,,יח,3,ל 100 גרם,false,1,8.90,2.97,false,1,
13361486,true,Corn A-9 expired - Pry Galilee,ויטה-פרי גליל (החדשה) בעמ,,,יח,2.50,"לק""ג",false,1,21.90,8.76,false,1,
13361981,true,"ציפס קטרינג 2 ק""ג פרי גליל",ויטה-פרי גליל (החדשה) בעמ,,,יח,20,"לק""ג",false,1,19.90,1,false,1,
13381088,true,עמבה  הודית  נאמן,נאמן לאורך זמן בעמ,,,יח,5,ל 100 גרם,false,1,8.90,1.78,false,1,
13525796,true,סחוג תימני 150 ג`,סלטי שמיר 2006 בעמ,,,יח,1.50,ל 100 גרם,false,1,9.90,6.60,false,1,
13525802,true,סחוג אדום150 ג`,סלטי שמיר 2006 בעמ,,,יח,1.50,ל 100 גרם,false,1,9.90,6.60,false,1,
13531117,true,רוטב פסטה לילדים,זנלכל בעמ,,,יח,2.60,ל 100 גרם,false,1,5.50,2.12,false,1,
13531346,true,סירופ דיאט  לימונענע ליטר,זנלכל בעמ,,,יח,1,לליטר,false,1,16.90,16.90,false,1,
13534057,true,צ`יפס בטטה טבעי 100 גר`,מיה תעשיות מזון מ.ת.מ בעמ,,,יח,1,ל 100 גרם,false,1,7.90,7.90,true,1,
13540775,true,טונה פרינס בשמן 80ג  פילטונה*,תעשיות פיל טונה בעמ,,,יח,1,יח,false,1,2.90,2.90,false,1,
13540874,true,טונה בשמן קנולה 414ג פילטונה ירוק*,תעשיות פיל טונה בעמ,,,יח,4.14,ל 100 גרם,false,1,11.90,2.87,false,1,
13615848,true,"תירס 1ק""ג טל פרוסט","האחים חמוי בע""מ",,,יח,10,ל 100 גרם,false,1,13.90,1.39,false,1,
13625229,true,פילה מקרל טעים פלפל חריף,טעמן שיווק מזון בעמ,,,יח,1.25,ל 100 גרם,false,1,6.90,5.52,false,1,
13625403,true,חצאי  אפרסק  פרימיום 820,טעמן שיווק מזון בעמ,,,יח,8.20,ל 100 גרם,false,1,11.90,1.45,false,1,
13625410,true,פלחי אפרסק  פרימיום 820,טעמן שיווק מזון בעמ,,,יח,8.20,ל 100 גרם,false,1,11.90,1.45,false,1,
13625922,true,אטריות דקות  400ג טעמן,טעמן שיווק מזון בעמ,,,יח,4,ל 100 גרם,false,1,4.90,1.23,true,1,
13625939,true,אטריות דקיקות 400ג טעמן*,טעמן שיווק מזון בעמ,,,יח,5,ל 100 גרם,false,1,4.90,0.98,true,1,
13652782,true,נטרל קר   קרם לחות  לשיער מתולתל,"פישר  תעשיות פרמצביטות בע""מ",,,יח,4,"ל100 מ""ל",false,1,23,5.75,false,1,
13652799,true,נטרל קר   קרם לחות  לשיער  רגיל,"פישר  תעשיות פרמצביטות בע""מ",,,יח,4,"ל100 מ""ל",false,1,23,5.75,false,1,
13677419,true,תן  צ`אפ   פאלפל 60 גר`,מיה תעשיות מזון מ.ת.מ בעמ,,,יח,0.50,ל 100 גרם,false,1,3.80,7.60,false,1,
13677426,true,תן  צ`אפ   קטשופ 60 גר`,מיה תעשיות מזון מ.ת.מ בעמ,,,יח,0.50,ל 100 גרם,false,1,3.80,7.60,false,1,
13677747,true,"שוקו 500 בד""צ",מיה תעשיות מזון מ.ת.מ בעמ,,,יח,5,ל 100 גרם,false,1,7.90,1.58,false,1,
13677822,true,"גרסיני פנינה   1 ק""ג      מיה",מיה תעשיות מזון מ.ת.מ בעמ,,,יח,10,ל 100 גרם,false,1,8.90,0.89,false,1,
13677839,true,"בורגול 1 ק""ג      מיה",מיה תעשיות מזון מ.ת.מ בעמ,,,יח,10,ל 100 גרם,false,1,7.90,0.79,false,1,
13677846,true,"כוסמת  1 ק""ג      מיה",מיה תעשיות מזון מ.ת.מ בעמ,,,יח,10,ל 100 גרם,false,1,10.90,1.09,false,1,
13847379,true,"סטארקיסט בשמן 140ג שישיות בד""ץ*",דיפלומט מפיצים #,,,יח,1,,false,1,29.90,29.90,false,1,
13883148,true,הפי סופג ריחות  במקרר,"יעקב יעקבי ובניו בע""מ",,,יח,1,יח,false,1,12.90,12.90,false,1,
13883407,true,דזיטול  מרסס משמיד חיידקים,"יעקב יעקבי ובניו בע""מ",,,יח,5,"ל100 מ""ל",false,1,19.90,3.98,true,1,
13906984,true,סלמי תה מחפוד 300 גר`,תנובה ענף ב.ע.ד,,,יח,3,ל 100 גרם,false,1,24.90,8.30,false,1,
13927002,true,דקליות  שוקו 400ג אחוה*,אחדות בעמ,,,יח,4,ל 100 גרם,false,1,9.90,2.48,false,1,
13927033,true,עוגיות מעמול 600ג  אחוה*,אחדות בעמ,,,יח,6,ל 100 גרם,false,1,9.90,1.65,false,1,
13927040,true,עוגיות ממולא שוקולד 600ג אחוה*,אחדות בעמ,,,יח,6,ל 100 גרם,false,1,9.90,1.65,false,1,
13927057,true,עוגיות שוקוציפס 400ג אחוה*,אחדות בעמ,,,יח,4,ל 100 גרם,false,1,9.90,2.48,false,1,
13927064,true,עוגיות גרנולה פירות יער 400ג אחוה*,אחדות בעמ,,,יח,4,ל 100 גרם,false,1,9.90,2.48,false,1,
13927101,true,עוגת תפוח ללא סוכר 450ג  אחוה*,אחדות בעמ,,,יח,4.50,ל 100 גרם,false,8,11.90,2.64,false,1,
13927156,true,עוגת פירות יער ללא סוכר 450ג  אחוה*,אחדות בעמ,,,יח,4.50,ל 100 גרם,false,1,11.90,2.64,false,1,
13927200,true,עוגת שוקוציפס עשירה 20% אחוה*,אחדות בעמ,,,יח,4.50,ל 100 גרם,false,1,10.90,2.42,false,1,
13927323,true,עוגת בראוניס 400ג  אחוה  *,אחדות בעמ,,,יח,4,ל 100 גרם,false,1,10.90,2.73,false,1,
13927521,true,מאפין וניל ללא סוכר  45ג אחוה,אחדות בעמ,,,יח,0.45,ל 100 גרם,false,1,1.40,3.11,true,1,
13927637,true,חלבה ללא תוספת סוכר 400 גרם*,אחדות בעמ,,,יח,1,,false,1,12.90,12.90,false,1,
13927804,true,"טחינה משומשום מלא 1 ק""ג   אחוה*",אחדות בעמ,,,יח,10,ל 100 גרם,false,1,18.90,1.89,false,1,
14002135,true,תה ירוק ויסוצקי מיקס,תה ויסוצקי (ישראל)בעמ,,,יח,0.3750,ל 100 גרם,false,1,22.90,61.07,true,1,
14046047,true,צמד פסטרמות 600 גר`,מעדני יחיעם (1993) בעמ,,,יח,65,ל 100 גרם,false,1,24.90,0.38,false,1,
14046474,true,"נקניק  עוף  יחיעם 1.5 ק""ג",מעדני יחיעם (1993) בעמ,,,יח,1.50,"לק""ג",false,1,29.90,19.93,true,1,
14059085,true,סנסודין שיקום והגנה,גורי ע.ע.ע בעמ,,,יח,75,"ל100 מ""ל",false,1,25.90,0.35,true,1,
14205093,true,דבש 350ג  שווה עדה  חרדית*,דבש שלנו( )1987בעמ,,,יח,3.50,ל 100 גרם,false,1,13.90,3.97,false,1,
14205611,true,"פחם 5  ק""ג""שווה"" *",י.ד יבוא קל בעמ,,,יח,5,"לק""ג",false,1,37.90,7.58,false,1,
14205628,true,"מזלגות  הגשה 3 יח  ""שווה""*",ווינפאק סחר בעמ,,,יח,3,יח,false,50,2.90,0.97,false,1,
14205741,true,"מפת שולחן 25 מטר ניילון בגליל ""שווה""*",צח ליין בעמ,,,יח,25,למטר,false,1,19.80,0.79,true,1,
14205758,true,"מפות שולחן *6 עבה במיוחד ""3/1.35 שווה""",צח ליין בעמ,,,יח,25,למטר,false,1,11.90,0.48,false,1,
14205765,true,מפות שולחן עבה  במיוחד* 8 2.4/1.35*,צח ליין בעמ,,,יח,25,למטר,false,1,11.90,0.48,false,1,
14205772,true,"מפות שולחן *8 עבה שקוף ""שווה""*",צח ליין בעמ,,,יח,25,למטר,false,1,8.50,0.34,true,1,
14205802,true,שקיות הקפאה זוג 100X2 שווה*,ווינפאק סחר בעמ,,,יח,300,יח,false,20,6.90,0.02,true,1,
14205819,true,"שקיות 75/90 שרוך 20 יח ""שווה"" *",ווינפאק סחר בעמ,,,יח,1,יח,false,1,13.90,13.90,true,1,
14205857,true,שקיות  75/90 גליל  20 יח` ממוחזר שווה*,Zmzm for plastic,,,למטר,25,יח,false,1,9.90,0.40,true,1,
14205864,true,"שקיות כתום 75/90  גליל  50 יח` ""שווה""*",צח ליין בעמ,,,יח,50,יח,false,1,8.90,0.18,true,1,
14206021,true,מאפינס נייר קטנים 20  יח`שווה  (24 בקר,ווינפאק סחר בעמ,,,יח,1,למארז,false,24,5.90,5.90,false,1,
14206038,true,מאפינס נייר גדולים 20  יח`שווה  (24 בק,ווינפאק סחר בעמ,,,יח,1,למארז,false,24,6.90,6.90,false,1,
14206052,true,מאפינס נייר אלומיניום גדולים 12 יח (24,ווינפאק סחר בעמ,,,יח,1,למארז,false,24,6.90,6.90,false,1,
14206175,true,מאפינס  שרינק קטן 50  יח`שווה*,ווינפאק סחר בעמ,,,יח,1,למארז,false,24,6.90,6.90,false,1,
14206182,true,מאפינס שרינק גדולים 40  יח`שווה*,ווינפאק סחר בעמ,,,יח,1,למארז,false,24,6.90,6.90,false,1,
14206199,true,קשיות נייר 25  יח`שווה*,ווינפאק סחר בעמ,,,יח,1,למארז,false,1,4.90,4.90,false,1,
14206205,true,תבניות פלא נייר בינונית *3 שווה*,ווינפאק סחר בעמ,,,יח,1,למארז,false,24,8.90,8.90,false,1,
14206212,true,תבניות פלא נייר גדולות *3 שווה*,ווינפאק סחר בעמ,,,יח,1,למארז,false,24,9.90,9.90,false,1,
14206243,true,קערה סגנון קריסטל ענקית  שווה*,ווינפאק סחר בעמ,,,יח,1,יח,false,1,12.90,12.90,false,1,
14206250,true,מפיות נייר 80יח  שווה*,ווינפאק סחר בעמ,,,יח,80,יח,false,1,4.90,0.06,true,1,
14206274,true,גפרור אקסטרה לארג` *3  שווה*,י.ד יבוא קל בעמ,,,יח,3,יח,false,1,4.60,1.53,false,1,
14206427,true,מיכלי אחסון 0.5 ליטר 6 יח   שווה( 32 ב,אשוש חצב בעמ,,,יח,6,יח,false,32,8.90,1.48,true,1,
14206434,true,מיכלי אחסון 1 ליטר 5 יח   שווה( 24 בקר,אשוש חצב בעמ,,,יח,5,יח,false,1,8.90,1.78,true,1,
14206441,true,מיכלי אחסון 2 ליטר 4 יח   שווה( 18 בקר,אשוש חצב בעמ,,,יח,4,יח,false,1,8.90,2.23,true,1,
14206458,true,מיכלי אחסון 2.5 ליטר 2 יח   שווה( 20 ב,אשוש חצב בעמ,,,יח,2,יח,false,1,8.90,4.45,true,1,
14206465,true,מיכלי אחסון 3 ליטר 2 יח   שווה( 18 בקר,אשוש חצב בעמ,,,יח,2,יח,false,1,8.90,4.45,true,1,
14206564,true,קינוחיות משושה ענק  12יח PVCשווה*,ווינפאק סחר בעמ,,,יח,12,יח,false,1,9.90,0.83,true,1,
14206571,true,קינוחיות משולש ענק+מכסה 12יח שווה*,ווינפאק סחר בעמ,,,יח,12,יח,false,1,9.90,0.83,true,1,
14206724,true,מגש אובלי חושן 3 יח גדולים שווה ZZ,ווינפאק סחר בעמ,,,יח,3,למארז,false,12,8.90,2.97,false,1,
14206793,true,"כפפות ניילון  ח""פ * 100  ""שווה""  *",ווינפאק סחר בעמ,,,יח,100,יח,false,1,4.50,0.05,true,1,
14206847,true,סרדינים שמן סויה 125ג  שווה מרוקו*,רוברטו פוד בעמ,,,יח,1.25,ל 100 גרם,false,25,3.90,3.12,true,1,
14206861,true,סרדינים בשמן זית  125ג  שווה - מרוקו*,רוברטו פוד בעמ,,,יח,1.25,ל 100 גרם,false,25,3.90,3.12,true,1,
14206878,true,סרדינים ברוטב עגבניות  125ג  שווה- מרו,רוברטו פוד בעמ,,,יח,1.25,ל 100 גרם,false,25,3.90,3.12,true,1,
14206908,true,"אננס שלם A2  ""שווה"" * (24 בקרטון)*",TAKERNG PINEAPPLE INDUSTRIAL,,,יח,5.65,ל 100 גרם,false,1,7.90,1.40,true,1,
14206915,true,disposable plastic 17 cm soup plate 25,אריזות מדף פלזית אגשח בעמ,,,יח,20,יח,false,24,4.90,0.25,false,1,
14206922,true,disposable plastic 17 cm soup plate 25,אריזות מדף פלזית אגשח בעמ,,,יח,10,יח,false,20,5.90,0.59,false,1,
14206939,true,"מרקיה  שקופה""שווה"" (24  בקרטון) *",אריזות מדף פלזית אגשח בעמ,,,יח,20,יח,false,1,9.90,0.50,false,1,
14206946,true,disposable plastic 17 cm soup plate 25,אריזות מדף פלזית אגשח בעמ,,,יח,20,יח,false,1,8.90,0.45,false,1,
14206953,true,disposable plastic 17 cm soup plate 25,אריזות מדף פלזית אגשח בעמ,,,יח,20,יח,false,1,13.90,0.70,false,1,
14206960,true,disposable plastic 17 cm soup plate 25,אריזות מדף פלזית אגשח בעמ,,,יח,20,יח,false,1,21.90,1.10,false,1,
14206977,true,disposable plastic 17 cm soup plate 25,אריזות מדף פלזית אגשח בעמ,,,יח,10,יח,false,26,11.90,1.19,false,1,
14206984,true,קערות סלט  שקופות 10  יח` שווה (20 בקר,אריזות מדף פלזית אגשח בעמ,,,יח,10,יח,false,1,11.90,1.19,false,1,
14230033,true,פרוטיב 2 ליטר  מנגו שילת,שילת תרכיזי בית השיקמה בעמ,,,יח,20,"ל100 מ""ל",false,1,38.90,1.95,false,1,
14230064,true,פרוטיב 2 ליטר תות בננה  שילת*,שילת תרכיזי בית השיקמה בעמ,,,יח,20,"ל100 מ""ל",false,1,38.90,1.95,false,1,
14230118,true,.פרוטיב 2 ליטר  לימון  שילת*,שילת תרכיזי בית השיקמה בעמ,,,יח,20,"ל100 מ""ל",false,1,38.90,1.95,false,1,
14230347,true,פרוטיב 4 ליטר לימון  שילת*,שילת תרכיזי בית השיקמה בעמ,,,יח,40,"ל100 מ""ל",false,1,69,1.73,false,1,
14230422,true,פרוטיב 4 ליטר תות בננה  שילת*,שילת תרכיזי בית השיקמה בעמ,,,יח,40,"ל100 מ""ל",false,1,69,1.73,false,1,
14230477,true,פרוטיב 4 ליטר פטל   שילת*,שילת תרכיזי בית השיקמה בעמ,,,יח,40,"ל100 מ""ל",false,1,69,1.73,false,1,
14230484,true,פרוטיב 4 ליטר ענבים    שילת*,שילת תרכיזי בית השיקמה בעמ,,,יח,40,"ל100 מ""ל",false,1,69,1.73,false,1,
14288072,true,"כריות יפניות  רביעיה""שווה"" איכותיות*",פלסטו פוליש (ברקן)בעמ,,,יח,1,למארז,false,1,6.90,6.90,false,1,
14288089,true,"סרטי קירצוף זוגות  ""שווה""  איכותי*",פלסטו פוליש (ברקן)בעמ,,,יח,1,למארז,false,1,6.90,6.90,false,1,
14288096,true,"מטליות מיקרופייבר *5 ניקוי כלל ""שווה""",HUBEI G YOUNG CO LTD,,,יח,1,למארז,false,1,8.90,8.90,true,1,
14288102,true,"מטלית מיקרופייבר  לרצפה  ""שווה""  *",HUBEI G YOUNG CO LTD,,,יח,1,למארז,false,1,6.90,6.90,false,1,
14288195,true,מפת שולחן אלבד  חלק   שווה*,ווינפאק סחר בעמ,,,יח,1,יח,false,25,4.90,4.90,false,1,
14288201,true,מארז מטליות  מיקרופיבר כללי+רצפה שווה*,HUBEI G YOUNG CO LTD,,,יח,1,למארז,false,1,12.90,12.90,true,1,
14288218,true,מפת שולחן אלבד עם ראנר  שווה   *,ווינפאק סחר בעמ,,,יח,1,יח,false,50,5.90,5.90,true,1,
14288232,true,טרופיל פקק 40 יח ברקוד בודד  *14288256,קלית סיטבון בעמ,,,יח,1,יח,false,1,49.90,49.90,false,1,
14288287,true,גליל  אלבד 20 מטר חלק  שווה*,ווינפאק סחר בעמ,,,יח,20,למטר,false,5,31.90,1.60,false,1,
14288294,true,גליל אלבד  עם ראנר 20 מטר שווה  *,ווינפאק סחר בעמ,,,יח,20,למטר,false,6,31.90,1.60,false,1,
14288300,true,"טורטייה 8 יח 320  גרם""שווה"" *",רוברטו פוד בעמ,,,יח,8,יח,false,1,8.90,1.11,true,1,
14288317,true,"טורטייה 6 יח 420  גרם""שווה""*",רוברטו פוד בעמ,,,יח,1,,false,1,9.90,9.90,true,1,
14288324,true,"טורטייה מקמח מלא 8 יח 320  גרם""שווה""*",רוברטו פוד בעמ,,,יח,8,יח,false,1,9.90,1.24,true,1,
14288348,true,נודלס HOT CUP  טעם ירקות 60ג   שווה*,רוברטו פוד בעמ,,,יח,1,יח,false,1,3.90,3.90,true,1,
14288379,true,ערמונים 100 ג`  שווה  *,רוברטו פוד בעמ,,,יח,8,יח,false,1,5.90,0.74,true,1,
14288393,true,"רוטב סויה 500 מ""ל  ""שווה"" *",רוברטו פוד בעמ,,,יח,5,"ל100 מ""ל",false,12,9.90,1.98,true,1,
14288409,true,"רוטב טריאקי 300 מ""ל  ""שווה"" *",רוברטו פוד בעמ,,,יח,3,"ל100 מ""ל",false,12,8.90,2.97,true,1,
14288416,true,"רוטב צילי חריף 700 מ""ל  ""שווה"" *",רוברטו פוד בעמ,,,יח,7,"ל100 מ""ל",false,1,9.90,1.41,true,1,
14288423,true,2day memorial candle,LITBRIGHT CANDLE CO LTD,,,יח,1,יח,false,24,4.50,4.50,true,1,
14288607,true,זוג רדיד אלומיניום ארוך  7.5/4.5  שווה,אופל אריזות בעמ,,,יח,1,יח,false,1,9.90,9.90,false,1,
14288645,true,"מגבונים מגבופיל ""שווה"" 72 יח` * 5 *",טרופיקל-דגיל תעשיות בעמ,,,יח,5,למארז,false,1,13.90,2.78,true,1,
14288744,true,2day memorial candle,LITBRIGHT CANDLE CO LTD,,,יח,1,יח,false,12,9.90,9.90,true,1,
14288843,true,7day memorial candle,ווינפאק סחר בעמ,,,יח,1,יח,false,1,2.90,2.90,false,1,
14288867,true,disposable plastic small spoon 70s,סאם פלסטיק,,,יח,1,למטר,false,1,7.90,7.90,false,1,
14397286,true,מרכך מקסימה  מרוכז,החברה הדרומית לשיווק בעמ,,,יח,1,לליטר,false,1,17.90,17.90,false,1,
14397507,true,פרש  הום מטהר אויר,החברה הדרומית לשיווק בעמ,,,יח,0.50,ל 100 גרם,false,1,10.90,21.80,false,1,
14455467,true,מעדן שיבולת שועל,מחלבות גד שיווק 1992 בעמ,,,יח,1.60,"ל100 מ""ל",false,1,5.60,3.50,true,1,
14562585,true,דייסה בטעם וניל 200ג  BD   *,בטר אנד דיפרנט בעמ,,,יח,2,ל 100 גרם,false,1,11.90,5.95,false,1,
14562721,true,"שמן שומשום 250 מ""ל BD",בטר אנד דיפרנט בעמ,,,יח,5.10,ל 100 גרם,false,1,21.90,4.29,false,1,
14600294,true,מיני רוליקס תמרים 200ג הגביע,הגביע מוצרי וופלים בעמ,,,יח,2,ל 100 גרם,false,1,4.20,2.10,false,1,
14600317,true,גלילית כיבודים שוקולד 100ג הגביע*,הגביע מוצרי וופלים בעמ,,,יח,1,ל 100 גרם,false,1,3.30,3.30,true,1,
14600447,true,קרקר משולש 200ג   הגביע*,הגביע מוצרי וופלים בעמ,,,יח,2,ל 100 גרם,false,1,3.90,1.95,false,1,
14673014,true,Whole black pepper 40 grm - Maimon Spice,א.ל ייצור ושיווק תבלינים בעמ,,,יח,1.20,ל 100 גרם,false,1,12.90,10.75,false,1,
14673021,true,Whole black pepper 40 grm - Maimon Spice,א.ל ייצור ושיווק תבלינים בעמ,,,יח,1.20,ל 100 גרם,false,1,14.90,12.42,false,1,
14673359,true,400 grm lemon salt - Maimon Spices,א.ל ייצור ושיווק תבלינים בעמ,,,יח,4,ל 100 גרם,false,1,19.90,4.98,false,1,
14673366,true,Turmeric powder 250 grm - Maimon Spices,א.ל ייצור ושיווק תבלינים בעמ,,,יח,2.50,ל 100 גרם,false,1,20.90,8.36,false,1,
14673373,true,250 acute Hungarian paprika jar - Maimon,א.ל ייצור ושיווק תבלינים בעמ,,,יח,2.50,ל 100 גרם,false,1,18.90,7.56,false,1,
14673380,true,Ground cumin 250 grm - Maimon Spices,א.ל ייצור ושיווק תבלינים בעמ,,,יח,2.50,ל 100 גרם,false,1,18.90,7.56,false,1,
14673397,true,Grill chicken seasoning 250 grm - Maimon,א.ל ייצור ושיווק תבלינים בעמ,,,יח,2.50,ל 100 גרם,false,1,18.90,7.56,false,1,
14673403,true,Ground black pepper 250 grm - Maimon Spi,א.ל ייצור ושיווק תבלינים בעמ,,,יח,2.50,ל 100 גרם,false,1,28.90,11.56,false,1,
14673410,true,Finely ground black pepper jar 250 grm -,א.ל ייצור ושיווק תבלינים בעמ,,,יח,2.50,ל 100 גרם,false,1,28.90,11.56,false,1,
14731172,true,כפות ח.פ  *100 לבן (40  בקרטון)PERFECT,ווינפאק סחר בעמ,,,יח,100,יח,false,1,8.90,0.09,true,1,
14758162,true,חלב עיזים מלא 3.6%,תנובה -חלב,,,יח,1,לליטר,false,1,15,15,false,1,
14759701,true,מארז יופלה  8  יח`בטעמים,תנובה -חלב,,,יח,12,ל 100 גרם,false,1,20.50,1.71,false,1,
14759909,true,פטם עיזים 5% 250 ג`,תנובה -חלב,,,יח,7.50,ל 100 גרם,false,1,27.90,3.72,false,1,
14759985,true,קולאז פלח פרמזן,תנובה -חלב,,,ל 100 גרם,1,,false,1,22.90,22.90,false,1,
14760141,true,משקה  שקדים טרי תנובה,תנובה -חלב,,,יח,10,"ל100 מ""ל",false,1,11.90,1.19,false,1,
14760912,true,גוש חלב 400  גר,תנובה -חלב,,,יח,4,ל 100 גרם,false,1,24.90,6.23,false,1,
14762800,true,מעדן סויה שוקולד 125 גר`,תנובה -חלב,,,יח,1.24,ל 100 גרם,false,1,3.80,3.06,false,1,
14905696,true,.הפי לכלים  צהוב לימון,"יעקב יעקבי ובניו בע""מ",,,יח,7.50,"ל100 מ""ל",false,1,9.90,1.32,true,1,
15005555,true,"ציפס אמריקאי 2 ק""ג פרי גליל",ויטה-פרי גליל (החדשה) בעמ,,,יח,20,"לק""ג",false,1,19.90,1,false,1,
15037273,true,פטרוזיליה חסלט,"בכורי השדה צפון1994 ג.ד. בע""מ",,,יח,1,,false,1,7.90,7.90,false,1,
15037280,true,כוסברה  חסלט,"בכורי השדה צפון1994 ג.ד. בע""מ",,,יח,1,,false,1,7.90,7.90,false,1,
15037297,true,שמיר  חסלט  אוצר הארץ,"בכורי השדה צפון1994 ג.ד. בע""מ",,,יח,1,,false,1,7.90,7.90,false,1,
15037440,true,כרוב  לבן חסלט,"בכורי השדה צפון1994 ג.ד. בע""מ",,,"לק""ג",1,"לק""ג",true,1,18.90,18.90,false,1,
15037457,true,כרוב אדום חסלט,"בכורי השדה צפון1994 ג.ד. בע""מ",,,"לק""ג",1,"לק""ג",true,1,18.90,18.90,false,1,
15037495,true,כוסברה  חסלט{עדה חרדית},"בכורי השדה צפון1994 ג.ד. בע""מ",,,יח,1,,false,1,8.90,8.90,false,1,
15037501,true,שמיר  חסלט  שמיטה,"בכורי השדה צפון1994 ג.ד. בע""מ",,,יח,1,,false,1,7.90,7.90,false,1,
15039253,true,עלי גפן במי מלח 620ג   ויליפוד*,ג.וילי פוד בעמ,,,יח,6.20,ל 100 גרם,false,1,9.90,1.60,false,1,
15366670,true,אקווה  פרש מנטה  מרענן,גורי ע.ע.ע בעמ,,,יח,1,,false,1,6.90,6.90,true,1,
15492003,true,ביצים 12  יח`L,מ.א.ן שיווק ביצים בעמ,,,יח,1,,false,1,12,12,false,1,
15492195,true,ביצים 18  יח`M,מ.א.ן שיווק ביצים בעמ,,,יח,1,,false,1,16.70,16.70,false,1,
15801799,true,סחוג ירוק  200 גרם  עוזי*,עוזי טעמים של בית,,,יח,2,ל 100 גרם,false,1,10.90,5.45,false,1,
15804400,true,A.ogzr A-2 December Vita - Vita,ויטה-פרי גליל (החדשה) בעמ,,,יח,5.50,ל 100 גרם,false,1,2.90,0.53,false,1,
15804417,true,A.ogzr A-2 December Vita - Vita,ויטה-פרי גליל (החדשה) בעמ,,,יח,5.50,ל 100 גרם,false,1,2.90,0.53,false,1,
15804424,true,A.ogzr A-2 December Vita - Vita,ויטה-פרי גליל (החדשה) בעמ,,,יח,5.50,ל 100 גרם,false,1,2.90,0.53,false,1,
15809920,true,"אפונה וגזר 1ק""ג טל פרוסט","האחים חמוי בע""מ",,,יח,10,ל 100 גרם,false,1,12.90,1.29,false,1,
15872096,true,חומוס אסלי 700 גרם,סלטי שמיר 2006 בעמ,,,יח,10,ל 100 גרם,false,1,7.90,0.79,false,1,
15951616,true,גמלא סנג`ובזה עברית 17*,היכל היין שקד גולן בעמ,,,יח,7.50,"ל100 מ""ל",false,1,66.60,8.84,true,1,
16076035,true,פרינה אמא  שובע,גיא שיווק טוב,,,יח,1,יח,false,1,13.90,13.90,false,1,
16096811,true,ממרח טונה 160ג 4יח  פילטונה*,תעשיות פיל טונה בעמ,,,יח,1,,false,1,19.90,19.90,false,1,
16098174,true,עלי וופל שקולוד 115ג  הגביע,הגביע מוצרי וופלים בעמ,,,יח,1.50,ל 100 גרם,false,1,5.90,3.93,false,1,
16217643,true,חמוצים סיני  400 אסלי,סלטי שמיר 2006 בעמ,,,יח,4,ל 100 גרם,false,1,14.90,3.73,true,1,
16400151,true,שקית שירות,שונים,,,יח,1,,false,1,0.10,0.10,false,1,
16400168,true,"שקיות צליה 10 יח   ""שווה""    *",BURSA PAZARI טורקיה,,,יח,10,יח,false,1,3.90,0.39,true,1,
16400175,true,"שקיות צליה ענק 5 יח   ""שווה""    *",BURSA PAZARI טורקיה,,,יח,5,יח,false,1,3.90,0.78,true,1,
16400236,true,כוס ליקר 1 אוז 25  יח`שווה*,ווינפאק סחר בעמ,,,יח,1,יח,false,40,4.90,4.90,false,1,
16400311,true,קיסמי שיניים מלחיה  300יח שווה*,חביב את פרנק בעמ (לוגיסטי ),,,יח,1,למארז,false,1,2.90,2.90,false,1,
16400328,true,קיסמי שיניים חבית 500יח שווה*,חביב את פרנק בעמ (לוגיסטי ),,,יח,1,למארז,false,1,3.90,3.90,false,1,
16400342,true,2day memorial candle,LITBRIGHT CANDLE CO LTD,,,יח,1,יח,false,1,8.90,8.90,false,1,
16400366,true,2day memorial candle,חביב את פרנק בעמ (לוגיסטי ),,,יח,1,יח,false,1,8.90,8.90,true,1,
16400373,true,2day memorial candle,ווינפאק סחר בעמ,,,יח,1,יח,false,1,14.90,14.90,true,1,
16400380,true,גפרור ארוך שווה*,י.ד יבוא קל בעמ,,,יח,1,,false,1,5.90,5.90,false,1,
16400403,true,"שקיות חזקות 75/90  גליל  50 יח` ""שווה""",מ.א.מ.ס סחר בעמ,,,יח,25,למטר,false,1,11.90,0.48,true,1,
16400434,true,אשפתון גופיה 75/90 אפור 25 יחידות שווה,Zmzm for plastic,,,יח,25,יח,false,1,12.90,0.52,true,1,
16400441,true,אשפתון גופיה 75/90 קרם 40 יחידות שווה*,מ.א.מ.ס סחר בעמ,,,יח,40,יח,false,1,15.90,0.40,true,1,
16400458,true,"מפת שולחן 45 מטר ניילון בגליל ""שווה""*",צח ליין בעמ,,,יח,25,למארז,false,1,19.80,0.79,true,1,
16400502,true,גפרורים *10 חדש שווה*,י.ד יבוא קל בעמ,,,יח,1,,false,1,4,4,false,1,
16400519,true,גליל עובי כפול  45 מ`קרסטלי שווה*,מ.א.מ.ס סחר בעמ,,,יח,45,למטר,false,1,29.90,0.66,false,1,
16400526,true,"נרות קישוט 4 יח  ""שווה""   *",חביב את פרנק בעמ (לוגיסטי ),,,יח,1,יח,false,1,7.90,7.90,true,1,
16400618,true,קינוחיות כדור פתוח+מכסה12יח PVC  שווה*,ווינפאק סחר בעמ,,,יח,12,יח,false,1,8.90,0.74,true,1,
16400724,true,"שיפודים עבים במיוחד 50  יחידות""שווה""",חביב את פרנק בעמ (לוגיסטי ),,,יח,50,יח,false,1,3.90,0.08,false,1,
16400793,true,מפיות נייר 100יח   שווה*,ווינפאק סחר בעמ,,,יח,1,יח,false,1,5.90,5.90,true,1,
16400809,true,מפיות נייר  כהה*100יח  שווה (32 בקר) *,ווינפאק סחר בעמ,,,יח,1,יח,false,32,5.90,5.90,true,1,
16400823,true,"דבש 1ק""ג  שווה*",דבש שלנו( )1987בעמ,,,יח,10,"לק""ג",false,1,36.90,3.69,false,1,
16400953,true,"כפפות ניטריל  XL   כחול""שווה""    *",ווינפאק סחר בעמ,,,יח,100,יח,false,1,24.90,0.25,false,1,
16400960,true,מפת פלנל חלק שווה    *,ווינפאק סחר בעמ,,,יח,1,יח,false,1,6.90,6.90,true,1,
16401103,true,"טורטייה ענקית 30ס""מ 6 יח  540 ג` ""שווה",רוברטו פוד בעמ,,,יח,6,יח,false,1,10.90,1.82,true,1,
16401141,true,"טורטייה תירס  8 יח 320  גרם""שווה""*",רוברטו פוד בעמ,,,יח,8,יח,false,1,9.90,1.24,true,1,
16401240,true,"נוזל קוקוס 400 מ""ל 5%-7% שווה (24 בק)*",רוברטו פוד בעמ,,,יח,3,"ל100 מ""ל",false,1,6.90,2.30,true,1,
16401257,true,"קרם קוקוס 400 מ""ל 21%-22% שווה*",רוברטו פוד בעמ,,,יח,3,"ל100 מ""ל",false,1,6.90,2.30,true,1,
16401295,true,"פרימיום צ`ילי מתוק  25% 700 מ""ל  ""שווה",רוברטו פוד בעמ,,,יח,7,"ל100 מ""ל",false,1,9.90,1.41,true,1,
16401356,true,"אננס חתוך 227 ג  ""שווה"" *",TAKERNG PINEAPPLE INDUSTRIAL,,,יח,2.27,ל 100 גרם,false,1,3.90,1.72,false,1,
16401387,true,"פטריות חתוך שלישיה 290ג  ""שווה""*",GREENYARD PREPARED BV,,,יח,8.50,ל 100 גרם,false,1,9.90,1.16,false,1,
16401394,true,"פטריות חתוך 400ג ""שווה""*",GREENYARD PREPARED BV,,,יח,4,ל 100 גרם,false,1,4.50,1.13,true,1,
16401400,true,"פטריות שלמות 400ג`  ""שווה"" *",GREENYARD PREPARED BV,,,יח,4,ל 100 גרם,false,24,6.90,1.73,true,1,
16401493,true,"מיץ לימון משומר 1 ליטר בד""ץ שווה*",פרידמן תעשיות חומץ ומזון בעמ,,,יח,1,לליטר,false,1,5.90,5.90,true,1,
16401509,true,חומץ 1 ליטר  5% (מכהל טבעי)  שווה*,פרידמן תעשיות חומץ ומזון בעמ,,,יח,1,לליטר,false,1,5.90,5.90,true,1,
16401547,true,נייר סנדוויץ 100 יח-שווה,ALEURO CONVERTING SP,,,יח,1,למארז,false,1,7.90,7.90,false,1,
16401578,true,זוג רדיד אלומיניום ארוך  7.5/4.5  שווה,אופל אריזות בעמ,,,יח,1,יח,false,1,13.90,13.90,false,1,
16401585,true,זוג רדיד אלומיניום קצר  7.5/30  שווה*,אופל אריזות בעמ,,,יח,2,יח,false,1,10.90,5.45,false,1,
16401592,true,ניילון נצמד 28.5/30 זוגות שווה*,BURSA PAZARI טורקיה,,,יח,1,,false,1,7.90,7.90,true,1,
16401677,true,7day memorial candle,LITBRIGHT CANDLE CO LTD,,,יח,1,יח,false,6,23.90,23.90,false,1,
16401691,true,2day memorial candle,חביב את פרנק בעמ (לוגיסטי ),,,יח,20,יח,false,1,5.90,0.30,false,1,
16401707,true,2day memorial candle,חביב את פרנק בעמ (לוגיסטי ),,,יח,40,יח,false,24,9.90,0.25,true,1,
16401714,true,2day memorial candle,חביב את פרנק בעמ (לוגיסטי ),,,יח,125,יח,false,1,7.90,0.06,false,1,
16401745,true,קיסמי שניים חוט דנטלי  50 יח  שווה (24,חביב את פרנק בעמ (לוגיסטי ),,,יח,1,יח,false,1,6.90,6.90,true,1,
16401752,true,קיסמי שיניים עם מברשת דנטלי 200 יח (48,חביב את פרנק בעמ (לוגיסטי ),,,יח,1,יח,false,1,7.90,7.90,true,1,
16401882,true,מארז 3 מיקרופייבר לרצפה ב PVC שווה *,HUBEI G YOUNG CO LTD,,,יח,1,יח,false,1,16.90,16.90,true,1,
16401899,true,מארז 10 מיקרופייבר כללי ב PVC שווה *,HUBEI G YOUNG CO LTD,,,יח,10,למארז,false,1,15.90,1.59,true,1,
16401905,true,"שקיות לפח קטן 45/40  ""שווה"" (20 בקרטון",ווינפאק סחר בעמ,,,יח,100,יח,false,20,8.90,0.09,true,1,
16401912,true,"שקיות מזון בקופסה 300 יח XL ""שווה"" *",ווינפאק סחר בעמ,,,יח,1,יח,false,20,7.90,7.90,true,1,
16401929,true,"שקיות מזון עם ידית 200 יח  ""שווה""*",ווינפאק סחר בעמ,,,יח,1,יח,false,20,5.90,5.90,true,1,
16401974,true,כפיות מיני כסופות 40 יח   שווה*,ווינפאק סחר בעמ,,,יח,1,יח,false,1,4.90,4.90,false,1,
16408447,true,חטיף קרקר עם  עגבניות     130 גר`,כרמית תעשיות ממתקים בעמ,,,יח,1.30,"ל100 מ""ל",false,1,6.90,5.31,false,1,
16437690,true,תחבושת קוטקס יאנג קוואטרו,קימברלי קלארק ישראל שיווק בעמ,,,יח,1,,false,1,34.90,34.90,false,1,
16693041,true,יין אמירים רזרב קברנה סובניון  ארזה*,יקבי ארזה ת.ר.ז. בעמ,,,יח,7.50,"ל100 מ""ל",false,1,18.20,2.39,false,1,
16693072,true,יין אמירים אמרלד ריזלינג  ארזה*,יקבי ארזה ת.ר.ז. בעמ,,,יח,7.50,"ל100 מ""ל",false,1,18.20,2.39,false,1,
16693560,true,יין עונות מרלו קברנה   ארזה*,יקבי ארזה ת.ר.ז. בעמ,,,יח,7.50,"ל100 מ""ל",false,1,28.20,3.72,false,1,
16849110,true,מארז כוסות  איוס+ מכסה,טכנו שק בעמ,,,יח,1,למארז,false,1,9.90,9.90,false,1,
16866704,true,שמפו סטייל קרטין + ויטמין E,גורי ע.ע.ע בעמ,,,יח,4,"ל100 מ""ל",false,1,22.90,5.73,false,1,
16866728,true,מסכת קרטין לשיקום שער יבש ופגום,גורי ע.ע.ע בעמ,,,יח,1,ל 100 גרם,false,1,27.90,27.90,false,1,
16866735,true,"מסיכה   סטייל 500 מ""ל",גורי ע.ע.ע בעמ,,,יח,5,ל 100 גרם,false,1,25.90,5.18,false,1,
17647425,true,גמלא קברנה סובניון עברית  *2019,היכל היין שקד גולן בעמ,,,יח,1,,false,1,66.60,66.60,true,1,
17841106,true,מגש פיצוחים גדול 6 תאים  שווה*,ווינפאק סחר בעמ,,,יח,1,יח,false,1,8.90,8.90,false,1,
17841168,true,קינוחיות סיר עם מכסה 12  יח`  שווה  *,ווינפאק סחר בעמ,,,יח,12,יח,false,1,9.90,0.83,true,1,
17841175,true,מגשית מתבלים מחולקת 10  יח`שווה*,ווינפאק סחר בעמ,,,יח,10,יח,false,1,12.90,1.29,true,1,
17841243,true,"צלחת ענק 1 ק""ג (55  יח) שווה  *",ווינפאק סחר בעמ,,,יח,55,יח,false,10,34.90,0.63,true,1,
17841250,true,"נוזל חלונות 1 ליטר   ""שווה""*",ווינפאק סחר בעמ,,,יח,1,לליטר,false,15,4.90,4.90,true,1,
17841274,true,"חדש מרקיה 1 ק""ג (110  יח) שווה  *",ווינפאק סחר בעמ,,,יח,110,יח,false,1,34.90,0.32,true,1,
17841328,true,מיני כפיות  חושן(וינט`ז) 20יח שווה  *,ווינפאק סחר בעמ,,,יח,20,למארז,false,1,2.90,0.15,false,1,
17841564,true,תבניות נייר לחלה מעוטרות *3  שווה*,ווינפאק סחר בעמ,,,יח,1,למארז,false,24,6.90,6.90,false,1,
17841595,true,חושן קערה עגולה לסלט קטנה  *,ווינפאק סחר בעמ,,,יח,1,יח,false,1,5.90,5.90,false,1,
17841618,true,חושן קערה עגולה לסלט גדולה  *,ווינפאק סחר בעמ,,,יח,1,יח,false,1,12.90,12.90,false,1,
17841663,true,מיקרופייבר מקצועי *3 בליסטר 30/30 שווה,HUBEI G YOUNG CO LTD,,,יח,3,יח,false,1,8.90,2.97,true,1,
17841700,true,"כפפות ניטריל  שחור  M  ""שווה""    *",ווינפאק סחר בעמ,,,יח,100,יח,false,1,24.90,0.25,false,1,
17841717,true,"כפפות ניטריל  שחור  L  ""שווה""    *",ווינפאק סחר בעמ,,,יח,100,יח,false,1,24.90,0.25,false,1,
17841762,true,"חומץ תפוחים  500 מ""ל 5% שווה*",פרידמן תעשיות חומץ ומזון בעמ,,,יח,0.50,לליטר,false,1,13.90,27.80,false,1,
17841786,true,חומץ 4 ליטר 5% שווה (3 בקרטון)*,פרידמן תעשיות חומץ ומזון בעמ,,,יח,3,לליטר,false,1,12.90,4.30,false,1,
17842004,true,תבניות ומכסים  (R29)8B ו  10+10 שווה*,אופל אריזות בעמ,,,יח,1,יח,false,1,10.90,10.90,true,1,
17842028,true,תבניות ומכסים  (R2)90 ו  5+5 שווה*,אופל אריזות בעמ,,,יח,1,יח,false,1,10.90,10.90,true,1,
17842035,true,תבניות ומכסים  (R64)80A ו  5+5 שווה*,אופל אריזות בעמ,,,יח,1,יח,false,1,10.90,10.90,true,1,
17842158,true,נייר אפיה בגליל 20מ`  שווה*,BURSA PAZARI טורקיה,,,יח,1,יח,false,1,8.90,8.90,false,1,
17842202,true,נייר טישו כיס מארז 10יח`   שווה*,חביב את פרנק בעמ (לוגיסטי ),,,יח,1,למארז,false,1,5.90,5.90,true,1,
17842226,true,פילה סרדין 125  גר` בשמן צמחי שווה*,רוברטו פוד בעמ,,,יח,1.25,ל 100 גרם,false,25,4.90,3.92,false,1,
17842233,true,מקרלים  בשמן צמחי 125 גר` שווה*,רוברטו פוד בעמ,,,יח,1.25,ל 100 גרם,false,25,3.90,3.12,true,1,
17842554,true,"חמאת בוטנים בד""צ 510  קלאסית ""שווה""",NIZA S.A AGRENTINA,,,יח,5.10,ל 100 גרם,false,1,9.90,1.94,true,1,
17842561,true,"חמאת בוטנים בד""צ 510  קראנץ`  ""שווה""",NIZA S.A AGRENTINA,,,יח,5.10,ל 100 גרם,false,1,9.90,1.94,true,1,
17842691,true,"מכסים לכוסות נייר גודל ""9 שווה""  50 יח",ווינפאק סחר בעמ,,,יח,50,יח,false,20,4.90,0.10,false,1,
17842806,true,צלחות ענקיות מעלי דקל 10יח שווה*,ווינפאק סחר בעמ,,,יח,10,יח,false,1,16.90,1.69,true,1,
17842813,true,צלחות גדולות מעלי דקל 10יח שווה*,ווינפאק סחר בעמ,,,יח,10,יח,false,1,14.90,1.49,true,1,
17842820,true,צלחות קטנות מעלי דקל 10יח שווה*,ווינפאק סחר בעמ,,,יח,10,יח,false,1,9.90,0.99,true,1,
17842844,true,קעריות רטבים מעלי דקל 10יח שווה*,ווינפאק סחר בעמ,,,יח,10,יח,false,1,8.90,0.89,true,1,
17842875,true,מגשים אובלים בינונים מעלי דקל 5יח שווה,ווינפאק סחר בעמ,,,יח,5,יח,false,1,10.90,2.18,true,1,
18294000,true,קינג דויד רוזה,אגודת הכורמים בעמ,,,יח,1,,false,1,19.90,19.90,false,1,
18471029,true,שישית סודה לימון  שוופס  0.5,יפאורה שותפות מוגבלת לשיווק,,,יח,3,"ל100 מ""ל",false,1,14.90,4.37,false,1,
18832646,true,"שמן זית 750 מ""ל אחיה*",ארץ זית שמן מובחר בעמ,,,יח,7.50,"ל100 מ""ל",false,1,37.90,5.05,false,1,
20326012,true,מתכת זהב מראה בינוני,מ.י.ד גוליאן בעמ,,,יח,1,,false,1,69.90,69.90,false,1,
21211032,true,חגורות אלגנט דגם3,ליאור יבוא ושיווק מוצרי הלבשה,,,יח,1,,false,1,22.90,22.90,false,1,
21211100,true,בוקסר כותננה מעוצב,ליאור יבוא ושיווק מוצרי הלבשה,,,יח,1,,false,1,11.90,11.90,false,1,
21211735,true,חגורה אופנתית,ליאור יבוא ושיווק מוצרי הלבשה,,,יח,1,,false,1,32.90,32.90,false,1,
21807002,true,מילוי סודה קלאב קטן,א.א צ יקו שיווק והפצה,,,יח,1,,false,1,29.90,29.90,false,1,
32147230,true,לימון משומר 200,"דנשר (1963) בע,מ",,,יח,2,"ל100 מ""ל",false,1,6.90,3.45,false,1,
40084725,true,קינדר   מילק  סלייס עוגות ספוג,תנובה -חלב,,,יח,0.28,ל 100 גרם,false,1,3.50,12.50,false,1,
40111216,true,שוקולד באונטי 57ג   *,ריגלי ישראל בעמ,,,יח,0.57,ל 100 גרם,false,1,3.90,6.84,false,1,
40144016,true,סוכריות ורטר,ליימן שליסל בעמ,,,יח,0.50,ל 100 גרם,false,1,2.90,5.80,false,1,
40144061,true,שכבות עלי וופל   פריכים בציפוי ק. חלבי,ליימן שליסל בעמ,,,יח,32,ל 100 גרם,false,1,2.90,0.09,false,1,
42051600,true,"שקית רב פעמית""היפר  כהן""",שונים,,,יח,1,,false,1,1.90,1.90,false,1,
42051617,true,מארז חושן 25 צ.ענק+ 25 צ.בינוני שווה*,ווינפאק סחר בעמ,,,יח,1,למארז,false,6,59.90,59.90,true,1,
42051716,true,מפיות גדולות במיוחד 50  יח` שווה*,ווינפאק סחר בעמ,,,יח,50,יח,false,1,9.90,0.20,false,1,
42051938,true,"גביעי אחסון 7 יח 270 מ""ל  שווה (40 בק`",אשוש חצב בעמ,,,יח,6,יח,false,1,8.90,1.48,true,1,
42051945,true,"גביעי אחסון  6יח 500 מ""ל שווה  (40 בק`",אשוש חצב בעמ,,,יח,6,יח,false,1,8.90,1.48,true,1,
42051952,true,"גביעי אחסון 5 יח 1000מ""ל שווה (40בק",אשוש חצב בעמ,,,יח,6,יח,false,1,8.90,1.48,true,1,
42123866,true,הובה בובה טעם קלאסי,ריגלי ישראל בעמ,,,יח,0.35,ל 100 גרם,false,1,3,8.57,false,1,
42154662,true,אורביט טעם מנטה עדין,ריגלי ישראל בעמ,,,יח,0.27,ל 100 גרם,false,1,5.50,20.37,false,1,
45211640,true,מלחיה קפיץ,א. דינצי ובניו בעמ,,,יח,1,,false,1,3.20,3.20,false,1,
54051140,true,אלפרו מעדני סויה  וניל* 4,שטראוס גרופ בעמ,,,יח,5,ל 100 גרם,false,1,14.90,2.98,false,1,
55090702,true,איגלו מן 70 יח,כרמית תעשיות ממתקים בעמ,,,יח,2.24,לליטר,false,1,12.90,5.76,false,1,
72940754,true,מילקי וניל,שטראוס גרופ בעמ (ח),,,יח,1.30,"ל100 מ""ל",false,1,2.90,2.23,false,1,
72940761,true,מילקי,שטראוס גרופ בעמ (ח),,,יח,1.30,"ל100 מ""ל",false,1,2.90,2.23,false,1,
72940952,true,מילקי פי 2 ק,שטראוס גרופ בעמ (ח),,,יח,1.70,"ל100 מ""ל",false,1,3.60,2.12,false,1,
72940969,true,מילקי מיני בשוק  מריר,שטראוס גרופ בעמ (ח),,,יח,0.90,"ל100 מ""ל",false,1,1.54,1.71,false,1,
72941041,true,מלקי מיני,שטראוס גרופ בעמ (ח),,,יח,1.30,"ל100 מ""ל",false,1,2.10,1.62,false,1,
72945308,true,קוביות שמרים,שטראוס גרופ בעמ (ח),,,יח,0.50,ל 100 גרם,false,1,3.50,7,false,1,
72961209,true,ש.שמנית,תנובה -חלב,,,יח,2,"ל100 מ""ל",false,1,2.40,1.20,false,1,
72961216,true,אשד,תנובה -חלב,,,יח,2,"ל100 מ""ל",false,1,1.69,0.85,false,1,
72961223,true,גילה,תנובה -חלב,,,יח,2,"ל100 מ""ל",false,1,1.50,0.75,false,1,
72961506,true,פרלי תות,תנובה -חלב,,,יח,1.25,"ל100 מ""ל",false,1,3.40,2.72,false,1,
72961520,true,פרלי אננס ק,תנובה -חלב,,,יח,1.25,"ל100 מ""ל",false,1,3.40,2.72,false,1,
72961544,true,באדי תות,תנובה -חלב,,,יח,1.25,"ל100 מ""ל",false,1,2.80,2.24,false,1,
72963753,true,שמנת של פעם ק,תנובה -חלב,,,יח,2,"ל100 מ""ל",false,1,3.90,1.95,false,1,
72986233,true,באדי מעדן וניל 125,תנובה -חלב,,,יח,1.25,"ל100 מ""ל",false,1,2.80,2.24,false,1,
72986240,true,באדי תנובה מעדן,תנובה -חלב,,,יח,1.25,"ל100 מ""ל",false,1,2.80,2.24,false,1,
72986370,true,גלידה פיינט  וניל,מוצרי איכות אמרקאים בעמ,,,יח,7.50,ל 100 גרם,false,1,24.90,3.32,true,1,
72986424,true,"גלידה פיינט קרם עוגיות בד""ץ",מוצרי איכות אמרקאים בעמ,,,יח,7.50,ל 100 גרם,false,1,24.90,3.32,true,1,
72986448,true,גלידה פיינט  טופי קרנץ,מוצרי איכות אמרקאים בעמ,,,יח,7.50,ל 100 גרם,false,1,24.90,3.32,true,1,
72986455,true,גלידה פיינט  ניו יורק סופר,מוצרי איכות אמרקאים בעמ,,,יח,7.50,ל 100 גרם,false,1,24.90,3.32,true,1,
72986479,true,גלידה פיינט  צאנקי מאנקי,מוצרי איכות אמרקאים בעמ,,,יח,7.50,ל 100 גרם,false,1,24.90,3.32,true,1,
72989425,true,גלידה פיינט  שוקולד בראוניס,מוצרי איכות אמרקאים בעמ,,,יח,7.50,ל 100 גרם,false,1,24.90,3.32,true,1,
72991886,true,גלידה פיינט  דולצ`ה דה לצ`ה,מוצרי איכות אמרקאים בעמ,,,יח,7.50,ל 100 גרם,false,1,24.90,3.32,true,1,
72994061,true,פסק זמן גוד 2,שטראוס גרופ בעמ,,,יח,0,ל 100 גרם,false,1,4.50,4.50,false,1,
80001027,true,טורטינה,ליימן שליסל בעמ,,,יח,2,ל 100 גרם,false,1,3.50,1.75,false,1,
80001287,true,גרדנה 25 יח  38ג,ליימן שליסל בעמ,,,יח,1,,false,1,3.50,3.50,false,1,
80001461,true,גרדנה 25 יח  שוקולד 38 גר,ליימן שליסל בעמ,,,יח,0.38,ל 100 גרם,false,1,3.50,9.21,false,1,
80001485,true,גרדנה חטיף קוקוס,ליימן שליסל בעמ,,,יח,0.38,ל 100 גרם,false,1,3.50,9.21,false,1,
80001751,true,גרדנה   וניל,ליימן שליסל בעמ,,,יח,0.25,ל 100 גרם,false,1,3.50,14,false,1,
80001799,true,טורטינה לבן 24 בודד,ליימן שליסל בעמ,,,יח,0.20,ל 100 גרם,false,1,3.50,17.50,false,1,
80001911,true,גרדנה לבנה יח  38ג,ליימן שליסל בעמ,,,יח,1,,false,1,3.50,3.50,false,1,
80050025,true,טיק טק ט. תפוז,פרימיום חברה לדברי מ.,,,יח,0.16,ל 100 גרם,false,1,3.30,20.63,true,1,
80050124,true,חטיף טיק טק,פרימיום חברה לדברי מ.,,,יח,0.16,ל 100 גרם,false,1,3.30,20.63,true,1,
80050278,true,חטיף רושה,פרימיום חברה לדברי מ.,,,יח,1,,false,1,5.50,5.50,false,1,
80052760,true,קינדר בואנו,פרימיום חברה לדברי מ.,,,יח,1,,false,1,3.90,3.90,false,1,
80083665,true,עוגיות אורגניות עם שוקולד ציפס,נטורפוד בעמ,,,יח,2,ל 100 גרם,false,1,10.90,5.45,false,1,
80083696,true,עוגיות אורגניות עם פירות,נטורפוד בעמ,,,יח,2,ל 100 גרם,false,1,10.90,5.45,false,1,
80136194,true,וופל קרם הפי היפוי 5,פרימיום חברה לדברי מ.,,,יח,1.30,ל 100 גרם,false,1,12.90,9.92,false,1,
80176800,true,ממרח נוטלה 750 גרם,פרימיום חברה לדברי מ.,,,יח,7.50,ל 100 גרם,false,1,24.90,3.32,false,1,
80177173,true,ממרח נוטלה  קטן 350 גרם,פרימיום חברה לדברי מ.,,,יח,3.50,ל 100 גרם,false,1,13.90,3.97,false,1,
80177609,true,קינדר 20*50 גר,פרימיום חברה לדברי מ.,,,יח,0.50,ל 100 גרם,false,1,3.80,7.60,false,1,
80177616,true,קינדר 100 גרם,פרימיום חברה לדברי מ.,,,יח,1,ל 100 גרם,false,1,6.90,6.90,false,1,
80310167,true,קינדר מקסי 126,פרימיום חברה לדברי מ.,,,יח,1,,false,1,9.90,9.90,false,1,
80761761,true,קינדר בואנו לבן,פרימיום חברה לדברי מ.,,,יח,1,,false,1,3.90,3.90,false,1,
80769545,true,מנטוס בקבוק מעוגל  בינוני  לימון,ליימן שליסל בעמ,,,יח,0.24,ל 100 גרם,false,1,9.90,41.25,true,1,
80773429,true,מנטוס בקבוק מעוגל טעם תות,ליימן שליסל בעמ,,,יח,0.24,ל 100 גרם,false,1,9.90,41.25,true,1,
80773443,true,מנטוס בקבוק מעוגל קטן  ט. מנטה עדינה,ליימן שליסל בעמ,,,יח,0.24,ל 100 גרם,false,1,9.90,41.25,true,1,
80776307,true,מנטוס ביג בקבוק מעוגל מנטה  םערות,ליימן שליסל בעמ,,,יח,0.24,ל 100 גרם,false,1,16.90,70.42,false,1,
80780595,true,מנטוס ביג בקבוק מעוגל מנטה עדינה,ליימן שליסל בעמ,,,יח,0.24,ל 100 גרם,false,1,16.90,70.42,false,1,
80790990,true,מנטוס בקבוק מעוגל קטן  ט. מנטה עדינה,ליימן שליסל בעמ,,,יח,0.24,ל 100 גרם,false,1,9.90,41.25,true,1,
80794233,true,מנטוס ביג בקבוק מעוגל מנטה,ליימן שליסל בעמ,,,יח,0.24,ל 100 גרם,false,1,16.90,70.42,false,1,
80820956,true,ג`רדנה פטיסרי ק. אגוזים,ליימן שליסל בעמ,,,יח,0.21,ל 100 גרם,false,1,3.50,16.67,false,1,
80820970,true,טורטינה  חטיף 21 גר,ליימן שליסל בעמ,,,יח,2,ל 100 גרם,false,1,3.50,1.75,false,1,
80833468,true,ג`רדנה פטיסרי ק. קוקוס,ליימן שליסל בעמ,,,יח,0.21,ל 100 גרם,false,1,3.50,16.67,false,1,
80843184,true,מנטוס פיור בקבקוק  ענבים,ליימן שליסל בעמ,,,יח,0.60,ל 100 גרם,false,1,9.90,16.50,true,1,
80862130,true,מנטוס פיור פרש בטעם  אבטיח,ליימן שליסל בעמ,,,יח,0,ל 100 גרם,false,1,3.50,3.50,true,1,
80862260,true,מנטוס  מנטה  מתוקה  150 גר`,ליימן שליסל בעמ,,,יח,1.50,ל 100 גרם,false,1,17.90,11.93,false,1,
80864059,true,ג`רדנה חמאת בוטנים 38 גר`,ליימן שליסל בעמ,,,יח,0.38,ל 100 גרם,false,1,3.50,9.21,false,1,
80864295,true,מנטוס  מנטה  עדינה,ליימן שליסל בעמ,,,יח,1,ל 100 גרם,false,1,9.90,9.90,true,1,
80896081,true,מנטוס בקבוק מעוגל טעם אבטיח,ליימן שליסל בעמ,,,יח,0.24,ל 100 גרם,false,1,9.90,41.25,true,1,
80913467,true,מנטוס בקבוק מעוגל קטן  ט. מנטה,ליימן שליסל בעמ,,,יח,0.24,ל 100 גרם,false,1,9.90,41.25,true,1,
80926481,true,מנטוס  ביג מיקס פירות.,ליימן שליסל בעמ,,,יח,6,יח,false,1,16.90,2.82,false,1,
80929277,true,מנטוס  מנטה  עדינה 150 גר`,ליימן שליסל בעמ,,,יח,1.50,ל 100 גרם,false,1,17.90,11.93,false,1,
80945468,true,מנטוס  מנטה מתוקה,ליימן שליסל בעמ,,,יח,1,ל 100 גרם,false,1,9.90,9.90,true,1,
80954521,true,מנטוס פיור פרש בטעם תות,ליימן שליסל בעמ,,,יח,0,ל 100 גרם,false,1,3.50,3.50,true,1,
80957706,true,מנטוס  מנטה 150 גר`,ליימן שליסל בעמ,,,יח,1.50,ל 100 גרם,false,1,17.90,11.93,false,1,
80974215,true,מנטוס ביג בקבוק מעוגל  תות,ליימן שליסל בעמ,,,יח,0.24,ל 100 גרם,false,1,16.90,70.42,false,1,
80974482,true,קינדר  בנים,פרימיום חברה לדברי מ.,,,יח,1,,false,1,5,5,false,1,
80977070,true,מנטוס פיור פרש בטעם  טרופי,ליימן שליסל בעמ,,,יח,0,ל 100 גרם,false,1,3.50,3.50,true,1,
80979128,true,מנטוס פיור בקבקוק דובדבן,ליימן שליסל בעמ,,,יח,0.60,ל 100 גרם,false,1,9.90,16.50,true,1,
80982470,true,מנטוס בקבוק מעוגל קטן  ט. מנטה,ליימן שליסל בעמ,,,יח,0.24,ל 100 גרם,false,1,9.90,41.25,true,1,
80986348,true,מנטוס  מנטה,ליימן שליסל בעמ,,,יח,1,ל 100 גרם,false,1,9.90,9.90,true,1,
87108019,true,מנטוס,ליימן שליסל בעמ,,,יח,0.37,ל 100 גרם,false,1,2.90,7.84,false,1,
87108538,true,מנטוס תות,ליימן שליסל בעמ,,,יח,0.37,ל 100 גרם,false,1,2.90,7.84,false,1,
87108651,true,מנטוס מנטה 4 יח,ליימן שליסל בעמ,,,יח,1,,false,1,10.90,10.90,false,1,
87108712,true,מנטוס פירות 1/4,ליימן שליסל בעמ,,,יח,1.50,ל 100 גרם,false,1,10.90,7.27,false,1,
87311396,true,מנטוס מיקס,ליימן שליסל בעמ,,,יח,0.37,ל 100 גרם,false,1,2.90,7.84,false,1,
87354041,true,מנטוס  דובדן,ליימן שליסל בעמ,,,יח,0.37,ל 100 גרם,false,1,2.90,7.84,false,1,
96130339,true,DOVE ROLL-ON ORIGINAL 2012 12X50ML,"יוניליוור ישראלשיווק בע""מ",,,יח,0.50,"ל100 מ""ל",false,12,14.90,29.80,false,1,
96137130,true,DOVE ROLL-ON CUCUMBERS 2012 12X50ML,"יוניליוור ישראלשיווק בע""מ",,,יח,1,,false,1,14.90,14.90,false,1,
98000826,true,מטאטא,מ.א ייצור ויבו*מטליות בעמ,,,יח,1,,false,1,12.90,12.90,false,1,
100245231,true,KNORR CAS PLUS CH. FLAVOR W.SOUP ALMONDS,"יוניליוור ישראלשיווק בע""מ",,,יח,0.50,ל 100 גרם,false,1,6.50,13,false,1,
100341803,true,בונזו  חטיף רצועות עוף,דיפלומט מפיצים {1968}בעמ,,,יח,0.90,ל 100 גרם,false,1,4.90,5.44,false,1,
100700006,true,Wheat 1kg - Sugat,סוגת תעשיות בעמ,,,יח,10,ל 100 גרם,false,1,8.90,0.89,false,1,
100700075,true,Golden breadcrumbs 200g - Sugat,סוגת תעשיות בעמ,,,יח,2,ל 100 גרם,false,1,4.10,2.05,true,1,
100700419,true,Bulgur 1 kg - Sugat,סוגת תעשיות בעמ,,,יח,10,ל 100 גרם,false,1,7.90,0.79,false,1,
100700587,true,Bulgur 500g - Sugat,סוגת תעשיות בעמ,,,יח,5,ל 100 גרם,false,1,4.90,0.98,true,1,
100701126,true,Shaoiat GP 500 g - Sugat,סוגת תעשיות בעמ,,,יח,5,ל 100 גרם,false,1,10.90,2.18,true,1,
100701157,true,Making sushi rice - Sugat,סוגת תעשיות בעמ,,,יח,10,ל 100 גרם,false,1,11.90,1.19,false,1,
100701300,true,Red quinoa 500 g - Sugat,סוגת תעשיות בעמ,,,יח,5,יח,false,1,14.90,2.98,true,1,
100701454,true,Grisha 500g - Sugat,סוגת תעשיות בעמ,,,יח,5,ל 100 גרם,false,1,4.90,0.98,true,1,
100702260,true,Finely 350g couscous - Sugat,סוגת תעשיות בעמ,,,יח,3.50,ל 100 גרם,false,1,4.90,1.40,true,1,
100702277,true,Thick 350g couscous - Sugat,סוגת תעשיות בעמ,,,יח,3.50,ל 100 גרם,false,1,4.90,1.40,true,1,
100702284,true,350 g whole wheat couscous - Sugat,סוגת תעשיות בעמ,,,יח,3.50,ל 100 גרם,false,1,4.90,1.40,true,1,
100702314,true,Shaoiat black 500g - Sugat,סוגת תעשיות בעמ,,,יח,5,ל 100 גרם,false,1,9.90,1.98,false,1,
100702666,true,פתיתים אפויים עם בצל  400 ג סוגת,סוגת תעשיות בעמ,,,יח,5,ל 100 גרם,false,1,4.90,0.98,true,1,
100702673,true,פתיתים אפויים 3 צבעים  400 ג סוגת*,סוגת תעשיות בעמ,,,יח,5,ל 100 גרם,false,1,4.90,0.98,true,1,
100702741,true,סוכר חום בהיר צנצנת סוגת*,סוגת תעשיות בעמ,,,יח,1,"לק""ג",false,1,10.90,10.90,false,1,
100702987,true,Polenta 500g - Sugat,סוגת תעשיות בעמ,,,יח,5,ל 100 גרם,false,12,4.90,0.98,false,1,
100703007,true,עדשים שחורות  בלוגה 500ג  סוגת*,סוגת תעשיות בעמ,,,יח,5,ל 100 גרם,false,12,7.90,1.58,false,1,
100703854,true,50 sticks of brown sugar - Sugat,סוגת תעשיות בעמ,,,יח,2.50,ל 100 גרם,false,1,8.90,3.56,false,1,
100921401,true,שמפו הוואי  קרטין,"הנקל סוד בע""מ",IL,,יח,7,"ל100 מ""ל",false,1,9.90,1.41,false,1,
101865216,true,"קולון  9ק""ג   פרחים לבנים",רקיט בנקיסר (ניר איסט),,,יח,9,"לק""ג",false,1,49.80,5.53,true,1,
101865261,true,"פיניש להברקה 800 מ""ל",רקיט בנקיסר (ניר איסט),,,יח,8,"ל100 מ""ל",false,1,19.90,2.49,false,1,
101866633,true,קליה ג`ל 3ליטר,רקיט בנקיסר (ניר איסט),,,יח,3,"ל100 מ""ל",false,1,26.90,8.97,false,1,
101922711,true,צץ רץ טורנדו 4000יח  סנו*,סנו פרופשיונל בעמ,,,יח,12,יח,false,1,49.90,4.16,false,1,
101924678,true,ברק מגבת קונטרול טבעי 6 יח סנו*,סנו פרופשיונל בעמ,,,יח,6,יח,false,1,40.20,6.70,false,1,
102060764,true,מרידול מברשת שיניים זוג,ש.שסטוביץ בעמ,,,יח,1,,false,1,34.90,34.90,false,1,
102393169,true,מולר סימפלי פרוייט תות שדה,החברה המרכזית טלהפצת משקאות בע,,,יח,1.50,ל 100 גרם,false,1,5.50,3.67,true,1,
102393176,true,מולר סימפלי פרוייט  אפרסק,החברה המרכזית טלהפצת משקאות בע,,,יח,1.50,ל 100 גרם,false,1,5.50,3.67,true,1,
102393190,true,מולר סימפלי פרוייט  פירות יער,החברה המרכזית טלהפצת משקאות בע,,,יח,1.50,ל 100 גרם,false,1,5.50,3.67,true,1,
102393268,true,גבינה לבנה 5%-750 גרם,החברה המרכזית טלהפצת משקאות בע,,,יח,7.50,ל 100 גרם,false,1,14.90,1.99,false,1,
102393299,true,"יוגורט עיזים 3% 500 מ""ל",החברה המרכזית טלהפצת משקאות בע,,,יח,5,ל 100 גרם,false,1,13.90,2.78,true,1,
102393848,true,יוגורט עיזים תות בגביע 150 גר`,החברה המרכזית טלהפצת משקאות בע,,,יח,1.50,"ל100 מ""ל",false,1,6.50,4.33,true,1,
102393947,true,מולר סימפלי פרויט,החברה המרכזית טלהפצת משקאות בע,,,יח,1.50,ל 100 גרם,false,1,5.50,3.67,true,1,
102394081,true,מולר  מיקס  יוגורט  בתוספת  קונפלקס מצופ,החברה המרכזית טלהפצת משקאות בע,,,יח,1.50,"ל100 מ""ל",false,1,5.90,3.93,false,1,
102394258,true,מה עז צוריאל 180 גר` 9%,החברה המרכזית טלהפצת משקאות בע,,,יח,1.80,ל 100 גרם,false,1,25.90,14.39,false,1,
102395231,true,מאגדת מולר שמניה ביאנקו ק,החברה המרכזית טלהפצת משקאות בע,,,יח,8,יח,false,1,19.90,2.49,false,1,
102395378,true,גבינה   צהובה  28%  360 גר`,החברה המרכזית טלהפצת משקאות בע,,,יח,3.60,ל 100 גרם,false,1,22.90,6.36,false,1,
102396443,true,מוו וניל,החברה המרכזית טלהפצת משקאות בע,,,יח,5,ל 100 גרם,false,1,2.90,0.58,true,1,
103126797,true,קולגייט סנסטיב פרו ריליף,ש.שסטוביץ בעמ,,,יח,75,"ל100 מ""ל",false,1,21.90,0.29,false,1,
103128739,true,בלונס  מקלות אוזניים תינוק,ש.שסטוביץ בעמ,,,יח,1,,false,1,5.90,5.90,false,1,
103401429,true,קפה פלטינום ברזילאי,שטראוס גרופ בעמ,,,יח,2,ל 100 גרם,false,1,24.90,12.45,true,1,
104061417,true,חומוס טחינה 400  גר`אחלה,שטראוס גרופ בעמ (ח),,,יח,1,,false,1,10.90,10.90,false,1,
104061424,true,חומוס  זעתר    400  גר`אחלה,שטראוס גרופ בעמ (ח),,,יח,4,ל 100 גרם,false,1,10.90,2.73,false,1,
104061431,true,חומוס  צנובר   400  גר`אחלה,שטראוס גרופ בעמ (ח),,,יח,4,ל 100 גרם,false,1,10.90,2.73,false,1,
104061448,true,חומוס  חריף  400  גר`אחלה,שטראוס גרופ בעמ (ח),,,יח,4,ל 100 גרם,false,1,10.90,2.73,false,1,
104062599,true,גמדים מארז חיסכון,שטראוס גרופ בעמ (ח),,,יח,1,,false,1,17.90,17.90,false,1,
104066566,true,טחינה בשומשום מלא,שטראוס גרופ בעמ (ח),,,יח,5,ל 100 גרם,false,1,13.90,2.78,true,1,
104068539,true,מאסט  אבטיח מלון    פפר,שטראוס גרופ בעמ,,,יח,0.28,ל 100 גרם,false,1,4,14.29,false,1,
104500572,true,אפרופו איטליאנו 50 גרם,קבוצת אוסם סחר שותפות מוגבלת,,,יח,0.50,ל 100 גרם,false,1,4.90,9.80,true,1,
104501661,true,פודינג  בטעם וניל צרפתי,קבוצת אוסם סחר שותפות מוגבלת,,,יח,0.80,ל 100 גרם,false,1,5.80,7.25,true,1,
104504228,true,מארז דובונים,קבוצת אוסם סחר שותפות מוגבלת,,,יח,1,ל 100 גרם,false,1,12.90,12.90,true,1,
104508943,true,במבה 200 גר`,קבוצת אוסם סחר שותפות מוגבלת,,,יח,2,ל 100 גרם,false,1,8.90,4.45,true,1,
104721762,true,מארז טורקי שלישיות,שטראוס גרופ בעמ,,,יח,2.55,ל 100 גרם,false,1,19.90,7.80,false,1,
104722530,true,תפוצ`יפס  בטעם שמנת בצל,שטראוס פריטו ליי בעמ,,,יח,2,ל 100 גרם,false,1,9.90,4.95,true,1,
104726712,true,מארז  מילקי   שמניה,שטראוס גרופ בעמ (ח),,,יח,8,למארז,false,1,19.90,2.49,false,1,
104728310,true,"שמנת מתוקה 38%-250  מ""ל{פ}",שטראוס גרופ בעמ (ח),,,יח,5,ל 100 גרם,false,1,6.47,1.29,false,1,
104960239,true,"סבון ארומה  לבן 750 מ""ל",החברה הדרומית לשיווק בעמ,,,יח,7.50,לליטר,false,1,9.90,1.32,false,1,
104960970,true,טיטניום   דאו`ספריי,החברה הדרומית לשיווק בעמ,,,יח,1,,false,1,15.90,15.90,false,1,
104961205,true,תחליב רחצה  מגע קטיפה   מלפפון,החברה הדרומית לשיווק בעמ,,,יח,7.50,לליטר,false,1,9.90,1.32,false,1,
104961243,true,תחליב רחצה  מגע קטיפה   קוקוס ליים,החברה הדרומית לשיווק בעמ,,,יח,7.50,לליטר,false,1,9.90,1.32,false,1,
104961250,true,תחליב רחצה  מגע קטיפה  וניל,החברה הדרומית לשיווק בעמ,,,יח,7.50,לליטר,false,1,9.90,1.32,false,1,
105180186,true,בקבוק   מעוצב+ ידיות  ללא ביסנול,אריסטוקרט מ.ב.ליבוא שווק בעמ,,,יח,1,,false,1,14.90,14.90,false,1,
105180216,true,פלסטרים  שקופים  30 יח`,אריסטוקרט מ.ב.ליבוא שווק בעמ,,,יח,1,,false,1,10.90,10.90,false,1,
105180278,true,משחת  נעליים+ ידית,אריסטוקרט מ.ב.ליבוא שווק בעמ,,,יח,0.60,ל 100 גרם,false,1,4.50,7.50,false,1,
105364678,true,משקה אקטביה  אפרסק,שטראוס גרופ בעמ (ח),,,יח,2.50,"ל100 מ""ל",false,1,4.90,1.96,false,1,
105366023,true,חצילים בטעם כבד  400,שטראוס גרופ בעמ (ח),,,יח,4,ל 100 גרם,false,1,14.90,3.73,true,1,
105366047,true,טחינה לבנה  400  גר`אחלה,שטראוס גרופ בעמ (ח),,,יח,5,ל 100 גרם,false,1,15.90,3.18,true,1,
105431516,true,פרי מארז  תמרים בוטנים,ש.שסטוביץ בעמ,,,יח,1.26,ל 100 גרם,false,1,14.90,11.83,false,1,
105691224,true,חטיפי טורטיות,קבוצת אוסם סחר שותפות מוגבלת,,,יח,0.60,ל 100 גרם,false,1,6.90,11.50,false,1,
105962331,true,סחוג  אדום תימני,שטראוס גרופ בעמ (ח),,,יח,2.20,ל 100 גרם,false,1,11.90,5.41,false,1,
106572027,true,לחמית  חמישה דגנים,קבוצת אוסם סחר שותפות מוגבלת,,,יח,1.90,ל 100 גרם,false,1,7.90,4.16,true,1,
106577480,true,חציל על האש בטחינה מרובע צבר 400 גרם,קבוצת אוסם סחר שותפות מוגבלת,,,יח,4,ל 100 גרם,false,1,11.90,2.98,true,1,
106577527,true,קולסלו מרובע צבר 400 גרם,קבוצת אוסם סחר שותפות מוגבלת,,,יח,4,ל 100 גרם,false,1,11.90,2.98,true,1,
106577541,true,כרוב אדום מרובע צבר 400 גרם,קבוצת אוסם סחר שותפות מוגבלת,,,יח,4,ל 100 גרם,false,1,11.90,2.98,true,1,
106577572,true,מטבוחה מרובע צבר 400 גרם,קבוצת אוסם סחר שותפות מוגבלת,,,יח,4,ל 100 גרם,false,1,11.90,2.98,true,1,
107646918,true,KNORR CIS GARLIC&HERB BDZ 8X320G,"יוניליוור ישראלשיווק בע""מ",,,יח,4.15,ל 100 גרם,false,1,9.90,2.39,false,1,
107648974,true,KNORR CIS GARLIC&HERB BDZ 8X320G,"יוניליוור ישראלשיווק בע""מ",,,יח,4.15,ל 100 גרם,false,1,9.90,2.39,false,1,
107648981,true,.רוטב לפסטה פומודורו 415גרם קנור*,"יוניליוור ישראלשיווק בע""מ",,,יח,1,יח,false,1,9.90,9.90,false,1,
107875400,true,"לה קרמריה פיסטוק מוקה  1.4 ליטר כשל""פ",נגה גלידות שותפות מוגבלת,,,,1.40,ל 100 גרם,false,1,21.90,15.64,false,1,
107951111,true,וופל לימון  200,שטראוס גרופ בעמ,,,יח,2,ל 100 גרם,false,1,3.90,1.95,false,1,
108350531,true,ספארק כלים  לימון 1  ליטר+ משאבה,החברה הדרומית לשיווק בעמ,,,יח,10,"ל100 מ""ל",false,1,11.90,1.19,false,1,
108357196,true,סנו  ג`ט פלוס לניקוי  כללי+תמצית תה,החברה הדרומית לשיווק בעמ,,,יח,7.50,"ל100 מ""ל",false,1,11.90,1.59,false,1,
108504699,true,רבעיית נתחי  טונה  בשמן קנולה 160 גר`,ג.וילי פוד בעמ,,,יח,0.64,ל 100 גרם,false,1,21.90,34.22,false,1,
109920146,true,דורגול  מסיר אבנית,"יעקב יעקבי ובניו בע""מ",,,יח,7.50,"ל100 מ""ל",false,1,21.90,2.92,false,1,
110320591,true,בולגרית 16% במרקם מעודן,תנובה -חלב,,,יח,2.50,ל 100 גרם,false,1,20.90,8.36,false,1,
112490896,true,רוטב צ`ילי חריף 370גרם  קנור*,"יוניליוור ישראלשיווק בע""מ",,,יח,3.70,ל 100 גרם,false,1,9.90,2.68,false,1,
112492449,true,"פינוק שמפו לשיער רגיל 700 מ""ל*","יוניליוור ישראלשיווק בע""מ",,,יח,7,"ל100 מ""ל",false,1,11.90,1.70,false,1,
112495433,true,TELMA DELIPECAN BADATZ 2011 12X400 GR,"יוניליוור ישראלשיווק בע""מ",,,יח,4,ל 100 גרם,false,1,19.90,4.98,false,1,
112870322,true,Green olives rings 15-17 a2,קבוצת יבנה מוצרי מזון,,,יח,5.60,ל 100 גרם,false,1,8.90,1.59,false,1,
113192348,true,זית ירוק 17-19  בית השיטה,קבוצת אוסם סחר שותפות מוגבלת,,,יח,3.40,ל 100 גרם,false,1,9.90,2.91,true,1,
113284524,true,מגבות מטבח בליסימו  שישיות*,ווינפאק סחר בעמ,,,יח,6,יח,false,1,8.90,1.48,false,1,
117032053,true,סכינים איכותיות 40יח צבעוני  שווה*,ווינפאק סחר בעמ,,,יח,40,יח,false,1,5.90,0.15,false,1,
117032084,true,כפות איכותיות 40יח צבעוני  שווה*,ווינפאק סחר בעמ,,,יח,40,יח,false,1,5.90,0.15,false,1,
117032114,true,כפיות איכותי 40יח צבעוני  שווה*,ווינפאק סחר בעמ,,,יח,40,יח,false,1,5.90,0.15,false,1,
118820000,true,שקדי עגל טרי 4 שיפודים,אחים דובקין בעמ,,,יח,2.40,ל 100 גרם,false,1,69,28.75,false,1,
118820703,true,אנטריקוט עגלה 1  סטייק,אחים דובקין בעמ,,,יח,2,יח,false,1,49,24.50,false,1,
214050001,true,נייר ברקת סופר,סנו פרופשיונל בעמ,,,יח,1,,false,1,6.70,6.70,false,1,
1044053074,true,קומקום חשמלי 1.7 ליטר,סמיקום לקסיס בעמ,,,יח,1,יח,false,1,73.90,73.90,false,1,
1083518117,true,מרכך מקסימה  סופר מרוכז,החברה הדרומית לשיווק בעמ,,,יח,10,"ל100 מ""ל",false,1,17.90,1.79,false,1,
8112100298,true,שמן שומשום 185,מזרח ומערב יבוא ושיווק,,,יח,1.85,"ל100 מ""ל",false,1,14.90,8.05,false,1,
9800800056,true,נטולה גו  חדש,פרימיום חברה לדברי מ.,,,יח,0.52,יח,false,1,5.50,10.58,false,1,
11210000094,true,רוטב פלפל טבסקו,ר.צ צ יק בעמ,,,יח,0.60,"ל100 מ""ל",false,1,10.90,18.17,false,1,
11210009387,true,רוטב טבסקו פלפל ירוק,ציון תורג`מן בעמ,,,יח,0.60,"ל100 מ""ל",false,1,10.90,18.17,false,1,
16000185517,true,פייבר וואן  460 גר,קבוצת אוסם סחר שותפות מוגבלת,,,יח,3.75,ל 100 גרם,false,1,21.90,5.84,true,1,
16000281684,true,חטיף פקאן 1/5,ליימן שליסל בעמ,,,יח,2.10,ל 100 גרם,false,1,15.90,7.57,true,1,
16000423534,true,חטיף בריאות  שיבולת שועל שוקולד מריר,ליימן שליסל בעמ,,,יח,2.10,ל 100 גרם,false,1,15.90,7.57,true,1,
16000548404,true,גרנולה חטיף טבעי קראנצ,ליימן שליסל בעמ,,,יח,2.10,ל 100 גרם,false,1,15.90,7.57,true,1,
16000548503,true,קרנצ יחטיפי גרנולה,ליימן שליסל בעמ,,,יח,2.10,ל 100 גרם,false,1,15.90,7.57,true,1,
16000548602,true,קרנצ י חטיפי גרנולה+,ליימן שליסל בעמ,,,יח,2.10,ל 100 גרם,false,1,15.90,7.57,true,1,
16000548909,true,חטיף בריאות מעורב,ליימן שליסל בעמ,,,יח,2.10,ל 100 גרם,false,1,15.90,7.57,true,1,
18000701223,true,תערובת  עוגה בטעם שוקולד,ליימן שליסל בעמ,,,יח,5,ל 100 גרם,false,1,17.90,3.58,false,1,
18000766413,true,תערובת לעוגת לבר,ליימן שליסל בעמ,,,יח,5.50,ל 100 גרם,false,1,17.90,3.25,false,1,
19548003107,true,צימקאו בטעם שוקולד לבן 300,תה ויסוצקי (ישראל)בעמ,,,יח,3,ל 100 גרם,false,1,8.50,2.83,false,1,
21723339994,true,"רוטב לדגים 300 מ""ל",מזרח ומערב יבוא ושיווק,,,יח,3,ל 100 גרם,false,1,11.90,3.97,true,1,
25675120020,true,מקלות חמוצות 100 פטל,גורי ע.ע.ע בעמ,,,יח,1,ל 100 גרם,false,1,8.90,8.90,false,1,
25675120044,true,מקלות  חמוצות,גורי ע.ע.ע בעמ,,,יח,1,ל 100 גרם,false,1,8.90,8.90,false,1,
25675120068,true,מקלות מסוכרים,גורי ע.ע.ע בעמ,,,יח,1,ל 100 גרם,false,1,8.90,8.90,false,1,
25700005674,true,זיפלוק  שקיות  אחסון סליידר גדולות,"דנשר (1963) בע,מ",,,יח,1,,false,1,12.90,12.90,true,1,
29424000571,true,מצופה אגוז 20 גרם *40 יח`מנעמים*,מנעמים תעשיות מזון בעמ**,,,יח,1,,false,1,16.90,16.90,false,1,
34000196173,true,הרשי קוקיס  קרם טבלה XL,ליימן שליסל בעמ,,,יח,38,ל 100 גרם,false,1,8.50,0.22,false,1,
34000442652,true,ריס  טבלה XL,ליימן שליסל בעמ,,,יח,38,ל 100 גרם,false,1,8.50,0.22,false,1,
34000446001,true,ריזס מיניס עטופים,ליימן שליסל בעמ,,,יח,1,ל 100 גרם,false,1,9.90,9.90,false,1,
34000470228,true,ריזס מיני חטיף שוקולד,ליימן שליסל בעמ,,,יח,0.70,ל 100 גרם,false,1,5.90,8.43,false,1,
34000470563,true,ריסז מיניס  באריזה משפחתית,ליימן שליסל בעמ,,,יח,2.15,ל 100 גרם,false,1,17.90,8.33,false,1,
34000996643,true,הרשי דרופס  באריזה משפחתית,ליימן שליסל בעמ,,,יח,2.15,ל 100 גרם,false,1,18.90,8.79,false,1,
36000516890,true,טישו קליניקס 120 3 שכבות,קימברלי קלארק ישראל שיווק בעמ,,,יח,1,,false,1,21.90,21.90,false,1,
37600207256,true,חמאת בוטנים עם שברי בוטנים,דיפלומט מפיצים {1968}בעמ,,,יח,4.62,ל 100 גרם,false,1,19.90,4.31,false,1,
37600297967,true,סלסה מטבל עגבניות בחריפות מעודנת..,ליימן שליסל בעמ,,,יח,4.39,ל 100 גרם,false,1,18.90,4.31,true,1,
38000138638,true,פרינגלס  פיצה  158 גר`,דיפלומט מפיצים {1968}בעמ,,,יח,1.58,ל 100 גרם,false,1,9.90,6.27,true,1,
38000138720,true,פרינגלס  ראנץ    158 גר`,דיפלומט מפיצים {1968}בעמ,,,יח,1.58,ל 100 גרם,false,1,9.90,6.27,true,1,
38000183928,true,פרינגלס חרדל ודבש 158גר`,דיפלומט מפיצים {1968}בעמ,,,יח,1.58,ל 100 גרם,false,1,9.90,6.27,true,1,
38000197840,true,פרינגלס  גלי בטעם  חריף  130 גר`,דיפלומט מפיצים {1968}בעמ,,,יח,1.30,ל 100 גרם,false,1,9.90,7.62,true,1,
38000232152,true,פרינגלס  ברבקיו   158 גר`,דיפלומט מפיצים {1968}בעמ,,,יח,1.58,ל 100 גרם,false,1,9.90,6.27,true,1,
38000232176,true,54פרינגלס  שמנת בצל    158 גר`,דיפלומט מפיצים {1968}בעמ,,,יח,1.58,ל 100 גרם,false,1,9.90,6.27,true,1,
38000232183,true,פרינגלס  אורגינל 149 גר`,דיפלומט מפיצים {1968}בעמ,,,יח,1.58,ל 100 גרם,false,1,9.90,6.27,true,1,
38527591060,true,דגנים מרובעים,שטראוס פריטו ליי בעמ,,,יח,4.12,ל 100 גרם,false,1,19.90,4.83,false,1,
40000513056,true,סוכ` מנמ  בוטנים,ריגלי ישראל בעמ,,,יח,3,ל 100 גרם,false,1,21.90,7.30,false,1,
40232885518,true,אוכמניות ארוז,פירות עולם בעמ,,,יח,1,,false,1,17.90,17.90,false,1,
46214731552,true,עוגיות שוקוצי פס מרווה,ש.שסטוביץ בעמ,,,יח,2.25,ל 100 גרם,false,1,8.90,3.96,false,1,
50000170180,true,פריסקיז   עוף ברוטב,קבוצת אוסם סחר שותפות מוגבלת,,,יח,0.85,ל 100 גרם,false,1,6.30,7.41,false,1,
50000225224,true,פריסקיז  פילה,קבוצת אוסם סחר שותפות מוגבלת,,,יח,1.56,ל 100 גרם,false,1,6.30,4.04,false,1,
50000237951,true,פריסקיז  פארטי מיקס גריל  קראנץ,קבוצת אוסם סחר שותפות מוגבלת,,,יח,0.60,ל 100 גרם,false,1,11.90,19.83,false,1,
55500012046,true,קלין אפ מרסס אקונומיקה 946,גורי מוצרי צריכה 1991 בעמ,,,יח,9.46,"ל100 מ""ל",false,1,20.90,2.21,false,1,
62558202381,true,סירופ מייפל אורגני 236 מל,ר.צ צ יק בעמ,,,יח,7.50,ל 100 גרם,false,1,25.90,3.45,false,1,
64144090013,true,שמן פאם טעם חמאה,ליימן שליסל בעמ,,,יח,1.48,"ל100 מ""ל",false,1,17.90,12.09,false,1,
64144090051,true,שמן פאם על בסיס קנולה,ליימן שליסל בעמ,,,יח,1.48,"ל100 מ""ל",false,1,17.90,12.09,false,1,
71100050356,true,ספר וזאת הרבכה בן   טוייז,טוייז מרקט בעמ,,,יח,1,,false,1,10,10,false,1,
71100050363,true,ספר וזאת הברכה בת   טוייז,טוייז מרקט בעמ,,,יח,1,,false,1,10,10,false,1,
73490130946,true,פתיבר קלאסי חמאה 500 גרם הדר*,אפיפית נצרת תעשיות בסקויט,,,יח,5,ל 100 גרם,false,1,5.90,1.18,false,1,
73490130953,true,פתיבר קלאסי שוקו 500 גרם הדר *,אפיפית נצרת תעשיות בסקויט,,,יח,5,ל 100 גרם,false,1,5.90,1.18,false,1,
76840100156,true,גלידה פיינט  צ`רי רסיה,מוצרי איכות אמרקאים בעמ,,,יח,7.50,ל 100 גרם,false,1,24.90,3.32,true,1,
76840100583,true,גלידה פיינט  בצק עוגיות,מוצרי איכות אמרקאים בעמ,,,יח,7.50,ל 100 גרם,false,1,24.90,3.32,true,1,
76840100811,true,גלידה פיינט בטאר קאפ,מוצרי איכות אמרקאים בעמ,,,יח,7.50,ל 100 גרם,false,1,24.90,3.32,true,1,
77245110610,true,סוכריות מאסט מנטה,שטראוס גרופ בעמ,,,יח,0.80,ל 100 גרם,false,1,7.70,9.63,false,1,
77975036976,true,סלסה מטבל עגבניות בחריפות מעודנת,ליימן שליסל בעמ,,,יח,1,יח,false,1,16.90,16.90,false,1,
77975094761,true,בייגלה סניידרס  צ`דר,ליימן שליסל בעמ,,,יח,3.40,ל 100 גרם,false,1,15.90,4.68,true,1,
85659100006,true,עוגיות עבדי מלח 400,תה ויסוצקי (ישראל)בעמ,,,יח,4,ל 100 גרם,false,1,17.90,4.48,false,1,
96086000676,true,עוגיות אביב כוסמין מלא,ר.צ צ יק בעמ,,,יח,2,ל 100 גרם,false,1,13.50,6.75,false,1,
96086001512,true,עוגיות לימון  אביב,ר.צ צ יק בעמ,,,יח,2,ל 100 גרם,false,1,13.50,6.75,false,1,
96086001529,true,עוגיות  קפוצ`ינו   אביב,ר.צ צ יק בעמ,,,יח,2,ל 100 גרם,false,1,13.50,6.75,false,1,
96086001536,true,עוגיות וניל אביב,ר.צ צ יק בעמ,,,יח,2,ל 100 גרם,false,1,13.50,6.75,false,1,
117700001371,true,ספר חיים מכבד הורים   טוייז,טוייז מרקט בעמ,,,יח,1,,false,1,10,10,false,1,
117700001838,true,חומדים ומצליחים,א.פרץ צעצועים בעמ,,,יח,1,,false,1,10,10,false,1,
195480030088,true,בלוק צמקאו מריר 300 גר`,תה ויסוצקי (ישראל)בעמ,,,יח,3,ל 100 גרם,false,1,8.50,2.83,false,1,
233400000770,true,רבעיות חגש תשרי טוייז,טוייז מרקט בעמ,,,יח,1,,false,1,10,10,false,1,
233400000817,true,טרוויה   חנוכה טוויז,טוייז מרקט בעמ,,,יח,1,,false,1,10,10,false,1,
305210256712,true,VASELINE VSLN PETROLEUM JELLY 24X106GR,"יוניליוור ישראלשיווק בע""מ",,,יח,1.06,"ל100 מ""ל",false,1,9.90,9.34,false,1,
305210464728,true,VASELINE VSLN PETROLEUM JELLY 24X106GR,"יוניליוור ישראלשיווק בע""מ",,,יח,1.06,"ל100 מ""ל",false,1,9.90,9.34,false,1,
305213079004,true,Vaseline ALOE FRESH LOTION 725 ml,"יוניליוור ישראלשיווק בע""מ",,,יח,6,"ל100 מ""ל",false,1,19.90,3.32,false,1,
324787290102,true,המבורגר ביתי גוליה,ג`וליה מעדני בשר בעמ,,,"לק""ג",10,ל 100 גרם,true,1,58.90,5.89,false,1,
324787290104,true,נקניקיות מיני מרגז גוליה,ג`וליה מעדני בשר בעמ,,,"לק""ג",10,ל 100 גרם,true,1,58.90,5.89,false,1,
324787290106,true,שיפודי פרגית גוליה,ג`וליה מעדני בשר בעמ,,,"לק""ג",1,,true,1,74.90,74.90,false,1,
324787290109,true,מעורב ירושלמי גוליה,ג`וליה מעדני בשר בעמ,,,"לק""ג",1,,true,1,58.90,58.90,false,1,
324787290122,true,קבבוני טלה גוליה,ג`וליה מעדני בשר בעמ,,,"לק""ג",10,ל 100 גרם,true,1,58.90,5.89,false,1,
324787290133,true,נקניק  כבש איטלקי גוליה,ג`וליה מעדני בשר בעמ,,,"לק""ג",10,ל 100 גרם,true,1,58.90,5.89,false,1,
324787290134,true,צ`וריסוס ספרדי גוליה,ג`וליה מעדני בשר בעמ,,,"לק""ג",10,ל 100 גרם,true,1,58.90,5.89,false,1,
324787290138,true,נקניק יות  פרגית גוליה,ג`וליה מעדני בשר בעמ,,,"לק""ג",10,ל 100 גרם,true,1,58.90,5.89,false,1,
324787290144,true,בייבי בורגר גוליה,ג`וליה מעדני בשר בעמ,,,"לק""ג",10,ל 100 גרם,true,1,58.90,5.89,false,1,
324787290153,false,טבעות טחול עגל גוליה,ג`וליה מעדני בשר בעמ,,,"לק""ג",1,,true,1,79,79,false,1,
324787290230,true,קבבוני  אנגוס גוליה,ג`וליה מעדני בשר בעמ,,,"לק""ג",10,ל 100 גרם,true,1,58.90,5.89,false,1,
324787290241,true,קבב  אש ג`וליה,ג`וליה מעדני בשר בעמ,,,"לק""ג",10,ל 100 גרם,true,1,58.90,5.89,false,1,
324787290246,true,קבב אביה גוליה,ג`וליה מעדני בשר בעמ,,,"לק""ג",10,ל 100 גרם,true,1,58.90,5.89,false,1,
324787290247,true,המבורגר  טלה גוליה,ג`וליה מעדני בשר בעמ,,,"לק""ג",10,ל 100 גרם,true,1,58.90,5.89,false,1,
324787290258,true,נקניקיות  אנגוס גולייה,ג`וליה מעדני בשר בעמ,,,"לק""ג",10,ל 100 גרם,true,1,58.90,5.89,false,1,
324787290261,true,המבורגר אנגוס גוליה,ג`וליה מעדני בשר בעמ,,,"לק""ג",10,ל 100 גרם,true,1,58.90,5.89,false,1,
324787290318,true,נקניק כבד  גוליה,ג`וליה מעדני בשר בעמ,,,"לק""ג",10,ל 100 גרם,true,1,58.90,5.89,false,1,
324787290500,true,קבבוני פרגית  גוליה,ג`וליה מעדני בשר בעמ,,,"לק""ג",10,ל 100 גרם,true,1,58.90,5.89,false,1,
613008742348,true,אריזונה ג`נסינג ודבש   בקבוק 1 ליטר,טמפו משקאות בעמ,,,יח,10,"ל100 מ""ל",false,1,9.90,0.96,false,1,
633824913432,true,ואן גוך  אסאי,טמפו משקאות בעמ,,,"ל100 מ""ל",7.50,"ל100 מ""ל",false,1,139.90,18.61,true,1,
645692555645,true,סהרון 175ג  פפושדו.,אחים פפושדו ובניהם בעמ,,,יח,1.75,ל 100 גרם,false,1,4.90,2.80,true,1,
645692555690,true,חצופונים שוקו 150ג  פפושדו,אחים פפושדו ובניהם בעמ,,,יח,1.50,ל 100 גרם,false,1,3.50,2.33,true,1,
645692555706,true,חצופונים וניל 150ג  פפושדו,אחים פפושדו ובניהם בעמ,,,יח,1.50,ל 100 גרם,false,1,3.50,2.33,true,1,
645692556482,true,פתי בר וניל 125ג  פפושדו,אחים פפושדו ובניהם בעמ,,,יח,1.25,ל 100 גרם,false,1,2.50,2,false,1,
645692556512,true,פתי בר שוקו 125ג  פפושדו,אחים פפושדו ובניהם בעמ,,,יח,1.25,ל 100 גרם,false,1,2.50,2,false,1,
645692556581,true,קרקר מלוח 350  ג`  פפושדו,אחים פפושדו ובניהם בעמ,,,יח,3.50,ל 100 גרם,false,1,6.90,1.97,false,1,
645692556611,true,קרקר שומשום 110   ג`  פפושדו,אחים פפושדו ובניהם בעמ,,,יח,1.10,ל 100 גרם,false,1,2.50,2.27,false,1,
645692556628,true,קרקר מלוח  110   ג`  פפושדו,אחים פפושדו ובניהם בעמ,,,יח,1.10,ל 100 גרם,false,1,2.50,2.27,false,1,
645692556864,true,עוגיות גרנולה 300  גר`   פפושדו,אחים פפושדו ובניהם בעמ,,,יח,3,ל 100 גרם,false,1,10.90,3.63,false,1,
651080161510,true,חוט דנטלי  משופר,"דנשר (1963) בע,מ",,,יח,1,,false,1,10.90,10.90,false,1,
651080647519,true,"חוט דנטלי ""פלוסר  מנטה","דנשר (1963) בע,מ",,,יח,1,,false,1,9.90,9.90,false,1,
655003854671,true,עלי הולנדיה הידרופוני,"בכורי השדה צפון1994 ג.ד. בע""מ",,,יח,1,,false,1,10.90,10.90,false,1,
681131129855,true,"בירה שלוס קרון  500 מ""ל  פחית",טעמן שיווק מזון בעמ,,,ל 100 גרם,5,ל 100 גרם,false,1,5.90,1.12,false,1,
693493102575,true,שרי קלמר,"בכורי השדה צפון1994 ג.ד. בע""מ",,,יח,1,,false,1,12.90,12.90,false,1,
710069006867,true,עוגיות סנדויץ וניל 150  ג`הדר*,אפיפית נצרת תעשיות בסקויט,,,יח,1.75,ל 100 גרם,false,1,3.50,2,true,1,
710069055452,true,עוגיות סנדויץ שוקו 150  ג`הדר*,אפיפית נצרת תעשיות בסקויט,,,יח,1.75,ל 100 גרם,false,1,3.50,2,true,1,
710800027573,true,מיני מנטוס שקית,ליימן שליסל בעמ,,,יח,1.78,ל 100 גרם,false,1,13.50,7.58,false,1,
720011378028,true,חלבה ברקא,קבוצת אוסם סחר שותפות מוגבלת,,,יח,3.50,ל 100 גרם,false,1,14.90,4.26,false,1,
723592000103,true,"תות שדה 1 ק""ג",מאיר עבודי - פירות קפואים,,,יח,10,ל 100 גרם,false,1,25,2.50,false,1,
723592000110,true,"בננה קפואים 1 ק""ג",מאיר עבודי - פירות קפואים,,,יח,10,ל 100 גרם,false,1,25,2.50,false,1,
723592000127,true,"מנגו  קפואים 1 ק""ג",מאיר עבודי - פירות קפואים,,,יח,10,ל 100 גרם,false,1,27,2.70,false,1,
723592000172,true,"אננס  קפואים 1 ק""ג",מאיר עבודי - פירות קפואים,,,יח,10,ל 100 גרם,false,1,27,2.70,false,1,
723592000202,true,"אוכמניות שחורות קפואים 1 ק""ג",מאיר עבודי - פירות קפואים,,,יח,10,ל 100 גרם,false,1,32,3.20,false,1,
723592000219,true,"דימדומית  קפואים 1 ק""ג",מאיר עבודי - פירות קפואים,,,יח,10,ל 100 גרם,false,1,32,3.20,false,1,
723592000226,true,"דובדבן  קפואים 1 ק""ג",מאיר עבודי - פירות קפואים,,,יח,10,ל 100 גרם,false,1,32,3.20,false,1,
729011235469,true,תפוצי פס 200 ג,שטראוס פריטו ליי בעמ,,,יח,2,ל 100 גרם,false,1,9.90,4.95,true,1,
729019056621,true,ספרינג 1.5 פירות קיץ,יפאורה שותפות מוגבלת לשיווק,,,יח,15,"ל100 מ""ל",false,1,8.90,0.57,true,1,
729107645591,true,KNORR ANI CHICKEN FLV BDZ SAVVY 6X400G,"יוניליוור ישראלשיווק בע""מ",,,יח,4,ל 100 גרם,false,1,14.90,3.73,false,1,
783495184003,true,ענבים אדומים סקרלוטה טלי,"בכורי השדה צפון1994 ג.ד. בע""מ",,,"לק""ג",1,,true,1,24.90,24.90,false,1,
835811002741,true,גמבו קונפטי ארוך 190 גר`,הנמל אריזות ושווק בעמ,,,יח,10,ל 100 גרם,false,1,9.90,0.99,false,1,
835811006503,true,סט צלחות מקרטון זהב,הנמל אריזות ושווק בעמ,,,יח,1,,false,1,13.90,13.90,false,1,
835811007296,true,כפיות  קרם* 50 ליאל*.,"גל יסמין שיווק והפצה בע""מ",,,יח,50,יח,false,20,7.90,0.16,true,1,
835811007319,true,מזלגות  קרם* 50 ליאל *ZZ,ווינפאק סחר בעמ,,,יח,50,יח,false,1,9.90,0.20,true,1,
839762000658,true,איילנד גויאבה 1 ליטר,טמפו משקאות בעמ,,,יח,10,"ל100 מ""ל",false,1,11.90,1.16,true,1,
850004207789,true,מיטבולס ביונד  מיט`290 גר,דיפלומט מפיצים {1968}בעמ,,,ל 100 גרם,2.90,ל 100 גרם,false,1,34.90,12.03,false,1,
850006036028,true,עבדי מאפה חיטה מקלונים ט.סלק בצל,תה ויסוצקי (ישראל)בעמ,,,יח,4,ל 100 גרם,false,1,17.90,4.48,true,1,
851621000050,true,"שישית בירה  1664  330  N,K",החברה המרכזית להפצת משקאות בע,,,יח,15,ל 100 גרם,false,1,52.90,3.41,false,1,
852629004774,true,רבעית נקנקיות ביונד מיט`,דיפלומט מפיצים {1968}בעמ,,,ל 100 גרם,4,ל 100 גרם,false,1,34.90,8.73,false,1,
856591000512,true,עוגיות מזרחיות מקלות  לניגוב,תה ויסוצקי (ישראל)בעמ,,,יח,4,ל 100 גרם,false,1,17.90,4.48,true,1,
856591000918,true,מארז חטיף טבעי 8*40 גר`,תה ויסוצקי (ישראל)בעמ,,,יח,3.20,ל 100 גרם,false,1,17.90,5.59,false,1,
856591000949,true,מאפה עבאדי חיטה מלוח 350 גר,תה ויסוצקי (ישראל)בעמ,,,יח,3.50,ל 100 גרם,false,1,17.90,5.11,true,1,
877300005987,true,"פפריקה הונגרית בשמן 1 ק""ג",נפטון מוצרי מזון 1990 בעמ,,,יח,0.60,ל 100 גרם,false,1,35,58.33,false,1,
884912359162,true,דגני  האני באנצס שקדים,ר.ב מוצרי דגנים בעמ,,,יח,3.40,יח,false,1,21.90,6.44,false,1,
884912365217,true,דגני בוקר אוראו,ר.ב מוצרי דגנים בעמ,,,יח,3.11,ל 100 גרם,false,1,19.90,6.40,false,1,
893594002068,true,חטיף  פופקורן צ`יפס עם מלח ים,שטראוס פריטו ליי בעמ,,,יח,0.32,ל 100 גרם,false,1,5.90,18.44,false,1,
960860015432,true,עוגיות  ללא  סוכר חיטה מלאה,ר.צ צ יק בעמ,,,יח,2,ל 100 גרם,false,1,13.50,6.75,false,1,
1230000068314,false,בשר טחון ביונד מיט 300 גר`,דיפלומט מפיצים {1968}בעמ,,,ל 100 גרם,3,ל 100 גרם,false,1,34.90,11.63,false,1,
1230000116022,false,המבורגר מן הצומח,דיפלומט מפיצים {1968}בעמ,,,ל 100 גרם,2.26,ל 100 גרם,false,1,34.90,15.44,false,1,
1595848484840,false,קלקר למים 5 ליטר,אושר א.א יבוא ושיווק כלי בית ב,,,יח,1,,false,1,29.90,29.90,false,1,
1595858548556,false,נפה קוסקוס מתכת גדולה,אושר א.א יבוא ושיווק כלי בית ב,,,יח,1,,false,1,73.90,73.90,false,1,
2617290001990,false,Hummus 1 kg - Sugat,סוגת תעשיות בעמ,,,יח,10,ל 100 גרם,false,1,13.90,1.39,false,1,
3014260214692,false,ג ל גילוח לעור רגיש,דיפלומט מפיצים {1968}בעמ,,,יח,2,"ל100 מ""ל",false,1,18.90,9.45,false,1,
3014260287030,false,ג`ילט 2 חמשיה,דיפלומט מפיצים {1968}בעמ,,,יח,1,,false,1,7.90,7.90,true,1,
3045200760009,false,דזיטול  נוזל מחטא בגדים,"יעקב יעקבי ובניו בע""מ",,,יח,0.50,"ל100 מ""ל",false,1,11.90,23.80,true,1,
3045206360609,false,דזיטול נוזל מחטא בגדים 1 ליטר,"יעקב יעקבי ובניו בע""מ",,,יח,10,"ל100 מ""ל",false,1,19.90,1.99,false,1,
3059940007768,false,אירוויק  ספריי  וניל ק,רקיט בנקיסר (ניר איסט),,,יח,2.40,"ל100 מ""ל",false,1,7.50,3.13,false,1,
3059943015104,false,אירוויק נטול גז  פריסיה ויסמין,רקיט בנקיסר (ניר איסט),,,יח,3.45,ל 100 גרם,false,1,12.90,3.74,false,1,
3059943015128,false,אירוויק נטול גז לבנדר ק,רקיט בנקיסר (ניר איסט),,,יח,3.45,ל 100 גרם,false,1,12.90,3.74,false,1,
3059943016507,false,אירוויק  ספריי   לבנדר,רקיט בנקיסר (ניר איסט),,,יח,2.40,"ל100 מ""ל",false,1,7.50,3.13,false,1,
3059943016569,false,אירוויק  ספריי  פריסיה  ויסמין,רקיט בנקיסר (ניר איסט),,,יח,2.40,"ל100 מ""ל",false,1,7.50,3.13,false,1,
3141360054405,false,פיניש מפיג ריח לימון,רקיט בנקיסר (ניר איסט),,,יח,15,"ל100 מ""ל",false,1,14.90,0.99,false,1,
3282554138911,false,כפיות לבן 100 יח  PP ארקפלסט (40 בק`)*,ARCPLAST PLASTIK,,,יח,100,יח,false,1,8.90,0.09,true,1,
3282554174537,false,סכינים לבן 100 יח  PP ארקפלסט (40 בק`),ARCPLAST PLASTIK,,,יח,100,יח,false,20,8.90,0.09,true,1,
3282554174841,false,מזלגות לבן 100 יח  PP ארקפלסט (40 בק`),ARCPLAST PLASTIK,,,יח,100,יח,false,1,8.90,0.09,true,1,
3282554174957,false,כפות לבן 100 יח  PP ארקפלסט (40 בק`)*,ARCPLAST PLASTIK,,,יח,100,יח,false,1,8.90,0.09,true,1,
3330150028522,false,תחתון מקסי כותנה,ג.שטיינברג בעמ,,,יח,1,,false,1,21.90,21.90,false,1,
3387390525960,false,קרנץ דגנים  500 גר נסטלה,קבוצת אוסם סחר שותפות מוגבלת,,,יח,5,ל 100 גרם,false,1,21.90,4.38,true,1,
3550190400557,false,צלחת מרק ליס שקוף,ברוך רוזנשטין בעמ,,,יח,1,,false,1,7.90,7.90,false,1,
3550190400670,false,מג ליס 31 שקוף,ברוך רוזנשטין בעמ,,,יח,1,,false,1,6.90,6.90,false,1,
3550190400878,false,קעריה 14  ליס  שקוף,ברוך רוזנשטין בעמ,,,יח,1,,false,1,6.90,6.90,false,1,
3550190400908,false,קערה 23 ליס,ברוך רוזנשטין בעמ,,,יח,1,,false,1,19.90,19.90,false,1,
3550190401073,false,קופסא עם מכסה,ברוך רוזנשטין בעמ,,,יח,1,,false,1,21.90,21.90,false,1,
3550190401202,false,מאג ורסאי ידית  שקוף,ברוך רוזנשטין בעמ,,,יח,1,,false,1,4.90,4.90,false,1,
3550190501285,false,כוס אונברסלי 6 יח`,ברוך רוזנשטין בעמ,,,יח,1,,false,1,28.90,28.90,false,1,
3563490014898,false,חרדל דיז ון לחיץ חריף,דיפלומט מפיצים {1968}בעמ,,,יח,2.65,ל 100 גרם,false,1,13.90,5.25,false,1,
3574660115154,false,אובה סופר 32+8,ש.שסטוביץ בעמ,,,יח,1,,false,1,24.90,24.90,false,1,
3574661003924,false,ליסטרין  טואטאל  מי פה,שקד תבל בעמ,,,יח,5,"ל100 מ""ל",false,1,19.90,3.98,false,1,
3574661114637,false,ליסטרין  זארו   מי פה,שקד תבל בעמ,,,יח,5,"ל100 מ""ל",false,1,17.90,3.58,true,1,
3574661352275,false,"ליסטרין קידס ברי 250 מ""ל",שקד תבל בעמ,,,יח,2.50,"ל100 מ""ל",false,1,14.90,5.96,false,1,
3574661485201,false,אובה פרוקומפורט 32+2,ש.שסטוביץ בעמ,,,יח,1,,false,1,24.90,24.90,false,1,
3574661485218,false,אובה פרוקומפורט 32+2,ש.שסטוביץ בעמ,,,יח,1,,false,1,24.90,24.90,false,1,
3574661487328,false,קפרי  אולטרא דק  60 יח`,ש.שסטוביץ בעמ,,,יח,1,,false,1,15.90,15.90,true,1,
3574661487618,false,קפרי מקסי לארג  מבושם,ש.שסטוביץ בעמ,,,יח,1,,false,1,15.90,15.90,true,1,
3574661491806,false,ליסטרין מי פה  ווט,שקד תבל בעמ,,,יח,10,"ל100 מ""ל",false,1,19.90,1.99,false,1,
3574661552804,false,קפרי מגן תחתון אלוורה 56,ש.שסטוביץ בעמ,,,יח,1,,false,1,15.90,15.90,true,1,
3574661552811,false,קפרי כותון אוורירי 56 יח`,ש.שסטוביץ בעמ,,,יח,1,,false,1,15.90,15.90,true,1,
3574661554884,false,קפרי רגיל טנגה מבושם ק.,ש.שסטוביץ בעמ,,,יח,1,,false,1,15.90,15.90,true,1,
3574669908948,false,ג`ונסון בייבי  אל סבון  לרחצה,ש.שסטוביץ בעמ,,,יח,7.50,ל 100 גרם,false,1,15.90,2.12,true,1,
3700450100165,false,סט תבלינים שלישיה,אושר א.א יבוא ושיווק כלי בית ב,,,יח,1,,false,1,19.90,19.90,false,1,
3700450906095,false,סט תבלינים  רבעיה,אושר א.א יבוא ושיווק כלי בית ב,,,יח,1,,false,1,18.90,18.90,false,1,
3800020423578,false,קיט קט צ`אנקי אדום 40 גר`,קבוצת אוסם סחר שותפות מוגבלת,,,יח,40,ל 100 גרם,false,1,3.90,0.10,false,1,
3838824127163,false,פאלטה סמי קיט 1-10 בלטנד כסוף,"הנקל סוד בע""מ",IL,,יח,1,,false,1,21.90,21.90,true,1,
3838824127200,false,פאלטה סמי קיט חום כהה,"הנקל סוד בע""מ",IL,,יח,1,,false,1,21.90,21.90,true,1,
3838824127224,false,פאלטה סמי קיט חום בינוני,"הנקל סוד בע""מ",IL,,יח,1,,false,1,21.90,21.90,true,1,
3838824127309,false,|פאלטה סמי קיט  בלונד בהיר 8-0,"הנקל סוד בע""מ",IL,,יח,1,,false,1,21.90,21.90,true,1,
3838824193915,false,פאלטה סמי קיט שחור,"הנקל סוד בע""מ",IL,,יח,1,,false,1,21.90,21.90,true,1,
4000417019004,false,שוקולד חלב אגוז,ליימן שליסל בעמ,,,יח,1,ל 100 גרם,false,1,9.90,9.90,false,1,
4000417023001,false,שוקולד ריטר חלב שקד,ליימן שליסל בעמ,,,יח,1,ל 100 גרם,false,1,9.90,9.90,false,1,
4000417025005,false,שוקולד ריטר מרציפן,ליימן שליסל בעמ,,,יח,1,ל 100 גרם,false,1,7.90,7.90,false,1,
4000417026002,false,שוקולד חלב ממולא,ליימן שליסל בעמ,,,יח,1,ל 100 גרם,false,1,7.90,7.90,false,1,
4000417101211,false,אמיצ`ילי   גלילי  וופל   בציפוי שוקולד,ליימן שליסל בעמ,,,יח,1.50,ל 100 גרם,false,1,17.90,11.93,false,1,
4000417212009,false,שוקולד ריטר  תפוז שקד,ליימן שליסל בעמ,,,יח,1,ל 100 גרם,false,1,7.90,7.90,false,1,
4000417217004,false,שוקולד לבן ריטר מנגו פסיפלורה,ליימן שליסל בעמ,,,יח,1,ל 100 גרם,false,1,7.90,7.90,false,1,
4000417222008,false,שוקולד ריטר  עם שברי אגוזים,ליימן שליסל בעמ,,,יח,1,ל 100 גרם,false,1,7.90,7.90,false,1,
4000417707000,false,ריטר  ספורט  חלב קשיו,ליימן שליסל בעמ,,,יח,1,ל 100 גרם,false,1,9.90,9.90,false,1,
4000869032569,false,הפי פרש מטהר אויר מוצק,"יעקב יעקבי ובניו בע""מ",,,יח,1.50,"ל100 מ""ל",false,1,7.90,5.27,false,1,
4002448017684,false,סיליט בנג ספריי,רקיט בנקיסר (ניר איסט),,,יח,7.50,"ל100 מ""ל",false,1,12.90,1.72,false,1,
4002575016253,false,מרציפן,ליימן שליסל בעמ,,,יח,1,ל 100 גרם,false,1,9.30,9.30,false,1,
4002590000022,false,קלפני אוכמניות 150,ליימן שליסל בעמ,,,יח,1.50,ל 100 גרם,false,1,9.60,6.40,false,1,
4002590000039,false,סוכריות קלפני הדרים 150 גר,ליימן שליסל בעמ,,,יח,1.50,ל 100 גרם,false,1,9.60,6.40,false,1,
4002590000046,false,קלפני 150 גר  מרענן,ליימן שליסל בעמ,,,יח,1.50,ל 100 גרם,false,1,9.60,6.40,false,1,
4002590000626,false,קלפני דובדבן 150 גר,ליימן שליסל בעמ,,,יח,1.50,ל 100 גרם,false,1,9.60,6.40,false,1,
4002590000633,false,סוכריות פירות 150,ליימן שליסל בעמ,,,יח,1.50,ל 100 גרם,false,1,9.60,6.40,false,1,
4002590703541,false,סוכריות  קלפני תות  150,ליימן שליסל בעמ,,,יח,1.50,ל 100 גרם,false,1,9.60,6.40,false,1,
4004666042004,false,מלרוד+מרסס נגד עובש,"יעקב יעקבי ובניו בע""מ",,,יח,5,"ל100 מ""ל",false,1,31.90,6.38,false,1,
4004666107819,false,מלרוד לניקוי וטיהור המזגן,"יעקב יעקבי ובניו בע""מ",,,יח,5,"ל100 מ""ל",false,1,24.90,4.98,false,1,
4004715020014,false,קישוטי שוקולד 150,ליימן שליסל בעמ,,,יח,1.50,ל 100 גרם,false,1,15.90,10.60,false,1,
4008287051032,false,"קרומבאכר  פילאס  בודד    500 מ""ל",אגודת הכורמים בעמ,,,"ל100 מ""ל",5,ל 100 גרם,false,1,9.60,1.92,true,1,
4008400290423,false,קינדר  פינגוי עוגת ספוג במילוי ש. מריר,תנובה -חלב,,,יח,1.20,ל 100 גרם,false,1,12.90,10.75,false,1,
4009900013581,false,אורביט ירוק 1/5,ריגלי ישראל בעמ,,,יח,0.65,ל 100 גרם,false,1,10,15.38,false,1,
4009900385824,false,אורביט  תכלת  1/5,ריגלי ישראל בעמ,,,יח,0.65,ל 100 גרם,false,1,10,15.38,false,1,
4009900402965,false,אורביט  בקבוקון ט. פירות,ריגלי ישראל בעמ,,,יח,0.64,ל 100 גרם,false,1,9.90,15.47,true,1,
4009900403023,false,אורביט  בקבוקון ט. מנטה,ריגלי ישראל בעמ,,,יח,0.64,ל 100 גרם,false,1,9.90,15.47,true,1,
4009900420129,false,אורביט פרופשיונל,ריגלי ישראל בעמ,,,יח,0.64,ל 100 גרם,false,1,9.90,15.47,true,1,
4009900465304,false,סקיטלס טעם  חמוץ 174 גר`,ריגלי ישראל בעמ,,,יח,1.75,ל 100 גרם,false,1,8.90,5.09,false,1,
4009900479998,false,אורביט  בקבוקון ט. אוכמניות,ריגלי ישראל בעמ,,,יח,0.64,ל 100 גרם,false,1,9.90,15.47,true,1,
4009900482417,false,מסטיק  אורביט  באבל  מינט בקבוקון,ריגלי ישראל בעמ,,,יח,0.30,ל 100 גרם,false,1,9.90,33,true,1,
4009900484091,false,אורביט  באריזת בקבוק 60 יח`,ריגלי ישראל בעמ,,,יח,0.30,ל 100 גרם,false,1,12.90,43,false,1,
4009900484305,false,אורביט  באריזת בקבוק 60 יח`,ריגלי ישראל בעמ,,,יח,0.84,ל 100 גרם,false,1,12.90,15.36,false,1,
4009900487283,false,אורביט  טעם פירות   1/5,ריגלי ישראל בעמ,,,יח,0.65,ל 100 גרם,false,1,10,15.38,false,1,
4009900491044,false,אורביט  באריזת בקבוק 60  יח`אוכמניות,ריגלי ישראל בעמ,,,יח,0.30,ל 100 גרם,false,1,12.90,43,false,1,
4009900500166,false,סקיטלס פירות בקבוק,ריגלי ישראל בעמ,,,יח,1,,false,1,7.90,7.90,false,1,
4009900509770,false,אורביט טעם תות  בקבוק 60 יח`,ריגלי ישראל בעמ,,,יח,0.30,ל 100 גרם,false,1,12.90,43,false,1,
4009900531122,false,אורביט פרופשיונל  ספירמינט,ריגלי ישראל בעמ,,,יח,0.64,ל 100 גרם,false,1,9.90,15.47,true,1,
4009900531573,false,סקיטלס טעם סמודיס  174 גר`,ריגלי ישראל בעמ,,,יח,1.75,ל 100 גרם,false,1,7.90,4.51,false,1,
4009900535519,false,מסטיק אורביט רפרשס פפרמינט ללא סוכר,ריגלי ישראל בעמ,,,יח,15.60,ל 100 גרם,false,1,3.90,0.25,false,1,
4009900535540,false,מסטיק אורביט רפרשס פפרמינט ללא סוכר,ריגלי ישראל בעמ,,,יח,15.60,ל 100 גרם,false,1,3.90,0.25,false,1,
4009900536288,false,מסטיק אורביט רפרשרס ללא סוכר,ריגלי ישראל בעמ,,,יח,0.67,ל 100 גרם,false,1,11.90,17.76,false,1,
4009900539401,false,מסטייק אורבייט פייב באונוס מנטה  HP,ריגלי ישראל בעמ,,,יח,15.60,ל 100 גרם,false,1,3.90,0.25,false,1,
4009900539432,false,מסטייק אורבייט פייב באונוס אבטיח HP,ריגלי ישראל בעמ,,,יח,15.60,ל 100 גרם,false,1,3.90,0.25,false,1,
4009900539685,false,מסטיק אורביט פייב באונס מנטה בקבוקון,ריגלי ישראל בעמ,,,יח,1,,false,1,11.90,11.90,true,1,
4009900539746,false,מסטיק אורבייט פייב באונס אבטיח בבקבוקו,ריגלי ישראל בעמ,,,יח,1,,false,1,11.90,11.90,true,1,
4009900540551,false,מסטיק אורביט רפרשרס  טרופיקל,ריגלי ישראל בעמ,,,יח,0.67,ל 100 גרם,false,1,11.90,17.76,false,1,
4011100002227,false,בונ`מיני 403 גר`,ריגלי ישראל בעמ,,,יח,4.03,ל 100 גרם,false,1,20.90,5.19,false,1,
4012520220192,false,סכין ירקות קללסיק,ברוך רוזנשטין בעמ,,,יח,1,,false,1,19.90,19.90,false,1,
4014400900217,false,מרסיי 400 גר,ליימן שליסל בעמ,,,יח,4,ל 100 גרם,false,1,39.90,9.98,false,1,
4014400904277,false,סוכריות אייס פרש,ליימן שליסל בעמ,,,יח,4.25,ל 100 גרם,false,1,14.90,3.51,false,1,
4014400904376,false,שוקולדן 325,ליימן שליסל בעמ,,,יח,3.25,ל 100 גרם,false,1,14.90,4.58,false,1,
4014400904390,false,סוכריות טעם חלב ממולאות,ליימן שליסל בעמ,,,יח,3.25,ל 100 גרם,false,1,14.90,4.58,false,1,
4014400910063,false,וורטר טופי 135  גר,ליימן שליסל בעמ,,,יח,1.35,ל 100 גרם,false,1,7.90,5.85,true,1,
4014400913910,false,וורטר במילוי קרם,ליימן שליסל בעמ,,,יח,1.25,ל 100 גרם,false,1,7.90,6.32,true,1,
4014400914696,false,ווטר ללא סוכר,ליימן שליסל בעמ,,,לליטר,1,,false,1,7.90,7.90,true,1,
4014400914924,false,וורטר קפה ללא סוכר,ליימן שליסל בעמ,,,יח,1.35,ל 100 גרם,false,1,7.90,5.85,true,1,
4014400920857,false,ווטר שוקולד ללא סוכר 70 גר`,ליימן שליסל בעמ,,,יח,0.70,ל 100 גרם,false,1,7.90,11.29,true,1,
4014400923711,false,טופיפי 125 גר`,ליימן שליסל בעמ,,,יח,1.25,ל 100 גרם,false,1,11.90,9.52,false,1,
4015000031394,false,ספטיל מסיר כתמים.1,גורי שיווק בעמ,,,יח,2,ל 100 גרם,false,1,14.90,7.45,false,1,
4015000519915,false,דאו  ספריי פה 200 לאשה,"הנקל סוד בע""מ",IL,,יח,2,"ל100 מ""ל",false,1,12.90,6.45,true,1,
4015000996235,false,"מסיכה  גלייס  200 מ""ל","הנקל סוד בע""מ",IL,,יח,2,"ל100 מ""ל",false,1,29.90,14.95,false,1,
4015400564034,false,אולדייז  מגן תחתון מגה פק,דיפלומט מפיצים {1968}בעמ,,,יח,1,,false,1,19.90,19.90,false,1,
4015400564454,false,מגן תחתון אולדייז  מגה   לארג`68 יח`,דיפלומט מפיצים {1968}בעמ,,,יח,1,,false,1,19.90,19.90,false,1,
4015400681670,false,אולוויז  לילה בטוח  8  יח`,דיפלומט מפיצים {1968}בעמ,,,יח,1,,false,1,19.90,19.90,false,1,
4015400731719,false,תחבושות אולייוז וליו פק  לילה,דיפלומט מפיצים {1968}בעמ,,,יח,1,,false,1,19.90,19.90,false,1,
4015400746812,false,מגן תחתון אולדייז נורמל 80 יח,דיפלומט מפיצים {1968}בעמ,,,יח,1,,false,1,19.90,19.90,false,1,
4015400755487,false,תחבושות אולייוז לונג פלוס,דיפלומט מפיצים {1968}בעמ,,,יח,1,,false,1,19.90,19.90,false,1,
4015400990543,false,"אריאל קולור 8 ק""ג",דיפלומט מפיצים {1968}בעמ,,,יח,8,"לק""ג",false,1,59.90,7.49,false,1,
4015600762742,false,"הד שולדרס  קלאסי 500 מ""ל",דיפלומט מפיצים {1968}בעמ,,,יח,5,"ל100 מ""ל",false,1,17.90,3.58,false,1,
4015600762780,false,"הד שולדרס  2 באחדקלאסי 500 מ""ל",דיפלומט מפיצים {1968}בעמ,,,יח,5,"ל100 מ""ל",false,1,17.90,3.58,false,1,
4015600762902,false,"הד שולדרס  שמפו מנטול  500 מ""ל ק",דיפלומט מפיצים {1968}בעמ,,,יח,5,"ל100 מ""ל",false,1,17.90,3.58,false,1,
4015600762940,false,"הד שולדרס  תפוח  500 מ""ל",דיפלומט מפיצים {1968}בעמ,,,יח,5,"ל100 מ""ל",false,1,17.90,3.58,false,1,
4015600763022,false,"הד שולדרס  שמפו מגע משי 500 מ""ל",דיפלומט מפיצים {1968}בעמ,,,יח,5,"ל100 מ""ל",false,1,17.90,3.58,false,1,
4015600766900,false,"הד שולדרס 2 באחד מנטול  500 מ""ל",דיפלומט מפיצים {1968}בעמ,,,יח,5,"ל100 מ""ל",false,1,17.90,3.58,false,1,
4017100198151,false,בסקויט  ממולא  קרם  וניל היט 220  גר`,ליימן שליסל בעמ,,,יח,2.20,ל 100 גרם,false,1,7.90,3.59,true,1,
4017100210105,false,וופל וופלוטון מריר,ליימן שליסל בעמ,,,יח,1.25,ל 100 גרם,false,1,11.90,9.52,false,1,
4017100219900,false,וופל מגולגל  מצופה,ליימן שליסל בעמ,,,יח,1.20,ל 100 גרם,false,1,11.90,9.92,false,1,
4017100290008,false,בסקויט  ליבינץ,ליימן שליסל בעמ,,,יח,1.25,ל 100 גרם,false,1,11.90,9.52,false,1,
4017100291005,false,בסקויט  ליבינץ מצופה שוקולד מריר,ליימן שליסל בעמ,,,יח,1.25,ל 100 גרם,false,1,11.90,9.52,false,1,
4017100364112,false,בסקויט  ממולא  קרם  וניל היט 220  גר`,ליימן שליסל בעמ,,,יח,2.20,ל 100 גרם,false,1,7.90,3.59,true,1,
4017100366239,false,בסקויט  סנדוויץ במילוי  קרם,ליימן שליסל בעמ,,,יח,1.25,ל 100 גרם,false,1,11.90,9.52,false,1,
4018722100133,false,אטריות כוסמין ובצים למרק אורגנית,נטורפוד בעמ,,,יח,4,ל 100 גרם,false,1,13.90,3.48,false,1,
4018722303459,false,מקרוני כוסמין אורגני,נטורפוד בעמ,,,יח,4,ל 100 גרם,false,1,11.90,2.98,false,1,
4018722343141,false,פנה כוסמין אורגני-נייר,נטורפוד בעמ,,,יח,2,יח,false,1,16.90,8.45,false,1,
4022025290309,false,יין בלו נאן פינק *,היכל היין שקד גולן בעמ,,,יח,7.50,"ל100 מ""ל",false,1,49.90,6.61,false,1,
4053700288205,false,ויט קרם הסרת שיער,רקיט בנקיסר (ניר איסט),,,יח,1,,false,1,24.90,24.90,false,1,
4053700292455,false,וויט רצועות שעווה תמצית צמחים,רקיט בנקיסר (ניר איסט),,,יח,1,,false,1,24.90,24.90,true,1,
4066600601920,false,"פלאונר פחית  500 מ""ל",טמפו משקאות בעמ,,,יח,0.50,ל 100 גרם,false,1,10.90,21.20,true,1,
4066600612049,false,בירה פאולר 330,טמפו משקאות בעמ,,,יח,5,"ל100 מ""ל",false,1,11.60,2.26,false,1,
4066600999614,false,"פלאונר בק  500 מ""ל",טמפו משקאות בעמ,,,יח,0.50,ל 100 גרם,false,1,10.90,21.20,true,1,
4084500088917,false,"פיירי  לימון  650מ""ל",דיפלומט מפיצים {1968}בעמ,,,יח,6.50,"ל100 מ""ל",false,1,10.90,1.68,false,1,
4084500371422,false,"אבקת כביסה אריאל לבן  8 ק""ג",דיפלומט מפיצים {1968}בעמ,,,יח,80,ל 100 גרם,false,1,59.90,0.75,false,1,
4084500371453,false,"טייד אלפיין  8 ק""ג",דיפלומט מפיצים {1968}בעמ,,,יח,5,"לק""ג",false,1,41.90,8.38,false,1,
4084500853836,false,פיירי נ.כלים ורדים  סאטן,דיפלומט מפיצים {1968}בעמ,,,יח,5.15,"ל100 מ""ל",false,1,10.90,2.12,false,1,
4084500853898,false,"פיירי  מנקה ומטפח  אלוורה ""515ל",דיפלומט מפיצים {1968}בעמ,,,יח,5.15,"ל100 מ""ל",false,1,10.90,2.12,false,1,
4084500854048,false,פיירי לימון 1.24 ליטר ק,דיפלומט מפיצים {1968}בעמ,,,יח,1.24,"ל100 מ""ל",false,1,14.80,11.94,true,1,
4084500920880,false,פיירי  אורגינל  1.24 ליטר ק,דיפלומט מפיצים {1968}בעמ,,,יח,1.24,"ל100 מ""ל",false,1,14.80,11.94,true,1,
4105120623941,false,"ויינשטפן  בק`ח""פ 500 מ""ל",החברה המרכזית להפצת משקאות בע,,,ל 100 גרם,5,יח,false,1,11.90,2.32,false,1,
4105120624412,false,"ויינשטפן ויטוס  בק`ח""פ 500 מ""ל",החברה המרכזית להפצת משקאות בע,,,ל 100 גרם,5,יח,false,1,11.90,2.32,false,1,
4354211376222,false,סט סכום 24 חלק זהב  מעוגל,אוהב ציון בעמ,,,יח,1,,false,1,115,115,false,1,
4446668881135,false,מערוך עץ  פורטוגלי,א. דינצי ובניו בעמ,,,יח,1,,false,1,9.90,9.90,false,1,
4446668881357,false,ערכת תפירה גדולה,א. דינצי ובניו בעמ,,,יח,1,,false,1,15,15,false,1,
4600659010854,false,סטוליצ`ינה  פרימיום,הכרם -משקאות חריפים בעמ,,,יח,7,"ל100 מ""ל",false,1,74.90,10.66,false,1,
4603400000043,false,"רוסקי סטנדרט 700 מ""ל",יורוסטנדרט בעמ,,,יח,7,יח,false,1,59.90,8.51,false,1,
4603928000976,false,"וודקה בלוגה  נובל 700 מ""ל",טמפו משקאות בעמ,,,יח,7,"ל100 מ""ל",false,1,129.90,18.51,true,1,
4607109409619,false,פיניש  25טבליות ALO,רקיט בנקיסר (ניר איסט),,,יח,1,,false,1,29.90,29.90,false,1,
4640018993343,false,פיניש   קאונטום 30  קפ` שקית,רקיט בנקיסר (ניר איסט),,,יח,1,,false,1,39.90,39.90,true,1,
4710068001739,false,מאסטר  קפה  קולומביאני,טמפו משקאות בעמ,,,יח,1,יח,false,1,6.90,6.90,true,1,
4710068002798,false,מאסטר  קפה   וונילה,טמפו משקאות בעמ,,,יח,4,יח,false,1,5.90,1.40,false,1,
4710068003313,false,מאסטר  קפה  אמריקנו,טמפו משקאות בעמ,,,יח,4,יח,false,1,6.90,1.65,true,1,
4710964104916,false,שמן שומשום  טהור,מזרח ומערב יבוא ושיווק,,,יח,3.70,"ל100 מ""ל",false,1,24.90,6.73,false,1,
4751007730938,false,שיפרוטים מעושנים בשמן צמחי 240 גר`,דברים טובים סגל בעמ,,,יח,2.40,ל 100 גרם,false,1,11.90,4.96,true,1,
4770275048019,false,חמאה מלוחה  200  SVALIA,דילר בי.אם.די פורמולה בעמ,,,יח,2,ל 100 גרם,false,1,13.90,6.95,false,1,
4791021001096,false,תה  סגול עטוף,דברים טובים סגל בעמ,,,יח,2,ל 100 גרם,false,1,23.90,11.95,true,1,
4791021002789,false,תה  ירוק   100שקיות,דברים טובים סגל בעמ,,,יח,2,ל 100 גרם,false,1,24.90,12.45,true,1,
4791021003588,false,תה צהוב 1.5 100 שקיות,דברים טובים סגל בעמ,,,יח,1.50,ל 100 גרם,false,1,12.90,8.60,true,1,
4791021944720,false,תה  ארלגרי ספשל  100שקיות,דברים טובים סגל בעמ,,,יח,2,ל 100 גרם,false,1,23.90,11.95,true,1,
4792032060454,false,גרין קוקו מי קוקוס אורגני,נטורפוד בעמ,,,יח,10,"ל100 מ""ל",false,1,7.90,0.79,false,1,
4800888150080,false,DOVE ROLL-ON CUCUMBERS 2012 12X50ML,"יוניליוור ישראלשיווק בע""מ",,,יח,1,,false,1,14.90,14.90,false,1,
4800888209368,false,רקסונה סטיק לגבר אקסטרא קול,"יוניליוור ישראלשיווק בע""מ",,,יח,1.50,"ל100 מ""ל",false,1,17.90,11.93,false,1,
4800888209405,false,רקסונה סטיק לגבר קובלט דריי*,"יוניליוור ישראלשיווק בע""מ",,,יח,1.50,"ל100 מ""ל",false,1,19.90,13.27,false,1,
4800888210197,false,DOVE STICK CUCUMBERS 2012 12X50GR,"יוניליוור ישראלשיווק בע""מ",,,יח,0.50,ל 100 גרם,false,1,19.90,39.80,false,1,
4800888219534,false,DOVE STICK CUCUMBERS 2012 12X50GR,"יוניליוור ישראלשיווק בע""מ",,,יח,0.50,ל 100 גרם,false,1,14.90,29.80,false,1,
4823077613630,false,חטיף שוקולד ממולה קרם ברולה,דילר בי.אם.די. אינטרנשיונל בע,,,יח,0.43,ל 100 גרם,false,1,3.90,9.07,false,1,
4823077617041,false,חטיף שוקולד ממולה קרם קרמל,דילר בי.אם.די. אינטרנשיונל בע,,,יח,0.43,ל 100 גרם,false,1,3.90,9.07,false,1,
4823077621635,false,ופל אישי רושן בטעם חלב072 גר`,דילר בי.אם.די. אינטרנשיונל בע,,,יח,0.72,ל 100 גרם,false,1,3.90,5.42,false,1,
4823077621642,false,ופל אישי רושן בטעם שקולד 72 גר`,דילר בי.אם.די. אינטרנשיונל בע,,,יח,0.72,ל 100 גרם,false,1,3.90,5.42,false,1,
4823077621659,false,ופל אישי רושן בטעם אגוז 72 גר`,דילר בי.אם.די. אינטרנשיונל בע,,,יח,0.72,ל 100 גרם,false,1,3.90,5.42,false,1,
4823077625589,false,וופל רושן בטעם חלב 216 גר`,דילר בי.אם.די. אינטרנשיונל בע,,,יח,2.16,ל 100 גרם,false,1,6.90,3.19,false,1,
4823077625602,false,וופל רושן בטעם שוקולד 216 גר`,דילר בי.אם.די. אינטרנשיונל בע,,,יח,2.16,ל 100 גרם,false,1,6.90,3.19,false,1,
4823077625626,false,וופל רושן בטעם אגוז 216 גר`,דילר בי.אם.די. אינטרנשיונל בע,,,יח,2.16,ל 100 גרם,false,1,6.90,3.19,false,1,
4823077626227,false,שוקולד רושן אורירי חלב 80 גר`,דילר בי.אם.די. אינטרנשיונל בע,,,יח,0.80,ל 100 גרם,false,1,6.90,8.63,false,1,
4823077626241,false,שוקולד רושן אורירי לבן קרמל 80 גר`,דילר בי.אם.די. אינטרנשיונל בע,,,יח,0.80,ל 100 גרם,false,1,6.90,8.63,false,1,
4823077626364,false,שוקולד רושן אורירי לבן 80 גר`,דילר בי.אם.די. אינטרנשיונל בע,,,יח,0.80,ל 100 גרם,false,1,6.90,8.63,false,1,
4823077632112,false,וופל רושן בטעם קקאו חלב 2.16 גר`,דילר בי.אם.די. אינטרנשיונל בע,,,יח,2.16,ל 100 גרם,false,1,6.90,3.19,false,1,
4823077632259,false,חטיף שוקולד רושן עם בוטנים,דילר בי.אם.די. אינטרנשיונל בע,,,יח,0.43,ל 100 גרם,false,1,3.90,9.07,false,1,
4823077632570,false,שוקולד רושן מריר 85 גר`,דילר בי.אם.די. אינטרנשיונל בע,,,יח,0.85,ל 100 גרם,false,1,6.90,8.12,false,1,
4823077633317,false,עוגיות שוקולד עם חתיכות שוקולד,דילר בי.אם.די. אינטרנשיונל בע,,,יח,1.50,ל 100 גרם,false,1,6.90,4.60,false,1,
4823077633324,false,עוגיות שוקוצ`יפס 150 גר`,דילר בי.אם.די. אינטרנשיונל בע,,,יח,1.50,ל 100 גרם,false,1,6.90,4.60,false,1,
4823077633331,false,עוגיות רושן בטעם תפוז150 גר`,דילר בי.אם.די. אינטרנשיונל בע,,,יח,1.50,ל 100 גרם,false,1,6.90,4.60,false,1,
4823077633348,false,עוגיות רושן עם חתיכות בוטנים150 גר`,דילר בי.אם.די. אינטרנשיונל בע,,,יח,1.50,ל 100 גרם,false,1,6.90,4.60,false,1,
4823077633690,false,בובבוניירה רושן שוטרס ויסקי 150 גר`,דילר בי.אם.די. אינטרנשיונל בע,,,יח,1.50,ל 100 גרם,false,1,12.90,8.60,false,1,
4823077634222,false,עוגיות תפוז 135 גר`,דילר בי.אם.די. אינטרנשיונל בע,,,יח,1.35,ל 100 גרם,false,1,6.90,5.11,false,1,
4823077634277,false,עוגיות תות שדה 135 גר`,דילר בי.אם.די. אינטרנשיונל בע,,,יח,1.35,ל 100 גרם,false,1,6.90,5.11,false,1,
4823077636004,false,עוגיותקקאו דובדבן 135 גר`,דילר בי.אם.די. אינטרנשיונל בע,,,יח,1.35,ל 100 גרם,false,1,5.90,4.37,false,1,
4823077636172,false,וופל רושן בטעם לימון 216 גר`,דילר בי.אם.די. אינטרנשיונל בע,,,יח,2.16,ל 100 גרם,false,1,6.90,3.19,false,1,
4823077636561,false,סוכריות ממולאות בטעם חלב קפה,דילר בי.אם.די. אינטרנשיונל בע,,,יח,3.78,ל 100 גרם,false,1,11.90,3.15,false,1,
4823077636592,false,סוכריות ג`לי קרייזי פצולקה378 גר`,דילר בי.אם.די. אינטרנשיונל בע,,,יח,5,ל 100 גרם,false,1,11.90,2.38,false,1,
4891228302023,false,אקסטרא 3 לגבר רבעיה,ש.שסטוביץ בעמ,,,יח,1,,false,1,21.90,21.90,false,1,
4891228308049,false,שיק  אינטואישין אישה מארז,ש.שסטוביץ בעמ,,,יח,1,,false,1,64.90,64.90,false,1,
4891228430047,false,.אקסטרא 2 רגיש במיוחד 10,ש.שסטוביץ בעמ,,,יח,1,,false,1,24.90,24.90,true,1,
4891228430085,false,ס.גילוח שיק אקסטרים 4,ש.שסטוביץ בעמ,,,יח,1,,false,1,19.90,19.90,false,1,
4891228430092,false,אקסטרא 3 אשה רבעיה,ש.שסטוביץ בעמ,,,יח,1,,false,1,19.90,19.90,false,1,
4891228460242,false,ס. גילוח שיק קוואטרו נשים,ש.שסטוביץ בעמ,,,יח,1,,false,1,29.90,29.90,true,1,
4960634795702,false,מזלג 1806 6  יח`בצלופן,ברוך רוזנשטין בעמ,,,יח,1,,false,1,12,12,false,1,
4960634795719,false,כפית 1806 6 יח`,ברוך רוזנשטין בעמ,,,יח,1,,false,1,6.90,6.90,false,1,
5000146048671,false,סילבו צמר  75 גר`,רקיט בנקיסר (ניר איסט),,,יח,75,ל 100 גרם,false,1,21.90,0.29,false,1,
5000146048688,false,בראסו בד,רקיט בנקיסר (ניר איסט),,,יח,1,,false,1,21.90,21.90,false,1,
5000146057710,false,"וינדולין 750 מ""ל",רקיט בנקיסר (ניר איסט),,,יח,1.50,לליטר,false,1,9.90,6.60,true,1,
5000157143365,false,"מתבל בטעם מיונז וקטשופ 425 מ""ל",דיפלומט מפיצים {1968}בעמ,,,יח,4.25,ל 100 גרם,false,1,14.90,3.51,false,1,
5000159376792,false,סוכ`SKITLAS   חמוץ  38 גר`,ריגלי ישראל בעמ,,,יח,0.38,ל 100 גרם,false,1,3,7.89,false,1,
5000159407236,false,שוקולד מארס  51ג   *,ריגלי ישראל בעמ,,,יח,0.51,ל 100 גרם,false,1,3.90,7.65,false,1,
5000159452540,false,סניקרס   מארז  4+1,ריגלי ישראל בעמ,,,יח,0.57,ל 100 גרם,false,1,9.90,17.37,false,1,
5000159461122,false,שוקולד סניקרס 50ג   *,ריגלי ישראל בעמ,,,יח,0.50,ל 100 גרם,false,1,3.90,7.80,false,1,
5000159538640,false,באונטי   מאגדת,ריגלי ישראל בעמ,,,יח,0.57,ל 100 גרם,false,1,12.90,22.63,false,1,
5000159541152,false,שוקולד לבן טוויקס  50ג   *,ריגלי ישראל בעמ,,,יח,0.50,ל 100 גרם,false,1,3.90,7.80,false,1,
5000168199245,false,שוקולד מריר מעולה קרמל   90 ג,תה ויסוצקי (ישראל)בעמ,,,יח,0.90,ל 100 גרם,false,1,19.90,22.11,true,1,
5000204114867,false,גלייד אורסול בניחוח וניל,"דנשר (1963) בע,מ",,,יח,3,"ל100 מ""ל",false,1,11.90,3.97,false,1,
5000204114959,false,גלייד אורסול ביחוח  פריחה בלבן,"דנשר (1963) בע,מ",,,יח,3,"ל100 מ""ל",false,1,11.90,3.97,false,1,
5000204115048,false,גלייד מטהר לבנדר,"דנשר (1963) בע,מ",,,יח,3,"ל100 מ""ל",false,1,7.90,2.63,false,1,
5000204151084,false,פלדג  לניקוי רהיטים טבעי 5ב-1,"דנשר (1963) בע,מ",,,יח,5,"ל100 מ""ל",false,1,15.90,3.18,false,1,
5000204153729,false,גלייד  מילוי לבנדר וניל  אוטומטי,"דנשר (1963) בע,מ",,,יח,2.69,"ל100 מ""ל",false,1,13.90,5.17,false,1,
5000204153842,false,גלייד  מילוי  אוטומטי בניחוח וניל,"דנשר (1963) בע,מ",,,יח,2.69,"ל100 מ""ל",false,1,13.90,5.17,false,1,
5000204153903,false,גלייד  מילוי מרכך כביסה  אוטומטי,"דנשר (1963) בע,מ",,,יח,2.69,"ל100 מ""ל",false,1,13.90,5.17,false,1,
5000204155723,false,גלייד ספריי אוטומטי  מארז ניחוח מרכך,"דנשר (1963) בע,מ",,,יח,2.69,"ל100 מ""ל",false,1,44.90,16.69,true,1,
5000204155815,false,גלייד אוטומטי  מארז ניחוח  וניל,"דנשר (1963) בע,מ",,,יח,2.69,"ל100 מ""ל",false,1,44.90,16.69,true,1,
5000204220933,false,רייד קוטל מעופפים אקליפטוס,"דנשר (1963) בע,מ",,,יח,3,ל 100 גרם,false,1,13.90,4.63,false,1,
5000204243000,false,דאק  נוזל  אפרסק על חלל,"דנשר (1963) בע,מ",,,יח,7.50,"ל100 מ""ל",false,1,10.90,1.45,true,1,
5000204657883,false,קיוי חום קופסא  לארג,"דנשר (1963) בע,מ",,,יח,0.44,"ל100 מ""ל",false,1,5.90,13.41,false,1,
5000204657913,false,"קיוי קופסא  שחור 50 מ""ל","דנשר (1963) בע,מ",,,יח,0.50,ל 100 גרם,false,1,5.90,11.80,false,1,
5000204658187,false,קיוי קופ  גדולה ג.,"דנשר (1963) בע,מ",,,יח,0.88,"ל100 מ""ל",false,1,14.90,16.93,false,1,
5000204661392,false,קיוי קופ  גדולה.,"דנשר (1963) בע,מ",,,יח,0.88,"ל100 מ""ל",false,1,11.50,13.07,false,1,
5000204886566,false,פלדג  500,"דנשר (1963) בע,מ",,,יח,4.75,"ל100 מ""ל",false,1,22.90,4.82,false,1,
5000267024233,false,ווסקי ג`וני ווקר שחור,החברה המרכזית להפצת משקאות בע,,,יח,7,"ל100 מ""ל",false,1,119.90,17.09,false,1,
5000394140820,false,סוללות  דורסל  AA   פלוס פאוור,דיפלומט מפיצים {1968}בעמ,,,יח,1,,false,1,16.90,16.90,false,1,
5000394141209,false,סוללות  דורסל שישיות  AA   פלוס פאוור,דיפלומט מפיצים {1968}בעמ,,,יח,1,,false,1,16.90,16.90,false,1,
5010026512055,false,גרנולה  קרנצ`י אורגינל,ליימן שליסל בעמ,,,יח,5,ל 100 גרם,false,1,18.90,3.78,false,1,
5010026515919,false,מוזלי קריספי נאטי 650  גר`,ליימן שליסל בעמ,,,יח,6.50,ל 100 גרם,false,1,24.90,3.83,false,1,
5010182997253,false,אורסול מקס ריד,"דנשר (1963) בע,מ",,,יח,3,"ל100 מ""ל",false,1,13.90,4.63,false,1,
5010182997338,false,טואלט דאק ס אסל,"דנשר (1963) בע,מ",,,יח,0.55,ל 100 גרם,false,1,10,18.18,false,1,
5010182997680,false,אורסול קוטל זוחל,"דנשר (1963) בע,מ",,,יח,4,"ל100 מ""ל",false,1,13.90,3.48,false,1,
5010182997918,false,טואלט דאק ס. אסל,"דנשר (1963) בע,מ",,,יח,0.55,ל 100 גרם,false,1,10,18.18,false,1,
5010182998847,false,טואלט דאק  נוזל כחול,"דנשר (1963) בע,מ",,,יח,7.50,"ל100 מ""ל",false,1,10.90,1.45,true,1,
5010182998861,false,טואלט דאק  נוזל ירוק  בודד,"דנשר (1963) בע,מ",,,יח,7.50,"ל100 מ""ל",false,1,10.90,1.45,true,1,
5010677551281,false,בקרדי בריזר לימון,טמפו משקאות בעמ,,,יח,2.75,"ל100 מ""ל",false,1,13.40,4.76,false,1,
5010677551397,false,בקרדי בריזר ט. לימון ליים,טמפו משקאות בעמ,,,יח,2.75,"ל100 מ""ל",false,1,13.40,4.76,false,1,
5010677552387,false,בריזר כהיל בקרדי,טמפו משקאות בעמ,,,יח,2.75,"ל100 מ""ל",false,1,13.40,4.76,false,1,
5010677554398,false,בקרדי בריזר אבטיח,טמפו משקאות בעמ,,,יח,2.75,"ל100 מ""ל",false,1,13.40,4.76,false,1,
5028349100316,false,ויסקי היילנד צ`יף,יורוסטנדרט בעמ,,,יח,7,"ל100 מ""ל",false,1,64.90,9.23,false,1,
5029053002408,false,נייר טולאט קליני,קימברלי קלארק ישראל שיווק בעמ,,,יח,11.84,ל 100 גרם,false,1,32.90,2.78,false,1,
5029053510811,false,קוטקס נורמל 28 תחסבושות,קימברלי קלארק ישראל שיווק בעמ,,,יח,1,,false,1,17.90,17.90,false,1,
5029053510828,false,קוטקס סופר 24 יח ק,קימברלי קלארק ישראל שיווק בעמ,,,יח,1,,false,1,17.90,17.90,false,1,
5029053523446,false,קוטקס לילה 20 יח,קימברלי קלארק ישראל שיווק בעמ,,,יח,1,,false,1,17.90,17.90,false,1,
5029054220085,false,מגבוני האגיס רך נולד,קימברלי קלארק ישראל שיווק בעמ,,,יח,1,,false,1,24.90,24.90,false,1,
5038342162419,false,ויסקי סקוטי מקאיוור,יורוסטנדרט בעמ,,,יח,7,"ל100 מ""ל",false,1,59.90,8.51,false,1,
5059001003713,false,אירוויק רחיינים בניחוח תאנה,רקיט בנקיסר (ניר איסט),,,יח,0.50,"ל100 מ""ל",false,1,23.90,47.80,true,1,
5060517886486,false,מונסטר אנרגי 500,החברה המרכזית להפצת משקאות בע,,,יח,5,"ל100 מ""ל",false,1,8.90,1.72,false,1,
5060517886516,false,מונסטר אנרגי זירו  500,החברה המרכזית להפצת משקאות בע,,,יח,5,"ל100 מ""ל",false,1,8.90,1.72,false,1,
5060639128051,false,מונסטר אולטרה  500,החברה המרכזית להפצת משקאות בע,,,יח,5,"ל100 מ""ל",false,1,8.90,1.72,false,1,
5060639129102,false,מונסטר אנרגי 500,החברה המרכזית להפצת משקאות בע,,,יח,5,"ל100 מ""ל",false,1,8.90,1.72,false,1,
5060751218173,false,מונסטר אנרגי אפרסק  500,החברה המרכזית להפצת משקאות בע,,,יח,5,"ל100 מ""ל",false,1,8.90,1.72,false,1,
5060751219033,false,מונסטר אנרגי פירות  500,החברה המרכזית להפצת משקאות בע,,,יח,5,"ל100 מ""ל",false,1,8.90,1.72,false,1,
5099864006377,false,סימילאק  מהדרין  900  שלב  1 ק,שקד תבל בעמ**,,,יח,9,ל 100 גרם,false,1,74.90,8.32,false,1,
5099864006384,false,סימילאק  מהדרין  900  שלב  2,שקד תבל בעמ**,,,יח,9,ל 100 גרם,false,1,74.90,8.32,false,1,
5099864006391,false,סימילאק  מהדרין  900  שלב  3,שקד תבל בעמ**,,,יח,9,ל 100 גרם,false,1,74.90,8.32,false,1,
5201184478530,false,קישוט עוגה נסיכה+גמדים,שמחה זה אנחנו בעמ,,,יח,1,,false,1,12.50,12.50,false,1,
5201347160326,false,"קלגון ג`ל 750 מ""ל",רקיט בנקיסר (ניר איסט),,,יח,10,"ל100 מ""ל",false,1,29.90,2.99,false,1,
5201940010011,false,זיתים שחורים טבעיים,ג.וילי פוד בעמ,,,יח,4.54,ל 100 גרם,false,1,15.20,3.35,false,1,
5201940010110,false,זיתים שחורים קלמנטה ויליפוד,ג.וילי פוד בעמ,,,יח,4.54,ל 100 גרם,false,1,15.20,3.35,false,1,
5391523057936,false,סימילאק   גולד 2,שקד תבל בעמ**,,,יח,7,ל 100 גרם,false,1,69.90,9.99,false,1,
5391523057943,false,סימילאק   גולד שלב 3,שקד תבל בעמ**,,,יח,7,ל 100 גרם,false,1,69.90,9.99,false,1,
5391523058070,false,סימילאק  אדוונס שלב 3,שקד תבל בעמ**,,,יח,7,ל 100 גרם,false,1,64.90,9.27,false,1,
5391523058087,false,סימילאק  אדוונס שלב 2,שקד תבל בעמ**,,,יח,7,ל 100 גרם,false,1,64.90,9.27,false,1,
5410126006087,false,"לוטוס בסקויט קרמל 700 גר` בד""צ",דיפלומט מפיצים {1968}בעמ,,,יח,7,ל 100 גרם,false,1,23.90,3.41,false,1,
5410126106022,false,מארז   עוג`לוטוס 2*250,דיפלומט מפיצים {1968}בעמ,,,יח,5,ל 100 גרם,false,1,16.90,3.38,false,1,
5410126116953,false,ממרח עוגיות לוטוס קרמל,דיפלומט מפיצים {1968}בעמ,,,יח,4,ל 100 גרם,false,1,21.90,5.48,true,1,
5410126726947,false,ממרח עוגיות לוטוס  קרנץ,דיפלומט מפיצים {1968}בעמ,,,יח,3.80,ל 100 גרם,false,1,21.90,5.76,true,1,
5410758022264,false,אטבי כביסה פלסטיק 9  מ.א*,מ.א ייצור ויבו*מטליות בעמ,,,יח,0,יח,false,1,2.90,2.90,false,1,
5411188081852,false,משקה סויה וניל,שטראוס גרופ בעמ,,,יח,1,לליטר,false,1,12.90,12.90,false,1,
5411188106159,false,אלפרו חלב סויה לייט,שטראוס גרופ בעמ,,,יח,1,לליטר,false,1,12.90,12.90,false,1,
5411188110835,false,אלפרו  חלב שקדים    1 ליטר,שטראוס גרופ בעמ,,,יח,10,"ל100 מ""ל",false,1,12.90,1.29,false,1,
5411188112709,false,אלפרו משקה שקדים ללא סוכר   1 ליטר,שטראוס גרופ בעמ,,,יח,1,לליטר,false,1,12.90,12.90,false,1,
5411188115366,false,אלפרו  משקה שיבולת שועל 1 ליטר,שטראוס גרופ בעמ,,,יח,10,"ל100 מ""ל",false,1,12.90,1.29,false,1,
5411188115472,false,אלפרו חלב סויה 1 ליטר,שטראוס גרופ בעמ,,,יח,10,ל 100 גרם,false,1,12.90,1.29,false,1,
5411188120742,false,אלפרו משקה שקדים טעם וניל 1 ליטר,שטראוס גרופ בעמ,,,יח,10,"ל100 מ""ל",false,1,12.90,1.29,false,1,
5411188121923,false,אלפרו סויה סידן שלשות חדש,שטראוס גרופ בעמ,,,יח,10,"ל100 מ""ל",false,1,13.90,1.39,false,1,
5411188127697,false,אלפרו בריסטה  שיבולת שועל 1 ליטר,שטראוס גרופ בעמ,,,יח,10,"ל100 מ""ל",false,1,12.90,1.29,false,1,
5411188134985,false,אלפרו 3.5% שומן ש. שועל,שטראוס גרופ בעמ (ח),,,יח,10,"ל100 מ""ל",false,1,13.90,1.39,false,1,
5411188300328,false,חלב סויה שוקו,שטראוס גרופ בעמ,,,יח,10,"ל100 מ""ל",false,1,12.90,1.29,false,1,
5411188513483,false,אלפרו  סויה  לבישול %14,שטראוס גרופ בעמ (ח),,,יח,2.50,ל 100 גרם,false,1,9.90,3.96,true,1,
5411188543398,false,אלפרו  חלב סויה  ללא  סוכר 1 ליטר,שטראוס גרופ בעמ,,,יח,10,ל 100 גרם,false,1,12.90,1.29,false,1,
5601008200444,false,גודיס  עוגיות טבעת מצופה,ש.שסטוביץ בעמ,,,יח,1.50,ל 100 גרם,false,1,4.90,3.27,false,1,
5601008200468,false,גודיס  עוגיות טבעת מצופה לבן,ש.שסטוביץ בעמ,,,יח,1.50,ל 100 גרם,false,1,4.90,3.27,false,1,
5601010111219,false,סרדין בשמן צמחי 120ג   וילפוד,ג.וילי פוד בעמ,,,יח,1.20,ל 100 גרם,false,1,5,4.17,true,1,
5701932026964,false,הוטפופ מתוק מלוח,ליימן שליסל בעמ,,,יח,6,ל 100 גרם,false,1,14.90,2.48,true,1,
5701932026971,false,הוטפופ חמאה 600,ליימן שליסל בעמ,,,יח,6,ל 100 גרם,false,1,14.90,2.48,true,1,
5701932026995,false,הוטפופ לייט טבעי 510,ליימן שליסל בעמ,,,יח,5.10,ל 100 גרם,false,1,14.90,2.92,true,1,
5705550303360,false,ביצי דגים  סטאר  פוד*,כ. נועם סוכניותלשיווק בעמ,,,יח,2,ל 100 גרם,false,1,11.20,5.60,false,1,
5706516031358,false,הוטפופ  100 קלוריות אריזת  5 שקיות,ליימן שליסל בעמ,,,יח,1.60,ל 100 גרם,false,1,14.90,9.31,true,1,
5706516110039,false,הוטפופ מופחת שומן ונטרן,ליימן שליסל בעמ,,,יח,6,ל 100 גרם,false,1,14.90,2.48,true,1,
5711953106583,false,ארלה גבינה שמנת  טבעי,שטראוס גרופ בעמ (ח),,,יח,2,ל 100 גרם,false,1,13.90,6.95,true,1,
5711953106606,false,ארלה גבינה שמנת  עשבי תיבול,שטראוס גרופ בעמ (ח),,,יח,2,ל 100 גרם,false,1,13.90,6.95,true,1,
5711953148347,false,ארלה גבינה שמנת  טבעי  300 גר`,שטראוס גרופ בעמ (ח),,,יח,3,ל 100 גרם,false,1,26.90,8.97,false,1,
5740900403215,false,ממרח לורפק  עם מלח 250  גר`,שטראוס גרופ בעמ (ח),,,יח,0.25,ל 100 גרם,false,1,16.90,67.60,false,1,
5740900403222,false,ממרח לורפק  עם מלח מופחת שומן  250  גר,שטראוס גרופ בעמ (ח),,,יח,0.25,ל 100 גרם,false,1,16.90,67.60,false,1,
5740900403239,false,ממרח לורפק  ללא מלח   250  ג,שטראוס גרופ בעמ (ח),,,יח,0.25,ל 100 גרם,false,1,16.90,67.60,false,1,
5740900403246,false,ממרח לורפק  לל מלח 500 גר`,שטראוס גרופ בעמ (ח),,,יח,0.50,ל 100 גרם,false,1,26.90,53.80,false,1,
5740900403253,false,ממרח לורפק  עם מלח 500 גר`,שטראוס גרופ בעמ (ח),,,יח,0.50,ל 100 גרם,false,1,27.90,55.80,false,1,
5740900403260,false,ממרח לורפק  ללא מלח מופחת שומן  250  ג,שטראוס גרופ בעמ (ח),,,יח,0.25,ל 100 גרם,false,1,16.90,67.60,false,1,
5740900403284,false,לורפק 200  ללא מלח,שטראוס גרופ בעמ (ח),,,יח,2,ל 100 גרם,false,1,11.90,5.95,false,1,
5740900403864,false,לורפק 200  חמאה עם מלח,שטראוס גרופ בעמ (ח),,,יח,2,ל 100 גרם,false,1,11.90,5.95,false,1,
5765220190386,false,בלוני אותיות יום הולדת שמח,לירון קרביץ יבוא שיווק וסחר,,,יח,1,ל 100 גרם,false,1,29.90,29.90,false,1,
5765220190393,false,בלוני מספרים 16 אינץ`,לירון קרביץ יבוא שיווק וסחר,,,יח,1,ל 100 גרם,false,1,6.50,6.50,false,1,
5765220190416,false,נרות מספרים מקושט,לירון קרביץ יבוא שיווק וסחר,,,יח,1,,false,1,6.90,6.90,false,1,
5765220190430,false,מארז נרות  12  מהודר נקודות ספירלה,לירון קרביץ יבוא שיווק וסחר,,,יח,1,,false,1,8.90,8.90,false,1,
5765220190454,false,מארז נרות  12  צבעוניים יום הולדת,לירון קרביץ יבוא שיווק וסחר,,,יח,1,,false,1,4.90,4.90,false,1,
5900020012814,false,נסקוויק דגנים,קבוצת אוסם סחר שותפות מוגבלת,,,יח,5,ל 100 גרם,false,1,23.90,4.78,true,1,
5900020024770,false,פיטנס בר דליס שוקולד  אגוז,קבוצת אוסם סחר שותפות מוגבלת,,,יח,1.35,ל 100 גרם,false,1,14.90,11.04,true,1,
5900020024817,false,פיטנס בר דליס שוקולד לבן,קבוצת אוסם סחר שותפות מוגבלת,,,יח,1.35,ל 100 גרם,false,1,14.90,11.04,true,1,
5900020025647,false,פיטנס בר דליס שוקולד  חלב,קבוצת אוסם סחר שותפות מוגבלת,,,יח,1.35,ל 100 גרם,false,1,14.90,11.04,true,1,
5900020025807,false,סיני מינס מוקטן,קבוצת אוסם סחר שותפות מוגבלת,,,יח,3.75,ל 100 גרם,false,1,14.90,3.97,false,1,
5900020026552,false,האני צריוס 625 גר`,קבוצת אוסם סחר שותפות מוגבלת,,,יח,6.25,ל 100 גרם,false,1,23.90,3.82,true,1,
5900020029669,false,פיטנס חטיף דגנים פירות יער,קבוצת אוסם סחר שותפות מוגבלת,,,יח,1.35,ל 100 גרם,false,1,14.90,11.04,true,1,
5900020032454,false,פיטנס חטיף עוגיות שולחן חג,קבוצת אוסם סחר שותפות מוגבלת,,,יח,1.35,ל 100 גרם,false,1,14.90,11.04,true,1,
5900020032539,false,פיטנס חטיף שוקולד שולחן חג,קבוצת אוסם סחר שותפות מוגבלת,,,יח,1.35,ל 100 גרם,false,1,14.90,11.04,true,1,
5900020034991,false,קרנץ צדפים טעם שוקולד 450 גר,קבוצת אוסם סחר שותפות מוגבלת,,,יח,4.50,ל 100 גרם,false,1,17.90,3.98,true,1,
5900020036407,false,ליון דגני בוקר  שוקולד וקרמל,קבוצת אוסם סחר שותפות מוגבלת,,,יח,1.35,ל 100 גרם,false,1,23.90,17.70,true,1,
5900020037916,false,צ יריוס משיבולת שועל 375 גר`,קבוצת אוסם סחר שותפות מוגבלת,,,יח,3.75,ל 100 גרם,false,1,15.90,4.24,false,1,
5900020039620,false,פיטנס חטיף דגנים שקדים ודבש,קבוצת אוסם סחר שותפות מוגבלת,,,יח,1.40,ל 100 גרם,false,1,14.90,10.64,false,1,
5900907000583,false,מלפפון בחומץ 920 גרם צנצנת,דברים טובים סגל בעמ,,,יח,9.20,"ל100 מ""ל",false,1,15.60,1.70,false,1,
5900907001429,false,תערובת ירקות בחומץ  910 גרם צנצנת,דברים טובים סגל בעמ,,,יח,9.10,"ל100 מ""ל",false,1,15.60,1.71,false,1,
5900907001450,false,מלפפון  במלח צנצנת  920 גרם,דברים טובים סגל בעמ,,,יח,9.20,"ל100 מ""ל",false,1,14.90,1.62,false,1,
5900951283963,false,שוקולד סניקרס  בוטנים50ג   *,ריגלי ישראל בעמ,,,יח,0.50,ל 100 גרם,false,1,3.90,7.80,false,1,
5901041003003,false,בלוודר וודקה פרימיום 40%,החברה המרכזית להפצת משקאות בע,,,"ל100 מ""ל",7,"ל100 מ""ל",false,1,125.90,17.94,false,1,
5901414200411,false,בסקויט מיני ממולא שוקולד היט,ליימן שליסל בעמ,,,יח,1.30,ל 100 גרם,false,1,6.90,5.31,true,1,
5901483060206,false,תה  מנטה   25 שקיות,דברים טובים סגל בעמ,,,יח,1,ל 100 גרם,false,1,9.90,9.90,false,1,
5901483060404,false,תה  בבונג   25 שקיות,דברים טובים סגל בעמ,,,יח,1,ל 100 גרם,false,1,9.90,9.90,false,1,
5901483081027,false,תה  לואיזה  25 שקיות,דברים טובים סגל בעמ,,,יח,1,ל 100 גרם,false,1,9.90,9.90,false,1,
5901888020508,false,חטיף פרי יו דגנים עם קינואה ט. צ`לי,"דנשר (1963) בע,מ",,,יח,0.70,ל 100 גרם,false,1,12.90,18.43,true,1,
5901888020560,false,חטיף פרי יו דגנים עם קינואה עשבי תיבול,"דנשר (1963) בע,מ",,,יח,0.70,ל 100 גרם,false,1,12.90,18.43,true,1,
5902198160403,false,משקה אנרגיה XL בודד,טמפו משקאות בעמ,,,יח,2.50,"ל100 מ""ל",false,1,4.50,1.68,true,1,
5904941750312,false,משקה אנרגיה BLU ט. ע,בני פוזי שמשום בעמ,,,יח,2.50,"ל100 מ""ל",false,1,4.60,1.72,true,1,
5904941751302,false,משקה אנרגיה BLU,בני פוזי שמשום בעמ,,,יח,2.50,"ל100 מ""ל",false,1,4.50,1.68,true,1,
5904941751524,false,"משקה אנרגיה 250מ""ל",בני פוזי שמשום בעמ,,,יח,2.50,"ל100 מ""ל",false,1,4.60,1.72,true,1,
5904941751920,false,משקה אנרגיה BLU  DEY,בני פוזי שמשום בעמ,,,יח,2.50,"ל100 מ""ל",false,1,4.60,1.72,true,1,
5904941752262,false,בלו לימון   BLU  די סיקס לל א סוכר,בני פוזי שמשום בעמ,,,יח,2.50,"ל100 מ""ל",false,1,4.50,1.68,true,1,
5906485301012,false,משקה אנרגיה XL בודד,טמפו משקאות בעמ,,,יח,2.50,"ל100 מ""ל",false,1,4.50,1.68,true,1,
5997321770307,false,ויט רצועות שעווה לעור רגיש,רקיט בנקיסר (ניר איסט),,,יח,1,,false,1,24.90,24.90,true,1,
6001067017523,false,מברשת שיניים קולגיט לילדים,ש.שסטוביץ בעמ,,,יח,1,,false,1,9.90,9.90,false,1,
6001067017530,false,מברשת שיניים קולגיט ספיידרמן,ש.שסטוביץ בעמ,,,יח,1,,false,1,9.90,9.90,false,1,
6005519006783,false,סט 4 קולבים  קטיפה,אוהב ציון בעמ,,,יח,1,,false,1,16.90,16.90,false,1,
6112012100600,false,שלישיית קולבי קטיפה  ע. הבית,עולם הבית,,,יח,1,,false,1,14.90,14.90,false,1,
6112012100655,false,מגב לשיש  ע. הבית,עולם הבית,,,יח,1,,false,1,7.90,7.90,false,1,
6112012100846,false,פומפיה  מרובעת   ע. הבית,עולם הבית,,,יח,1,,false,1,23.90,23.90,false,1,
6112013100104,false,מותחן לסדין   ע. הבית,עולם הבית,,,יח,1,,false,1,16.90,16.90,false,1,
6112013100777,false,שלישיית פקקים לאמבטיה  ע. הבית,עולם הבית,,,יח,1,,false,1,7.90,7.90,false,1,
6112013100999,false,סוגרים לשקיות  ע. הבית,עולם הבית,,,יח,1,,false,1,10.90,10.90,false,1,
6112014100561,false,דו צדדי  רחב   ע. הבית,עולם הבית,,,יח,1,,false,1,9.90,9.90,false,1,
6112015100157,false,מתלה למגבת מחבל  ע. הבית,עולם הבית,,,יח,1,,false,1,9.90,9.90,false,1,
6112016100712,false,סוגרים לשקיות 12  יח` ע. הבית,עולם הבית,,,יח,1,,false,1,12.90,12.90,false,1,
6112017103354,false,אטבי כביסה   ע. הבית,עולם הבית,,,יח,1,,false,1,9.90,9.90,false,1,
6112017106096,false,מסנן כיור אמרקאי  ע. הבית,עולם הבית,,,יח,1,,false,1,14.90,14.90,false,1,
6456925562156,false,עוגימי פופשדו,אחים פפושדו ובניהם בעמ,,,יח,1.50,ל 100 גרם,false,1,4.30,2.87,true,1,
6667771301107,false,מסננת כיור יצוק,א. דינצי ובניו בעמ,,,יח,1,,false,1,7.90,7.90,false,1,
6667771501330,false,"סט 6 סברינה  7 ס""מ",א. דינצי ובניו בעמ,,,יח,1,,false,1,11.90,11.90,false,1,
6667771501490,false,תחתית קש גדולה לסיר חם,א. דינצי ובניו בעמ,,,יח,1,,false,1,11.90,11.90,false,1,
6667771502153,false,סט 2 מספריים,א. דינצי ובניו בעמ,,,יח,1,,false,1,7.90,7.90,false,1,
6900000126493,false,מכונית שלט  3382,צעצועי דניאל בעמ,,,יח,1,,false,1,33.90,33.90,false,1,
6900210324139,false,"ברבי עם שיער ארוך 11.5 ס""מ",צעצועי דניאל בעמ,,,יח,1,,false,1,27.90,27.90,false,1,
6901419034133,false,"מגש נירוסטה 30 ס""מ",צעצועי דניאל בעמ,,,יח,1,,false,1,7.90,7.90,false,1,
6901502073285,false,"תבנית מתכת לעוגה עגולה 30 ס""מ",אוהב ציון בעמ,,,יח,1,,false,1,21.90,21.90,false,1,
6901622548144,false,מברשת עם ידית,צעצועי דניאל בעמ,,,יח,1,,false,1,11.90,11.90,false,1,
6901910140241,false,שרשרת אורות,צעצועי דניאל בעמ,,,יח,1,,false,1,22.90,22.90,false,1,
6901910210531,false,חיות בשקית    צ. דניאל,צעצועי דניאל בעמ,,,יח,1,,false,1,16.90,16.90,false,1,
6901926244032,false,שטיח אמבטיה,אוהב ציון בעמ,,,יח,1,,false,1,22.90,22.90,false,1,
6901926244063,false,"שטיח אמבטיה 37*30 ס""מ",צעצועי דניאל בעמ,,,יח,1,,false,1,22.90,22.90,false,1,
6902019042061,false,מארז  בלונים 50 יח`,לירון קרביץ יבוא שיווק וסחר,,,יח,1,,false,1,10,10,false,1,
6902176502507,false,סלק אדום 500 גר`,"בכורי השדה צפון1994 ג.ד. בע""מ",,,יח,1,,false,1,5.90,5.90,false,1,
6909039012920,false,כף זיתים עילית,אוהב ציון בעמ,,,יח,1,,false,1,19.90,19.90,false,1,
6910191800287,false,1אצות נורי סין  10 דפים,מזרח ומערב יבוא ושיווק,,,יח,1,ל 100 גרם,false,1,11.90,11.90,true,1,
6913245100555,false,נורת לד לבן אור יום   ע. הבית,עולם הבית,,,יח,1,,false,1,12.90,12.90,false,1,
6916954050098,false,יעה עם גומי מצמד למוט,חביב את פרנק בעמ,,,יח,1,,false,1,4.90,4.90,false,1,
6920152075227,false,מגן דמוי אלומיניום למגירה,צעצועי דניאל בעמ,,,יח,1,,false,1,5.90,5.90,false,1,
6920181120608,false,משאית  מוביל טנק,צעצועי דניאל בעמ,,,יח,1,,false,1,16.90,16.90,false,1,
6920201201171,false,אופנוע בקופסא  צ. דניאל,צעצועי דניאל בעמ,,,יח,1,,false,1,3.90,3.90,false,1,
6920201201416,false,משאית  מוביל+ 3 מכוניות,צעצועי דניאל בעמ,,,יח,1,,false,1,44.90,44.90,false,1,
6920201201577,false,הרכבה מתכת ג`יפ  צ. דניאל,צעצועי דניאל בעמ,,,יח,1,,false,1,22.90,22.90,false,1,
6920761668681,false,מערוך עץ קבוע,א. דינצי ובניו בעמ,,,יח,1,,false,1,16.90,16.90,false,1,
6921850620368,false,לד  אור יום אריזה  3  יח` 27E,עולם הבית,,,יח,1,,false,1,26.90,26.90,false,1,
6921850620504,false,נורת לד לבן אור יום  3  יח`  ע. הבית,עולם הבית,,,יח,1,,false,1,36.90,36.90,false,1,
6923450656310,false,"תותח קונפטי 40 ס""מ שקית",לירון קרביץ יבוא שיווק וסחר,,,יח,1,,false,1,9.90,9.90,false,1,
6924299396054,false,"לקיטשן סכין קילוף 9 ס""מ ידית נירוסטה",אוהב ציון בעמ,,,יח,1,,false,1,14.90,14.90,false,1,
6925374202437,false,שלישית  מתלים  פלסטיק   ע. הבית,עולם הבית,,,יח,1,,false,1,8.90,8.90,false,1,
6928140304120,false,מגן תחתון שחור,פארמה דיל שיווק והפצה בעמ,,,יח,1,,false,1,9.90,9.90,false,1,
6931191500649,false,רבעית סופר גלו  ע. הבית,עולם הבית,,,יח,1,,false,1,9.90,9.90,false,1,
6935673035612,false,כפפות אלוורה S ק.,מ.א ייצור ויבו*מטליות בעמ,,,יח,1,,false,1,7.50,7.50,false,1,
6935673035636,false,כפפות אלוורה L,מ.א ייצור ויבו*מטליות בעמ,,,יח,1,,false,1,7.50,7.50,false,1,
6935673035643,false,כפפות אלוורה XL,מ.א ייצור ויבו*מטליות בעמ,,,יח,1,,false,1,7.50,7.50,false,1,
6936745600462,false,"מירין 500 מ""ל",מזרח ומערב יבוא ושיווק,,,יח,5,ל 100 גרם,false,1,19.90,3.98,false,1,
6936745600783,false,"חומץ אורז   500 מ""ל",מזרח ומערב יבוא ושיווק,,,יח,5,ל 100 גרם,false,1,15.90,3.18,false,1,
6937266703458,false,שיק הידרו סליק נשים מכשיר + 2 סכינים,ש.שסטוביץ בעמ,,,יח,1,,false,1,35.90,35.90,true,1,
6937893229895,false,סט 9 סכיני סטייק,אוהב ציון בעמ,,,יח,1,,false,1,19.90,19.90,false,1,
6942318062384,false,סט מטבח עם אביזרים   צ. דניאל,צעצועי דניאל בעמ,,,יח,1,,false,1,33.90,33.90,false,1,
6942318062414,false,סט  מגהץ  עם אביזרים   צ. דניאל,צעצועי דניאל בעמ,,,יח,1,,false,1,33.90,33.90,false,1,
6942318062629,false,תיק קינוחים עם אביזרים    צ. דניאל,צעצועי דניאל בעמ,,,יח,1,,false,1,41.90,41.90,false,1,
6945305614047,false,רבעית מתלה  מתכת   ע. הבית,עולם הבית,,,יח,1,,false,1,9.90,9.90,false,1,
6951097101030,false,"מאג  זכוכית עדן 400 מ""ל",סקטור אפיקים בעמ,,,יח,1,,false,1,4.90,4.90,false,1,
6951097101078,false,"מאג  זכוכית לאטה 140 מ""ל מ""ל",סקטור אפיקים בעמ,,,יח,1,,false,1,4.90,4.90,false,1,
6951097101139,false,"כוס  זכוכית  אושן 320 מ""ל",סקטור אפיקים בעמ,,,יח,1,,false,1,4.90,4.90,false,1,
6951097109562,false,מאג  קליר XL,סקטור אפיקים בעמ,,,יח,10,יח,false,1,5.90,0.59,false,1,
6952415521578,false,רב שקע 4 שקעים,עולם הבית,,,יח,1,,false,1,29.90,29.90,false,1,
6953125351691,false,מגב  סיליקון+ ואקום,א. דינצי ובניו בעמ,,,יח,1,,false,1,8.90,8.90,false,1,
6955107669206,false,דבק  סופר גלו  ע. הבית,עולם הבית,,,יח,1,,false,1,9.90,9.90,false,1,
6958462302115,false,סכיני 6 שולחן,ברוך רוזנשטין בעמ,,,יח,1,,false,1,9.90,9.90,false,1,
6958462310677,false,קולפן  נירוסטה,ברוך רוזנשטין בעמ,,,יח,1,,false,1,5.90,5.90,false,1,
6985425120011,false,מסנן כיור  פרפר  ע . הבית,עולם הבית,,,יח,1,,false,1,7.90,7.90,false,1,
6985425120103,false,סלוטייפ  שקוף 100 מטר    ע. הבית,עולם הבית,,,יח,1,,false,1,9.90,9.90,false,1,
6985425120110,false,דבק  נייר   ע. הבית,עולם הבית,,,יח,1,,false,1,14.90,14.90,false,1,
6985425120134,false,מזלף לאמבטיה  ע. הבית,עולם הבית,,,יח,1,,false,1,29.90,29.90,false,1,
6985425120301,false,אטבי כביסה  ע. הבית,עולם הבית,,,יח,1,,false,1,9.90,9.90,false,1,
6985425120394,false,דבק בד  ע. הבית,עולם הבית,,,יח,1,,false,1,19.90,19.90,false,1,
6985425120950,false,זוג ידיות מכסה של סיר ע. הבית,עולם הבית,,,יח,1,,false,1,10.90,10.90,false,1,
6991272567459,false,משחק  כדור סל,א.פרץ צעצועים בעמ,,,יח,1,,false,1,15,15,false,1,
6992021040506,false,בלונים מהודרים 10 יח`,לירון קרביץ יבוא שיווק וסחר,,,יח,1,,false,1,9.90,9.90,false,1,
7038516140357,false,מברשת שיניים   ג`ורדן רבעיה,"דנשר (1963) בע,מ",,,יח,1,,false,1,14.90,14.90,true,1,
7046110064047,false,מברשת שיניים לילדים,"דנשר (1963) בע,מ",,,יח,1,,false,1,15.90,15.90,false,1,
7046110064535,false,מברשת שיניים לילדים,"דנשר (1963) בע,מ",,,יח,1,,false,1,15.90,15.90,false,1,
7270137700019,false,סט 6 שיפודים נירוסטה  ZZ,צג`י פרפקט שירותי יבוא בעמ,,,יח,1,,false,1,12.90,12.90,false,1,
7270137700194,false,חדש מדליק פחם מוצק*,צג`י פרפקט שירותי יבוא בעמ,,,יח,1,,false,1,4.90,4.90,false,1,
7271730901261,false,מקרוני אנד צ`יז אדום,ר.צ צ יק בעמ,,,יח,1.56,ל 100 גרם,false,1,12.90,8.27,false,1,
7290000000350,false,סלק עלים,"בכורי השדה צפון1994 ג.ד. בע""מ",,,יח,1,,false,1,6.90,6.90,false,1,
7290000000978,false,חסה גוש קטיף  ירק הארץ היתר מכירה,"בכורי השדה צפון1994 ג.ד. בע""מ",,,יח,1,,false,1,6.90,6.90,false,1,
7290000001043,false,כרוב לבן ברכת קטיף,"בכורי השדה צפון1994 ג.ד. בע""מ",,,"לק""ג",1,,true,1,12.90,12.90,false,1,
7290000001104,false,פטריות פורטבלה,"בכורי השדה צפון1994 ג.ד. בע""מ",,,יח,1,,false,1,11.90,11.90,false,1,
7290000001524,false,בצל ירוק  גוש קטיף ירק הארץ היתר מכירה,"בכורי השדה צפון1994 ג.ד. בע""מ",,,יח,1,,false,1,6.90,6.90,false,1,
7290000001593,false,נענע ביכורי קטיף,"בכורי השדה צפון1994 ג.ד. בע""מ",,,יח,1,,false,1,5.90,5.90,false,1,
7290000001616,false,כוסברה ירק הארץ  גוש היתר מכירה,"בכורי השדה צפון1994 ג.ד. בע""מ",,,יח,1,,false,1,5.90,5.90,false,1,
7290000023007,false,סטוק 84  ק.,טמפו משקאות בעמ,,,יח,7.50,"ל100 מ""ל",false,1,69.90,9.28,false,1,
7290000023083,false,"ערק אשקלון  700 מ""ל",טמפו משקאות בעמ,,,יח,7,"ל100 מ""ל",false,1,54.90,7.80,true,1,
7290000023427,false,ליקר אמרטו שטוק,טמפו משקאות בעמ,,,יח,7.50,"ל100 מ""ל",false,1,44.90,5.95,false,1,
7290000023809,false,קברנה סובניון קלאסיק,טמפו משקאות בעמ,,,יח,7.50,"ל100 מ""ל",false,1,32.90,4.35,true,1,
7290000023847,false,קלאסיק שרדונה,טמפו משקאות בעמ,,,יח,7.50,"ל100 מ""ל",false,1,32.90,4.35,true,1,
7290000023977,false,יין מרלו קלאסיק,טמפו משקאות בעמ,,,יח,7.50,"ל100 מ""ל",false,1,32.90,4.35,true,1,
7290000024264,false,יין מרלו  רזברד,טמפו משקאות בעמ,,,יח,7.50,"ל100 מ""ל",false,1,39.90,5.28,false,1,
7290000024905,false,"קגלביץ קלאסיקה 700 מ""ל",טמפו משקאות בעמ,,,יח,7,"ל100 מ""ל",false,1,54.90,7.80,false,1,
7290000032665,false,רסק עגבניות 28% A2,זנלכל בעמ,,,יח,2.60,ל 100 גרם,false,1,7.90,3.04,false,1,
7290000034256,false,ביסקוויט תירוש חצי מצופה 175ג` הדר*,אפיפית נצרת תעשיות בסקויט,,,יח,1.75,ל 100 גרם,false,1,5.80,3.31,false,1,
7290000040042,false,EMMI עם תות שדה,תנובה -חלב,,,יח,1.50,"ל100 מ""ל",false,1,4.90,3.27,false,1,
7290000040066,false,יופלה דובדבן,תנובה -חלב,,,יח,1.50,"ל100 מ""ל",false,1,4.90,3.27,false,1,
7290000041445,false,קוט ג 5% 250 גרם תנובה,תנובה -חלב,,,יח,2.50,ל 100 גרם,false,1,5.50,2.20,false,1,
7290000041452,false,קוט ג 9% מהדרין 250 גרם תנובה,תנובה -חלב,,,יח,2.50,ל 100 גרם,false,1,5.50,2.20,false,1,
7290000041858,false,שמנת חמוצה 15%,שטראוס גרופ בעמ (ח),,,יח,2,"ל100 מ""ל",false,1,2.40,1.20,false,1,
7290000041865,false,אשל 4.5% גביע,שטראוס גרופ בעמ (ח),,,יח,2,"ל100 מ""ל",false,1,2,1,false,1,
7290000041872,false,לבן 3% ק,שטראוס גרופ בעמ (ח),,,יח,2,"ל100 מ""ל",false,1,2,1,false,1,
7290000042008,false,חלב תנובה בשקית 3% 1 ליטר,תנובה -חלב,,,יח,1,לליטר,false,1,5.43,5.43,false,1,
7290000042015,false,חלב שקית 1 ליטר 3% שומן-תנובה  {פ},תנובה -חלב,,,יח,10,לליטר,false,1,5.43,0.54,false,1,
7290000042244,false,חלב תנובה 3% בכד 2 ליטר,תנובה -חלב,,,יח,2,לליטר,false,1,12.40,6.20,false,1,
7290000042367,false,חלב בקבוק 1 ליטר,תנובה -חלב,,,יח,1,לליטר,false,1,6.23,6.23,false,1,
7290000042435,false,חלב קרטון 1%-1 ליטר  תנובה{פ},תנובה -חלב,,,יח,10,לליטר,false,1,5.86,0.59,false,1,
7290000042442,false,חלב טרי  בקרטון+תנובה,תנובה -חלב,,,יח,1,"ל100 מ""ל",false,1,6.23,6.23,false,1,
7290000042671,false,"חלב עמיד תנובה ליטר %3בד""צ",תנובה -חלב,,,יח,10,"ל100 מ""ל",false,1,6.90,0.69,false,1,
7290000042855,false,"שוקו בשקית יטבתה 225 מ""ל",שטראוס גרופ בעמ (ח),,,יח,2.25,"ל100 מ""ל",false,1,2.50,1.11,false,1,
7290000043012,false,שוקו עמיד תנובה 250  מיל`3%,תנובה -חלב,,,יח,2.50,"ל100 מ""ל",false,1,4.70,1.88,false,1,
7290000043111,false,חמאה גדולה רגיל,תנובה -חלב,,,יח,2,ל 100 גרם,false,1,7.85,3.93,false,1,
7290000043814,false,"שמנת מתוקה 38%-250  מ""ל{פ}",תנובה -חלב,,,יח,2.50,"ל100 מ""ל",false,1,6.47,2.59,false,1,
7290000043890,false,ריויון1 ליטר ק,תנובה -חלב,,,יח,1,לליטר,false,1,10.90,10.90,false,1,
7290000044712,false,"פרילי 500 מ""ל",תנובה -חלב,,,יח,5,"ל100 מ""ל",false,1,10.50,2.10,false,1,
7290000044880,false,"באדי יוגורט תות 500 מ""ל",תנובה -חלב,,,יח,5,"ל100 מ""ל",false,1,8.90,1.78,false,1,
7290000045399,false,גבינה ניר,תנובה -חלב,,,יח,2,ל 100 גרם,false,1,14.50,7.25,false,1,
7290000045573,false,נעמה,תנובה -חלב,,,יח,2,ל 100 גרם,false,1,14.50,7.25,false,1,
7290000045580,false,חורש גבינה,תנובה -חלב,,,יח,2.40,ל 100 גרם,false,1,16.90,7.04,false,1,
7290000046327,false,גלבוע פרוס ק,תנובה -חלב,,,יח,2,ל 100 גרם,false,1,12.90,6.45,false,1,
7290000047546,false,כנען 500 ג,תנובה -חלב,,,יח,5,ל 100 גרם,false,1,23.90,4.78,false,1,
7290000047621,false,"גבינה לבנה 5%-250 גרם  בד""ץ{פ}",תנובה -חלב,,,יח,2.50,ל 100 גרם,false,1,4.98,1.99,false,1,
7290000047942,false,"גבינה לבנה 9% בד""ץ",תנובה -חלב,,,יח,2.50,ל 100 גרם,false,1,4.75,1.90,false,1,
7290000048185,false,גבינה 5%. 250 גרם,תנובה -חלב,,,יח,2.50,ל 100 גרם,false,1,4.75,1.90,false,1,
7290000048192,false,גבינה 9%,תנובה -חלב,,,יח,2.50,ל 100 גרם,false,1,4.75,1.90,false,1,
7290000048413,false,חמד ק,תנובה -חלב,,,יח,2.50,ל 100 גרם,false,1,17.90,7.16,false,1,
7290000048437,false,צפתית 5%,תנובה -חלב,,,יח,2,ל 100 גרם,false,1,14.30,7.15,false,1,
7290000049458,false,בולגרית עז,תנובה -חלב,,,יח,2.50,ל 100 גרם,false,1,26.90,10.76,false,1,
7290000050447,false,יופלה  תות 500 גר`,תנובה -חלב,,,יח,5,ל 100 גרם,false,1,13,2.60,false,1,
7290000050454,false,יופלה   אפרסק 500גר`,תנובה -חלב,,,יח,5,ל 100 גרם,false,1,13,2.60,false,1,
7290000053981,false,מאגדת  8 גביעי תות  אפרסק,תנובה -חלב,,,יח,8,למארז,false,1,26.50,3.31,false,1,
7290000055015,false,פטה כבשים פיראוס,תנובה -חלב,,,יח,2.50,ל 100 גרם,false,1,24.90,9.96,false,1,
7290000055350,false,עמק צהובה חריץ 28%,תנובה -חלב,,,ל 100 גרם,10,ל 100 גרם,true,1,44.79,4.48,false,1,
7290000055756,false,מארז זוג  850 גבינה,תנובה -חלב,,,יח,1.70,לליטר,false,1,33.50,19.71,false,1,
7290000057088,false,עמק דק דק ק,תנובה -חלב,,,יח,2,ל 100 גרם,false,1,15.90,7.95,false,1,
7290000057118,false,סמי  מעדנייה עמק  400  גר`,תנובה -חלב,,,יח,4,ל 100 גרם,false,1,21,5.25,false,1,
7290000060071,false,חטיפי פריכונים מלוח עדין,קבוצת אוסם סחר שותפות מוגבלת,,,יח,0.80,ל 100 גרם,false,1,7.90,9.88,false,1,
7290000060088,false,בייגלה מלוחים*,קבוצת אוסם סחר שותפות מוגבלת,,,יח,4,ל 100 גרם,false,1,9.90,2.48,false,1,
7290000060156,false,אטריות ביצים 200 ק,קבוצת אוסם סחר שותפות מוגבלת,,,יח,2,ל 100 גרם,false,1,7.90,3.95,false,1,
7290000060163,false,אטריות מובחר 400 גרם אסם,קבוצת אוסם סחר שותפות מוגבלת,,,יח,4,ל 100 גרם,false,1,6.90,1.73,false,1,
7290000060200,false,פתיתים אפויים קוסקוס אסם 500 גרם,קבוצת אוסם סחר שותפות מוגבלת,,,יח,5,ל 100 גרם,false,1,6.90,1.38,true,1,
7290000060217,false,מקרוני פרומנטי 0,קבוצת אוסם סחר שותפות מוגבלת,,,יח,5,ל 100 גרם,false,1,5.80,1.16,true,1,
7290000060248,false,פתיתים פרומנטי 0 ק,קבוצת אוסם סחר שותפות מוגבלת,,,יח,5,ל 100 גרם,false,1,5.80,1.16,true,1,
7290000060316,false,פרפקטו ספגטי,קבוצת אוסם סחר שותפות מוגבלת,,,יח,5,ל 100 גרם,false,1,6.90,1.38,false,1,
7290000060323,false,פרפקטו ספגטיני,קבוצת אוסם סחר שותפות מוגבלת,,,יח,5,ל 100 גרם,false,1,6.90,1.38,false,1,
7290000060330,false,פסטה פרפקטו,קבוצת אוסם סחר שותפות מוגבלת,,,יח,5,ל 100 גרם,false,1,6.90,1.38,false,1,
7290000060385,false,פודינג וניל אוסם 320 גר,קבוצת אוסם סחר שותפות מוגבלת,,,יח,3.20,ל 100 גרם,false,1,17.30,5.41,false,1,
7290000060408,false,טבעות פתיתים 500,קבוצת אוסם סחר שותפות מוגבלת,,,יח,5,ל 100 גרם,false,1,6.90,1.38,true,1,
7290000060415,false,לה פסטה לזניה 00,קבוצת אוסם סחר שותפות מוגבלת,,,יח,5,ל 100 גרם,false,1,14.90,2.98,false,1,
7290000060576,false,פתיתים אפויים כו,קבוצת אוסם סחר שותפות מוגבלת,,,יח,5,ל 100 גרם,false,1,6.90,1.38,true,1,
7290000060781,false,פסטה מסולסל 500 גרם אסם,קבוצת אוסם סחר שותפות מוגבלת,,,יח,5,ל 100 גרם,false,1,5.80,1.16,true,1,
7290000060828,false,פרומנטי קרניים,קבוצת אוסם סחר שותפות מוגבלת,,,יח,5,ל 100 גרם,false,1,5.80,1.16,true,1,
7290000060880,false,פרומנטי ספגטי 00,קבוצת אוסם סחר שותפות מוגבלת,,,יח,5,ל 100 גרם,false,1,5.80,1.16,true,1,
7290000060903,false,פתיתים אפויים אורז  אסם 500 גרם,קבוצת אוסם סחר שותפות מוגבלת,,,יח,5,ל 100 גרם,false,1,6.90,1.38,true,1,
7290000060958,false,אטריות מובחר אוסם,קבוצת אוסם סחר שותפות מוגבלת,,,יח,4,ל 100 גרם,false,1,6.90,1.73,false,1,
7290000060965,false,איטריות מובחר רח,קבוצת אוסם סחר שותפות מוגבלת,,,יח,4,ל 100 גרם,false,1,6.90,1.73,false,1,
7290000061061,false,קרקר בצל,קבוצת אוסם סחר שותפות מוגבלת,,,יח,2.50,ל 100 גרם,false,1,9.90,3.96,true,1,
7290000061108,false,רוטב טריאקי 290,קבוצת אוסם סחר שותפות מוגבלת,,,יח,2.90,"ל100 מ""ל",false,1,9.90,3.41,true,1,
7290000061764,false,נס קפה רד מאג 200 ג`*,קבוצת אוסם סחר שותפות מוגבלת,,,יח,2,ל 100 גרם,false,1,21.90,10.95,true,1,
7290000062129,false,"מוסדי פודינג  1  ק""ג וניל  אוסם",קבוצת אוסם סחר שותפות מוגבלת,,,יח,1,"לק""ג",false,1,24.90,24.90,false,1,
7290000063140,false,שקד מרק 400 גר ק,קבוצת אוסם סחר שותפות מוגבלת,,,יח,4,ל 100 גרם,false,1,10.90,2.73,true,1,
7290000063157,false,תופח 1קג    קמח ק,קבוצת אוסם סחר שותפות מוגבלת,,,יח,10,ל 100 גרם,false,1,9.90,0.99,false,1,
7290000064758,false,קוסקוס 350 גרם ב,קבוצת אוסם סחר שותפות מוגבלת,,,יח,3.50,ל 100 גרם,false,1,7.90,2.26,false,1,
7290000064871,false,מנה חמה פירה+בצל,קבוצת אוסם סחר שותפות מוגבלת,,,יח,0.56,ל 100 גרם,false,1,5.90,10.54,false,1,
7290000065335,false,מנה חמה-פירה תפו,קבוצת אוסם סחר שותפות מוגבלת,,,יח,0.47,ל 100 גרם,false,1,5.90,12.55,false,1,
7290000065540,false,מנה חמה איטריות,קבוצת אוסם סחר שותפות מוגבלת,,,יח,0.55,ל 100 גרם,false,1,5.90,10.73,false,1,
7290000065557,false,מנה חמה-קוסקוס,קבוצת אוסם סחר שותפות מוגבלת,,,יח,0.84,ל 100 גרם,false,1,5.90,7.02,false,1,
7290000065977,false,פרכוני     תירס אוסם,קבוצת אוסם סחר שותפות מוגבלת,,,יח,0.80,ל 100 גרם,false,1,8.30,10.38,false,1,
7290000066141,false,בסלי גריל,קבוצת אוסם סחר שותפות מוגבלת,,,יח,0.70,ל 100 גרם,false,1,3.90,5.57,true,1,
7290000066172,false,ביסלי פיצה,קבוצת אוסם סחר שותפות מוגבלת,,,יח,0.70,ל 100 גרם,false,1,3.90,5.57,true,1,
7290000066196,false,בסלי גריל גדול,קבוצת אוסם סחר שותפות מוגבלת,,,יח,2,ל 100 גרם,false,1,6.90,3.45,true,1,
7290000066264,false,דובונים 40 גר,קבוצת אוסם סחר שותפות מוגבלת,,,יח,0.40,ל 100 גרם,false,1,3.90,9.75,true,1,
7290000066318,false,במבה 80 גר,קבוצת אוסם סחר שותפות מוגבלת,,,יח,0.80,ל 100 גרם,false,1,4.20,5.25,true,1,
7290000066332,false,אפרופו 50 גר,קבוצת אוסם סחר שותפות מוגבלת,,,יח,0.50,ל 100 גרם,false,1,3.90,7.80,true,1,
7290000067407,false,פירורית מתובלת,קבוצת אוסם סחר שותפות מוגבלת,,,יח,2,ל 100 גרם,false,1,6.30,3.15,false,1,
7290000067544,false,פירורית זהב 200ג,קבוצת אוסם סחר שותפות מוגבלת,,,יח,2,ל 100 גרם,false,1,6.30,3.15,false,1,
7290000067599,false,מנה חמה ספגטי בו,קבוצת אוסם סחר שותפות מוגבלת,,,יח,0.65,ל 100 גרם,false,1,5.90,9.08,false,1,
7290000068138,false,פודינג וניל ק,קבוצת אוסם סחר שותפות מוגבלת,,,יח,0.80,ל 100 גרם,false,1,5.10,6.38,true,1,
7290000068190,false,ג`לי בזק תות  90 גר`,קבוצת אוסם סחר שותפות מוגבלת,,,יח,0.90,ל 100 גרם,false,1,6.90,7.67,false,1,
7290000068206,false,ג`לי משמש ק,קבוצת אוסם סחר שותפות מוגבלת,,,יח,0.85,ל 100 גרם,false,1,6.90,8.12,false,1,
7290000068237,false,ג`לי בזק טעם פטל,קבוצת אוסם סחר שותפות מוגבלת,,,יח,0.85,ל 100 גרם,false,1,6.90,8.12,false,1,
7290000068251,false,ג`לי אינסטנט אוסם,קבוצת אוסם סחר שותפות מוגבלת,,,יח,0.85,ל 100 גרם,false,1,6.90,8.12,false,1,
7290000068343,false,פריכונים מאורז מלא ק,קבוצת אוסם סחר שותפות מוגבלת,,,יח,1.40,ל 100 גרם,false,1,7.90,5.64,false,1,
7290000068701,false,שקדי מרק במיכל,קבוצת אוסם סחר שותפות מוגבלת,,,יח,4,ל 100 גרם,false,1,16.90,4.23,false,1,
7290000068770,false,במבה יום הולדת,קבוצת אוסם סחר שותפות מוגבלת,,,יח,0.80,ל 100 גרם,false,1,4.20,5.25,true,1,
7290000070308,false,.מרק עוף 400 ג ק,קבוצת אוסם סחר שותפות מוגבלת,,,יח,4,ל 100 גרם,false,1,16.90,4.23,true,1,
7290000070322,false,אוסם מרק פטריות 400ג ק,קבוצת אוסם סחר שותפות מוגבלת,,,יח,4,ל 100 גרם,false,1,23.90,5.98,true,1,
7290000070919,false,בייגלה רשתות מלח,קבוצת אוסם סחר שותפות מוגבלת,,,יח,4,ל 100 גרם,false,1,9.90,2.48,false,1,
7290000071008,false,בייגלה שטוחים במלח,קבוצת אוסם סחר שותפות מוגבלת,,,יח,0.60,יח,false,1,3.30,5.50,false,1,
7290000072623,false,"קטשופ פוף אוסם כשל""פ*",קבוצת אוסם סחר שותפות מוגבלת,,,יח,7.50,ל 100 גרם,false,1,9.90,1.32,false,1,
7290000072630,false,קטשופ חריף ק,קבוצת אוסם סחר שותפות מוגבלת,,,יח,7.50,ל 100 גרם,false,1,11.90,1.59,false,1,
7290000072753,false,טסטר ס צויס-נמסמ 200 גר`*,קבוצת אוסם סחר שותפות מוגבלת,,,יח,2,ל 100 גרם,false,1,33.90,16.95,false,1,
7290000072760,false,טסטר ס צויס-נמס1,קבוצת אוסם סחר שותפות מוגבלת,,,יח,1,ל 100 גרם,false,1,26.90,26.90,false,1,
7290000072777,false,טסטר ס צויס-נטול ק,קבוצת אוסם סחר שותפות מוגבלת,,,יח,2,ל 100 גרם,false,1,35.90,17.95,false,1,
7290000072784,false,טסטר ס צויס-ללא קופאין,קבוצת אוסם סחר שותפות מוגבלת,,,יח,1,ל 100 גרם,false,1,28.90,28.90,false,1,
7290000073125,false,מנה חמה איטריות,קבוצת אוסם סחר שותפות מוגבלת,,,יח,0.62,ל 100 גרם,false,1,5.90,9.52,false,1,
7290000073415,false,מנה חמה ברוטב פי*,קבוצת אוסם סחר שותפות מוגבלת,,,יח,0.61,ל 100 גרם,false,1,5.90,9.67,false,1,
7290000073699,false,חומוס 150 גרם צבר,קבוצת אוסם סחר שותפות מוגבלת,,,יח,1,ל 100 גרם,false,1,5.90,5.90,false,1,
7290000073750,false,מנה חמה נודלס,קבוצת אוסם סחר שותפות מוגבלת,,,יח,0.70,ל 100 גרם,false,1,5.90,8.43,false,1,
7290000073767,false,מנה חמה נודלס+ירקות,קבוצת אוסם סחר שותפות מוגבלת,,,יח,0.70,ל 100 גרם,false,1,5.90,8.43,false,1,
7290000073774,false,מנה חמה נודלס צ לי,קבוצת אוסם סחר שותפות מוגבלת,,,יח,0.70,ל 100 גרם,false,1,5.90,8.43,false,1,
7290000074153,false,פתיבר שוקו 500 ג,קבוצת אוסם סחר שותפות מוגבלת,,,יח,5,ל 100 גרם,false,1,13.10,2.62,true,1,
7290000074184,false,פתי בר בינוני 500 גרם ק,קבוצת אוסם סחר שותפות מוגבלת,,,יח,5,ל 100 גרם,false,1,10.90,2.18,true,1,
7290000074245,false,קרקר 250 גר ק,קבוצת אוסם סחר שותפות מוגבלת,,,יח,2.50,ל 100 גרם,false,1,9.90,3.96,true,1,
7290000074276,false,טבעון250 גר פיקנ,קבוצת אוסם סחר שותפות מוגבלת,,,יח,2.50,ל 100 גרם,false,1,9.90,3.96,true,1,
7290000074375,false,קרקר זהב 150 גר,קבוצת אוסם סחר שותפות מוגבלת,,,יח,1.50,ל 100 גרם,false,1,7.20,4.80,true,1,
7290000074764,false,קרקר זהב 1 ק ג,קבוצת אוסם סחר שותפות מוגבלת,,,יח,9,ל 100 גרם,false,1,26.90,2.99,true,1,
7290000075204,false,לחמית חיטה מלאה ק,קבוצת אוסם סחר שותפות מוגבלת,,,יח,2.50,ל 100 גרם,false,1,7.90,3.16,true,1,
7290000076126,false,כעכים מלוח פאוור,קבוצת אוסם סחר שותפות מוגבלת,,,יח,0.80,ל 100 גרם,false,1,3.30,4.13,false,1,
7290000076133,false,בייגלה שמיניה קט,קבוצת אוסם סחר שותפות מוגבלת,,,יח,4,ל 100 גרם,false,1,9.90,2.48,false,1,
7290000078212,false,קרוטונים מתובלים,קבוצת אוסם סחר שותפות מוגבלת,,,יח,2.50,ל 100 גרם,false,1,15.90,6.36,false,1,
7290000079233,false,קרם קרקר דל נתרן,קבוצת אוסם סחר שותפות מוגבלת,,,יח,2.50,ל 100 גרם,false,1,9.90,3.96,true,1,
7290000080758,false,טוסטעים פת קלויה,קבוצת אוסם סחר שותפות מוגבלת,,,יח,1,ל 100 גרם,false,1,9.90,9.90,false,1,
7290000080765,false,טוסטעים פת שומשו,קבוצת אוסם סחר שותפות מוגבלת,,,יח,1,ל 100 גרם,false,1,9.90,9.90,false,1,
7290000081663,false,טבעות שומשום ק,קבוצת אוסם סחר שותפות מוגבלת,,,יח,3,ל 100 גרם,false,1,9.90,3.30,false,1,
7290000083180,false,מרידול מי פה 400,ש.שסטוביץ בעמ,,,יח,4,"ל100 מ""ל",false,1,29.90,7.48,false,1,
7290000089188,false,Fumfidita sweet red wine -litr - Binyami,ויטה-פרי גליל (החדשה) בעמ,,,יח,10,"ל100 מ""ל",false,1,17.90,1.76,false,1,
7290000100128,false,תות שדה   קפוא סנפרוסט 300 גרם,תנובה ענף ב.ע.ד,,,יח,3,ל 100 גרם,false,1,14.90,4.97,false,1,
7290000100135,false,דובדבן קפוא  סנפרוסט 300 גרם,תנובה ענף ב.ע.ד,,,יח,3,ל 100 גרם,false,1,14.90,4.97,false,1,
7290000100302,false,פול ירוק מקולף סנפורסט 600 גר`,תנובה ענף ב.ע.ד,,,יח,6,ל 100 גרם,false,1,22.90,3.82,false,1,
7290000101927,false,אוכמניות כחולות  מוקפאות,תנובה ענף ב.ע.ד,,,יח,3,ל 100 גרם,false,1,14.90,4.97,false,1,
7290000101941,false,|אננס   מוקפא סנפורסט 300 גרם,תנובה ענף ב.ע.ד,,,יח,3,ל 100 גרם,false,1,14.90,4.97,false,1,
7290000104201,false,אפונה עדינה 600 גרם-סנפורסט,תנובה ענף ב.ע.ד,,,יח,6,ל 100 גרם,false,1,17.90,2.98,false,1,
7290000104218,false,במיה סנפורסט 600 גרם,תנובה ענף ב.ע.ד,,,יח,8,ל 100 גרם,false,1,16.90,2.11,false,1,
7290000104676,false,אפונת גינה סנפרוסט 800 גרם,תנובה ענף ב.ע.ד,,,יח,8,ל 100 גרם,false,1,14.90,1.86,false,1,
7290000104683,false,שעועית ירוקה שלמה סנפורסט 800 גרם,תנובה ענף ב.ע.ד,,,יח,8,ל 100 גרם,false,1,19.90,2.49,false,1,
7290000104690,false,גרעיני תירס סנפורסט 800 גרם,תנובה ענף ב.ע.ד,,,יח,8,ל 100 גרם,false,1,17.90,2.24,false,1,
7290000104706,false,גזר גמדיסנפורסט 800 גרם,תנובה ענף ב.ע.ד,,,יח,8,ל 100 גרם,false,1,16.90,2.11,false,1,
7290000104713,false,פול ירוק קפוא סנפורסט 800 גרם,תנובה ענף ב.ע.ד,,,יח,8,ל 100 גרם,false,1,22.90,2.86,false,1,
7290000104720,false,שעועית ירוקה חתוכה סנפורסט 800 גרם,תנובה ענף ב.ע.ד,,,יח,8,ל 100 גרם,false,1,18.90,2.36,false,1,
7290000104737,false,שעועית צהובה חתוכה סנפורסט 800 גרם,תנובה ענף ב.ע.ד,,,יח,8,ל 100 גרם,false,1,17.90,2.24,false,1,
7290000104744,false,כרובית סנפורסט 800 גרם,תנובה ענף ב.ע.ד,,,יח,8,ל 100 גרם,false,1,23.40,2.93,false,1,
7290000104799,false,שעועית לבנה מבושלת סנפורסט 800 גרם,תנובה ענף ב.ע.ד,,,יח,8,ל 100 גרם,false,1,18.90,2.36,false,1,
7290000104805,false,גרגרי חומוס מבושל סנפורסט 800 גרם,תנובה ענף ב.ע.ד,,,יח,8,ל 100 גרם,false,1,18.90,2.36,false,1,
7290000104829,false,"קלחי תירס חתוכים סנפורסט 1 ק""ג",תנובה ענף ב.ע.ד,,,יח,1,"לק""ג",false,1,19.90,19.90,false,1,
7290000104836,false,שעועית עדינה שלמה סנפורסט 600 גרם,תנובה ענף ב.ע.ד,,,יח,6,ל 100 גרם,false,1,21.90,3.65,false,1,
7290000104874,false,לקט לקוסקוס 800 גרם-סנפורסט,תנובה ענף ב.ע.ד,,,יח,8,ל 100 גרם,false,1,17.90,2.24,false,1,
7290000104881,false,אפונה וגזר סנפורסט 800 גרם,תנובה ענף ב.ע.ד,,,יח,8,ל 100 גרם,false,1,16.90,2.11,false,1,
7290000106526,false,חגיגה  ירוקה להקפצה  800 ג-סנפורס,תנובה ענף ב.ע.ד,,,יח,8,ל 100 גרם,false,1,22.90,2.86,false,1,
7290000107165,false,חטיף סויה אדממה סנפורסט 400 גרם,תנובה ענף ב.ע.ד,,,יח,4,ל 100 גרם,false,1,13.90,3.48,false,1,
7290000107189,false,תחתיות ארטישוק סנפורסט 400 גרם,תנובה ענף ב.ע.ד,,,יח,4,ל 100 גרם,false,1,20.90,5.23,false,1,
7290000107295,false,ברוקולי מוקפא 800 גרם-סנפורסט,תנובה ענף ב.ע.ד,,,יח,8,ל 100 גרם,false,1,24.90,3.11,false,1,
7290000110844,false,TELMA GRILL BP 28X70GR BDZ,"יוניליוור ישראלשיווק בע""מ",,,יח,0.70,ל 100 גרם,false,1,4.90,7,false,1,
7290000111063,false,TELMA MAYONNAISE 12X250,"יוניליוור ישראלשיווק בע""מ",,,יח,2.50,ל 100 גרם,false,1,5.90,2.36,false,1,
7290000111117,false,BADIN WHITE 4L 2003 LAUNCH,"יוניליוור ישראלשיווק בע""מ",,,יח,40,"ל100 מ""ל",false,1,19.80,0.50,false,1,
7290000111186,false,TELMA MAYONNAISE 12 X 500,"יוניליוור ישראלשיווק בע""מ",,,יח,5,ל 100 גרם,false,1,8.90,1.78,false,1,
7290000111353,false,"TELMA MAYONNAISE,","יוניליוור ישראלשיווק בע""מ",,,יח,10,ל 100 גרם,false,6,15.90,1.59,false,1,
7290000111360,false,TELMA 12 X 250,"יוניליוור ישראלשיווק בע""מ",,,יח,2.50,יח,false,1,5.90,2.36,false,1,
7290000112220,false,טחינה  גלמית 500 גרם בארכה,קבוצת אוסם סחר שותפות מוגבלת,,,יח,5,ל 100 גרם,false,1,13.90,2.78,false,1,
7290000112497,false,KNORR A LA CARTE CHICKEN NOD SOUP 68GX48,"יוניליוור ישראלשיווק בע""מ",,,יח,0.68,ל 100 גרם,false,1,8.90,13.09,false,1,
7290000114187,false,CIF GPC 4L- PINE 2011 6X4KG,"יוניליוור ישראלשיווק בע""מ",,,יח,4,לליטר,false,1,19.90,4.98,false,1,
7290000116204,false,KNORR DAGESH SOUP 1 KG BADAZ,"יוניליוור ישראלשיווק בע""מ",,,יח,10,ל 100 גרם,false,1,14.90,1.49,false,1,
7290000116884,false,KNORR BARBECUE SAUCE 340G,"יוניליוור ישראלשיווק בע""מ",,,יח,3,"ל100 מ""ל",false,1,9.90,3.30,false,1,
7290000116921,false,KNORR SWEET CHILI SAUCE 340G,"יוניליוור ישראלשיווק בע""מ",,,יח,3,"ל100 מ""ל",false,1,9.90,3.30,false,1,
7290000117171,false,KNORR CHICKEN FLAVOR LOW CAL BDZ 12X48G,"יוניליוור ישראלשיווק בע""מ",,,יח,0.48,ל 100 גרם,false,1,6.90,14.38,false,1,
7290000117720,false,KNORR INSTANT SOUP MUSHROOM 72X43G,"יוניליוור ישראלשיווק בע""מ",,,יח,0.43,ל 100 גרם,false,1,6.50,15.12,false,1,
7290000118277,false,KNORR MATZA BALL 4X6X2X65 GR,"יוניליוור ישראלשיווק בע""מ",,,יח,1.30,ל 100 גרם,false,6,8.90,6.85,false,1,
7290000120836,false,HELLMANNS REAL MAYO 12X394G,"יוניליוור ישראלשיווק בע""מ",,,יח,3.94,ל 100 גרם,false,1,10.90,2.77,false,1,
7290000120874,false,HELLMANNS LIGHT MAYONNAISE 424 GR,"יוניליוור ישראלשיווק בע""מ",,,יח,4.24,ל 100 גרם,false,1,10.90,2.57,false,1,
7290000121017,false,גבינה שומרון 120,נטו מילנדה סחר בעמ*,,,יח,1.20,ל 100 גרם,false,1,9.90,8.25,false,1,
7290000121031,false,גבינה החתול המחייך,נטו מילנדה סחר בעמ*,,,יח,1.20,ל 100 גרם,false,1,9.90,8.25,false,1,
7290000121079,false,גבינה מון בלאן ש,נטו מילנדה סחר בעמ*,,,יח,1.20,ל 100 גרם,false,1,9.90,8.25,false,1,
7290000121093,false,גב  לייט שויצרית,נטו מילנדה סחר בעמ*,,,יח,1.20,ל 100 גרם,false,1,9.90,8.25,false,1,
7290000121109,false,גב  לייט זיתים מ,נטו מילנדה סחר בעמ*,,,יח,1.20,ל 100 גרם,false,1,9.90,8.25,false,1,
7290000121147,false,לייט טעם פיקנטי,נטו מילנדה סחר בעמ*,,,יח,1.20,ל 100 גרם,false,1,9.90,8.25,false,1,
7290000121239,false,TELMA MAYOKAL 5%FAT WITHOUT COLESTEROL,"יוניליוור ישראלשיווק בע""מ",,,יח,5,ל 100 גרם,false,12,11.90,2.38,false,1,
7290000122830,false,KNORR SICHUAN SAUCE 370G,"יוניליוור ישראלשיווק בע""מ",,,יח,3,"ל100 מ""ל",false,12,9.90,3.30,false,1,
7290000123363,false,EFICOL TSIMKAO 12 X 500,"יוניליוור ישראלשיווק בע""מ",,,יח,5,ל 100 גרם,false,1,11.90,2.38,false,1,
7290000125251,false,BADIN LAUNDRY LIQUID 2 L,"יוניליוור ישראלשיווק בע""מ",,,יח,2,לליטר,false,1,23.90,11.95,false,1,
7290000129457,false,KNORR MUSH SAUCE POWDER BDZ 28G,"יוניליוור ישראלשיווק בע""מ",,,יח,0.28,ל 100 גרם,false,1,3.90,13.93,false,1,
7290000129785,false,BADIN GREEN 2010 6X4L,"יוניליוור ישראלשיווק בע""מ",,,יח,4,לליטר,false,1,19.80,4.95,false,1,
7290000133645,false,אורביטול שלישיה סודה,החברה הדרומית לשיווק בעמ,,,יח,4.35,ל 100 גרם,false,1,16.90,3.89,false,1,
7290000135045,false,משקה אנרגיה XL בודד  תפוח,טמפו משקאות בעמ,,,יח,2.50,"ל100 מ""ל",false,1,4.50,1.68,true,1,
7290000135052,false,משקה אנרגיה XL בודד  מנגו,טמפו משקאות בעמ,,,יח,2.50,"ל100 מ""ל",false,1,4.50,1.68,true,1,
7290000135113,false,משקה אנרגיה XL בודד נענע ליים,טמפו משקאות בעמ,,,יח,2.50,"ל100 מ""ל",false,1,4.50,1.68,true,1,
7290000135311,false,פפסי מקס ליים טמפו,טמפו משקאות בעמ,,,יח,15,"ל100 מ""ל",false,1,7.50,0.48,true,1,
7290000135465,false,"סודה 12 יח` 500 מ""ל",טמפו משקאות בעמ,,,יח,6,לליטר,false,1,27.80,4.03,true,1,
7290000136141,false,פפסי 1.5 ליטר טמפו,טמפו משקאות בעמ,,,יח,15,"ל100 מ""ל",false,1,7.50,0.48,true,1,
7290000136158,false,פפסי מקס 1.5 ליטר טמפו,טמפו משקאות בעמ,,,יח,15,"ל100 מ""ל",false,1,7.50,0.48,true,1,
7290000136165,false,מירנדה 1.5 ליטר ק  טמפו,טמפו משקאות בעמ,,,יח,15,"ל100 מ""ל",false,1,7.50,0.48,true,1,
7290000136172,false,סבן אפ 1.5 ליטר בודד טמפו,טמפו משקאות בעמ,,,יח,1.50,לליטר,false,1,7.50,4.80,true,1,
7290000136189,false,7-UP 1.5 דייאט,טמפו משקאות בעמ,,,יח,15,"ל100 מ""ל",false,1,7.50,0.48,true,1,
7290000136240,false,סודה 1.5 ליטר בודד טמפו,טמפו משקאות בעמ,,,יח,15,"ל100 מ""ל",false,1,3.20,0.19,false,1,
7290000136271,false,סודה  לימון 1.5 ליטר,טמפו משקאות בעמ,,,יח,1.50,"ל100 מ""ל",false,1,3.80,2.33,true,1,
7290000136295,false,סירופ בטעם פטל סיידר גליל,טמפו משקאות בעמ,,,יח,3.30,"ל100 מ""ל",false,1,13.90,4.12,false,1,
7290000136301,false,סירופ בטעם  ענבים  סיידר גליל,טמפו משקאות בעמ,,,יח,3.30,"ל100 מ""ל",false,1,13.90,4.12,false,1,
7290000136516,false,ג אמפ -מנגו,טמפו משקאות בעמ,,,יח,15,"ל100 מ""ל",false,1,6.90,0.44,true,1,
7290000136523,false,ג אמפ ענבים 1.5 ליטר טמפו,טמפו משקאות בעמ,,,יח,15,"ל100 מ""ל",false,1,6.90,0.44,true,1,
7290000136561,false,ג אמפ תות בננה 1.5 ליטר טמפו,טמפו משקאות בעמ,,,יח,15,"ל100 מ""ל",false,1,6.90,0.44,true,1,
7290000136585,false,ג אמפ תפוזים 1.5 ליטר טמפו,טמפו משקאות בעמ,,,יח,15,ל 100 גרם,false,1,6.90,0.44,true,1,
7290000136646,false,נשר מאלט 1.5,טמפו משקאות בעמ,,,יח,15,"ל100 מ""ל",false,1,8.90,0.57,true,1,
7290000136691,false,סבן אפ 1.5 ליטר שישיה טמפו,טמפו משקאות בעמ,,,יח,90,"ל100 מ""ל",false,1,43.50,0.48,false,1,
7290000136769,false,פפסי 1.5 ליטר  שישיה טמפו,טמפו משקאות בעמ,,,יח,90,"ל100 מ""ל",false,1,45,0.48,false,1,
7290000136776,false,פפסי מקס 1.5 שישיה,טמפו משקאות בעמ,,,יח,90,"ל100 מ""ל",false,1,45,0.48,true,1,
7290000136790,false,סודה שישיה 1.5 ליטר טמפו,טמפו משקאות בעמ,,,יח,90,"ל100 מ""ל",false,1,16.70,0.17,false,1,
7290000136844,false,אקווה נובה 2 ליטר שישיה טמפו,טמפו משקאות בעמ,,,יח,120,"ל100 מ""ל",false,1,11.70,0.08,false,1,
7290000136875,false,מים מינרלים מוגז שישיה,טמפו משקאות בעמ,,,יח,9,לליטר,false,1,17.70,1.77,false,1,
7290000137513,false,גלידונית 60 יח,"גלידת שטראוס בע""מ",,,יח,7,ל 100 גרם,false,1,44.90,6.41,false,1,
7290000139104,false,שלווה מתוקה  230ג  אשבול,אשבול בעמ,,,יח,2.50,ל 100 גרם,false,1,8.90,3.56,false,1,
7290000139111,false,שלווה רגילה  90ג  אשבול,אשבול בעמ,,,יח,1,ל 100 גרם,false,1,3.50,3.50,false,1,
7290000139227,false,שלווה משפחתי לבן 150ג אשבול,אשבול בעמ,,,יח,1.50,ל 100 גרם,false,1,8.90,5.93,false,1,
7290000139289,false,מולטי שוקולד,אשבול בעמ,,,יח,4.20,ל 100 גרם,false,1,8.90,2.12,false,1,
7290000139715,false,קרמים נוגט 474גר`,אשבול בעמ,,,יח,4.74,ל 100 גרם,false,1,10.90,2.30,false,1,
7290000139753,false,קרמים שוקולד  550 גר`,אשבול בעמ,,,יח,5.50,ל 100 גרם,false,1,9.90,1.80,false,1,
7290000139777,false,קרמים וניל עוגיות 550 גרק,אשבול בעמ,,,יח,5.50,ל 100 גרם,false,1,10.90,1.98,false,1,
7290000143187,false,שמפו+קונד  לגבר,"הנקל סוד בע""מ",IL,,יח,7,"ל100 מ""ל",false,1,9.90,1.41,false,1,
7290000143194,false,שמפו הוואי 2ב-1,"הנקל סוד בע""מ",IL,,יח,7,"ל100 מ""ל",false,1,9.90,1.41,false,1,
7290000143200,false,קונדישנר הוואי יבש,"הנקל סוד בע""מ",IL,,יח,7,"ל100 מ""ל",false,1,9.90,1.41,false,1,
7290000143217,false,שמפו הוואי כחול לשיער יבש,"הנקל סוד בע""מ",IL,,יח,7,"ל100 מ""ל",false,1,9.90,1.41,false,1,
7290000143255,false,שמפו הוואי רגיל,"הנקל סוד בע""מ",IL,,יח,7,"ל100 מ""ל",false,1,9.90,1.41,false,1,
7290000143262,false,שמפו הוואי 700 ילדים,"הנקל סוד בע""מ",IL,,יח,7,"ל100 מ""ל",false,1,9.90,1.41,false,1,
7290000143279,false,שמפו הוואי 700 אדום,"הנקל סוד בע""מ",IL,,יח,7,"ל100 מ""ל",false,1,9.90,1.41,false,1,
7290000143286,false,מרכך הוואי ירוק,"הנקל סוד בע""מ",IL,,יח,7,"ל100 מ""ל",false,1,9.90,1.41,false,1,
7290000143293,false,מרכך  הוואי 700 ילדים,"הנקל סוד בע""מ",IL,,יח,7,"ל100 מ""ל",false,1,9.90,1.41,false,1,
7290000146645,false,ס. הוואי רבעיה שחור,"הנקל סוד בע""מ",IL,,יח,4,ל 100 גרם,false,1,12.90,3.23,true,1,
7290000146652,false,ס. הוואי רבעיה ורוד,"הנקל סוד בע""מ",IL,,יח,4,ל 100 גרם,false,1,12.90,3.23,true,1,
7290000146669,false,ס. הוואי רבעיה כחול,"הנקל סוד בע""מ",IL,,יח,4,ל 100 גרם,false,1,12.90,3.23,true,1,
7290000146676,false,ס. הוואי רבעיה לגבר,"הנקל סוד בע""מ",IL,,יח,4,ל 100 גרם,false,1,12.90,3.23,true,1,
7290000146683,false,ס. הוואי רבעיה קרם,"הנקל סוד בע""מ",IL,,יח,4,ל 100 גרם,false,1,12.90,3.23,true,1,
7290000146928,false,טום וג רי ט. ענבים,"הנקל סוד בע""מ",IL,,יח,0.75,ל 100 גרם,false,1,7.90,10.53,true,1,
7290000146997,false,מ.שינים טום וג רי,"הנקל סוד בע""מ",IL,,יח,0.50,ל 100 גרם,false,1,7.90,15.80,true,1,
7290000148380,false,פיסטוק 200 קלוי,ליימן שליסל בעמ,,,יח,2,ל 100 גרם,false,1,18.90,9.45,true,1,
7290000148489,false,גרעיני דלעת 200,ליימן שליסל בעמ,,,יח,2,ל 100 גרם,false,1,8.90,4.45,false,1,
7290000148618,false,קשיו 200,ליימן שליסל בעמ,,,יח,2,ל 100 גרם,false,1,19.90,9.95,true,1,
7290000148748,false,גרעיני חמניה 200,ליימן שליסל בעמ,,,יח,2,ל 100 גרם,false,1,5.90,2.95,true,1,
7290000149615,false,נקה 7 לתינוק רבעיה,החברה הדרומית לשיווק בעמ,,,יח,4,ל 100 גרם,false,1,10.90,2.73,false,1,
7290000149844,false,סינטבון חתול בודד     נקה,החברה הדרומית לשיווק בעמ,,,יח,2.30,ל 100 גרם,false,1,6.90,3,false,1,
7290000149905,false,טקסטיל שמפו 1 ל  נוזל נקה,החברה הדרומית לשיווק בעמ,,,יח,1,לליטר,false,1,13.90,13.90,false,1,
7290000152288,false,נק  עוף 400 גר,קבוצת אוסם סחר שותפות מוגבלת,,,יח,4,ל 100 גרם,false,1,14.90,3.73,true,1,
7290000161358,false,TELMA CANOLA OIL REAL MAYONNAISE,"יוניליוור ישראלשיווק בע""מ",,,יח,5,ל 100 גרם,false,12,13,2.60,false,1,
7290000166605,false,CIF GPC JASMINE 6X4KG,"יוניליוור ישראלשיווק בע""מ",,,יח,4,לליטר,false,1,19.90,4.98,false,1,
7290000169798,false,TELMA UGI 20 LS BDZ 12X500G,"יוניליוור ישראלשיווק בע""מ",,,יח,375,ל 100 גרם,false,1,19.90,0.05,false,1,
7290000174723,false,שוקולית 500 גרם ק,שטראוס גרופ בעמ,,,יח,5,ל 100 גרם,false,1,12.90,2.58,false,1,
7290000176062,false,קפה טורקי 100ג  עלית*,פיקסל אם.גי.אם בעמ,,,יח,1,ל 100 גרם,false,1,9.20,9.20,false,1,
7290000176079,false,קפה טורקי 100 הל,שטראוס גרופ בעמ,,,יח,1,ל 100 גרם,false,1,8.90,8.90,false,1,
7290000176116,false,"קפה טורקי 1ק""ג ואקום  עלית*ק",פיקסל אם.גי.אם בעמ,,,יח,10,"לק""ג",false,1,77.90,7.79,false,1,
7290000176413,false,קפה נמס 50,שטראוס גרופ בעמ,,,יח,0.50,ל 100 גרם,false,1,8.90,17.80,false,1,
7290000176420,false,קפה נמס 200ג  עלית  *,פיקסל אם.גי.אם בעמ,,,יח,2,ל 100 גרם,false,1,19.90,9.95,false,1,
7290000176468,false,האג נטול 50,שטראוס גרופ בעמ,,,יח,0.50,ל 100 גרם,false,1,10.80,21.60,false,1,
7290000176475,false,קפה נמס האג,שטראוס גרופ בעמ,,,יח,2,ל 100 גרם,false,1,33.90,16.95,false,1,
7290000178707,false,תפוציפס טבעי 50 גר,שטראוס פריטו ליי בעמ,,,יח,2,ל 100 גרם,false,1,3.80,1.90,false,1,
7290000178721,false,תפוצי פס 200 ג,שטראוס פריטו ליי בעמ,,,יח,2,ל 100 גרם,false,1,9.90,4.95,true,1,
7290000186603,false,דלי 10 ליטר ציבעוני,אושר א.א יבוא ושיווק כלי בית ב,,,יח,1,,false,1,9.90,9.90,false,1,
7290000187853,false,נייר טואלט לילי 40 לבן,קימברלי קלארק ישראל שיווק בעמ,,,יח,1,,false,1,47.90,47.90,false,1,
7290000187952,false,לילי טריו פרימיום 30,קימברלי קלארק ישראל שיווק בעמ,,,יח,17.88,ל 100 גרם,false,1,39.90,2.23,false,1,
7290000189680,false,מארז זוג מטליות לחות לריצפה,קימברלי קלארק ישראל שיווק בעמ,,,יח,1,,false,1,21.90,21.90,false,1,
7290000191225,false,טיטולים  אגיס מידה 2,קימברלי קלארק ישראל שיווק בעמ,,,יח,1,,false,1,29.90,29.90,false,1,
7290000193472,false,פדיות לילי,קימברלי קלארק ישראל שיווק בעמ,,,יח,1,,false,1,14.90,14.90,false,1,
7290000194288,false,משטח  החתלה,קימברלי קלארק ישראל שיווק בעמ,,,יח,1,,false,1,26.90,26.90,false,1,
7290000194837,false,ניקול שקיות מזון עם קשירה,קימברלי קלארק ישראל שיווק בעמ,,,יח,1,,false,1,10.90,10.90,false,1,
7290000195773,false,[מגבוני אגיס רבעיה רגיש,קימברלי קלארק ישראל שיווק בעמ,,,יח,1,,false,1,19.90,19.90,false,1,
7290000197425,false,האגיס פרידום  שלב 3 54 יחק,קימברלי קלארק ישראל שיווק בעמ,,,יח,1,,false,1,41.90,41.90,false,1,
7290000197456,false,האגיס פרידום  שלב 4  44 יח`,קימברלי קלארק ישראל שיווק בעמ,,,יח,1,,false,1,41.90,41.90,false,1,
7290000197463,false,האגיס פרידום  שלב  +4 42  יח`,קימברלי קלארק ישראל שיווק בעמ,,,יח,1,,false,1,41.90,41.90,false,1,
7290000197548,false,האגיס פרידום  שלב 5  38 יח`,קימברלי קלארק ישראל שיווק בעמ,,,יח,1,,false,1,41.90,41.90,false,1,
7290000197678,false,האגיס פרידום  שלב 6 34יח`,קימברלי קלארק ישראל שיווק בעמ,,,יח,1,,false,1,41.90,41.90,false,1,
7290000197982,false,זוג רדיד אלומיניום עבה,קימברלי קלארק ישראל שיווק בעמ,,,יח,1,,false,1,21.90,21.90,false,1,
7290000197999,false,זוג רדיד אלומיניום עבה,קימברלי קלארק ישראל שיווק בעמ,,,יח,1,,false,1,17.90,17.90,false,1,
7290000201818,false,טיטולים פרימיום  שלב 2,קימברלי קלארק ישראל שיווק בעמ,,,יח,1,,false,1,31.90,31.90,false,1,
7290000201832,false,טיטולים פרימיום  שלב 3,קימברלי קלארק ישראל שיווק בעמ,,,יח,1,,false,1,31.90,31.90,false,1,
7290000201849,false,טיטולים פרימיום  שלב 4,קימברלי קלארק ישראל שיווק בעמ,,,יח,1,,false,1,31.90,31.90,false,1,
7290000201856,false,טיטולים פרימיום  שלב  +4,קימברלי קלארק ישראל שיווק בעמ,,,יח,1,,false,1,31.90,31.90,false,1,
7290000201863,false,טיטולים פרימיום  שלב 5,קימברלי קלארק ישראל שיווק בעמ,,,יח,1,,false,1,31.90,31.90,false,1,
7290000201870,false,טיטולים פרימיום  שלב 6,קימברלי קלארק ישראל שיווק בעמ,,,יח,1,,false,1,31.90,31.90,false,1,
7290000207063,false,רסק פריכוז בודד,זנלכל בעמ,,,יח,2.60,ל 100 גרם,false,1,4.90,1.88,false,1,
7290000207162,false,רסק עג  100 גר,זנלכל בעמ,,,יח,1,ל 100 גרם,false,1,2.50,2.50,true,1,
7290000207438,false,עגבניות קוביות זנלכל,זנלכל בעמ,,,יח,8,ל 100 גרם,false,1,9.90,1.24,false,1,
7290000208008,false,חריסה זנלכל,זנלכל בעמ,,,יח,5.50,ל 100 גרם,false,1,9.50,1.73,true,1,
7290000208022,false,עגבניות מרוסקות זנלכל,זנלכל בעמ,,,יח,8,ל 100 גרם,false,1,9.90,1.24,false,1,
7290000208138,false,סירופ דיאט  ענבים,זנלכל בעמ,,,יח,1,לליטר,false,1,16.90,16.90,false,1,
7290000208145,false,תירס קל A2,זנלכל בעמ,,,יח,5.50,ל 100 גרם,false,1,9.90,1.80,false,1,
7290000208213,false,שעועית אפויה A2 יכין,זנלכל בעמ,,,יח,6,ל 100 גרם,false,1,7.90,1.32,true,1,
7290000208220,false,שעועית  צ לי חריפה,זנלכל בעמ,,,יח,5.50,ל 100 גרם,false,1,8.90,1.62,false,1,
7290000208312,false,תירס ואקום יכין,זנלכל בעמ,,,יח,3.25,ל 100 גרם,false,1,6.90,2.12,true,1,
7290000208329,false,תירס  A2 יכין,זנלכל בעמ,,,יח,5.60,ל 100 גרם,false,1,7.90,1.41,true,1,
7290000208336,false,רסק עגבניות 22%  240 גר`,זנלכל בעמ,,,יח,2.40,ל 100 גרם,false,1,3.90,1.63,true,1,
7290000208343,false,עגבניות מרוסקות 2.5נלכל,זנלכל בעמ,,,יח,9,ל 100 גרם,false,1,9.90,1.10,false,1,
7290000208350,false,עגבניות מרוסקות בצל זנלכל,זנלכל בעמ,,,יח,9,ל 100 גרם,false,1,9.90,1.10,false,1,
7290000208367,false,עגבניות מרוסקות בזיליקום,זנלכל בעמ,,,יח,8,ל 100 גרם,false,1,9.90,1.24,false,1,
7290000208404,false,פול זנלכל,זנלכל בעמ,,,יח,6,ל 100 גרם,false,1,7.90,1.32,false,1,
7290000208428,false,חומוס גרעיים A2 יכין ק,זנלכל בעמ,,,יח,6,ל 100 גרם,false,1,7.90,1.32,true,1,
7290000208459,false,"לקט תפו""א זנלכל",זנלכל בעמ,,,יח,6,ל 100 גרם,false,1,6.90,1.15,false,1,
7290000208480,false,תירס חמאה  A2,זנלכל בעמ,,,יח,2.60,ל 100 גרם,false,1,8.90,3.42,false,1,
7290000208534,false,תירס קיד,זנלכל בעמ,,,יח,5.50,ל 100 גרם,false,1,8.90,1.62,false,1,
7290000208800,false,תירס ואקום קיד,זנלכל בעמ,,,יח,5.50,ל 100 גרם,false,1,6.50,1.18,false,1,
7290000208893,false,תירס לייט ואקום,זנלכל בעמ,,,יח,3.40,ל 100 גרם,false,1,6.50,1.91,false,1,
7290000208930,false,עגב  מרוסקות  240גר שום,זנלכל בעמ,,,יח,2.40,ל 100 גרם,false,1,5.50,2.29,false,1,
7290000209371,false,תירס  ואקום   A2,זנלכל בעמ,,,יח,2.60,ל 100 גרם,false,1,14.90,5.73,false,1,
7290000209388,false,תירס  ואקום לייט,זנלכל בעמ,,,יח,1,,false,1,14.90,14.90,false,1,
7290000209555,false,סירופ דיאט  תפוחים,זנלכל בעמ,,,יח,1,לליטר,false,1,16.90,16.90,false,1,
7290000209708,false,עגב  מרוסקות 260 גר  בזיח,זנלכל בעמ,,,יח,2.60,ל 100 גרם,false,1,5.50,2.12,false,1,
7290000209722,false,רסק פריכוז יכין 28,זנלכל בעמ,,,יח,5.80,ל 100 גרם,false,1,9.90,1.71,false,1,
7290000210469,false,עגבניות שלמות 2.5    A2,זנלכל בעמ,,,יח,6,ל 100 גרם,false,1,9.90,1.65,false,1,
7290000211169,false,Thai rice 1 kg - Sugat,סוגת תעשיות בעמ,,,יח,10,ל 100 גרם,false,1,6.90,0.69,false,1,
7290000211312,false,1 kg rice - Sugat,סוגת תעשיות בעמ,,,יח,10,ל 100 גרם,false,1,8.90,0.89,false,1,
7290000211442,false,Persian Rice 1kg - Sugat,סוגת תעשיות בעמ,,,יח,10,ל 100 גרם,false,12,10.90,1.09,true,1,
7290000211503,false,Sugar 1 kg - Sugat,סוגת תעשיות בעמ,,,יח,10,ל 100 גרם,false,10,3.90,0.39,false,1,
7290000211626,false,1 kg rice quickly - Sugat,סוגת תעשיות בעמ,,,יח,10,ל 100 גרם,false,1,10.90,1.09,false,1,
7290000211985,false,Round grain rice 1 kg - Sugat,סוגת תעשיות בעמ,,,יח,10,ל 100 גרם,false,1,9.90,0.99,false,1,
7290000212579,false,וופל שוקו סטינג מצופה מנעמי 20 ג `*40י,מנעמים תעשיות מזון בעמ**,,,יח,8,ל 100 גרם,false,1,16.90,2.11,false,1,
7290000218502,false,Hamin A-2 December Vita - Vita,ויטה-פרי גליל (החדשה) בעמ,,,יח,5.68,ל 100 גרם,false,1,7.90,1.39,false,1,
7290000226514,false,By .dovos condensed milk - Kapulski,קפולסקי אדל בעמ,,,יח,4.50,ל 100 גרם,false,1,39.90,8.87,false,1,
7290000226545,false,By .tort Black Forest - Kapulski,קפולסקי אדל בעמ,,,יח,1.10,"לק""ג",false,1,64.90,59,false,1,
7290000226613,false,Chocolate covered by .dovos - Kapulski,קפולסקי אדל בעמ,,,יח,1,"לק""ג",false,1,39.90,39.90,false,1,
7290000238029,false,"בצק עלים מרודד מעדנות 1 ק""ג",תנובה ענף ב.ע.ד,,,ל 100 גרם,1,"לק""ג",false,1,17.90,17.90,false,1,
7290000238036,false,מלווח 700 גרם מעדנות,תנובה ענף ב.ע.ד,,,יח,7,יח,false,1,13.90,1.99,false,1,
7290000238173,false,בורקס במילוי גבינה 800 גרם מעדנות,תנובה ענף ב.ע.ד,,,ל 100 גרם,8,ל 100 גרם,false,1,19.90,2.49,false,1,
7290000238180,false,בורקס במילוי תפוא 800 גרם מעדנות,תנובה ענף ב.ע.ד,,,ל 100 גרם,8,ל 100 גרם,false,1,16.90,2.11,false,1,
7290000240541,false,ריבועי בצק עלים 800 גרם מעדנות,תנובה ענף ב.ע.ד,,,ל 100 גרם,8,ל 100 גרם,false,1,22.90,2.86,false,1,
7290000244051,false,סבון נוזלי שלישיה,"הנקל סוד בע""מ",IL,,יח,1.50,לליטר,false,1,15.90,10.60,true,1,
7290000244082,false,אל סבון הוואי שלישיה,"הנקל סוד בע""מ",IL,,יח,1.50,לליטר,false,1,15.90,10.60,true,1,
7290000245072,false,מ. כביסה  לתינוק  4ליטר,גורי שיווק בעמ,,,יח,4,לליטר,false,1,16.90,4.23,false,1,
7290000245089,false,סוד סופט לבן 4 ל,גורי שיווק בעמ,,,יח,4,לליטר,false,1,16.90,4.23,false,1,
7290000245157,false,מרכך כביסה סנסיישין,גורי שיווק בעמ,,,יח,40,"ל100 ס""מ",false,1,16.90,0.42,false,1,
7290000245270,false,1פרסיל 1.25,גורי שיווק בעמ,,,יח,12,ל 100 גרם,false,1,14.90,1.24,false,1,
7290000245478,false,א. כביסה לתינוק,גורי שיווק בעמ,,,יח,1.25,"לק""ג",false,1,12.90,10.32,false,1,
7290000245515,false,א.כביסה קומפקט ביו,גורי שיווק בעמ,,,יח,12,ל 100 גרם,false,1,12.90,1.08,false,1,
7290000245539,false,א.כביסה קומפקט קולור,גורי שיווק בעמ,,,יח,1.25,"לק""ג",false,1,12.90,10.32,false,1,
7290000245782,false,מ.כביסה ורוד 4לי,גורי שיווק בעמ,,,יח,40,"ל100 ס""מ",false,1,16.90,0.42,false,1,
7290000253220,false,שוקולד ציפס 260 ג,תה ויסוצקי (ישראל)בעמ,,,יח,2.60,ל 100 גרם,false,1,10.90,4.19,false,1,
7290000253251,false,שוקוצ יפס   לבן לעוגה,תה ויסוצקי (ישראל)בעמ,,,יח,2.50,ל 100 גרם,false,1,10.90,4.36,false,1,
7290000253374,false,מיני  שוקולד ציפס 250 גר`,תה ויסוצקי (ישראל)בעמ,,,יח,2.50,ל 100 גרם,false,1,14.90,5.96,false,1,
7290000262031,false,מולאט  לב אדום 32 *ZZ,קימברלי קלארק ישראל שיווק בעמ,,,יח,32,למארז,false,1,29.90,0.93,false,1,
7290000272696,false,לימוןטבעי 1 ליטר ק,קבוצת אוסם סחר שותפות מוגבלת,,,יח,10,"ל100 מ""ל",false,1,10.90,1.09,false,1,
7290000272726,false,חומץ טבעי 1 ליטר אוסם,קבוצת אוסם סחר שותפות מוגבלת,,,יח,10,"ל100 מ""ל",false,1,7.90,0.79,false,1,
7290000286297,false,סנו מסיר אבן מקו.,החברה הדרומית לשיווק בעמ,,,יח,7,"ל100 מ""ל",false,1,9.90,1.41,false,1,
7290000286921,false,סנוקל רסס כבס,החברה הדרומית לשיווק בעמ,,,יח,7.50,"ל100 מ""ל",false,1,11.90,1.59,false,1,
7290000286945,false,"רהיטנוזל סנו 500 מ""ל",החברה הדרומית לשיווק בעמ,,,יח,5,"ל100 מ""ל",false,1,25.90,5.18,false,1,
7290000287195,false,סנורהיט אירוסול ק,החברה הדרומית לשיווק בעמ,,,יח,3.05,"ל100 מ""ל",false,1,14.90,4.89,false,1,
7290000287409,false,סנובון*שלישיה  תות`/ לימון,החברה הדרומית לשיווק בעמ,,,יח,1,,false,1,10.90,10.90,false,1,
7290000287430,false,שלישית סבון אסלות,החברה הדרומית לשיווק בעמ,,,יח,1.65,ל 100 גרם,false,1,10.90,6.61,false,1,
7290000287485,false,סנובון  שלישיה לובר,החברה הדרומית לשיווק בעמ,,,יח,1.65,ל 100 גרם,false,1,10.90,6.61,false,1,
7290000287492,false,סנובון נוזלי,החברה הדרומית לשיווק בעמ,,,יח,7.50,"ל100 מ""ל",false,1,9.90,1.32,false,1,
7290000288024,false,אקונמיקה 4 ליטר. ק,החברה הדרומית לשיווק בעמ,,,יח,40,"ל100 מ""ל",false,1,16.90,0.42,false,1,
7290000288048,false,סנו ז אוול מרסס. ק,החברה הדרומית לשיווק בעמ,,,יח,10,"ל100 מ""ל",false,1,17.90,1.79,false,1,
7290000288086,false,אבקת ניקוי .JAVEL,החברה הדרומית לשיווק בעמ,,,יח,6,ל 100 גרם,false,1,10.90,1.82,false,1,
7290000288352,false,K-300   סנו.,החברה הדרומית לשיווק בעמ,,,יח,6.30,"ל100 מ""ל",false,1,20.90,3.32,false,1,
7290000288383,false,K-500   סנו.,החברה הדרומית לשיווק בעמ,,,יח,4,"ל100 מ""ל",false,1,20.90,5.23,false,1,
7290000288390,false,K-600   סנו.,החברה הדרומית לשיווק בעמ,,,יח,5,"ל100 מ""ל",false,1,20.90,4.18,false,1,
7290000288642,false,מרכך  4 ליטר מקסי.,החברה הדרומית לשיווק בעמ,,,יח,40,"ל100 מ""ל",false,1,21.90,0.55,false,1,
7290000288659,false,סנו דיי אלוורה רולאון גונגל,החברה הדרומית לשיווק בעמ,,,יח,0.50,"ל100 מ""ל",false,1,19.90,39.80,false,1,
7290000289069,false,סנו ג באל מרסס ל. ק,החברה הדרומית לשיווק בעמ,,,יח,10,"ל100 מ""ל",false,1,17.90,1.79,false,1,
7290000289595,false,אורביטול משחת שי,החברה הדרומית לשיווק בעמ,,,יח,1,ל 100 גרם,false,1,7.90,7.90,false,1,
7290000289748,false,סנו פורטה פלוס. ק,החברה הדרומית לשיווק בעמ,,,יח,7.50,"ל100 מ""ל",false,1,13.90,1.85,false,1,
7290000289885,false,סנו פרש יבש,החברה הדרומית לשיווק בעמ,,,יח,3.75,"ל100 מ""ל",false,1,10.90,2.91,false,1,
7290000289892,false,סנופרש יבש ענק,החברה הדרומית לשיווק בעמ,,,יח,3.75,"ל100 מ""ל",false,1,10.90,2.91,false,1,
7290000291857,false,פוליויקס 2 ליטר.,החברה הדרומית לשיווק בעמ,,,יח,2,לליטר,false,1,19.90,9.95,false,1,
7290000291932,false,סנובון נוזלי כחו,החברה הדרומית לשיווק בעמ,,,יח,7.50,"ל100 מ""ל",false,1,9.90,1.32,false,1,
7290000291963,false,סנו ג אבל 1 ליטר,החברה הדרומית לשיווק בעמ,,,יח,10,"ל100 מ""ל",false,1,8.90,0.89,false,1,
7290000292137,false,מנקה עור נוזלי ס ק.,החברה הדרומית לשיווק בעמ,,,יח,5,"ל100 מ""ל",false,1,29.90,5.98,false,1,
7290000292311,false,פוליויקס 2 ליטר ק,החברה הדרומית לשיווק בעמ,,,יח,20,"ל100 מ""ל",false,1,20.90,1.05,false,1,
7290000292502,false,K-700 תרסיס,החברה הדרומית לשיווק בעמ,,,יח,8,"ל100 מ""ל",false,1,17.90,2.24,false,1,
7290000292564,false,K-2000 ק,החברה הדרומית לשיווק בעמ,,,יח,7.50,"ל100 מ""ל",false,1,29.90,3.99,false,1,
7290000292687,false,שלשיה סנובון כחו,החברה הדרומית לשיווק בעמ,,,יח,1.65,ל 100 גרם,false,1,14.90,9.03,false,1,
7290000292915,false,רסס נגב סנו +אק,החברה הדרומית לשיווק בעמ,,,יח,7.50,"ל100 מ""ל",false,1,10.90,1.45,false,1,
7290000293073,false,מרכך  4 ליטר ביו,החברה הדרומית לשיווק בעמ,,,יח,40,"ל100 מ""ל",false,1,21.90,0.55,false,1,
7290000293561,false,מסיר עובש סנו ק,החברה הדרומית לשיווק בעמ,,,יח,7.50,"ל100 מ""ל",false,1,14.90,1.99,false,1,
7290000293943,false,אנטי קלאק מסיר א ק,החברה הדרומית לשיווק בעמ,,,יח,10,"ל100 מ""ל",false,1,17.90,1.79,false,1,
7290000294391,false,סופר אקטיב 4 ליט ק.,החברה הדרומית לשיווק בעמ,,,יח,4,לליטר,false,1,17.90,4.48,false,1,
7290000294780,false,סנו ג אבל סמיכה,החברה הדרומית לשיווק בעמ,,,יח,40,"ל100 מ""ל",false,1,16.90,0.42,false,1,
7290000295367,false,"אפקט ג באל 2.5 ק""ג",החברה הדרומית לשיווק בעמ,,,יח,25,ל 100 גרם,false,1,24.90,1,false,1,
7290000295541,false,רב מגבת ג מבו,החברה הדרומית לשיווק בעמ,,,יח,3.90,ל 100 גרם,false,1,17.90,4.59,false,1,
7290000295589,false,טלק בייבי כיף,החברה הדרומית לשיווק בעמ,,,יח,2,ל 100 גרם,false,1,14.90,7.45,false,1,
7290000300900,false,טבעול שניצל תירס 750 גרם,קבוצת אוסם סחר שותפות מוגבלת,,,ל 100 גרם,7.50,ל 100 גרם,false,1,27.90,3.72,true,1,
7290000303581,false,Fava A-2 expired - Pry Galilee,ויטה-פרי גליל (החדשה) בעמ,,,יח,5.60,ל 100 גרם,false,1,6.90,1.23,false,1,
7290000303598,false,Goa .brotb A-2 Guild - Pry Galilee,ויטה-פרי גליל (החדשה) בעמ,,,יח,5.80,ל 100 גרם,false,1,6.90,1.19,true,1,
7290000303604,false,Hummus A-2 Rabbinate expired - Pry Galil,ויטה-פרי גליל (החדשה) בעמ,,,יח,5.50,ל 100 גרם,false,1,6.90,1.25,true,1,
7290000304663,false,סלט טונה פיקנטי 160ג יונה דיפלומט*,דיפלומט מפיצים #,,,יח,1.60,ל 100 גרם,false,1,6.50,4.06,false,1,
7290000307015,false,A-2 peas expired - Pry Galilee,ויטה-פרי גליל (החדשה) בעמ,,,יח,5.50,ל 100 גרם,false,1,6.90,1.25,true,1,
7290000307046,false,Peas and carrots A-2 expired - Pry Galil,ויטה-פרי גליל (החדשה) בעמ,,,יח,5.50,ל 100 גרם,false,1,6.90,1.25,true,1,
7290000307220,false,Corn 12 Unk expired - Pry Galilee,ויטה-פרי גליל (החדשה) בעמ,,,יח,4.50,ל 100 גרם,false,1,4.90,1.09,false,1,
7290000307237,false,A-2 corn expired - Pry Galilee,ויטה-פרי גליל (החדשה) בעמ,,,יח,5.50,ל 100 גרם,false,24,6.90,1.25,true,1,
7290000307343,false,Green A-2 hours expired - Pry Galilee,ויטה-פרי גליל (החדשה) בעמ,,,יח,5.50,ל 100 גרם,false,1,6.90,1.25,false,1,
7290000307800,false,Paul 800 expired - Pry Galilee,ויטה-פרי גליל (החדשה) בעמ,,,יח,8,ל 100 גרם,false,1,10.90,1.36,false,1,
7290000311128,false,butter cookies,רוקחמן בעמ,,,יח,3,ל 100 גרם,false,1,6.90,2.30,false,1,
7290000311135,false,chocosticks cookies,רוקחמן בעמ,,,יח,3,ל 100 גרם,false,1,6.90,2.30,false,1,
7290000311180,false,chocolate wafers,רוקחמן בעמ,,,יח,2.50,ל 100 גרם,false,1,7.50,3,false,1,
7290000311203,false,chocolate wafers 200,רוקחמן בעמ,,,יח,2,ל 100 גרם,false,1,4.30,2.15,false,1,
7290000311210,false,lemon wafers 200,רוקחמן בעמ,,,יח,2,ל 100 גרם,false,1,4.30,2.15,false,1,
7290000311227,false,coffee wafers,רוקחמן בעמ,,,יח,2,ל 100 גרם,false,1,4.30,2.15,false,1,
7290000311234,false,vanilla wafers,רוקחמן בעמ,,,יח,2,ל 100 גרם,false,1,4.30,2.15,false,1,
7290000311258,false,coated wafers,רוקחמן בעמ,,,יח,2.50,ל 100 גרם,false,1,5.90,2.36,false,1,
7290000311319,false,coated wafers,רוקחמן בעמ,,,יח,10,ל 100 גרם,false,1,22.90,2.29,false,1,
7290000311357,false,egozit,רוקחמן בעמ,,,יח,2.80,ל 100 גרם,false,1,10.90,3.89,false,1,
7290000311425,false,coated wafers,רוקחמן בעמ,,,יח,2.20,ל 100 גרם,false,1,7.50,3.41,false,1,
7290000311500,false,chocolate wafers 500,רוקחמן בעמ,,,יח,5,ל 100 גרם,false,1,8.90,1.78,false,1,
7290000311517,false,lemon wafers 500,רוקחמן בעמ,,,יח,5,יח,false,1,8.90,1.78,false,1,
7290000311708,false,whole wheat cookies,רוקחמן בעמ,,,יח,3,ל 100 גרם,false,1,6.90,2.30,false,1,
7290000311715,false,chocolate cookies,רוקחמן בעמ,,,יח,3,ל 100 גרם,false,1,6.90,2.30,false,1,
7290000311722,false,stars cookies,רוקחמן בעמ,,,יח,3,ל 100 גרם,false,1,6.90,2.30,false,1,
7290000313160,false,חברים זהבה ו 3 דובים,קבוצת אוסם סחר שותפות מוגבלת,,,יח,2.50,ל 100 גרם,false,1,7.90,3.16,false,1,
7290000313184,false,חברים בסקויט גן חיות,קבוצת אוסם סחר שותפות מוגבלת,,,יח,2.50,ל 100 גרם,false,1,7.90,3.16,false,1,
7290000313290,false,נודלס איטריות מסולסלות,קבוצת אוסם סחר שותפות מוגבלת,,,יח,2,ל 100 גרם,false,1,8.90,4.45,false,1,
7290000315133,false,KNORR TZIR BEEF PASTE 300 GR,"יוניליוור ישראלשיווק בע""מ",,,יח,3,ל 100 גרם,false,12,25.90,8.63,false,1,
7290000318189,false,פסטרמה ברבקיו על האש,מעדני יחיעם (1993) בעמ,,,יח,3,ל 100 גרם,false,1,28.90,9.63,false,1,
7290000318707,false,סלמי מעושן יחיעם,מעדני יחיעם (1993) בעמ,,,יח,5,ל 100 גרם,false,1,34.90,6.98,true,1,
7290000318738,false,נקניק עוף 450,מעדני יחיעם (1993) בעמ,,,יח,4.50,ל 100 גרם,false,1,11.90,2.64,false,1,
7290000319063,false,כתף בקר  מפולפל 150  גר` יחיעם,מעדני יחיעם (1993) בעמ,,,יח,1.50,ל 100 גרם,false,1,27.90,18.60,false,1,
7290000319131,false,נקנקיות עוף יחיעם 400,מעדני יחיעם (1993) בעמ,,,יח,4,ל 100 גרם,false,1,10.90,2.73,false,1,
7290000319391,false,"נקנקיות  צ`ופר 1 ק""ג",מעדני יחיעם (1993) בעמ,,,יח,0,ל 100 גרם,false,1,18.90,18.90,false,1,
7290000319520,false,צרפתי גורמה 100 יחיעם,מעדני יחיעם (1993) בעמ,,,יח,1,ל 100 גרם,false,1,19.90,19.90,false,1,
7290000319803,false,קבנוס קלאסי  125 גר  יחיעם,מעדני יחיעם (1993) בעמ,,,יח,1.25,ל 100 גרם,false,1,13.90,11.12,true,1,
7290000334325,false,שלישית  צ יפס למיקרו תפוגן 125  ג`ליח`,קבוצת אוסם סחר שותפות מוגבלת,,,יח,3.75,"לק""ג",false,1,13.90,3.71,false,1,
7290000334684,false,טבעות בצל תפוגן 700 גרם,קבוצת אוסם סחר שותפות מוגבלת,,,יח,0.70,"לק""ג",false,1,17.90,25.57,false,1,
7290000334745,false,"ציפס אמריקאי דקדק תפוגן 1.5 ק""ג",קבוצת אוסם סחר שותפות מוגבלת,,,יח,1.50,"לק""ג",false,1,23.90,15.93,false,1,
7290000339191,false,RAN BLEACH 0.350 KG,"יוניליוור ישראלשיווק בע""מ",,,יח,3.50,ל 100 גרם,false,1,17.90,5.11,false,1,
7290000339566,false,BADIN PINK 6X4L,"יוניליוור ישראלשיווק בע""מ",,,יח,40,"ל100 מ""ל",false,1,19.80,0.50,false,1,
7290000339849,false,CIF PASTE SMADAR ZOHAR 1X3.5KG,"יוניליוור ישראלשיווק בע""מ",,,יח,3.50,"לק""ג",false,1,26.90,7.69,false,1,
7290000339887,false,CIF PASTE LEMON ZOHAR 1X3.5KG,"יוניליוור ישראלשיווק בע""מ",,,יח,3.50,"לק""ג",false,1,26.90,7.69,false,1,
7290000341071,false,BADIN BABY 2010 6X2L,"יוניליוור ישראלשיווק בע""מ",,,יח,2,לליטר,false,1,14.90,7.45,false,1,
7290000342832,false,BADIN YELLOW 4L 2010 6X4L,"יוניליוור ישראלשיווק בע""מ",,,יח,40,"ל100 מ""ל",false,1,19.80,0.50,false,1,
7290000342856,false,BADIN BLUE 4L 2003 RELAUNCH,"יוניליוור ישראלשיווק בע""מ",,,יח,40,"ל100 מ""ל",false,1,19.80,0.50,false,1,
7290000345048,false,תה 125 גר,תה ויסוצקי (ישראל)בעמ,,,יח,1.25,ל 100 גרם,false,1,12.90,10.32,false,1,
7290000345055,false,100 ארל גריי,תה ויסוצקי (ישראל)בעמ,,,יח,1,ל 100 גרם,false,1,13.90,13.90,false,1,
7290000345116,false,תה ירוק 125,תה ויסוצקי (ישראל)בעמ,,,יח,1.25,ל 100 גרם,false,1,14.90,11.92,false,1,
7290000345215,false,תה 100\1 כחול ק,תה ויסוצקי (ישראל)בעמ,,,יח,1,ל 100 גרם,false,1,16.90,16.90,false,1,
7290000345260,false,25/1.5 תה בריבוע,תה ויסוצקי (ישראל)בעמ,,,יח,0.3750,ל 100 גרם,false,1,6.90,18.40,false,1,
7290000345277,false,תה 50 שקיות,תה ויסוצקי (ישראל)בעמ,,,יח,0.75,ל 100 גרם,false,1,12.90,17.20,false,1,
7290000345291,false,תה ארל גריי 25,תה ויסוצקי (ישראל)בעמ,,,יח,0.3750,ל 100 גרם,false,1,15.90,42.40,true,1,
7290000345307,false,תה ארל גרי,תה ויסוצקי (ישראל)בעמ,,,יח,0.75,ל 100 גרם,false,1,27.90,37.20,false,1,
7290000345536,false,תה נענע,תה ויסוצקי (ישראל)בעמ,,,יח,0.3750,ל 100 גרם,false,1,16.90,45.07,false,1,
7290000346120,false,.תה קינמון,תה ויסוצקי (ישראל)בעמ,,,יח,0.6250,ל 100 גרם,false,1,17.90,28.64,false,1,
7290000346168,false,חליטת שומר 25,תה ויסוצקי (ישראל)בעמ,,,יח,0.3750,ל 100 גרם,false,1,17.90,47.73,false,1,
7290000346199,false,"פרות היער -""הגן",תה ויסוצקי (ישראל)בעמ,,,יח,0.6750,ל 100 גרם,false,1,17.90,26.52,false,1,
7290000346205,false,תה קמומיל ויסוצקי,תה ויסוצקי (ישראל)בעמ,,,יח,0.3750,ל 100 גרם,false,1,17.90,47.73,false,1,
7290000346212,false,.תה מנטה,תה ויסוצקי (ישראל)בעמ,,,יח,0.50,ל 100 גרם,false,1,17.90,35.80,false,1,
7290000346236,false,ורבנה,תה ויסוצקי (ישראל)בעמ,,,יח,0.50,ל 100 גרם,false,1,17.90,35.80,false,1,
7290000346960,false,תה נענע 1.5,תה ויסוצקי (ישראל)בעמ,,,יח,15,ל 100 גרם,false,1,29,1.93,false,1,
7290000347202,false,"תה 74 בק""ג",תה ויסוצקי (ישראל)בעמ,,,יח,1,"לק""ג",false,1,36.90,36.90,false,1,
7290000347738,false,תה ירוק עם נענע,תה ויסוצקי (ישראל)בעמ,,,יח,0.3750,ל 100 גרם,false,1,22.90,61.07,true,1,
7290000347752,false,תה ירוק לימונית,תה ויסוצקי (ישראל)בעמ,,,יח,0.3750,ל 100 גרם,false,1,22.90,61.07,true,1,
7290000355382,false,Agb.mroskot Basil. A-2.5 Phone - Phone,ויטה-פרי גליל (החדשה) בעמ,,,יח,8,ל 100 גרם,false,1,7.20,0.90,false,1,
7290000355405,false,Agb.mroskot 2.5 Tal a-onion - Phone,ויטה-פרי גליל (החדשה) בעמ,,,יח,8,ל 100 גרם,false,1,7.20,0.90,false,1,
7290000355412,false,Agb.mroskot any A-2.5 Phone - Phone,ויטה-פרי גליל (החדשה) בעמ,,,יח,8,ל 100 גרם,false,1,7.20,0.90,false,1,
7290000355481,false,Flirted sauce. A-BX22 2 uto - Uto,ויטה-פרי גליל (החדשה) בעמ,,,יח,5.70,ל 100 גרם,false,1,5.90,1.04,false,1,
7290000355498,false,Flirted sauce. A-BX28 2 uto - Uto,ויטה-פרי גליל (החדשה) בעמ,,,יח,5.80,ל 100 גרם,false,12,6.50,1.12,false,1,
7290000355757,false,Agb.mroskot A-2.5 Phone - Phone,ויטה-פרי גליל (החדשה) בעמ,,,יח,8,ל 100 גרם,false,1,7.20,0.90,false,1,
7290000363899,false,נקנקיות פיקנטיות,תנובה ענף ב.ע.ד,,,יח,4,ל 100 גרם,false,1,15.90,3.98,false,1,
7290000364131,false,פריזר כפרי 400 ג,תנובה ענף ב.ע.ד,,,יח,4,ל 100 גרם,false,1,17.90,4.48,false,1,
7290000364872,false,נק  עוף 400 גרם,תנובה ענף ב.ע.ד,,,יח,4,ל 100 גרם,false,1,12.90,3.23,false,1,
7290000367590,false,צמד כפרי 800,תנובה ענף ב.ע.ד,,,יח,8,ל 100 גרם,false,1,28.90,3.61,false,1,
7290000377445,false,נש צ אנס 200 שקית,ליימן שליסל בעמ,,,יח,2,ל 100 גרם,false,1,7.90,3.95,false,1,
7290000377452,false,גרעיני אבטיח 200,ליימן שליסל בעמ,,,יח,2,ל 100 גרם,false,1,11.90,5.95,false,1,
7290000379654,false,חלה  אנג`ל קלועה,שלמה א.אנג ל בעמ,,,יח,5,ל 100 גרם,false,1,6.70,1.34,false,1,
7290000408316,false,דנונה כפיר,שטראוס גרופ בעמ (ח),,,יח,2,"ל100 מ""ל",false,1,3.50,1.75,false,1,
7290000408354,false,בר דנונה פיצפוצים,שטראוס גרופ בעמ (ח),,,יח,1.75,"ל100 מ""ל",false,1,4.50,2.57,false,1,
7290000412481,false,מנקה אסלות 1 ליט. ק,החברה הדרומית לשיווק בעמ,,,יח,10,"ל100 מ""ל",false,1,7.90,0.79,false,1,
7290000412764,false,פזטוקס אירוסול,החברה הדרומית לשיווק בעמ,,,יח,6.30,"ל100 מ""ל",false,1,18.90,3,false,1,
7290000416021,false,Spread cream 500 dairy premium-Hshachar,השחר העולה בעמ,,,יח,5,ל 100 גרם,false,1,12.90,2.58,false,1,
7290000416045,false,Spread premium cream 1 kg 15 pcs-Hshacha,השחר העולה בעמ,,,יח,1,"לק""ג",false,1,24.90,24.90,false,1,
7290000416076,false,Compound chocolate 400g fur-Hshachar,השחר העולה בעמ,,,יח,4,ל 100 גרם,false,1,12.70,3.18,false,1,
7290000416618,false,Fur paste 400g-Hshachar,השחר העולה בעמ,,,יח,4,ל 100 גרם,false,1,11.90,2.98,false,1,
7290000416632,false,Fur paste 1kg-Hshachar,השחר העולה בעמ,,,יח,1,"לק""ג",false,1,23.90,23.90,false,1,
7290000416854,false,קקאו השחר העולה 150ג,השחר העולה בעמ,,,יח,1.50,ל 100 גרם,false,1,9.90,6.60,false,1,
7290000419107,false,קפה לנדוור 100ג  כחול,ש.שסטוביץ בעמ,,,יח,1,ל 100 גרם,false,1,6.90,6.90,false,1,
7290000419220,false,מארז קפה לנדוור שלישיה,ש.שסטוביץ בעמ,,,יח,3,ל 100 גרם,false,1,18.90,6.30,false,1,
7290000420325,false,פופקורן פופ סטאר חמישייה,"דנשר (1963) בע,מ",,,יח,5,ל 100 גרם,false,1,13.90,2.78,true,1,
7290000435213,false,מיני עדשים 20  גר`,לירון קרביץ יבוא שיווק וסחר,,,יח,0.20,ל 100 גרם,false,1,1.50,7.50,false,1,
7290000435251,false,מיני  משמחים קלאסי 500 גר`,לירון קרביץ יבוא שיווק וסחר,,,יח,1,,false,1,15.90,15.90,false,1,
7290000436203,false,עוגיות שוקוצ`יפס 200ג  ברמן  *,ברמן שוקולד ועוגיות בעמ,,,יח,2,ל 100 גרם,false,1,4.90,2.45,true,1,
7290000446257,false,דייסת אורז 200ג   BD  *,בטר אנד דיפרנט בעמ,,,יח,2,ל 100 גרם,false,1,11.90,5.95,false,1,
7290000446264,false,דייסת קורנפלור 200ג  BD  *,בטר אנד דיפרנט בעמ,,,יח,2,ל 100 גרם,false,1,11.90,5.95,false,1,
7290000446325,false,תרכיז תפוחים 1.2 ליטר .   *BD,בטר אנד דיפרנט בעמ,,,יח,5,"ל100 מ""ל",false,1,45.90,9.18,false,1,
7290000446523,false,חמאת בוטנים מתוקה 350ג  BD,בטר אנד דיפרנט בעמ,,,יח,3.50,ל 100 גרם,false,1,13.90,3.97,false,1,
7290000446530,false,"חמאת בוטנים מתוקה 1 ק""ג  BD",בטר אנד דיפרנט בעמ,,,יח,10,"לק""ג",false,1,28.90,2.89,false,1,
7290000446547,false,חמאת בוטנים טבעית 350ג BD*,בטר אנד דיפרנט בעמ,,,יח,3.50,ל 100 גרם,false,1,13.50,3.86,false,1,
7290000446554,false,"חמאת בוטנים טבעי1 ק""ג BD",בטר אנד דיפרנט בעמ,,,יח,10,ל 100 גרם,false,1,28.90,2.89,false,1,
7290000446776,false,אורז קל שקית 450ג BD*,בטר אנד דיפרנט בעמ,,,יח,4.50,ל 100 גרם,false,1,18.90,4.20,false,1,
7290000446790,false,גרנולה צימוקים 400ג  BD*,בטר אנד דיפרנט בעמ,,,יח,4,ל 100 גרם,false,1,10.90,2.73,false,1,
7290000446851,false,ממרח חלבה עם דבש 350 BD,בטר אנד דיפרנט בעמ,,,יח,3.50,ל 100 גרם,false,1,11.90,3.40,false,1,
7290000449128,false,CIF GPC 4L 2011 6X4KG,"יוניליוור ישראלשיווק בע""מ",,,יח,40,"ל100 מ""ל",false,1,19.90,0.50,false,1,
7290000450209,false,טונה פוסידון בשמן 110ג   נטו*,נטו מילנדה סחר בעמ*,,,יח,1.80,ל 100 גרם,false,1,5.70,3.17,false,1,
7290000450308,false,טונה פוסידון במים 110ג נטו*,נטו מילנדה סחר בעמ*,,,יח,1.08,ל 100 גרם,false,1,5.70,5.28,false,1,
7290000453019,false,שמרית פ ק,שטראוס גרופ בעמ (ח),,,יח,0.50,ל 100 גרם,false,1,4.90,9.80,false,1,
7290000453125,false,שמרית +משפר  אפי,שטראוס גרופ בעמ (ח),,,יח,1,ל 100 גרם,false,1,7.90,7.90,false,1,
7290000453200,false,בלילה מצוננת פנקייק שמרית,שטראוס גרופ בעמ (ח),,,יח,7.50,ל 100 גרם,false,1,21.90,2.92,false,1,
7290000453323,false,קמח תמי עמילן חיטה ללא גלוטן 500 גר`,י.איטליאנו אחזקות בעמ,,,יח,5,ל 100 גרם,false,1,18.90,3.78,false,1,
7290000453408,false,בצק   פיצה דק  שמרית,שטראוס גרופ בעמ (ח),,,יח,3,ל 100 גרם,false,1,17.50,5.83,false,1,
7290000453415,false,בצק עלים מצונן שמרית,שטראוס גרופ בעמ (ח),,,יח,3,ל 100 גרם,false,1,16.50,5.50,false,1,
7290000453422,false,בצק  פילו מוכן לאפיה  שמרית,שטראוס גרופ בעמ (ח),,,יח,3,ל 100 גרם,false,1,16.50,5.50,false,1,
7290000453781,false,שמרים יבשים 125 גר`,שטראוס גרופ בעמ,,,יח,0.1250,ל 100 גרם,false,1,5.90,47.20,false,1,
7290000453798,false,שמרים יבשים 500 ג אקטיבים,שטראוס גרופ בעמ,,,יח,5,ל 100 גרם,false,1,13.90,2.78,false,1,
7290000453866,false,נטוריה  קוקוס   שמרית,שטראוס גרופ בעמ (ח),,,יח,2,ל 100 גרם,false,1,7.90,3.95,false,1,
7290000461625,false,B&B EIGHT EIGHT 400 GR,"יוניליוור ישראלשיווק בע""מ",,,יח,4,ל 100 גרם,false,1,8.90,2.23,false,1,
7290000461656,false,B&B ONE ONE 400 GR,"יוניליוור ישראלשיווק בע""מ",,,יח,4,ל 100 גרם,false,1,8.90,2.23,false,1,
7290000461700,false,B&B BIG BIG 400 GR,"יוניליוור ישראלשיווק בע""מ",,,יח,4,ל 100 גרם,false,1,11.90,2.98,false,1,
7290000461724,false,B&B BIG SESAME 12X400,"יוניליוור ישראלשיווק בע""מ",,,יח,4,ל 100 גרם,false,1,12.90,3.23,false,1,
7290000461793,false,B&B LONG STIKS 16X150G,"יוניליוור ישראלשיווק בע""מ",,,יח,1.50,ל 100 גרם,false,1,5.90,3.93,false,1,
7290000462172,false,סחוג ירוק,שטראוס גרופ בעמ (ח),,,יח,1.40,ל 100 גרם,false,1,7.90,5.64,false,1,
7290000467320,false,חומוס  אבו מרוואן,קבוצת אוסם סחר שותפות מוגבלת,,,יח,4,ל 100 גרם,false,1,12.90,3.23,true,1,
7290000474090,false,חלב קרטון 1%-1 ליטר  טרה{פ},החברה המרכזית טלהפצת משקאות בע,,,יח,10,לליטר,false,1,5.86,0.59,false,1,
7290000474250,false,לבן טרה,החברה המרכזית טלהפצת משקאות בע,,,יח,1.25,"ל100 מ""ל",false,1,1,0.80,false,1,
7290000474373,false,שמנת חמוצה 200 מ,החברה המרכזית טלהפצת משקאות בע,,,יח,2,"ל100 מ""ל",false,1,2.40,1.20,false,1,
7290000474502,false,גבינה לבנה 5%-250  גרם{פ},החברה המרכזית טלהפצת משקאות בע,,,יח,2.50,ל 100 גרם,false,1,4.98,1.99,false,1,
7290000474540,false,גבינת 5% טוב טעם,החברה המרכזית טלהפצת משקאות בע,,,יח,2.50,ל 100 גרם,false,1,12.50,5,false,1,
7290000474830,false,גבינה מרוסקת 500,החברה המרכזית טלהפצת משקאות בע,,,יח,5,ל 100 גרם,false,1,36.90,7.38,false,1,
7290000480107,false,קואקר פחית 500 ג,שטראוס פריטו ליי בעמ,,,יח,5,ל 100 גרם,false,1,14.90,2.98,false,1,
7290000480442,false,קווקר שבולת שועל,שטראוס פריטו ליי בעמ,,,יח,5,ל 100 גרם,false,1,11.90,2.38,false,1,
7290000481074,false,לחם טריו דגנית,דגנית עין בר תעשיות,,,יח,5,ל 100 גרם,false,1,15.90,3.18,false,1,
7290000484747,false,"ארק עלית 700 מ""ל 40% יקב הגליל*",יקב הגליל שיווק בעמ,,,יח,7,"ל100 מ""ל",false,1,57.90,8.23,false,1,
7290000493176,false,אבקת רוטב צלי בשר,קבוצת אוסם סחר שותפות מוגבלת,,,יח,0.22,ל 100 גרם,false,1,4.20,19.09,false,1,
7290000493183,false,רוטב פטריות,קבוצת אוסם סחר שותפות מוגבלת,,,יח,0.30,ל 100 גרם,false,1,4.40,14.67,false,1,
7290000504025,false,פטריה סוכרזית,שטראוס גרופ בעמ,,,יח,2.46,ל 100 גרם,false,1,7.90,3.21,false,1,
7290000504278,false,סוכרזית פטנט 700,שטראוס גרופ בעמ,,,יח,57.40,ל 100 גרם,false,1,15.90,0.28,false,1,
7290000514307,false,אפונה וגזר A2 מרכז,שימורי המרכז בעמ,,,יח,5.50,ל 100 גרם,false,1,3.60,0.65,false,1,
7290000514314,false,אפונה A2 תמי מרכז,שימורי המרכז בעמ,,,יח,5.60,ל 100 גרם,false,1,3.60,0.64,false,1,
7290000515014,false,"קמח לבן בהיר ב""ש 1  ק""ג*",טחנות קמח שטיבל בש בעמ,,,יח,10,ל 100 גרם,false,1,5.10,0.51,false,1,
7290000515359,false,"קמח ב""ש ללא צורך בניפוי 1  ק""ג*",טחנות קמח שטיבל בש בעמ,,,יח,50,"לק""ג",false,1,7.90,0.16,false,1,
7290000518121,false,מתוק וקל 50 יח,מתוק וקל בעמ,,,יח,0.50,ל 100 גרם,false,1,5.50,11,false,1,
7290000518152,false,מתוק וקל זהב,מתוק וקל בעמ,,,יח,0.25,ל 100 גרם,false,1,6,24,false,1,
7290000518169,false,1000 טבליות,מתוק וקל בעמ,,,יח,10,ל 100 גרם,false,1,7.90,0.79,false,1,
7290000518220,false,סוכרה דיאט 100 יח,מתוק וקל בעמ,,,יח,1,ל 100 גרם,false,1,25.90,25.90,false,1,
7290000518237,false,סוכרה דיאט 100,מתוק וקל בעמ,,,יח,1,ל 100 גרם,false,1,23.90,23.90,false,1,
7290000518879,false,סוכרה דיאט 250 שקיות,מתוק וקל בעמ,,,יח,1,ל 100 גרם,false,1,65.90,65.90,false,1,
7290000521008,false,ייןסגל אדום יבש,טמפו משקאות בעמ,,,יח,7.50,"ל100 מ""ל",false,1,21.90,2.88,true,1,
7290000521022,false,יין לבן סגל רגיל,טמפו משקאות בעמ,,,יח,1,,false,1,21.90,21.90,true,1,
7290000523125,false,מלח ים יבש 250ג מלחיה סוגת*,סוגת תעשיות בעמ,,,יח,2.50,ל 100 גרם,false,1,5.90,2.36,false,1,
7290000523224,false,מלח ים יבש 500ג מלחיה סוגת *,סוגת תעשיות בעמ,,,יח,5,ל 100 גרם,false,1,7.90,1.58,false,1,
7290000524191,false,עוגיות ר`יפאת מרוקאי 400ג  דגן*,שיבולים ייצור מוצרי מאפה בעמ,,,יח,4,ל 100 גרם,false,1,13.90,3.48,false,1,
7290000525969,false,פרימור סחוט 1 לי,שטראוס גרופ בעמ (ח),,,יח,1,לליטר,false,1,15.90,15.90,false,1,
7290000530086,false,סלמי מעושן 7000,זוגלובק שיווק בעמ,,,יח,8,ל 100 גרם,false,1,29.90,3.74,false,1,
7290000530116,false,נקניק בשן 8000,זוגלובק שיווק בעמ,,,יח,7,ל 100 גרם,false,1,24.90,3.56,false,1,
7290000530291,false,נקניק מבשר הודו,זוגלובק שיווק בעמ,,,יח,8,ל 100 גרם,false,1,19.90,2.49,false,1,
7290000530413,false,המבורגר זהב זוגלובק,זוגלובק שיווק בעמ,,,יח,4,ל 100 גרם,false,1,21.90,5.48,true,1,
7290000530598,false,נקניקיות וינר,זוגלובק שיווק בעמ,,,יח,5,ל 100 גרם,false,1,12.90,2.58,false,1,
7290000530703,false,חרמון+400 תה מעושן,זוגלובק שיווק בעמ,,,יח,8,ל 100 גרם,false,1,25.90,3.24,true,1,
7290000531601,false,סטייק בורגר זהב זוגלובק 400 גרם,זוגלובק שיווק בעמ,,,יח,4,ל 100 גרם,false,1,21.90,5.48,true,1,
7290000531977,false,בורקס במילוי גבינה זוגלובק 800 גרם,זוגלובק שיווק בעמ,,,יח,8,ל 100 גרם,false,1,13.90,1.74,true,1,
7290000533353,false,"בצק עלים מרודד זוגלובק 1 ק""ג",זוגלובק שיווק בעמ,,,יח,10,ל 100 גרם,false,1,13.90,1.39,true,1,
7290000536316,false,שניצל מן הצומח ק זוגלובק 1ק`,זוגלובק שיווק בעמ,,,יח,10,ל 100 גרם,false,1,29.90,2.99,true,1,
7290000536774,false,נקניקיה מן הצומח זוגלובק 1ק`,זוגלובק שיווק בעמ,,,יח,10,ל 100 גרם,false,1,29.90,2.99,true,1,
7290000537566,false,נקניקיות עוף טרי,זוגלובק שיווק בעמ,,,יח,4,ל 100 גרם,false,1,10.90,2.73,true,1,
7290000537603,false,"נקניק עוף זוגלובק ק""ג",זוגלובק שיווק בעמ,,,יח,1,"לק""ג",false,1,25.90,25.90,false,1,
7290000538709,false,תה מעושן 200,זוגלובק שיווק בעמ,,,יח,2,ל 100 גרם,false,1,14.90,7.45,false,1,
7290000552118,false,נקניקיות מרגז חריף טיבון ויל 400 גרם,נטו מילנדה סחר בעמ*,,,יח,4,ל 100 גרם,false,1,19.90,4.98,false,1,
7290000552194,false,קישקע  טיבון ויל 500 גרם,נטו מילנדה סחר בעמ*,,,יח,5,ל 100 גרם,false,1,13.90,2.78,false,1,
7290000554402,false,מלבי,מחלבות גד שיווק 1992 בעמ,,,יח,1.60,"ל100 מ""ל",false,1,5.60,3.50,true,1,
7290000554457,false,צפתית גד,מחלבות גד שיווק 1992 בעמ,,,יח,3.50,ל 100 גרם,false,1,19.90,5.69,false,1,
7290000554600,false,מוצרלה מגורדת יח,מחלבות גד שיווק 1992 בעמ,,,יח,1,,false,1,24.90,24.90,false,1,
7290000554624,false,מעדן ירח מתוק,מחלבות גד שיווק 1992 בעמ,,,יח,1.50,"ל100 מ""ל",false,1,5.40,3.60,true,1,
7290000554686,false,לבנה בשמן זית וז,מחלבות גד שיווק 1992 בעמ,,,יח,2.50,ל 100 גרם,false,1,14.10,5.64,false,1,
7290000554822,false,ריקוטה,מחלבות גד שיווק 1992 בעמ,,,יח,2.50,ל 100 גרם,false,1,13.90,5.56,true,1,
7290000554839,false,גבינת מסקרפוניה,מחלבות גד שיווק 1992 בעמ,,,יח,2.50,ל 100 גרם,false,1,19.90,7.96,false,1,
7290000560540,false,אדג  ג ל רגיש 200  ק,"דנשר (1963) בע,מ",,,יח,2,ל 100 גרם,false,1,15.90,7.95,true,1,
7290000572055,false,חלבה לייט עם סיבים אחוה,אחדות בעמ,,,יח,4,ל 100 גרם,false,1,13.90,3.48,false,1,
7290000572086,false,טחינה אורגנית 500ג  אחוה*,אחדות בעמ,,,יח,5,ל 100 גרם,false,1,11.90,2.38,false,1,
7290000572208,false,חלבה 100ג   אחוה*,אחדות בעמ,,,יח,1,ל 100 גרם,false,1,2.90,2.90,false,1,
7290000572222,false,חלבה בלוק 500ג  אחוה*,אחדות בעמ,,,יח,5,ל 100 גרם,false,1,10.90,2.18,false,1,
7290000572529,false,חלבה פיסטוק 400ג אחוה*,אחדות בעמ,,,יח,4,ל 100 גרם,false,1,11.90,2.98,false,1,
7290000572536,false,חלבה וניל 400ג  אחוה*,אחדות בעמ,,,יח,4,ל 100 גרם,false,1,10.90,2.73,false,1,
7290000572543,false,חלבה שוקו וניל 400ג  אחוה*,אחדות בעמ,,,יח,4,ל 100 גרם,false,1,10.90,2.73,false,1,
7290000572611,false,תרכיז פטל  4 ליטר אחוה  *,אחדות בעמ,,,יח,40,"ל100 מ""ל",false,1,59.90,1.50,false,1,
7290000572628,false,חלבה חטיף לייט 25 ג* 11יח  קופ`שי אחוה,אחדות בעמ,,,יח,2.75,ל 100 גרם,false,1,12.90,4.69,false,1,
7290000572673,false,חלבה חטיף 25 ג* 12יח  קופ`שי  אחוה*,אחדות בעמ,,,יח,3,ל 100 גרם,false,12,12.90,4.30,false,1,
7290000572802,false,חמאת שומשום אורגני 500ג אחוה*,אחדות בעמ,,,יח,5,ל 100 גרם,false,1,11.90,2.38,false,1,
7290000572819,false,"טחינה 1 ק""ג פלסטיק  אחוה*",אחדות בעמ,,,יח,10,ל 100 גרם,false,1,18.90,1.89,false,1,
7290000599861,false,מגב פלסטיק 40      מ.א,מ.א ייצור ויבוא מטליות,,,יח,1,יח,false,1,7.90,7.90,false,1,
7290000599953,false,מגב 60 K,מ.א ייצור ויבו*מטליות בעמ,,,יח,1,,false,1,13.90,13.90,false,1,
7290000688084,false,מים מינרלים מי עדן,יפאורה שותפות מוגבלת לשיווק,,,יח,5,"ל100 מ""ל",false,1,2.80,0.50,false,1,
7290000688374,false,מי עדן  6יח  250,יפאורה שותפות מוגבלת לשיווק,,,יח,15,"ל100 מ""ל",false,1,14.90,0.87,false,1,
7290000688381,false,מי עדן שישיה ספורט,יפאורה שותפות מוגבלת לשיווק,,,יח,30,"ל100 מ""ל",false,1,13.90,0.40,false,1,
7290000688466,false,מי עדן ג ים 750 מל,יפאורה שותפות מוגבלת לשיווק,,,יח,7.50,"ל100 מ""ל",false,1,2.80,0.33,false,1,
7290000688503,false,שישיית מי-עדן GYM 750  ג.,יפאורה שותפות מוגבלת לשיווק,,,יח,45,"ל100 מ""ל",false,1,16.90,0.34,false,1,
7290000692135,false,ספיד סטיק ירוק בסיסי,ש.שסטוביץ בעמ,,,יח,0.60,ל 100 גרם,false,1,19.90,33.17,true,1,
7290000692203,false,אג קס ניקוי כללי,ש.שסטוביץ בעמ,,,יח,2,לליטר,false,1,22.90,11.45,false,1,
7290000692210,false,אג קס לניקוי כלל,ש.שסטוביץ בעמ,,,יח,20,"ל100 מ""ל",false,1,22.90,1.15,false,1,
7290000692227,false,פלמוליב נוזל לכל,ש.שסטוביץ בעמ,,,יח,10,"ל100 מ""ל",false,1,12.90,1.29,false,1,
7290000803067,false,מ.ש.אלמקס לילדים,ש.שסטוביץ בעמ,,,יח,0.75,ל 100 גרם,false,1,16.90,22.53,true,1,
7290000804484,false,אלמקס שטיפת פה,ש.שסטוביץ בעמ,,,יח,4,"ל100 מ""ל",false,1,24.90,6.23,false,1,
7290000805368,false,בונזו גורים  3 ק,דיפלומט מפיצים {1968}בעמ,,,יח,30,ל 100 גרם,false,1,69.90,2.33,false,1,
7290000805900,false,לה קט עוף   2.85,דיפלומט מפיצים {1968}בעמ,,,יח,2.85,"לק""ג",false,1,64.90,22.77,false,1,
7290000924700,false,מפה  1.40  *3.00,פלג (סגור)לי בית,,,יח,1,,false,1,29,29,false,1,
7290000961804,false,דלעת,"בכורי השדה צפון1994 ג.ד. בע""מ",,,"לק""ג",10,ל 100 גרם,true,1,12.90,1.29,false,1,
7290000995410,false,נבטים סינים,"בכורי השדה צפון1994 ג.ד. בע""מ",,,יח,1,,false,1,5.90,5.90,false,1,
7290001041130,false,ממרח תמרים מיה 450גר ק ג.,מיה תעשיות מזון מ.ת.מ בעמ,,,יח,4.50,ל 100 גרם,false,1,4.90,1.09,false,1,
7290001041147,false,"חומוס גדול 1 ק""ג     מיה ק",מיה תעשיות מזון מ.ת.מ בעמ,,,יח,10,ל 100 גרם,false,1,10.90,1.09,false,1,
7290001041161,false,"שעועית לבנה 1 ק""ג    מיה ק",מיה תעשיות מזון מ.ת.מ בעמ,,,יח,10,ל 100 גרם,false,1,9.90,0.99,false,1,
7290001041178,false,"אפונה 1ק""ג           מיה",מיה תעשיות מזון מ.ת.מ בעמ,,,יח,10,ל 100 גרם,false,1,6.90,0.69,false,1,
7290001041185,false,"פופקורן 1 ק""ג        מיה",מיה תעשיות מזון מ.ת.מ בעמ,,,יח,10,ל 100 גרם,false,1,8.90,0.89,false,1,
7290001041192,false,"עדשים אדום 1ק""ג      מיה",מיה תעשיות מזון מ.ת.מ בעמ,,,יח,10,ל 100 גרם,false,1,9.90,0.99,false,1,
7290001041208,false,"עדשים ירוק 1ק""ג      מיה",מיה תעשיות מזון מ.ת.מ בעמ,,,יח,10,ל 100 גרם,false,1,9.90,0.99,false,1,
7290001041215,false,"חיטה 1ק""ג  מיה",מיה תעשיות מזון מ.ת.מ בעמ,,,יח,10,ל 100 גרם,false,1,5.90,0.59,false,1,
7290001041222,false,"חומוס לבן ענק 1 ק""ג  מיה",מיה תעשיות מזון מ.ת.מ בעמ,,,יח,10,ל 100 גרם,false,1,15.90,1.59,false,1,
7290001041260,false,שומשום 400 גר        מיה ג.,מיה תעשיות מזון מ.ת.מ בעמ,,,יח,4,ל 100 גרם,false,1,9.90,2.48,false,1,
7290001041277,false,פירורי לחם 400 גר    מיה,מיה תעשיות מזון מ.ת.מ בעמ,,,יח,4,ל 100 גרם,false,1,5,1.25,false,1,
7290001041291,false,לקקן 70 יח`    מיה ק.,מיה תעשיות מזון מ.ת.מ בעמ,,,יח,7.70,ל 100 גרם,false,1,19.90,2.58,true,1,
7290001136287,false,שמפו נקה 750 רגיל,החברה הדרומית לשיווק בעמ,,,יח,7.50,"ל100 מ""ל",false,1,10.90,1.45,false,1,
7290001136294,false,שמפו נקה 750 צבוע/יבש,החברה הדרומית לשיווק בעמ,,,יח,7.50,"ל100 מ""ל",false,1,10.90,1.45,false,1,
7290001136683,false,מרכך נקה 7 רגיל ירוק 750,החברה הדרומית לשיווק בעמ,,,יח,7.50,"ל100 מ""ל",false,1,10.90,1.45,false,1,
7290001201510,false,ביצים 30 M בינוני,מ.לסר חברה לשיווק ביצים,,,יח,30,יח,false,1,27.80,0.93,false,1,
7290001201589,false,ביצים 12 L גדול,מ.לסר חברה לשיווק ביצים,,,יח,12,יח,false,1,12,1,false,1,
7290001201596,false,ביצים 12 M בינוני,מ.לסר חברה לשיווק ביצים,,,יח,12,יח,false,1,11.15,0.93,false,1,
7290001201602,false,ביצים  18 L גדול,מ.לסר חברה לשיווק ביצים,,,יח,18,יח,false,1,18,1,false,1,
7290001216040,false,טחינה 500ג  אל  ארז*,סוגת תעשיות בעמ,,,יח,5,ל 100 גרם,false,1,16.90,3.38,false,1,
7290001247068,false,נקטר ספרינג תות,יפאורה שותפות מוגבלת לשיווק,,,יח,10,"ל100 מ""ל",false,1,7,0.70,true,1,
7290001247082,false,נקטר עגבניות 1ליטר,יפאורה שותפות מוגבלת לשיווק,,,יח,10,"ל100 מ""ל",false,1,7,0.70,true,1,
7290001247099,false,נקטר ספרינג מנגו,יפאורה שותפות מוגבלת לשיווק,,,יח,10,ל 100 גרם,false,1,7,0.70,true,1,
7290001247105,false,נקטר ספרינג אפרסק,יפאורה שותפות מוגבלת לשיווק,,,יח,10,"ל100 מ""ל",false,1,7,0.70,true,1,
7290001247112,false,נקטר ספרינג לימון,יפאורה שותפות מוגבלת לשיווק,,,יח,10,"ל100 מ""ל",false,1,7,0.70,true,1,
7290001247143,false,נקטר ספרינג תפוחים,יפאורה שותפות מוגבלת לשיווק,,,יח,10,"ל100 מ""ל",false,1,7,0.70,true,1,
7290001305058,false,פלמוליב ס. נוזלי חלב ודבש,ש.שסטוביץ בעמ,,,יח,5,"ל100 מ""ל",false,1,16.90,3.38,false,1,
7290001305188,false,פלמוליב ספרינג סנסיישן,ש.שסטוביץ בעמ,,,יח,7.50,"ל100 מ""ל",false,1,11.90,1.59,true,1,
7290001327180,false,קרמיסימו וניל צ יפ,"גלידת שטראוס בע""מ",,,יח,1.33,לליטר,false,1,18.90,14.21,false,1,
7290001327791,false,קרמיסימו עוגיות,"גלידת שטראוס בע""מ",,,יח,1.33,לליטר,false,1,18.90,14.21,false,1,
7290001335239,false,צלעות טלה פרוס קפוא-עטרה,נתח אדום עוזי ביטון ובניו בעמ,,,"לק""ג",10,ל 100 גרם,true,1,189,18.90,false,1,
7290001335574,false,בשר ראש חלק,נתח אדום עוזי ביטון ובניו בעמ,,,"לק""ג",10,ל 100 גרם,true,1,74.90,7.49,false,1,
7290001335680,false,"שומן כבש 200  גר`בד,ץ",נתח אדום עוזי ביטון ובניו בעמ,,,יח,2,ל 100 גרם,false,1,22.90,11.45,false,1,
7290001407127,false,פרוסות חלבה קלאסית וניל,קבוצת אוסם סחר שותפות מוגבלת,,,יח,4,ל 100 גרם,false,1,14.90,3.73,false,1,
7290001407134,false,פרוסות חלבה  שוקו  וניל,קבוצת אוסם סחר שותפות מוגבלת,,,יח,4,ל 100 גרם,false,1,14.90,3.73,false,1,
7290001407592,false,טחינה  גלמית 1 ק.,קבוצת אוסם סחר שותפות מוגבלת,,,יח,10,ל 100 גרם,false,1,21.90,2.19,false,1,
7290001407769,false,טחינה  שומשום מלא 500,קבוצת אוסם סחר שותפות מוגבלת,,,יח,5,ל 100 גרם,false,1,15.90,3.18,false,1,
7290001407936,false,טחינה   בארכה מעודנת,קבוצת אוסם סחר שותפות מוגבלת,,,יח,3.10,"ל100 ס""מ",false,1,11.90,3.84,false,1,
7290001419618,false,וופל בלגי שוקו 200ג  גילרו*,א.ג גילרו בעמ,,,יח,2,ל 100 גרם,false,1,2.90,1.45,true,1,
7290001419793,false,גביעי גלידה מגולגלים 12יח  גילרו*,א.ג גילרו בעמ,,,יח,12,יח,false,1,9.90,0.83,false,1,
7290001455456,false,פילה  נסיכת הנילוס פרוס בלדי,בלדי בעמ,,,"לק""ג",10,ל 100 גרם,true,1,64.90,6.49,false,1,
7290001468159,false,ריבת חלב 330 נאמן,נאמן לאורך זמן בעמ,,,יח,3.30,ל 100 גרם,false,1,12.90,3.91,false,1,
7290001468494,false,שעווה למיקרוגל,נאמן לאורך זמן בעמ,,,יח,5,ל 100 גרם,false,1,14.90,2.98,false,1,
7290001468890,false,?אלכוהול 70%,נאמן לאורך זמן בעמ,,,יח,10,ל 100 גרם,false,1,3.90,0.39,false,1,
7290001482094,false,פרמז`נו 200 גר`,ג.וילי פוד בעמ,,,יח,2,ל 100 גרם,false,1,23.90,11.95,false,1,
7290001483862,false,עוגיות בסקוויט גן חיות 225ג הגביע,הגביע מוצרי וופלים בעמ,,,יח,2.25,ל 100 גרם,false,1,4.20,1.87,false,1,
7290001484265,false,שריר הזרוע  מס`8 מוזה 88,בלדי בעמ,,,"לק""ג",10,"לק""ג",true,1,57.90,5.79,false,1,
7290001485019,false,גבינת שמנת 9% לבן ולעניין,החברה המרכזית טלהפצת משקאות בע,,,יח,2,ל 100 גרם,false,1,12.50,6.25,false,1,
7290001491010,false,תה ירוק עם יסמין,תה ויסוצקי (ישראל)בעמ,,,יח,0.3750,ל 100 גרם,false,1,22.90,61.07,true,1,
7290001491096,false,תה ירוק לימונות 50 שקיקים,תה ויסוצקי (ישראל)בעמ,,,יח,0.75,יח,false,1,39.90,53.20,false,1,
7290001509906,false,חזה עוף קצוץ,סגור עוף ירושלים,,,"לק""ג",1,,true,1,35.90,35.90,false,1,
7290001567760,false,פסטרמה של פעם    300 גר`,מעדני יחיעם (1993) בעמ,,,יח,3,ל 100 גרם,false,1,24.90,8.30,false,1,
7290001567791,false,פסטרמה  רומניות 250 גר`,מעדני יחיעם (1993) בעמ,,,יח,2.50,ל 100 גרם,false,1,24.90,9.96,false,1,
7290001567807,false,כתף בקר מעושן 250 גר`,מעדני יחיעם (1993) בעמ,,,יח,2.50,ל 100 גרם,false,1,26.90,10.76,true,1,
7290001567814,false,סלמי מעושן בסגנון איטלקי 300 גר`,מעדני יחיעם (1993) בעמ,,,יח,3,ל 100 גרם,false,1,20.90,6.97,false,1,
7290001567906,false,פסטרמה מעודנת 200 גר`,מעדני יחיעם (1993) בעמ,,,יח,2,ל 100 גרם,false,1,12.90,6.45,false,1,
7290001580424,false,"שיפוד קבב טלה קפוא בד""ץ",חוג הבשרים של קורקבדוס בעמ,,,"לק""ג",0,"לק""ג",true,1,76.90,76.90,false,1,
7290001591727,false,קבב  על מקל  500 גר`,נטו מילנדה סחר בעמ*,,,יח,5,ל 100 גרם,false,1,22.90,4.58,false,1,
7290001591734,false,מרגז נקנקיה בסגנון מרוקאי  500 גר`,נטו מילנדה סחר בעמ*,,,יח,5,ל 100 גרם,false,1,22.90,4.58,false,1,
7290001591758,false,קבב בסגנון ביתי אנגוס,נטו מילנדה סחר בעמ*,,,יח,6,ל 100 גרם,false,1,22.90,3.82,false,1,
7290001591949,false,שיפודי פרגיות  100% ארוז,נטו מילנדה סחר בעמ*,,,ל 100 גרם,5,ל 100 גרם,false,1,49.90,9.98,false,1,
7290001594025,false,קוקה קולה  קלאסי 330,החברה המרכזית להפצת משקאות בע,,,יח,3.50,"ל100 מ""ל",false,1,6.90,1.89,false,1,
7290001594520,false,טורבוג בק  330,החברה המרכזית להפצת משקאות בע,,,יח,3.30,"ל100 מ""ל",false,1,7,2.03,false,1,
7290001594544,false,טורבוג מאלט בק 330,החברה המרכזית להפצת משקאות בע,,,יח,3.30,"ל100 מ""ל",false,1,5,1.42,false,1,
7290001594568,false,"קלסברג פחית 500 מ""ל",החברה המרכזית להפצת משקאות בע,,,יח,5,"ל100 מ""ל",false,1,8.90,1.72,false,1,
7290001594575,false,טורבוג פח 500 ק,החברה המרכזית להפצת משקאות בע,,,יח,5,"ל100 מ""ל",false,1,8.90,1.72,true,1,
7290001670224,false,מלית פרג 400,הנמל אריזות ושווק בעמ,,,יח,4,ל 100 גרם,false,1,10.90,2.73,false,1,
7290001670514,false,מלית אוכמניות  400,הנמל אריזות ושווק בעמ,,,יח,4,ל 100 גרם,false,1,11.90,2.98,false,1,
7290001670842,false,מלית חלבה 400 גרם,הנמל אריזות ושווק בעמ,,,יח,4,ל 100 גרם,false,1,10.90,2.73,false,1,
7290001690987,false,פילה  הייק ארוז,נטו מילנדה סחר בעמ*,,,"לק""ג",10,ל 100 גרם,true,1,49.90,4.99,false,1,
7290001713167,false,מתז קצף ניקוי 1 ליטר*,קומפלקס בעמ,,,יח,7.50,"ל100 מ""ל",false,1,9.90,1.32,false,1,
7290001739419,false,כד חלב פלסטיק,אוהב ציון בעמ,,,יח,1,,false,1,5.90,5.90,false,1,
7290001791356,false,פרש אוטומטיק לבנדר,החברה הדרומית לשיווק בעמ,,,יח,1.65,ל 100 גרם,false,1,13.90,8.42,false,1,
7290001807620,false,המבורגראנטריקוט קורקבדוס,חוג הבשרים של קורקבדוס בעמ,,,"לק""ג",10,ל 100 גרם,true,1,69.90,6.99,false,1,
7290001813454,false,חיוכים שוקו 900 ק,שטראוס גרופ בעמ,,,יח,9,ל 100 גרם,false,1,19.90,2.21,false,1,
7290001817377,false,צ יטוס ט. פיצה 60,שטראוס פריטו ליי בעמ,,,יח,0.60,ל 100 גרם,false,1,3.50,5.83,false,1,
7290001817728,false,צ יטוס כאפה 55 גר,שטראוס פריטו ליי בעמ,,,יח,0.55,ל 100 גרם,false,1,3.50,6.36,false,1,
7290001865439,false,אל סבון  +1 משאבה,"דנשר (1963) בע,מ",,,יח,10,לליטר,false,1,10.90,1.09,false,1,
7290001865453,false,אל סבון 1 ג נטל,"דנשר (1963) בע,מ",,,יח,1,לליטר,false,1,10.90,10.90,false,1,
7290001922231,false,כדורי פאלאפל 700 קפוא זן,קפוא זן תעשיות מזון בעמ,,,יח,7,ל 100 גרם,false,1,16.90,2.41,false,1,
7290001990094,false,Classic brown sugar jar - Sugat,סוגת תעשיות בעמ,,,יח,10,ל 100 גרם,false,1,14.50,1.45,false,1,
7290001990117,false,Sesame 100g lying - Sugat,סוגת תעשיות בעמ,,,יח,1,ל 100 גרם,false,1,3.50,3.50,true,1,
7290001990278,false,1kg white beans - Sugat,סוגת תעשיות בעמ,,,יח,10,ל 100 גרם,false,1,18.90,1.89,false,1,
7290001990377,false,Shaoiat Bobes 500 g - Sugat,סוגת תעשיות בעמ,,,יח,5,ל 100 גרם,false,1,11.90,2.38,true,1,
7290001990391,false,Peas 1 kg - Sugat,סוגת תעשיות בעמ,,,יח,10,ל 100 גרם,false,1,11.90,1.19,false,1,
7290001990407,false,Green lentils 1 kg - Sugat,סוגת תעשיות בעמ,,,יח,10,ל 100 גרם,false,1,13.90,1.39,false,1,
7290001990414,false,Red lentils 1 kg - Sugat,סוגת תעשיות בעמ,,,יח,10,ל 100 גרם,false,1,13.90,1.39,false,1,
7290001990421,false,Pop Corn 1kg - Sugat,סוגת תעשיות בעמ,,,יח,10,ל 100 גרם,false,1,11.90,1.19,false,1,
7290002000136,false,מגע משי הדבש למיקרו,"דנשר (1963) בע,מ",,,יח,5,ל 100 גרם,false,1,17.90,3.58,false,1,
7290002000266,false,מגע משי למיקרו,"דנשר (1963) בע,מ",,,יח,5,ל 100 גרם,false,1,17.90,3.58,false,1,
7290002003168,false,שלישית פנג ל קלאסיק,"דנשר (1963) בע,מ",,,יח,3,"ל100 מ""ל",false,1,14.90,4.97,false,1,
7290002007760,false,"פירורי לחם 1 ק""ג     הנמל",הנמל אריזות ושווק בעמ,,,יח,10,ל 100 גרם,false,1,12.90,1.29,false,1,
7290002008019,false,קישוט לעוגה שוקו 200  גר`גמבו הנמל,הנמל אריזות ושווק בעמ,,,יח,2,ל 100 גרם,false,1,7.90,3.95,false,1,
7290002008071,false,עטרות לעוגה מס  2   הנמל*,הנמל אריזות ושווק בעמ,,,יח,1,,false,1,5.90,5.90,false,1,
7290002008828,false,סוכ  ג מבו שוקו לבן 200,הנמל אריזות ושווק בעמ,,,יח,2,ל 100 גרם,false,1,7.90,3.95,false,1,
7290002008934,false,סוכ  גמבו עגול,הנמל אריזות ושווק בעמ,,,יח,2,ל 100 גרם,false,1,7.90,3.95,false,1,
7290002011651,false,"לוגאנו אגוזים 150ג הגביע בד""ץ",הגביע מוצרי וופלים בעמ,,,יח,1.50,ל 100 גרם,false,1,4.90,3.27,false,1,
7290002015093,false,Cucumbers in vinegar 13-17 a2,קבוצת יבנה מוצרי מזון,,,יח,5.60,ל 100 גרם,false,1,7.90,1.41,false,1,
7290002015116,false,Cucumbers in vinegar 7-9 a2,קבוצת יבנה מוצרי מזון,,,יח,5.60,ל 100 גרם,false,1,5.90,1.05,false,1,
7290002015123,false,Cucumbers in vinegar 10-12 a2,קבוצת יבנה מוצרי מזון,,,יח,5.60,ל 100 גרם,false,1,7.50,1.34,false,1,
7290002015147,false,Cucumbers in vinegar 18-25 a2,קבוצת יבנה מוצרי מזון,,,יח,5.60,ל 100 גרם,false,1,8.90,1.59,false,1,
7290002015161,false,Cucumbers in brine 10-12 a2,קבוצת יבנה מוצרי מזון,,,יח,5.60,ל 100 גרם,false,1,7.50,1.34,false,1,
7290002015192,false,Cucumbers in brine 18-25 a2,קבוצת יבנה מוצרי מזון,,,יח,5.60,ל 100 גרם,false,1,8.90,1.59,false,1,
7290002015208,false,Cucumbers in brine 13-17 a2,קבוצת יבנה מוצרי מזון,,,יח,5.60,ל 100 גרם,false,1,7.90,1.41,false,1,
7290002015314,false,Green olives 12-15 a2,קבוצת יבנה מוצרי מזון,,,יח,5.60,ל 100 גרם,false,1,5.90,1.05,false,1,
7290002015420,false,Green pitted olives 15-17 a2,קבוצת יבנה מוצרי מזון,,,יח,5.60,ל 100 גרם,false,1,6.90,1.23,false,1,
7290002015437,false,Green olives novo a2,קבוצת יבנה מוצרי מזון,,,יח,5.60,ל 100 גרם,false,1,6.90,1.23,false,1,
7290002015444,false,Green pitted olives 15-17 a5,קבוצת יבנה מוצרי מזון,,,יח,1.25,"לק""ג",false,1,15.90,12.72,false,1,
7290002015475,false,Green olives 15-17 a5,קבוצת יבנה מוצרי מזון,,,יח,1.25,"לק""ג",false,1,13.90,11.12,false,1,
7290002015628,false,Red pepper strips in vinegar a2,קבוצת יבנה מוצרי מזון,,,יח,5.40,ל 100 גרם,false,1,6.50,1.20,false,1,
7290002015666,false,Hot peppers a2,קבוצת יבנה מוצרי מזון,,,יח,5.40,ל 100 גרם,false,1,5.90,1.09,false,1,
7290002015765,false,Eggplants in brine A2,קבוצת יבנה מוצרי מזון,,,יח,5.40,ל 100 גרם,false,1,5.90,1.09,false,1,
7290002015833,false,green pitted olives 15-17 a10,קבוצת יבנה מוצרי מזון,,,יח,3,"לק""ג",false,1,36.90,12.30,false,1,
7290002016830,false,Sauerkraut a2,קבוצת יבנה מוצרי מזון,,,יח,5.50,יח,false,1,5.90,1.07,false,1,
7290002019114,false,רסק עגבניות A2 28% פריניר ה. מכירה*,פריניר (הדס )1987בעמ,,,יח,5.80,ל 100 גרם,false,1,6.90,1.19,false,1,
7290002019183,false,"עגבניות מקולפות 800ג  בד""ץ פריניר*",פריניר (הדס )1987בעמ,,,יח,8,ל 100 גרם,false,1,6.90,0.86,false,1,
7290002019763,false,עגבניות מרוסקות 800ג פריניר ה.מכירה *,פריניר (הדס )1987בעמ,,,יח,8,ל 100 גרם,false,1,6.90,0.86,true,1,
7290002019787,false,"רסק עגבניות 260ג בד""ץ   פריניר*",פריניר (הדס )1987בעמ,,,יח,2.60,ל 100 גרם,false,1,3.50,1.35,false,1,
7290002019794,false,רסק עגבניות פלסטיק 100ג   פריניר*,פריניר (הדס )1987בעמ,,,יח,1,ל 100 גרם,false,1,1.90,1.90,true,1,
7290002022152,false,מושי מרשמלו 100ג,כרמית תעשיות ממתקים בעמ,,,יח,1,ל 100 גרם,false,1,3.60,3.60,true,1,
7290002040088,false,קוסקוס מלא 350,הנמל אריזות ושווק בעמ,,,יח,3.50,ל 100 גרם,false,1,6.90,1.97,false,1,
7290002053095,false,איטריות ביצים  10,גורי מוצרי צריכה 1991 בעמ,,,יח,2,ל 100 גרם,false,1,7.90,3.95,false,1,
7290002053538,false,נודלס  תאילנדי 400  גר`,גורי מוצרי צריכה 1991 בעמ,,,יח,4,ל 100 גרם,false,1,13.90,3.48,false,1,
7290002057017,false,נובו ענק A-2 יבנה,קבוצת יבנה מוצרי מזון,,,יח,5.40,ל 100 גרם,false,1,8.90,1.65,false,1,
7290002057031,false,מבוקעים גדול A-2,קבוצת יבנה מוצרי מזון,,,יח,5.60,ל 100 גרם,false,1,8.90,1.59,false,1,
7290002057048,false,סורי מבוקע A-2 יבנה,קבוצת יבנה מוצרי מזון,,,יח,5.60,ל 100 גרם,false,1,10.90,1.95,false,1,
7290002057062,false,מנזולינו בינוני,קבוצת יבנה מוצרי מזון,,,יח,5.60,ל 100 גרם,false,1,6.90,1.23,false,1,
7290002057093,false,מנזולינו גדול -A2 יבנה,קבוצת יבנה מוצרי מזון,,,יח,5.40,ל 100 גרם,false,1,8.90,1.65,false,1,
7290002057109,false,מנזלינו גדול מאוד יבנה,קבוצת יבנה מוצרי מזון,,,יח,5.40,ל 100 גרם,false,1,8.90,1.65,false,1,
7290002057123,false,חרוזית A-2 יבנה,קבוצת יבנה מוצרי מזון,,,יח,5.40,ל 100 גרם,false,1,8.90,1.65,false,1,
7290002057130,false,חרוזית ירוק יבנה,קבוצת יבנה מוצרי מזון,,,יח,1.25,"לק""ג",false,1,19.90,15.92,false,1,
7290002057147,false,מנזולינו שחור גד,קבוצת יבנה מוצרי מזון,,,יח,5.60,ל 100 גרם,false,1,7.90,1.41,false,1,
7290002057185,false,טבעות זיתים A-2,קבוצת יבנה מוצרי מזון,,,יח,5.60,ל 100 גרם,false,1,8.90,1.59,false,1,
7290002057314,false,מלפפון  מלח 15/20 יבנה,קבוצת יבנה מוצרי מזון,,,יח,1.30,"לק""ג",false,1,13.90,10.69,false,1,
7290002057376,false,מלפפון  מלח  13/17 יבנה 540 גרם,קבוצת יבנה מוצרי מזון,,,יח,5.40,ל 100 גרם,false,1,9.90,1.83,true,1,
7290002057383,false,מלפ  מלח  18/25 יבנה 540 גרם,קבוצת יבנה מוצרי מזון,,,יח,5.40,ל 100 גרם,false,1,12.90,2.39,false,1,
7290002057437,false,שיפקונית A2 יבנה,קבוצת יבנה מוצרי מזון,,,יח,6,"לק""ג",false,1,10.90,1.82,false,1,
7290002057475,false,מלפפון  חומץ  13/17 יבנה 540 גרם,קבוצת יבנה מוצרי מזון,,,יח,5.40,ל 100 גרם,false,1,9.90,1.83,true,1,
7290002057482,false,מלפ  חומץ 18/25 יבנה 540 גרם,קבוצת יבנה מוצרי מזון,,,יח,5.40,ל 100 גרם,false,1,12.90,2.39,false,1,
7290002057604,false,שיפקה  A-2 יבנה,קבוצת יבנה מוצרי מזון,,,יח,5.40,ל 100 גרם,false,1,5.90,1.09,false,1,
7290002057628,false,טבעות זיתים שחור,קבוצת יבנה מוצרי מזון,,,יח,5.40,ל 100 גרם,false,1,9.90,1.83,false,1,
7290002057734,false,זית חרוזית שחור A2,קבוצת יבנה מוצרי מזון,,,יח,5.40,ל 100 גרם,false,1,8.90,1.65,false,1,
7290002057864,false,נובו צנצנת,קבוצת יבנה מוצרי מזון,,,יח,5.60,ל 100 גרם,false,1,8.90,1.59,false,1,
7290002057871,false,חרוזית צנצנת,קבוצת יבנה מוצרי מזון,,,יח,5.60,ל 100 גרם,false,1,8.90,1.59,false,1,
7290002057888,false,זית טבעי מרינד ב,קבוצת יבנה מוצרי מזון,,,יח,5.60,ל 100 גרם,false,1,8.90,1.59,false,1,
7290002065555,false,לחמניות אנג ל 6,שלמה א.אנג ל בעמ,,,יח,1,,false,1,12.90,12.90,false,1,
7290002107385,false,מאגדת גליל גבינת עז,החברה המרכזית טלהפצת משקאות בע,,,יח,1.80,ל 100 גרם,false,1,25.90,14.39,false,1,
7290002107491,false,גבינת עיזים 5% למריחה,החברה המרכזית טלהפצת משקאות בע,,,יח,1,,false,1,15.90,15.90,true,1,
7290002107798,false,בולגרית בקר 5% בגביע,החברה המרכזית טלהפצת משקאות בע,,,יח,2.50,ל 100 גרם,false,1,24.90,9.96,false,1,
7290002107965,false,טורבוג 5% 500,החברה המרכזית טלהפצת משקאות בע,,,יח,5,ל 100 גרם,false,1,29.90,5.98,false,1,
7290002111085,false,"רסק עגב  100 ג  בד""צ",זנלכל בעמ,,,יח,4,ל 100 גרם,false,1,2.50,0.63,true,1,
7290002111214,false,"תירס 2A לייט בד""צ",זנלכל בעמ,,,יח,5.50,ל 100 גרם,false,1,9.90,1.80,false,1,
7290002111337,false,"רסק עגבניות  פל""260ג בדץ",זנלכל בעמ,,,יח,2.60,ל 100 גרם,false,1,3.90,1.50,true,1,
7290002111511,false,"אפונה וגזר A2 בד""צ",זנלכל בעמ,,,יח,5.50,ל 100 גרם,false,1,7.90,1.44,true,1,
7290002111634,false,"חומוס A2 בד""צ",זנלכל בעמ,,,יח,6,ל 100 גרם,false,1,7.90,1.32,true,1,
7290002111672,false,רסק עגבניות 22% זנלכל,זנלכל בעמ,,,יח,5.70,ל 100 גרם,false,1,9.90,1.74,false,1,
7290002111696,false,עגבניות מרוסקות A2.5ל,זנלכל בעמ,,,יח,8,ל 100 גרם,false,1,9.90,1.24,false,1,
7290002111764,false,"שעועית אפויה A2 בד""צ",זנלכל בעמ,,,יח,6,ל 100 גרם,false,1,7.90,1.32,true,1,
7290002111818,false,"תירס ואקום בד""צ",זנלכל בעמ,,,יח,3.25,ל 100 גרם,false,1,6.90,2.12,true,1,
7290002111825,false,"תירס A2 בד""צ",זנלכל בעמ,,,יח,5.50,ל 100 גרם,false,1,7.90,1.44,true,1,
7290002130567,false,דבש טהור יד מרדכי 350ג  עלית  ק,שטראוס גרופ בעמ,,,יח,3.50,ל 100 גרם,false,1,16.90,4.83,false,1,
7290002130581,false,"דבש טבעי יד מרדכי 1 ק""ג עלית",שטראוס גרופ בעמ,,,יח,10,ל 100 גרם,false,1,42.90,4.29,false,1,
7290002132011,false,עוגיות מזרחיות עבאדי,תה ויסוצקי (ישראל)בעמ,,,יח,4,ל 100 גרם,false,1,17.90,4.48,false,1,
7290002153153,false,"מצה חמץ 1ק""ג  הלפרין*",אם החיטה בעמ,,,יח,10,ל 100 גרם,false,1,12.50,1.25,false,1,
7290002153801,false,אובלטים שומשום 300 ג    *,אם החיטה בעמ,,,יח,3,ל 100 גרם,false,1,7.90,2.63,false,1,
7290002153825,false,אובלטים מלוחים 300 ג    *,אם החיטה בעמ,,,יח,3,ל 100 גרם,false,1,7.90,2.63,false,1,
7290002157953,false,טונה  קנולה  מארז 4  יח`,נטו מילנדה סחר בעמ*,,,יח,5.60,ל 100 גרם,false,1,19.90,3.55,false,1,
7290002157960,false,טונה  במים   מארז 4  יח`,נטו מילנדה סחר בעמ*,,,יח,5.60,ל 100 גרם,false,1,19.90,3.55,false,1,
7290002195054,false,המבורגר  בלדי 400 גר`,בלדי בעמ,,,יח,4,ל 100 גרם,false,1,12.90,3.23,true,1,
7290002195078,false,קבב  כבש    בלדי 400 גר`,בלדי בעמ,,,יח,4,ל 100 גרם,false,1,12.90,3.23,true,1,
7290002195085,false,קבב מזרחי בלדי 400 גר`,בלדי בעמ,,,יח,4,ל 100 גרם,false,1,12.90,3.23,true,1,
7290002195092,false,קבב  רומני   בלדי 400 גר`,בלדי בעמ,,,יח,4,ל 100 גרם,false,1,12.90,3.23,true,1,
7290002232995,false,ציפוי פז דגש,נטורפוד בעמ,,,יח,5,ל 100 גרם,false,1,26.90,5.38,false,1,
7290002239338,false,800 Green hours expired - Pry Galilee,ויטה-פרי גליל (החדשה) בעמ,,,יח,8,ל 100 גרם,false,1,9.90,1.24,false,1,
7290002253013,false,דורות  ראשום 400 גר`,קבוצת אוסם סחר שותפות מוגבלת,,,יח,4,ל 100 גרם,false,1,27.90,6.98,false,1,
7290002253150,false,בזיליקום טרי קצוץ דורות,קבוצת אוסם סחר שותפות מוגבלת,,,יח,0.70,ל 100 גרם,false,1,10.90,15.57,false,1,
7290002253167,false,פטרוזליה טרי קצוצה דורות,קבוצת אוסם סחר שותפות מוגבלת,,,יח,0.70,ל 100 גרם,false,1,10.90,15.57,false,1,
7290002253174,false,שמיר טרי קצוץ דורות,קבוצת אוסם סחר שותפות מוגבלת,,,יח,0.70,ל 100 גרם,false,1,10.90,15.57,false,1,
7290002253181,false,כוסברה קצוצה דורות,קבוצת אוסם סחר שותפות מוגבלת,,,יח,0.70,ל 100 גרם,false,1,10.90,15.57,false,1,
7290002253235,false,דורות  רוטב פסטו דורות,קבוצת אוסם סחר שותפות מוגבלת,,,יח,1.60,ל 100 גרם,false,1,13.90,8.69,false,1,
7290002278429,false,צמר פלדה 100ג  *,פלסטו פוליש (ברקן)בעמ,,,יח,1,ל 100 גרם,false,1,2.90,2.90,false,1,
7290002281405,false,סלט  סלמון 2X160  מעושן,נטו מילנדה סחר בעמ*,,,יח,3.20,ל 100 גרם,false,1,9.90,3.09,false,1,
7290002281429,false,סטייק טונה אדומה דלידג,נטו מילנדה סחר בעמ*,,,"לק""ג",10,ל 100 גרם,true,1,64.90,6.49,false,1,
7290002281436,false,נתחי  פילה טונה בהירה,נטו מילנדה סחר בעמ*,,,"לק""ג",10,ל 100 גרם,true,1,44.90,4.49,false,1,
7290002281467,false,פיצה שלישיה לנדה,נטו מילנדה סחר בעמ*,,,יח,3,למארז,false,1,34.90,11.63,false,1,
7290002281498,false,צהובה מגורדת ריץ 500 גר`,נטו מילנדה סחר בעמ*,,,יח,5,ל 100 גרם,false,1,24.90,4.98,false,1,
7290002282099,false,מכשיר פאלפל פלנרו,אוהב ציון בעמ,,,יח,1,,false,1,16.90,16.90,false,1,
7290002291046,false,המבורגר מסעדות קצביה באלדי,בלדי בעמ,,,יח,4.80,ל 100 גרם,false,1,24.90,5.19,false,1,
7290002319016,false,"אבקת אפיה 10* בד""צ מיה",מיה תעשיות מזון מ.ת.מ בעמ,,,ל 100 גרם,10,ל 100 גרם,false,1,1.90,0.19,false,1,
7290002319023,false,"סוכר  וניל*10 בד""צ    מיה",מיה תעשיות מזון מ.ת.מ בעמ,,,יח,1,ל 100 גרם,false,1,1.90,1.90,false,1,
7290002319061,false,קוקוס 100 ג        מיה,מיה תעשיות מזון מ.ת.מ בעמ,,,יח,1,ל 100 גרם,false,1,3.90,3.90,false,1,
7290002319078,false,שומשום 100 ג         מיה,מיה תעשיות מזון מ.ת.מ בעמ,,,יח,1,ל 100 גרם,false,1,2.90,2.90,false,1,
7290002319092,false,"קמח תפוח אדמה 500ג בד""ץ מיה*",מיה תעשיות מזון מ.ת.מ בעמ,,,יח,5,ל 100 גרם,false,1,4.90,0.98,false,1,
7290002319115,false,חומוס 500 ג  גדול    מיה ק,מיה תעשיות מזון מ.ת.מ בעמ,,,יח,5,ל 100 גרם,false,1,6.60,1.32,false,1,
7290002319122,false,גריסים 500 ג         מיה,מיה תעשיות מזון מ.ת.מ בעמ,,,יח,5,ל 100 גרם,false,1,3.90,0.78,false,1,
7290002319139,false,שעועית לבנה 500 ג    מיה ק,מיה תעשיות מזון מ.ת.מ בעמ,,,יח,5,ל 100 גרם,false,1,8.90,1.78,true,1,
7290002319146,false,שעועית אדומה 500ג    מיה,מיה תעשיות מזון מ.ת.מ בעמ,,,יח,5,ל 100 גרם,false,1,9.90,1.98,false,1,
7290002319160,false,אפונה 500  ג        מיה,מיה תעשיות מזון מ.ת.מ בעמ,,,יח,5,ל 100 גרם,false,1,6.50,1.30,false,1,
7290002319177,false,פופקורן 500 ג  מיה ק.,מיה תעשיות מזון מ.ת.מ בעמ,,,יח,5,ל 100 גרם,false,1,4.90,0.98,false,1,
7290002319184,false,עדשים אדום 500ג     מיה,מיה תעשיות מזון מ.ת.מ בעמ,,,יח,5,ל 100 גרם,false,1,7.90,1.58,false,1,
7290002319191,false,עדשים ירוקים 500 מיה,מיה תעשיות מזון מ.ת.מ בעמ,,,יח,5,ל 100 גרם,false,1,7,1.40,false,1,
7290002319214,false,קווקר 200 ג מיה*,מיה תעשיות מזון מ.ת.מ בעמ,,,יח,2,ל 100 גרם,false,1,2.80,1.40,false,1,
7290002319221,false,חיטה 500 ג          מיה,מיה תעשיות מזון מ.ת.מ בעמ,,,יח,5,ל 100 גרם,false,1,4.90,0.98,true,1,
7290002319740,false,אגוזים מלך טחונים 100   מיה*,מיה תעשיות מזון מ.ת.מ בעמ,,,יח,1,ל 100 גרם,false,1,11.90,11.90,false,1,
7290002319771,false,תמצית אפיה וניל      מיה,מיה תעשיות מזון מ.ת.מ בעמ,,,יח,0.50,"ל100 מ""ל",false,1,3,6,false,1,
7290002319788,false,תמצית רום מיה,מיה תעשיות מזון מ.ת.מ בעמ,,,יח,0.60,"ל100 מ""ל",false,1,3,5,false,1,
7290002331124,false,נביעות תפוז 0.5,החברה המרכזית להפצת משקאות בע,,,יח,5,"ל100 מ""ל",false,1,7.90,1.52,false,1,
7290002331155,false,נביעות אפרסק0.5,החברה המרכזית להפצת משקאות בע,,,יח,5,"ל100 מ""ל",false,1,7.90,1.52,false,1,
7290002331421,false,שישית נביעות 755,החברה המרכזית להפצת משקאות בע,,,יח,4.53,לליטר,false,1,16.90,3.33,false,1,
7290002331483,false,"נביעות  בייבי 320 מ""ל",החברה המרכזית להפצת משקאות בע,,,יח,32,"ל100 מ""ל",false,1,14.90,0.41,false,1,
7290002331490,false,נביעות 1 ליטר,החברה המרכזית להפצת משקאות בע,,,יח,10,"ל100 מ""ל",false,1,3.30,0.30,true,1,
7290002331711,false,נביעות ענבים 0.50 ליטר,החברה המרכזית להפצת משקאות בע,,,יח,5,"ל100 מ""ל",false,1,7.90,1.52,false,1,
7290002345022,false,אנטריקוט  דקדק  אל גאצו 250 גר`,נטו מילנדה סחר בעמ*,,,יח,2.50,ל 100 גרם,false,1,15.90,6.36,true,1,
7290002345121,false,אסדו   דקדק  אל גאצו 250 גר`,נטו מילנדה סחר בעמ*,,,יח,2.50,ל 100 גרם,false,1,26.90,10.76,true,1,
7290002348139,false,תחתיות ארט  400ג,נטו מילנדה סחר בעמ*,,,יח,4.25,ל 100 גרם,false,1,9.90,2.33,false,1,
7290002348160,false,תירס גמדי   400ג נטו,נטו מילנדה סחר בעמ*,,,יח,4,ל 100 גרם,false,1,6.90,1.73,false,1,
7290002360155,false,תה חליטת פרחי שומר,ש.שסטוביץ בעמ,,,יח,0.40,ל 100 גרם,false,1,15.90,39.75,true,1,
7290002371533,false,סלסולי פסטרמה דבש,תנובה ענף ב.ע.ד,,,יח,1.20,ל 100 גרם,false,1,13.90,11.58,false,1,
7290002403722,false,שומן  אווז  בוואקום  קפוא,פו-גרס,,,"לק""ג",10,ל 100 גרם,true,1,69.90,6.99,false,1,
7290002404583,false,יין קברנה סדרת היוצר בראשית*,יקבי ארזה ת.ר.ז. בעמ,,,יח,7.50,"ל100 מ""ל",false,1,32.90,4.35,false,1,
7290002404828,false,תירוש ענבים 1 ליטר כשרות משולבת ארזה*,יקבי ארזה ת.ר.ז. בעמ,,,יח,10,"ל100 מ""ל",false,1,13.90,1.36,false,1,
7290002404958,false,יין גינוסר 1 ליטר  ארזה*,יקבי ארזה ת.ר.ז. בעמ,,,יח,1,לליטר,false,1,13.90,13.90,false,1,
7290002515333,false,אל סבון ק.פלוס,"פישר  תעשיות פרמצביטות בע""מ",,,יח,5,"ל100 מ""ל",false,1,17.90,3.58,false,1,
7290002515371,false,קמיל בלו 1 ליטר,"פישר  תעשיות פרמצביטות בע""מ",,,יח,10,"ל100 מ""ל",false,1,26.90,2.69,true,1,
7290002538875,false,קרמבו 20  יח`וניל ארטיק,"גלידות קולורדו בע""מ",,,יח,20,יח,false,1,19.90,1,false,1,
7290002542780,false,שישית סטלה ארטואה 330,תימקו בירה בעמ,,,יח,1.98,"ל100 מ""ל",false,1,36.90,17.73,false,1,
7290002542841,false,לף בלונד שישיה  330,תימקו בירה בעמ,,,יח,1.98,"ל100 מ""ל",false,1,54.90,26.82,false,1,
7290002543237,false,קורנפלקס 750 גר קלוגס,דיפלומט מפיצים {1968}בעמ,,,יח,7.50,ל 100 גרם,false,1,14.90,1.99,false,1,
7290002579335,false,גליל  ריבועים צבעוני0,חביב את פרנק בעמ,,,יח,1,,false,1,19.90,19.90,false,1,
7290002581079,false,תן צ`אפ  60 גר מיה,מיה תעשיות מזון מ.ת.מ בעמ,,,יח,0.60,ל 100 גרם,false,1,3.80,6.33,false,1,
7290002603474,false,פיצה  השף מאיטליה  שגב רוטב פטריות 200ג`,נטו מילנדה סחר בעמ*,,,יח,2,ל 100 גרם,false,1,14.90,7.45,true,1,
7290002603481,false,פיצה השף מאיטליה שגב פסטו ועגבניות 200,נטו מילנדה סחר בעמ*,,,יח,2.20,ל 100 גרם,false,1,14.90,6.77,true,1,
7290002603498,false,פיצה  השף  מאיטליה  שגב  אנטיפסטי,נטו מילנדה סחר בעמ*,,,יח,2.20,ל 100 גרם,false,1,14.90,6.77,true,1,
7290002603504,false,פיצה  השף מאיטליה  שגב עגבניות בצל 200,נטו מילנדה סחר בעמ*,,,יח,2.20,ל 100 גרם,false,1,14.90,6.77,true,1,
7290002603689,false,"מקלות   פילו  XL תפו""א",נטו מילנדה סחר בעמ*,,,יח,0.45,ל 100 גרם,false,1,19.90,44.22,true,1,
7290002603696,false,מקלות   פילו  XL גבינה השף שגב 450 גרם,נטו מילנדה סחר בעמ*,,,יח,0.45,ל 100 גרם,false,1,19.90,44.22,true,1,
7290002627098,false,פיצה ביס 350 גר` שלושת האופים,נטו מילנדה סחר בעמ*,,,יח,3.50,ל 100 גרם,false,1,15.90,4.54,true,1,
7290002627210,false,גפילטעפיש  520 גרם קרפיון דלידג,נטו מילנדה סחר בעמ*,,,יח,5.20,ל 100 גרם,false,1,12.90,2.48,false,1,
7290002674221,false,אקווה פרש מנטה מ ק. י.ח,גורי ע.ע.ע בעמ,,,יח,1,ל 100 גרם,false,1,11.90,11.90,false,1,
7290002687177,false,שוקים עוף טרי רבנות,קורניש חן{1987} בעמ,,,"לק""ג",1,,true,1,31.90,31.90,true,1,
7290002692393,false,שמן קנולה בתוספת ויטמין E 1 ליטר*,סוגת תעשיות בעמ,,,יח,1,לליטר,false,1,14.90,14.90,false,1,
7290002692478,false,"שמן זית מעודן 750 מ""ל עץ הזית*",סוגת תעשיות בעמ,,,יח,7.50,"ל100 מ""ל",false,12,29.90,3.99,false,1,
7290002703426,false,דבש בקבוק לחיץ 250 ג*,דבש שלנו( )1987בעמ,,,יח,10,"לק""ג",false,1,11.90,1.19,false,1,
7290002715375,false,קבב יווני טיבון ויל 400 גרם,נטו מילנדה סחר בעמ*,,,יח,4,ל 100 גרם,false,1,17.90,4.48,true,1,
7290002715504,false,מג יק ט. עוף,נטו מילנדה סחר בעמ*,,,יח,0.70,ל 100 גרם,false,1,4.80,6.86,false,1,
7290002715511,false,מג יק טעם בשר,נטו מילנדה סחר בעמ*,,,יח,0.70,ל 100 גרם,false,1,4.80,6.86,false,1,
7290002715528,false,מג יק טעם ירקות,נטו מילנדה סחר בעמ*,,,יח,0.70,ל 100 גרם,false,1,4.80,6.86,false,1,
7290002715580,false,מג יק ט. סיני,נטו מילנדה סחר בעמ*,,,יח,0.70,ל 100 גרם,false,1,4.80,6.86,false,1,
7290002730262,false,פלמוליב נוזל כלים,ש.שסטוביץ בעמ,,,יח,7.50,"ל100 מ""ל",false,1,11.90,1.59,true,1,
7290002730811,false,קולגיט ג ל משפחת,ש.שסטוביץ בעמ,,,יח,1,ל 100 גרם,false,1,11.90,11.90,false,1,
7290002730903,false,סבון פלמוליב 4 לבן,ש.שסטוביץ בעמ,,,יח,4,ל 100 גרם,false,1,16.90,4.23,false,1,
7290002730958,false,סבון פלמוליב מוצק רבעייה,ש.שסטוביץ בעמ,,,יח,4,ל 100 גרם,false,1,16.90,4.23,false,1,
7290002735014,false,"מלווח ינון 1 ק""ג",קפוא זן תעשיות מזון בעמ,,,יח,1,"לק""ג",false,1,14.90,14.90,false,1,
7290002735021,false,ג חנון יינון 900 גרם,קפוא זן תעשיות מזון בעמ,,,יח,9,ל 100 גרם,false,1,14.90,1.66,false,1,
7290002735120,false,"בורקס תפו""א ינון 800 גרם",קפוא זן תעשיות מזון בעמ,,,יח,8,ל 100 גרם,false,1,14.90,1.86,false,1,
7290002735274,false,ג חנון אפוי ינון,קפוא זן תעשיות מזון בעמ,,,יח,6,ל 100 גרם,false,1,16.90,2.82,false,1,
7290002739692,false,נקניקיות  צוריסוס  500 עטרה,נטו מלינדה סחר בעמ,,,יח,5,ל 100 גרם,false,1,26.90,5.38,false,1,
7290002752332,false,מנטוס גלילים,ליימן שליסל בעמ,,,יח,0.3750,ל 100 גרם,false,1,2.90,7.73,false,1,
7290002752349,false,מנטה מנטוס,ליימן שליסל בעמ,,,יח,0.3750,ל 100 גרם,false,1,2.90,7.73,false,1,
7290002753223,false,טיק טק תפוז 4,פרימיום חברה לדברי מ.,,,יח,2.50,ל 100 גרם,false,1,9.90,3.96,false,1,
7290002757528,false,"בורקס פילו תפו""א 700 גרם שלושת האופים",נטו מילנדה סחר בעמ*,,,יח,7,ל 100 גרם,false,1,19.90,2.84,true,1,
7290002757535,false,בורקס אצבעות גבינה פילו 700 גרם שלושת,נטו מילנדה סחר בעמ*,,,יח,7,ל 100 גרם,false,1,19.90,2.84,true,1,
7290002757672,false,המבורגר בקר הסידרה האדומה,נטו מילנדה סחר בעמ*,,,יח,4,ל 100 גרם,false,1,11.90,2.98,false,1,
7290002768036,false,תיאדנט ענק  170ג     אגיס,החברה הדרומית לשיווק בעמ,,,יח,1.50,"ל100 מ""ל",false,1,14.90,9.93,false,1,
7290002768074,false,דרמפון 1 ליטר אגיס,החברה הדרומית לשיווק בעמ,,,יח,10,לליטר,false,1,17.90,1.79,false,1,
7290002768159,false,בת אורן-סבון אמבט    אגיס,החברה הדרומית לשיווק בעמ,,,יח,5,"ל100 מ""ל",false,1,17.90,3.58,false,1,
7290002780007,false,Cucumbers in brine 30-36 a10,קבוצת יבנה מוצרי מזון,,,יח,3,"לק""ג",false,1,17.90,5.97,false,1,
7290002780045,false,Cucumbers in vinegar 30-36 a10,קבוצת יבנה מוצרי מזון,,,יח,3,"לק""ג",false,1,17.90,5.97,false,1,
7290002780571,false,Cucumbers in brine 15-20 a5,קבוצת יבנה מוצרי מזון,,,יח,1.25,"לק""ג",false,1,11.90,9.52,false,1,
7290002780588,false,black pitted olives 15-17 a2,קבוצת יבנה מוצרי מזון,,,יח,5.60,ל 100 גרם,false,1,7.40,1.32,false,1,
7290002780601,false,Cucumbers in vinegar 15-20 a5,קבוצת יבנה מוצרי מזון,,,יח,1.25,"לק""ג",false,1,11.90,9.52,false,1,
7290002780649,false,Green olives rings 15-17 a2,קבוצת יבנה מוצרי מזון,,,יח,5.60,ל 100 גרם,false,1,7.40,1.32,false,1,
7290002780656,false,black olive rings 15-17 a2,קבוצת יבנה מוצרי מזון,,,יח,5.60,ל 100 גרם,false,1,7.40,1.32,false,1,
7290002781691,false,ממרח שוקולד 400ג  מיטב  *,מיטב (ג.ש) תעשיות מזון שותפות,,,יח,4,ל 100 גרם,false,1,5.50,1.38,false,1,
7290002781905,false,ריבה מעורבת 800ג  מיטב*,מיטב (ג.ש) תעשיות מזון שותפות,,,יח,8.80,ל 100 גרם,false,1,8.90,1.01,false,1,
7290002781912,false,ריבה תות שדה 800ג   מיטב*,מיטב (ג.ש) תעשיות מזון שותפות,,,יח,8.80,ל 100 גרם,false,1,8.90,1.01,false,1,
7290002782742,false,דאו  פנינה חדש 2,פנינה רוזנבלום בעמ,,,יח,1.50,"ל100 מ""ל",false,1,18.90,12.60,true,1,
7290002782759,false,קרם גוף פנינה,פנינה רוזנבלום בעמ,,,יח,3.40,"ל100 מ""ל",false,1,24.90,7.32,true,1,
7290002793311,false,בלון גז גדול 60,א.א צ יקו שיווק והפצה,,,יח,1,,false,1,95,95,false,1,
7290002805151,false,CIF FLOOR 4L- ORCHID 2010 6X4KG,"יוניליוור ישראלשיווק בע""מ",,,יח,4,לליטר,false,1,18.50,4.63,false,1,
7290002814016,false,מסיר שומנים מתז     מוריץ*ק,קומפלקס בעמ,,,יח,7.50,"ל100 מ""ל",false,1,12.90,1.72,false,1,
7290002814603,false,מסיר שומנים מבושם לימון מתז מוריץ*,קומפלקס בעמ,,,יח,1.50,לליטר,false,1,12.90,8.60,false,1,
7290002814931,false,שמפו רצפות פרחים 4 ליטר מוריץ*,קומפלקס בעמ,,,יח,40,"ל100 מ""ל",false,5,12.90,0.32,false,1,
7290002824183,false,גבינה לבנה 5%-500 גרם,שטראוס גרופ בעמ (ח),,,יח,5,ל 100 גרם,false,1,9.90,1.98,false,1,
7290002824466,false,יוגורט לבן 0%,שטראוס גרופ בעמ (ח),,,יח,2,"ל100 מ""ל",false,1,3.50,1.75,false,1,
7290002824640,false,גבינה סקי 250 גרם%{-5 פ},שטראוס גרופ בעמ (ח),,,יח,2.50,ל 100 גרם,false,1,4.98,1.99,false,1,
7290002825722,false,כרוב אדום575 גר`,שטראוס גרופ בעמ (ח),,,יח,6.25,ל 100 גרם,false,1,13.90,2.22,true,1,
7290002842002,false,קווקר אנגלי,ליימן שליסל בעמ,,,יח,5,ל 100 גרם,false,1,9.90,1.98,false,1,
7290002842699,false,מיץ שזיפים  יולה 946,ר.צ צ יק בעמ,,,יח,2.50,"ל100 מ""ל",false,1,21.90,8.76,false,1,
7290002868996,false,קוטג  ביו 5% 250 גרם טרה,החברה המרכזית טלהפצת משקאות בע,,,יח,2.50,ל 100 גרם,false,1,6.60,2.64,true,1,
7290002871248,false,טובורג 500 חוזר,החברה המרכזית להפצת משקאות בע,,,יח,5,"ל100 מ""ל",false,1,7.80,1.32,false,1,
7290002900566,false,פסט  ברבקיו דלת שומן 360,תנובה ענף ב.ע.ד,,,יח,3.60,ל 100 גרם,false,1,26.90,7.47,false,1,
7290002904694,false,"טיטניום דאודארנט 180 מ""ל",החברה הדרומית לשיווק בעמ,,,יח,1.80,"ל100 מ""ל",false,1,15.90,8.83,false,1,
7290002909248,false,שריר הזרוע  מס`8,בלדי בעמ,,,"לק""ג",10,"לק""ג",true,1,39.90,3.99,false,1,
7290002909804,false,פילה בקלה ללא עור,בלדי בעמ,,,"לק""ג",10,ל 100 גרם,true,1,29.90,2.99,false,1,
7290002919803,false,סרדין שלם בלדי קפוא,בלדי בעמ,,,"לק""ג",10,ל 100 גרם,true,1,18.90,1.89,false,1,
7290002921240,false,שמפוזר,"יעקב יעקבי ובניו בע""מ",,,יח,6.50,"ל100 מ""ל",false,1,26.90,4.14,false,1,
7290002922117,false,עוגיות   אקלר,הלל בן הלל שיווק וסחר בעמ,,,יח,2.50,ל 100 גרם,false,1,23.90,9.56,false,1,
7290002929635,false,טונה ולגיר140ג  בשמן,נטו מילנדה סחר בעמ*,,,יח,1.40,ל 100 גרם,false,1,4.90,3.50,false,1,
7290002939450,false,שניצל אמרקאי 600 עטרה,נטו מלינדה סחר בעמ,,,יח,6,ל 100 גרם,false,1,16.90,2.82,false,1,
7290002971955,false,"קמח 650 כחול ללא צורך בניפוי 1 ק""ג *",טחנות קמח שטיבל בש בעמ,,,יח,10,ל 100 גרם,false,1,7.90,0.79,false,1,
7290002971962,false,"קמח 100% מלא ללא צורך בניפוי 1  ק""ג*",טחנות קמח שטיבל בש בעמ,,,יח,1,"לק""ג",false,1,6.90,6.90,false,1,
7290002971986,false,"קמח שיפון מלא ללא צורך בניפוי 1  ק""ג*",טחנות קמח שטיבל בש בעמ,,,יח,10,ל 100 גרם,false,1,7.50,0.75,false,1,
7290002971993,false,"קמח כוסמין מלא ללא צורך בניפוי 1  ק""ג*",טחנות קמח שטיבל בש בעמ,,,יח,10,ל 100 גרם,false,1,13.90,1.39,false,1,
7290002972006,false,"קמח 405 תכלת ללא צורך בניפוי 1 ק""ג *",טחנות קמח שטיבל בש בעמ,,,יח,1,יח,false,1,7.90,7.90,false,1,
7290002972365,false,"קמח תופח ללא צורך בניפוי 1 ק""ג *",טחנות קמח שטיבל בש בעמ,,,יח,1,יח,false,1,7.90,7.90,false,1,
7290002972426,false,"קמח 80% מלא ללא צורך בניפוי 1  ק""ג*",טחנות קמח שטיבל בש בעמ,,,יח,10,ל 100 גרם,false,1,7.90,0.79,false,1,
7290002973621,false,"קמח ב""ש ל.צ.בניפוי 1 ק""ג*",טחנות קמח שטיבל בש בעמ,,,יח,1,"לק""ג",false,1,6.90,6.90,false,1,
7290002973812,false,"קמח כוסמין 80% ללא צורך בניפוי 1  ק""ג*",טחנות קמח שטיבל בש בעמ,,,יח,1,,false,1,14.90,14.90,false,1,
7290002973829,false,"קמח כוסמין לבן ללא צורך בניפוי 1  ק""ג*",טחנות קמח שטיבל בש בעמ,,,יח,10,ל 100 גרם,false,1,13.90,1.39,false,1,
7290002974222,false,"קמח עוגיות ללא צ.בניפוי שטיבל 1  ק""ג*",טחנות קמח שטיבל בש בעמ,,,יח,1,,false,1,6.90,6.90,false,1,
7290002974239,false,"קמח עוגות ללא צ.בניפוי שטיבל 1  ק""ג*",טחנות קמח שטיבל בש בעמ,,,יח,1,,false,1,6.90,6.90,false,1,
7290002987963,false,"חומוס אחלה 1 ק""ג ק.",שטראוס גרופ בעמ (ח),,,יח,1,"לק""ג",false,1,13.90,13.90,false,1,
7290003009183,false,סירופ דיאט תפוחים 750,החברה המרכזית להפצת משקאות בע,,,יח,7.50,"ל100 מ""ל",false,1,22.90,3.05,false,1,
7290003009329,false,בוטן אמרקאי 200,ליימן שליסל בעמ,,,יח,2,ל 100 גרם,false,1,5.90,2.95,true,1,
7290003009336,false,קבוקים 200,ליימן שליסל בעמ,,,יח,2,ל 100 גרם,false,1,5.90,2.95,true,1,
7290003009596,false,סירופ דיאט אשכולית 750,החברה המרכזית להפצת משקאות בע,,,יח,7.50,"ל100 מ""ל",false,1,22.90,3.05,false,1,
7290003015634,false,ריצפז פרש פסיפלורה,החברה הדרומית לשיווק בעמ,,,יח,20,"ל100 מ""ל",false,1,17.90,0.90,false,1,
7290003015641,false,ריצפז הברקה  2 ליטר סנו,החברה הדרומית לשיווק בעמ,,,יח,20,"ל100 מ""ל",false,1,17.90,0.90,false,1,
7290003026036,false,אל סבון קמיל,"פישר  תעשיות פרמצביטות בע""מ",,,יח,10,"ל100 מ""ל",false,1,29.90,2.99,true,1,
7290003026319,false,קמיל פלוס משחה ל,"פישר  תעשיות פרמצביטות בע""מ",,,יח,1,ל 100 גרם,false,1,18.90,18.90,true,1,
7290003029181,false,שוקו יטבתה בקבוק 1 ליטר,שטראוס גרופ בעמ (ח),,,יח,1,לליטר,false,1,11.90,11.90,false,1,
7290003029372,false,משקה חלב בננה יטבתה בבקבוק 1 ליטר,שטראוס גרופ בעמ (ח),,,יח,1,לליטר,false,1,11.90,11.90,false,1,
7290003029389,false,"משקה חלב בננה יטבתה 250 מ""ל",שטראוס גרופ בעמ (ח),,,יח,2.50,"ל100 מ""ל",false,1,5.40,2.16,false,1,
7290003029433,false,"שוקו יטבתה פקק 250 מ""ל",שטראוס גרופ בעמ (ח),,,יח,2.50,"ל100 מ""ל",false,1,5.40,2.16,false,1,
7290003029532,false,חלב בטעם קפה 2% יטבתה,שטראוס גרופ בעמ (ח),,,יח,1,לליטר,false,1,11.90,11.90,false,1,
7290003029792,false,"שוקו יטבתה שקיות שמיניה 225 מ""ל",שטראוס גרופ בעמ (ח),,,יח,1.80,לליטר,false,1,18.90,10.50,false,1,
7290003029815,false,חלב יטבתה 2 ליטר.,שטראוס גרופ בעמ (ח),,,יח,2,לליטר,false,1,14.90,7.45,false,1,
7290003029907,false,קפה יטבתה 1 ליטר,שטראוס גרופ בעמ (ח),,,יח,1,לליטר,false,1,11.90,11.90,false,1,
7290003031733,false,פסטרמה על גחלים 400 ה. מח,תנובה ענף ב.ע.ד,,,יח,4,ל 100 גרם,false,1,28.90,7.23,false,1,
7290003031757,false,פסטרמה בפפריקה 400 מחפוד,תנובה ענף ב.ע.ד,,,יח,4,ל 100 גרם,false,1,28.90,7.23,false,1,
7290003047642,false,LIPTON TEA YL 1.5GX100X12,"יוניליוור ישראלשיווק בע""מ",,,יח,1.50,יח,false,1,11.90,7.93,false,1,
7290003072804,false,פסטרמה של פעם 200  גר`,תנובה ענף ב.ע.ד,,,יח,2,ל 100 גרם,false,1,20.90,10.45,false,1,
7290003093335,false,"אבקת שוקו שקית 1ק""ג ברמן  *",בר מן תעשיות מזון בעמ,,,יח,10,"לק""ג",false,1,9.90,0.99,false,1,
7290003107216,false,קמח 1 קג  דגן    *,טחנות קמח דגן {2006}בעמ,,,יח,1,"לק""ג",false,1,5.50,5.50,false,1,
7290003119516,false,ארגז פלסטיק בירה כללי,החברה המרכזית להפצת משקאות בע,,,יח,1,,false,1,23.40,23.40,false,1,
7290003121083,false,מגיק טעם בשר,נטו מילנדה סחר בעמ*,,,יח,0.85,ל 100 גרם,false,1,2.90,3.41,false,1,
7290003121106,false,מגיק טעם עוף,נטו מילנדה סחר בעמ*,,,יח,0.85,ל 100 גרם,false,1,2.90,3.41,false,1,
7290003126958,false,טופו טבעי ואקום 300 גר,החברה המרכזית טלהפצת משקאות בע,,,יח,3,ל 100 גרם,false,1,12.90,4.30,false,1,
7290003141159,false,יוגטה מרשמלו ג.,ליימן שליסל בעמ,,,יח,1.80,ל 100 גרם,false,1,6.90,3.83,false,1,
7290003143139,false,סילאן  קליית גת ק.,ליימן שליסל בעמ,,,יח,9,ל 100 גרם,false,1,12.90,1.43,false,1,
7290003143146,false,ממרח  תמרים  קלית גת,ליימן שליסל בעמ,,,יח,4.50,ל 100 גרם,false,1,5,1.11,false,1,
7290003143276,false,יוגטה מרשמלו  מגלולגל,ליימן שליסל בעמ,,,יח,1.80,ל 100 גרם,false,1,6.90,3.83,false,1,
7290003144310,false,תערובת אגוזים וחמוציות,ליימן שליסל בעמ,,,יח,2,ל 100 גרם,false,1,15.90,7.95,false,1,
7290003144419,false,סילאן טבעי 710 גר`,ליימן שליסל בעמ,,,יח,7.10,ל 100 גרם,false,1,19.90,2.80,false,1,
7290003185719,false,קבב רומני טיבון ויל 500 גרם,נטו מילנדה סחר בעמ*,,,יח,5,ל 100 גרם,false,1,17.90,3.58,true,1,
7290003199273,false,צמר פלדה 200ג ינה  *,פלסטו פוליש (ברקן)בעמ,,,יח,2,ל 100 גרם,false,1,5.90,2.95,false,1,
7290003229215,false,פסט  איטלקית 360,תנובה ענף ב.ע.ד,,,יח,3.60,ל 100 גרם,false,1,26.90,7.47,false,1,
7290003258284,false,קרם גוף פנינה 3,פנינה רוזנבלום בעמ,,,יח,3.50,"ל100 מ""ל",false,1,28.90,8.26,false,1,
7290003287253,false,מרגז קצביה ארוז 500 גרם באלדי,בלדי בעמ,,,יח,5,ל 100 גרם,false,1,27.90,5.58,false,1,
7290003287277,false,צלי כתף  מס`5   בעדני,בלדי בעמ,,,"לק""ג",1,,true,1,99,99,false,1,
7290003287284,false,קבב  ביתי   קצביה ארוז 600  גר`באלדי,בלדי בעמ,,,יח,6,ל 100 גרם,false,1,27.90,4.65,false,1,
7290003287772,false,לשון  בקר- בעדני,בלדי בעמ,,,"לק""ג",0,ל 100 גרם,true,1,59.90,59.90,false,1,
7290003321155,false,דנונה  בר שטראוס פאקאן,שטראוס גרופ בעמ (ח),,,יח,1.83,"ל100 מ""ל",false,1,4.50,2.46,false,1,
7290003321292,false,גבינת סקי,שטראוס גרופ בעמ (ח),,,יח,2.50,ל 100 גרם,false,1,4.75,1.90,false,1,
7290003385881,false,A-2 okra sauce expired - Pry Galilee,ויטה-פרי גליל (החדשה) בעמ,,,יח,5.40,ל 100 גרם,false,1,9.90,1.83,false,1,
7290003387205,false,ספיד סטיק ירוק בסיסי,ש.שסטוביץ בעמ,,,יח,0.6370,ל 100 גרם,false,1,19.90,31.24,true,1,
7290003401369,false,קרם לחות נטורל יבש סגול,החברה הדרומית לשיווק בעמ,,,יח,4,"ל100 מ""ל",false,1,19.90,4.98,false,1,
7290003401376,false,קרם לחות נטורל רגיל כחול,החברה הדרומית לשיווק בעמ,,,יח,4,"ל100 מ""ל",false,1,19.90,4.98,false,1,
7290003401420,false,קרם לחות לשיער לכול כתום,החברה הדרומית לשיווק בעמ,,,יח,4,"ל100 מ""ל",false,1,19.90,4.98,false,1,
7290003408221,false,"רדיד אלומיניום 60 ס""מ 5 מטר 40 מיקרון",אופל אריזות בעמ,,,יח,1,יח,false,1,17.90,17.90,false,1,
7290003427154,false,שמן זית זיתא ק,תה ויסוצקי (ישראל)בעמ,,,יח,7.50,"ל100 מ""ל",false,1,34.90,4.65,true,1,
7290003427178,false,"שמן זית כתית 500 מ""ל",תה ויסוצקי (ישראל)בעמ,,,יח,5,"ל100 מ""ל",false,1,25.90,5.18,false,1,
7290003438006,false,ממרח פסטו צנובר אוליביה,תה ויסוצקי (ישראל)בעמ,,,יח,1.80,ל 100 גרם,false,1,12.90,7.17,false,1,
7290003438013,false,ממרח זיתים אוליביה,תה ויסוצקי (ישראל)בעמ,,,יח,1.90,ל 100 גרם,false,1,12.90,6.79,false,1,
7290003438020,false,ממרח עגבניות מיובשות אוליביה,תה ויסוצקי (ישראל)בעמ,,,יח,1.90,ל 100 גרם,false,1,12.90,6.79,false,1,
7290003438709,false,ממרח זיתים שחורים אולביה,תה ויסוצקי (ישראל)בעמ,,,יח,1.90,ל 100 גרם,false,1,12.90,6.79,false,1,
7290003457991,false,שלגוני קורנטו 1/6,"גלידת שטראוס בע""מ",,,יח,1,,false,1,35.60,35.60,false,1,
7290003461677,false,"חומוס אסלי 1 ק""ג",סלטי שמיר 2006 בעמ,,,יח,10,ל 100 גרם,false,1,15.90,1.59,false,1,
7290003475124,false,צמר גפן טהור,ש.שסטוביץ בעמ,,,יח,1,ל 100 גרם,false,1,5.50,5.50,false,1,
7290003521074,false,סרקל מרכך 1 ליטר,"פישר  תעשיות פרמצביטות בע""מ",,,יח,10,"ל100 מ""ל",false,1,28.90,2.89,false,1,
7290003521081,false,סרקל שמפו  1ליטר,"פישר  תעשיות פרמצביטות בע""מ",,,יח,10,"ל100 מ""ל",false,1,28.90,2.89,false,1,
7290003521166,false,סרקל קרם רוזמרין,"פישר  תעשיות פרמצביטות בע""מ",,,יח,3.25,"ל100 מ""ל",false,1,24.90,7.66,false,1,
7290003521197,false,סרקל מתיר קשרים,"פישר  תעשיות פרמצביטות בע""מ",,,יח,3.40,"ל100 מ""ל",false,1,24.90,7.32,false,1,
7290003521340,false,קמיל בלו אל סבון,"פישר  תעשיות פרמצביטות בע""מ",,,יח,2,לליטר,false,1,34.90,17.45,false,1,
7290003521395,false,קמיל פלוס אל סבו,"פישר  תעשיות פרמצביטות בע""מ",,,יח,2,לליטר,false,1,38.90,19.45,false,1,
7290003521463,false,קמיל אל 2 ליטר,"פישר  תעשיות פרמצביטות בע""מ",,,יח,20,"ל100 מ""ל",false,1,38.90,1.95,false,1,
7290003524297,false,אספרגוס צנצנת בד,נטו מילנדה סחר בעמ*,,,יח,3.30,ל 100 גרם,false,1,10.90,3.30,true,1,
7290003525904,false,שלישית סלט טונה,נטו מילנדה סחר בעמ*,,,יח,4.80,ל 100 גרם,false,1,14.90,3.10,false,1,
7290003550753,false,טונה פוסידון בשמן 4יח נטו *,נטו מילנדה סחר בעמ*,,,יח,4,למארז,false,1,19.80,4.95,true,1,
7290003570164,false,שווארמה פרגית דקדק בלדי 300 גרם,בלדי בעמ,,,יח,3,ל 100 גרם,false,1,26.90,8.97,true,1,
7290003578177,false,תירס גמדי 410ג  ויליפוד  *,ג.וילי פוד בעמ,,,יח,4.10,ל 100 גרם,false,1,7.90,1.93,false,1,
7290003578290,false,מקלוני אורז 300ג  וילפוד,ג.וילי פוד בעמ,,,יח,3,ל 100 גרם,false,1,7.90,2.63,false,1,
7290003582952,false,סט 5 קערות,צעצועי דניאל בעמ,,,יח,1,,false,1,19.90,19.90,false,1,
7290003598311,false,מינוט  סטייק 300 גר`באלדי,בלדי בעמ,,,יח,3,ל 100 גרם,false,1,27.90,9.30,false,1,
7290003632404,false,פילה  מרלוזה  ארוזה,ישראל פלדמן ייצור ושיווק,,,"לק""ג",10,ל 100 גרם,true,1,29.90,2.99,true,1,
7290003643004,false,Basmati rice 1 kg - Sugat,סוגת תעשיות בעמ,,,יח,10,ל 100 גרם,false,1,13.90,1.39,false,1,
7290003643127,false,Baking powder 100g genre - Sugat,סוגת תעשיות בעמ,,,יח,1,ל 100 גרם,false,1,1.90,1.90,false,1,
7290003643134,false,Vanilla sugar 100g genre - Sugat,סוגת תעשיות בעמ,,,יח,1,ל 100 גרם,false,1,1.90,1.90,false,1,
7290003643158,false,Cornflour 200g - Sugat,סוגת תעשיות בעמ,,,יח,2,ל 100 גרם,false,1,3.90,1.95,false,1,
7290003643165,false,Cornflour 500g - Sugat,סוגת תעשיות בעמ,,,יח,5,ל 100 גרם,false,1,7.90,1.58,false,1,
7290003643172,false,Caster sugar 100g genre - Sugat,סוגת תעשיות בעמ,,,יח,1,ל 100 גרם,false,1,1.90,1.90,false,1,
7290003643325,false,Medium 350g couscous - Sugat,סוגת תעשיות בעמ,,,יח,3.50,ל 100 גרם,false,1,4.90,1.40,true,1,
7290003643387,false,Sugar 1kg jar - Sugat,סוגת תעשיות בעמ,,,יח,10,ל 100 גרם,false,8,7.90,0.79,false,1,
7290003643646,false,Demerara brown sugar 1kg jar - Sugat,סוגת תעשיות בעמ,,,יח,10,ל 100 גרם,false,1,12.90,1.29,false,1,
7290003643684,false,Peas 500g - Sugat,סוגת תעשיות בעמ,,,יח,5,ל 100 גרם,false,1,6.50,1.30,true,1,
7290003643707,false,Grits 500 g - Sugat,סוגת תעשיות בעמ,,,יח,5,ל 100 גרם,false,1,4.90,0.98,true,1,
7290003643714,false,Hummus 500 g - Sugat,סוגת תעשיות בעמ,,,יח,5,ל 100 גרם,false,1,7.90,1.58,false,1,
7290003643738,false,Wheat 500 g - Sugat,סוגת תעשיות בעמ,,,יח,5,ל 100 גרם,false,1,4.90,0.98,true,1,
7290003643745,false,Buckwheat 500 g - Sugat,סוגת תעשיות בעמ,,,יח,5,ל 100 גרם,false,1,7.90,1.58,false,1,
7290003643752,false,Green lentils 500g - Sugat,סוגת תעשיות בעמ,,,יח,5,ל 100 גרם,false,1,7.90,1.58,false,1,
7290003643769,false,Red lentils 500g - Sugat,סוגת תעשיות בעמ,,,יח,5,ל 100 גרם,false,1,7.90,1.58,false,1,
7290003643776,false,Popcorn 500 g - Sugat,סוגת תעשיות בעמ,,,יח,5,ל 100 גרם,false,12,5.90,1.18,false,1,
7290003643783,false,Coconut 100g lying - Sugat,סוגת תעשיות בעמ,,,יח,1,ל 100 גרם,false,1,3.60,3.60,true,1,
7290003643806,false,White beans 500g - Sugat,סוגת תעשיות בעמ,,,יח,5,ל 100 גרם,false,1,10.90,2.18,true,1,
7290003643813,false,Red beans 500g - Sugat,סוגת תעשיות בעמ,,,יח,5,ל 100 גרם,false,1,10.90,2.18,true,1,
7290003643820,false,Huge chick 500 g - Sugat,סוגת תעשיות בעמ,,,יח,5,ל 100 גרם,false,1,9.90,1.98,false,1,
7290003680016,false,סט 3 מיכלים שחר,צעצועי דניאל בעמ,,,יח,1,,false,1,11.90,11.90,false,1,
7290003680085,false,נטלה פלסטיק ג`מבו,צעצועי דניאל בעמ,,,יח,1,,false,1,4.90,4.90,false,1,
7290003680443,false,קליק משפך ג`מבו,אוהב ציון בעמ,,,יח,1,,false,1,4.90,4.90,false,1,
7290003680474,false,"קליק כוס מודרני 350 ס""מק גלים",אוהב ציון בעמ,,,יח,1,,false,1,2.90,2.90,false,1,
7290003680771,false,קליק  ספל/ מאג אודם,אוהב ציון בעמ,,,יח,1,,false,1,2.90,2.90,false,1,
7290003681303,false,שעועית מעורבת 500 ג  מיהק.,מיה תעשיות מזון מ.ת.מ בעמ,,,יח,5,ל 100 גרם,false,1,9.90,1.98,false,1,
7290003681334,false,"קוקוס בד""ץ 400 ג   מיה",מיה תעשיות מזון מ.ת.מ בעמ,,,יח,4,ל 100 גרם,false,1,9.90,2.48,false,1,
7290003681341,false,"קונפיטורה תות 340 חת""ס",מיה תעשיות מזון מ.ת.מ בעמ,,,יח,3.40,ל 100 גרם,false,1,9.90,2.91,false,1,
7290003681365,false,קישוט לעוגה צבעוני  70ג  מיה,מיה תעשיות מזון מ.ת.מ בעמ,,,יח,2,ל 100 גרם,false,1,4.90,2.45,false,1,
7290003681532,false,"דובדבנים מסוכרים חת""ס מיה",מיה תעשיות מזון מ.ת.מ בעמ,,,יח,1,ל 100 גרם,false,1,6.90,6.90,false,1,
7290003681693,false,חומוס לבן ענק 500ג   מיה,מיה תעשיות מזון מ.ת.מ בעמ,,,יח,5,ל 100 גרם,false,1,10.50,2.10,false,1,
7290003681716,false,גריסי פנינה 500      מיה,מיה תעשיות מזון מ.ת.מ בעמ,,,יח,5,ל 100 גרם,false,1,5.90,1.18,false,1,
7290003681792,false,"טופי 850 ג  בד""ץ מיה",מיה תעשיות מזון מ.ת.מ בעמ,,,יח,8.50,ל 100 גרם,false,1,13.90,1.64,false,1,
7290003726615,false,טופו ויילר 300 גר`,שטראוס גרופ בעמ (ח),,,יח,3,"ל100 מ""ל",false,1,10.90,3.63,false,1,
7290003726622,false,טופו  פיקנטי,שטראוס גרופ בעמ (ח),,,יח,3,"ל100 מ""ל",false,1,13.90,4.63,false,1,
7290003781652,false,צלפים במי מלח 350ג ויליפוד,ג.וילי פוד בעמ,,,יח,3.50,ל 100 גרם,false,1,9.80,2.80,false,1,
7290003804252,false,KNORR SEASONING CUBE BDZ 12X12X72GR,"יוניליוור ישראלשיווק בע""מ",,,יח,0.72,ל 100 גרם,false,1,7.90,10.97,false,1,
7290003804320,false,KNORR GARLIC&PARSLEY CUBITOS 12X12X72G,"יוניליוור ישראלשיווק בע""מ",,,יח,0.72,ל 100 גרם,false,1,7.90,10.97,false,1,
7290003804382,false,KNORR MUSHROOMS CUBE BDZ 12X12X72GR,"יוניליוור ישראלשיווק בע""מ",,,יח,0.72,ל 100 גרם,false,1,7.90,10.97,false,1,
7290003805501,false,PATIT SWEDISH BDZ NEW 24X300GR,"יוניליוור ישראלשיווק בע""מ",,,יח,3,ל 100 גרם,false,1,14.90,4.97,false,1,
7290003805587,false,PATIT WHOLE WHEAT BDZ NEW 24X250GR,"יוניליוור ישראלשיווק בע""מ",,,יח,2.50,ל 100 גרם,false,6,14.90,5.96,false,1,
7290003807178,false,KNORR CHINESE STYLE SOY SAUCE 300ML,"יוניליוור ישראלשיווק בע""מ",,,יח,3,"ל100 מ""ל",false,1,9.90,3.30,false,1,
7290003807482,false,KNORR TERRYAKI SAUCE 300ML,"יוניליוור ישראלשיווק בע""מ",,,יח,3,"ל100 מ""ל",false,1,9.90,3.30,false,1,
7290003882014,false,פלפל כבוש 1.45 לא חריף   ויליפוד*,ג.וילי פוד בעמ,,,יח,1.45,"לק""ג",false,1,17.90,12.34,false,1,
7290003896141,false,אלמנדוס 200  גר,ליימן שליסל בעמ,,,יח,2,ל 100 גרם,false,1,8.90,4.45,true,1,
7290003903771,false,קפוצ ינו פחית 00,שטראוס גרופ בעמ,,,יח,2,ל 100 גרם,false,1,23.90,11.95,false,1,
7290003920457,false,בשר מס 5 רובין לא מעובד,עוף ירושלים שיווק בעמ,,,"לק""ג",1,,true,1,129.90,129.90,false,1,
7290003989096,false,חציל מזרחי אחלה,שטראוס גרופ בעמ (ח),,,יח,5.75,ל 100 גרם,false,1,15.90,2.77,true,1,
7290003989539,false,רביולי גבינה,שטראוס גרופ בעמ (ח),,,יח,4,ל 100 גרם,false,1,19.90,4.98,true,1,
7290003989553,false,טורטלוני פטריות,שטראוס גרופ בעמ (ח),,,יח,4,ל 100 גרם,false,1,19.90,4.98,true,1,
7290003996018,false,חסה חסלט,"בכורי השדה צפון1994 ג.ד. בע""מ",,,יח,1,,false,1,8.90,8.90,false,1,
7290003996513,false,כרוב אדום  קצוץ חסלט 400 גר`,"בכורי השדה צפון1994 ג.ד. בע""מ",,,יח,4,ל 100 גרם,false,1,14.90,3.73,false,1,
7290004011291,false,"בסיס להכנת קצפת  ריצ` 425 מ""ל",נטו מילנדה סחר בעמ*,,,יח,4.25,"ל100 מ""ל",false,1,13.90,3.27,false,1,
7290004063115,false,"מלח מטבח  גס(ירוק) 1  ק""ג*",סוגת תעשיות בעמ,,,יח,10,ל 100 גרם,false,1,1.70,0.17,false,1,
7290004064082,false,מטחנה מלח ים טבעי 250ג סוגת*,סוגת תעשיות בעמ,,,יח,1,,false,1,15.90,15.90,false,1,
7290004064099,false,מטחנה מלח הימלאיה 300ג  סוגת*,סוגת תעשיות בעמ,,,יח,1,,false,1,13.90,13.90,false,1,
7290004064174,false,"מלח ההימלאיה דק 1 ק""ג צנצנת סוגת*",סוגת תעשיות בעמ,,,יח,10,ל 100 גרם,false,1,17.90,1.79,false,1,
7290004064280,false,מלח מופחת נתרן 600ג צנצנת סוגת*,סוגת תעשיות בעמ,,,יח,6,ל 100 גרם,false,1,16.90,2.82,false,1,
7290004064297,false,"מלח מועשר ביוד 1 ק""ג צנצנת  סוגת*",סוגת תעשיות בעמ,,,יח,10,ל 100 גרם,false,1,9.90,0.99,false,1,
7290004064303,false,מלח אטלנטי 800ג צנצנת  סוגת*,סוגת תעשיות בעמ,,,יח,8,ל 100 גרם,false,1,19.90,2.49,false,1,
7290004064389,false,מלח הימלאיה דק 250ג מלחיה  סוגת*,סוגת תעשיות בעמ,,,יח,2.50,ל 100 גרם,false,1,9.90,3.96,false,1,
7290004068172,false,יוגורט  עזים  דלי 600 גר` 5%,מחלבות גד שיווק 1992 בעמ,,,יח,6,"ל100 מ""ל",false,1,17.90,2.98,false,1,
7290004078270,false,פלמוליב   1ליטר,ש.שסטוביץ בעמ,,,יח,10,"ל100 מ""ל",false,1,12.90,1.29,false,1,
7290004078942,false,ליידי ספיד סטייק,ש.שסטוביץ בעמ,,,יח,0.63,ל 100 גרם,false,1,19.90,31.59,true,1,
7290004091217,false,גודוס להברקת כלי,"דנשר (1963) בע,מ",,,יח,1.25,"ל100 מ""ל",false,1,14.90,11.92,false,1,
7290004091248,false,VASELINE VSLN PETROLEUM JELLY 24X106GR,"יוניליוור ישראלשיווק בע""מ",,,יח,1.06,"ל100 מ""ל",false,1,12.90,12.17,false,1,
7290004119225,false,יופלה אננס,תנובה -חלב,,,יח,1.50,"ל100 מ""ל",false,1,4.90,3.27,false,1,
7290004119928,false,מעדן קרלו וניל,תנובה -חלב,,,יח,1.25,"ל100 מ""ל",false,1,2.80,2.24,false,1,
7290004119973,false,מעדן קרלו,תנובה -חלב,,,יח,1.25,"ל100 מ""ל",false,1,2.80,2.24,false,1,
7290004120108,false,דיאט יופלה דובדבן,תנובה -חלב,,,יח,1.50,"ל100 מ""ל",false,1,4.90,3.27,false,1,
7290004120566,false,פיראוס בולגרית %,תנובה -חלב,,,ל 100 גרם,2.50,ל 100 גרם,false,1,22.90,9.16,false,1,
7290004120573,false,פיראוס בולגרית,תנובה -חלב,,,יח,2.50,ל 100 גרם,false,1,22.90,9.16,false,1,
7290004120634,false,פיראוס בולגרית % ק,תנובה -חלב,,,יח,2.50,ל 100 גרם,false,1,20.90,8.36,false,1,
7290004120832,false,חלב כד 3%- 2 ליטר תנובה,תנובה -חלב,,,יח,20,לליטר,false,1,12.40,0.62,false,1,
7290004121488,false,יופלה  דייט אפרסק,תנובה -חלב,,,יח,1.50,"ל100 מ""ל",false,1,4.90,3.27,false,1,
7290004121754,false,יופלה עוגת קרם גבינה,תנובה -חלב,,,יח,1.50,"ל100 מ""ל",false,1,4.90,3.27,false,1,
7290004121853,false,פיראוס קוביות בולגרית 5%,תנובה -חלב,,,יח,2,ל 100 גרם,false,1,19.90,9.95,false,1,
7290004122119,false,פתתי פרמזן לפסטה,תנובה -חלב,,,יח,2,ל 100 גרם,false,1,10.90,5.45,false,1,
7290004122195,false,גוש חלב 200 גר ק,תנובה -חלב,,,יח,2,ל 100 גרם,false,1,13.90,6.95,false,1,
7290004122270,false,עמק בקופסא,תנובה -חלב,,,יח,2,ל 100 גרם,false,1,15.90,7.95,false,1,
7290004122348,false,עמק לייט 9%,תנובה -חלב,,,יח,2,ל 100 גרם,false,1,16.90,8.45,false,1,
7290004122676,false,חמד לייט 5% 250,תנובה -חלב,,,יח,2.50,ל 100 גרם,false,1,17.90,7.16,false,1,
7290004122683,false,אצבעות עמק,תנובה -חלב,,,יח,1.72,ל 100 גרם,false,1,15.60,9.07,false,1,
7290004124205,false,יופלה דיאט תות 0% שומן,תנובה -חלב,,,יח,1.50,"ל100 מ""ל",false,1,4.90,3.27,false,1,
7290004124847,false,קצפת צמחית השף הלבן 500.,תנובה -חלב,,,יח,5,ל 100 גרם,false,1,14.90,2.98,false,1,
7290004125400,false,"אשל 4.5% שומן. 200  מ""ל{פ}",תנובה -חלב,,,יח,2,"ל100 מ""ל",false,1,1.69,0.85,false,1,
7290004125417,false,"גיל 3% שומן. 200  מ""ל{פ}",תנובה -חלב,,,יח,2,"ל100 מ""ל",false,1,1.51,0.76,false,1,
7290004125455,false,"שמנת חמוצה 15%-200  מ""ל{פ}",תנובה -חלב,,,יח,2,"ל100 מ""ל",false,1,2.40,1.20,false,1,
7290004125462,false,"שמנת חמוצה 15%-500 מ""ל",תנובה -חלב,,,יח,5,"ל100 מ""ל",false,1,6,1.20,false,1,
7290004125509,false,שמנת תנובה אורגינל,תנובה -חלב,,,יח,1,"ל100 מ""ל",false,1,1.70,1.70,false,1,
7290004125578,false,משקה סויה מועשר סידן1,תנובה -חלב,,,יח,10,"ל100 מ""ל",false,1,9.90,0.99,false,1,
7290004125585,false,משקה סויה על הבוקר 1,תנובה -חלב,,,יח,10,"ל100 מ""ל",false,1,9.90,0.99,false,1,
7290004125721,false,שמנת לבישול,תנובה -חלב,,,יח,2.50,"ל100 מ""ל",false,1,8.10,3.24,false,1,
7290004125738,false,שמנת להקצפה 32% ק,תנובה -חלב,,,יח,2.50,"ל100 מ""ל",false,1,6.20,2.48,false,1,
7290004125776,false,עמק פרוס 400,תנובה -חלב,,,יח,4,ל 100 גרם,false,1,28.90,7.23,false,1,
7290004126759,false,יופלה פירות יער,תנובה -חלב,,,יח,1.50,"ל100 מ""ל",false,1,4.90,3.27,false,1,
7290004126872,false,"שוקו בבקבוק 250 מ""ל תנובה",תנובה -חלב,,,יח,2.50,"ל100 מ""ל",false,1,5.50,2.20,false,1,
7290004127329,false,קוטג   %5,תנובה -חלב,,,יח,2.50,ל 100 גרם,false,1,5.50,2.20,false,1,
7290004127336,false,קוטג  9%,תנובה -חלב,,,יח,2.50,ל 100 גרם,false,1,5.50,2.20,false,1,
7290004127800,false,גבינה לבנה 5%-500 גרם,תנובה -חלב,,,יח,5,ל 100 גרם,false,1,9.90,1.98,false,1,
7290004127817,false,גבינה 9% 1/2,תנובה -חלב,,,יח,5,ל 100 גרם,false,1,9.50,1.90,false,1,
7290004127862,false,גבינה לבנה 5%-750 גרם,תנובה -חלב,,,יח,7.50,ל 100 גרם,false,1,14.90,1.99,false,1,
7290004127916,false,גבינה 1/2 500 גר,תנובה -חלב,,,יח,5,ל 100 גרם,false,1,9.50,1.90,false,1,
7290004128333,false,"לבנה 500 תנובה,",תנובה -חלב,,,יח,5,ל 100 גרם,false,1,18.90,3.78,false,1,
7290004128364,false,גבינה קרם 5% עם זיתים,תנובה -חלב,,,יח,2,ל 100 גרם,false,1,10.90,5.45,false,1,
7290004128432,false,פתיתים מיוחדים לפיצה,תנובה -חלב,,,יח,5,ל 100 גרם,false,1,21.70,4.34,false,1,
7290004129101,false,נפוליאון טבעי ק,תנובה -חלב,,,יח,2.25,ל 100 גרם,false,1,12.90,5.73,false,1,
7290004129156,false,גבינת נפוליון,תנובה -חלב,,,יח,2.25,ל 100 גרם,false,1,12.90,5.73,false,1,
7290004130794,false,משקה סויה מועשר מתיקות מופחתת,תנובה -חלב,,,יח,1,לליטר,false,1,9.90,9.90,false,1,
7290004130916,false,יופלה יער בשמנת,תנובה -חלב,,,יח,1.50,"ל100 מ""ל",false,1,4.90,3.27,false,1,
7290004131074,false,חלב קרטון 3%-1 ליטר  תנובה{פ},תנובה -חלב,,,יח,10,לליטר,false,1,6.23,0.62,false,1,
7290004131432,false,יוגורט ביו קרם עדכני,תנובה -חלב,,,יח,2,"ל100 מ""ל",false,1,3.80,1.90,false,1,
7290004131456,false,קרם יוגורט ביו משוחרר,תנובה -חלב,,,יח,2,"ל100 מ""ל",false,1,3.80,1.90,false,1,
7290004131531,false,שוק שוקו 1 ליטר ק,תנובה -חלב,,,יח,1,לליטר,false,1,12.30,12.30,false,1,
7290004131814,false,פיראוס צפתית מעודנת %5ק,תנובה -חלב,,,יח,2,ל 100 גרם,false,1,14.50,7.25,false,1,
7290004131845,false,לבנה אסלית 750 גר`,תנובה -חלב,,,יח,7.50,ל 100 גרם,false,1,20.90,2.79,false,1,
7290004132170,false,יוגורט יופלה  1.5,תנובה -חלב,,,יח,1.50,"ל100 מ""ל",false,1,2.80,1.87,false,1,
7290004132552,false,סויה משקה דיאט טבעי,תנובה -חלב,,,יח,1,לליטר,false,1,9.90,9.90,false,1,
7290004132606,false,קרלו שמניה מיני וניל,תנובה -חלב,,,יח,8,"ל100 מ""ל",false,1,13.90,1.74,false,1,
7290004132712,false,אצבעות עמק תנובה,תנובה -חלב,,,יח,1.74,ל 100 גרם,false,1,15.90,9.14,false,1,
7290004132903,false,"גבינה לבנה 3% בד""צ",תנובה -חלב,,,יח,2.50,ל 100 גרם,false,1,4.75,1.90,false,1,
7290004133511,false,שמניית יופלה לבן,תנובה -חלב,,,יח,1.20,לליטר,false,1,19.90,16.58,false,1,
7290004135058,false,קרלו שמניה מיני,תנובה -חלב,,,יח,8,"ל100 מ""ל",false,1,13.90,1.74,false,1,
7290004135072,false,קרלו מיני 8 יח,תנובה -חלב,,,יח,8,"ל100 מ""ל",false,1,13.90,1.74,false,1,
7290004135119,false,מאגדת קרלו מיני וניל,תנובה -חלב,,,יח,8,"ל100 מ""ל",false,1,13.90,1.74,false,1,
7290004135225,false,מעדן תנובה דיאט שוקולד,תנובה -חלב,,,יח,1.50,"ל100 מ""ל",false,1,3.90,2.60,false,1,
7290004135614,false,בולגרית מעודנת 5%,תנובה -חלב,,,יח,2.50,ל 100 גרם,false,1,19.90,7.96,false,1,
7290004136598,false,מארז הפסקת אוכל תנובה,תנובה -חלב,,,יח,1.50,"ל100 מ""ל",false,1,8.90,5.93,false,1,
7290004136857,false,ג לי תנובה פטל,תנובה -חלב,,,יח,1.25,"ל100 מ""ל",false,1,2.20,1.76,false,1,
7290004136864,false,ג לי תנובה אננס עם חתיכות,תנובה -חלב,,,יח,1.25,"ל100 מ""ל",false,1,2.70,2.16,false,1,
7290004136871,false,ג לי תנובה אפרסק עם,תנובה -חלב,,,יח,1.25,"ל100 מ""ל",false,1,2.70,2.16,false,1,
7290004137021,false,שמנת לבישול מופחת 10% ק,תנובה -חלב,,,יח,2.50,"ל100 מ""ל",false,1,8.10,3.24,false,1,
7290004137311,false,עמק לייט 9% משפחתית,תנובה -חלב,,,יח,4,ל 100 גרם,false,1,29.90,7.48,false,1,
7290004137809,false,לבנה 5% 250 גר,תנובה -חלב,,,יח,2.50,ל 100 גרם,false,1,12.10,4.84,false,1,
7290004150129,false,טחינה 300 גרק פיקנטי פרימיום,סלטי שמיר 2006 בעמ,,,יח,3,ל 100 גרם,false,1,14.90,4.97,true,1,
7290004150136,false,חציל  על האש 300 גר פיקנטי פרימיום,סלטי שמיר 2006 בעמ,,,יח,3,ל 100 גרם,false,1,14.90,4.97,true,1,
7290004150143,false,חציל  במיונז 300 גר פיקנטי פרימיום,סלטי שמיר 2006 בעמ,,,יח,3,ל 100 גרם,false,1,14.90,4.97,true,1,
7290004150150,false,חציל  בטחינה  300 גר פיקנטי פרימיום,סלטי שמיר 2006 בעמ,,,יח,3,ל 100 גרם,false,1,14.90,4.97,true,1,
7290004150198,false,סלק מגורד   300 גר פיקנטי פרימיום,סלטי שמיר 2006 בעמ,,,יח,3,ל 100 גרם,false,1,14.90,4.97,true,1,
7290004150204,false,מטבוחה  300 גר פיקנטי פרימיום,סלטי שמיר 2006 בעמ,,,יח,3,ל 100 גרם,false,1,14.90,4.97,true,1,
7290004150211,false,תורכי איסטנבול  300 גר פיקנטי פרימיום,סלטי שמיר 2006 בעמ,,,יח,3,ל 100 גרם,false,1,14.90,4.97,true,1,
7290004150228,false,כרוב אדום  300 גר פיקנטי פרימיום,סלטי שמיר 2006 בעמ,,,יח,3,ל 100 גרם,false,1,14.90,4.97,true,1,
7290004150235,false,חומוס עם חריף   300 גר פיקנטי פרימיום,סלטי שמיר 2006 בעמ,,,יח,3,ל 100 גרם,false,1,14.90,4.97,true,1,
7290004150266,false,סלט קטניות צבעוני  300 גר פיקנטי פרימי,סלטי שמיר 2006 בעמ,,,יח,3,ל 100 גרם,false,1,14.90,4.97,true,1,
7290004150358,false,חומוס סלק  300  גר`פיקנטי,סלטי שמיר 2006 בעמ,,,יח,3,ל 100 גרם,false,1,14.90,4.97,true,1,
7290004150365,false,חומוס בטטה   300  גר`פיקנטי,סלטי שמיר 2006 בעמ,,,יח,3,ל 100 גרם,false,1,14.90,4.97,true,1,
7290004165000,false,"רסק תפו""ע ממותק",זנלכל בעמ,,,יח,5.60,ל 100 גרם,false,1,8.90,1.59,false,1,
7290004165017,false,"רסק תפו""ע דייאט",זנלכל בעמ,,,יח,5.60,ל 100 גרם,false,1,8.90,1.59,false,1,
7290004228415,false,פיצה  עבה שגב,נטו מילנדה סחר בעמ*,,,יח,4.25,ל 100 גרם,false,1,16.90,3.98,false,1,
7290004228804,false,עלי בצק למילוי סיגרים,נטו מילנדה סחר בעמ*,,,יח,4.50,ל 100 גרם,false,1,12.90,2.87,false,1,
7290004229870,false,בורקס פטריות 800,נטו מילנדה סחר בעמ*,,,יח,8,ל 100 גרם,false,1,17.90,2.24,true,1,
7290004229931,false,"אורז בסמטי 1 ק""ג",נטו מילנדה סחר בעמ*,,,יח,10,ל 100 גרם,false,1,10.90,1.09,false,1,
7290004256357,false,עצמות מח פרוסות קפואות,נטו מילנדה סחר בעמ*,,,"לק""ג",10,ל 100 גרם,true,1,32.90,3.29,false,1,
7290004256371,false,גבינה  צהובה ריץ 400 גר`,נטו מילנדה סחר בעמ*,,,יח,4,ל 100 גרם,false,1,17.90,4.48,false,1,
7290004256753,false,עלים לסיגר,חטיפי אלקיים בעמ,,,יח,1,,false,1,14.90,14.90,false,1,
7290004257491,false,"טחון  בקר   100%  1 ק""ג",נטו מלינדה סחר בעמ,,,יח,10,ל 100 גרם,false,1,53.90,5.39,false,1,
7290004267049,false,עוגיות מיני ריבועיות 180ג   ברמן*,ברמן שוקולד ועוגיות בעמ,,,יח,3,ל 100 גרם,false,1,4.90,1.63,true,1,
7290004324858,false,קבב כבש 500 גר טיבון ויל,נטו מילנדה סחר בעמ*,,,יח,5,ל 100 גרם,false,1,17.90,3.58,true,1,
7290004492274,false,B&B GAL-GAL 400 GR,"יוניליוור ישראלשיווק בע""מ",,,יח,4,ל 100 גרם,false,1,8.90,2.23,false,1,
7290004492762,false,B&B NISH NASH COREN 325G X12,"יוניליוור ישראלשיווק בע""מ",,,יח,3.25,ל 100 גרם,false,1,10.90,3.35,false,1,
7290004494179,false,גליל  שרדונה(דלתון),הכרם -משקאות חריפים בעמ,,,יח,7.50,"ל100 מ""ל",false,1,54.90,7.28,false,1,
7290004554354,false,פנטסיה שוקו וניל,"גלידת שטראוס בע""מ",,,יח,9,"ל100 מ""ל",false,1,19.90,2.21,false,1,
7290004554781,false,אסקימו לימון,"גלידת שטראוס בע""מ",,,יח,1,,false,1,2.50,2.50,false,1,
7290004554798,false,גלידה מטרה,"גלידת שטראוס בע""מ",,,יח,1,,false,1,5,5,true,1,
7290004554903,false,פנטזיה שוקו וניל פרווה,"גלידת שטראוס בע""מ",,,יח,9,"ל100 מ""ל",false,1,19.90,2.21,false,1,
7290004584306,false,מארז סופר גמדים תות בננה,שטראוס גרופ בעמ (ח),,,יח,4,"ל100 מ""ל",false,1,11.30,2.83,true,1,
7290004584351,false,סמפוניה חמישית,שטראוס גרופ בעמ (ח),,,יח,2,ל 100 גרם,false,1,11.20,5.60,false,1,
7290004584528,false,דנונה ביו 1.7,שטראוס גרופ בעמ (ח),,,יח,2,"ל100 מ""ל",false,1,3.50,1.75,false,1,
7290004585907,false,דני וניל,שטראוס גרופ בעמ (ח),,,יח,1.30,"ל100 מ""ל",false,1,2.60,2,false,1,
7290004603175,false,מלח ים גס 500ג מלחיה  סוגת*,סוגת תעשיות בעמ,,,יח,5,ל 100 גרם,false,1,7.90,1.58,false,1,
7290004645267,false,נסיכת נילוס פרוס ש.רוזונרס,ש.רוזנרס בעמ,,,"לק""ג",10,ל 100 גרם,true,1,59.90,5.99,false,1,
7290004658618,false,תירוש לבן ליטר,אגודת הכורמים בעמ,,,יח,10,"ל100 מ""ל",false,1,19.80,1.95,true,1,
7290004658625,false,תירוש כרמל 1 ליטר ק,אגודת הכורמים בעמ,,,יח,10,"ל100 מ""ל",false,1,19.80,1.95,true,1,
7290004658847,false,יין תירוש 187,אגודת הכורמים בעמ,,,יח,1.87,"ל100 מ""ל",false,1,6.90,3.53,false,1,
7290004731090,false,אל סבון כיף כתום 1,החברה הדרומית לשיווק בעמ,,,יח,1,לליטר,false,1,11.90,11.90,false,1,
7290004731472,false,כיף שלישיה צבעוני,החברה הדרומית לשיווק בעמ,,,יח,1.50,לליטר,false,1,18.90,12.60,false,1,
7290004731519,false,מרכך סנו מקסימה למייבש,החברה הדרומית לשיווק בעמ,,,יח,7.50,"ל100 מ""ל",false,1,17.90,2.39,false,1,
7290004731557,false,מקסימה למייבש,החברה הדרומית לשיווק בעמ,,,יח,7.50,"ל100 מ""ל",false,1,17.90,2.39,false,1,
7290004731564,false,מקסימה למייבש מר,החברה הדרומית לשיווק בעמ,,,יח,7.50,"ל100 מ""ל",false,1,17.90,2.39,false,1,
7290004731984,false,אורביטול משחת שיניים GO WHITE,החברה הדרומית לשיווק בעמ,,,יח,1.45,ל 100 גרם,false,1,14.90,10.28,false,1,
7290004737719,false,אספרגוס שלם צנצנת  ויליפוד 330 גרם,ג.וילי פוד בעמ,,,יח,3.30,ל 100 גרם,false,1,9.20,2.79,false,1,
7290004737900,false,חלב מרוכז ממותק 397ג וילפוד*,ג.וילי פוד בעמ,,,יח,3.97,ל 100 גרם,false,1,9.90,2.49,false,1,
7290004768140,false,מרגז חריף 500   אשפר באלדי,בלדי בעמ,,,יח,5,ל 100 גרם,false,1,29.90,5.98,false,1,
7290004798130,false,שבבי סבון,נאמן לאורך זמן בעמ,,,יח,7.50,ל 100 גרם,false,1,23.90,3.19,false,1,
7290004861285,false,גבינת טורבוג,מחלבת המושבה בעמ,,,ל 100 גרם,10,ל 100 גרם,true,1,31,3.10,false,1,
7290004944032,false,חומוס אסלי 400,סלטי שמיר 2006 בעמ,,,יח,4,ל 100 גרם,false,1,10.90,2.73,true,1,
7290004944049,false,טחינה אסלי 400,סלטי שמיר 2006 בעמ,,,יח,4,ל 100 גרם,false,1,10.90,2.73,true,1,
7290004944056,false,חציל במיונז אסלי,סלטי שמיר 2006 בעמ,,,יח,4,ל 100 גרם,false,1,10.90,2.73,true,1,
7290004944063,false,תורכי 400 אסלי,סלטי שמיר 2006 בעמ,,,יח,4,ל 100 גרם,false,1,10.90,2.73,true,1,
7290005008184,false,פולמוליב סבון נו,ש.שסטוביץ בעמ,,,יח,5,"ל100 מ""ל",false,1,16.90,3.38,false,1,
7290005008481,false,ספיד סטיק ג ל בסיסי,ש.שסטוביץ בעמ,,,יח,0.85,ל 100 גרם,false,1,19.90,23.41,true,1,
7290005017919,false,המבורגר אנטריקוט  נתח אדום,נתח אדום עוזי ביטון ובניו בעמ,,,יח,7,ל 100 גרם,false,1,29.90,4.27,false,1,
7290005017926,false,המבורגר טלה נתח אדום,נתח אדום עוזי ביטון ובניו בעמ,,,יח,1,,false,1,29.90,29.90,false,1,
7290005017971,false,קבב עיראקי נתח אדום,נתח אדום עוזי ביטון ובניו בעמ,,,יח,7,ל 100 גרם,false,1,29.90,4.27,false,1,
7290005017988,false,נקניקיות  צ`וריסוס  נתח אדום,נתח אדום עוזי ביטון ובניו בעמ,,,יח,7,ל 100 גרם,false,1,29.90,4.27,false,1,
7290005068058,false,A-2 light corn expired - Pry Galilee,ויטה-פרי גליל (החדשה) בעמ,,,יח,5.50,ל 100 גרם,false,1,6.90,1.25,true,1,
7290005068492,false,Mixed vegetable Bulletin 700 (20 pieces),ויטה-פרי גליל (החדשה) בעמ,,,יח,7,ל 100 גרם,false,1,9.90,1.41,false,1,
7290005079290,false,גבינה חריץ  נועם 15%,החברה המרכזית טלהפצת משקאות בע,,,"לק""ג",10,ל 100 גרם,true,1,64.90,6.49,false,1,
7290005084355,false,סנסודיין דואל קר מ. שיניי,גורי ע.ע.ע בעמ,,,יח,0.75,ל 100 גרם,false,1,21.90,29.20,true,1,
7290005139833,false,מיכסה למיקרו,אוהב ציון בעמ,,,יח,1,,false,1,4.90,4.90,false,1,
7290005174513,false,חציל קלוי במיונז 625 גר`,שטראוס גרופ בעמ (ח),,,יח,5,ל 100 גרם,false,1,14.90,2.98,true,1,
7290005174551,false,חומוס רבעיות אחל,שטראוס גרופ בעמ (ח),,,יח,1.25,ל 100 גרם,false,1,4.90,3.92,false,1,
7290005174568,false,חצילים אחלה 125,שטראוס גרופ בעמ (ח),,,יח,1.25,ל 100 גרם,false,1,4.90,3.92,false,1,
7290005174575,false,טחינה יום יום,שטראוס גרופ בעמ (ח),,,יח,1.25,ל 100 גרם,false,1,4.90,3.92,false,1,
7290005197758,false,חגיגה חיוכים שוקו,שטראוס גרופ בעמ,,,יח,1.50,ל 100 גרם,false,1,4.90,3.27,false,1,
7290005199738,false,מאסט צ יקלטס,שטראוס גרופ בעמ,,,יח,0.28,ל 100 גרם,false,1,4,14.29,false,1,
7290005200786,false,תפוצ יפס שמנת בצ,שטראוס פריטו ליי בעמ,,,יח,0.50,ל 100 גרם,false,1,3.80,7.60,false,1,
7290005201455,false,קפה ארומה מגורען 200ג עלית*,שטראוס גרופ בעמ,,,יח,2,ל 100 גרם,false,1,21.90,10.95,true,1,
7290005201882,false,קפה עלית 200 גר,שטראוס גרופ בעמ,,,יח,2.40,ל 100 גרם,false,1,15.90,6.63,false,1,
7290005287657,false,"ממרח טונה 160 ג סטארקיסט בד""צ*",דיפלומט מפיצים #,,,יח,1.60,ל 100 גרם,false,1,6.80,4.25,false,1,
7290005296260,false,אסטוניש רסס ונגב,"יעקב יעקבי ובניו בע""מ",,,יח,7.50,"ל100 מ""ל",false,1,11.90,1.59,false,1,
7290005296857,false,פוליבוי ספריי לכל,"יעקב יעקבי ובניו בע""מ",,,יח,4,"ל100 מ""ל",false,1,16.50,4.13,true,1,
7290005326387,false,עגבניות מיובשות אוליביה,תה ויסוצקי (ישראל)בעמ,,,יח,2.70,ל 100 גרם,false,1,16.90,6.26,true,1,
7290005326523,false,אוליביה  פסטו פטרוזיליה ונענע,תה ויסוצקי (ישראל)בעמ,,,יח,1.80,ל 100 גרם,false,1,12.90,7.17,false,1,
7290005384035,false,טונה וילפוד 110,ג.וילי פוד בעמ,,,יח,1.10,ל 100 גרם,false,1,4.20,3.82,false,1,
7290005418501,false,מוס לעיצוב תלתלים,החברה הדרומית לשיווק בעמ,,,יח,2,"ל100 מ""ל",false,1,22.90,11.45,false,1,
7290005418716,false,לחות לשיער תלתלים,החברה הדרומית לשיווק בעמ,,,יח,4,"ל100 מ""ל",false,1,20.90,5.23,false,1,
7290005423253,false,מקסימה למייבש מר,החברה הדרומית לשיווק בעמ,,,יח,7.50,"ל100 מ""ל",false,1,17.90,2.39,false,1,
7290005423499,false,סנו נירוסטה,החברה הדרומית לשיווק בעמ,,,יח,5,"ל100 מ""ל",false,1,19.90,3.98,false,1,
7290005423833,false,פולויקס פרפקט ק,החברה הדרומית לשיווק בעמ,,,יח,20,"ל100 מ""ל",false,1,19.90,1,false,1,
7290005423871,false,אורביטול שלישיה . ק,החברה הדרומית לשיווק בעמ,,,יח,4.35,ל 100 גרם,false,1,16.90,3.89,false,1,
7290005423918,false,מרכך אלוורה  4ליטר,החברה הדרומית לשיווק בעמ,,,יח,40,"ל100 ס""מ",false,1,21.90,0.55,false,1,
7290005424311,false,סנו Kרב קוטל .,החברה הדרומית לשיווק בעמ,,,יח,4.75,"ל100 מ""ל",false,1,21.90,4.61,false,1,
7290005424403,false,אל סבון כיף ירוק 1,החברה הדרומית לשיווק בעמ,,,יח,1,לליטר,false,1,11.90,11.90,false,1,
7290005424755,false,מטליות ריצפז פלוס  לניקוי רצפות,החברה הדרומית לשיווק בעמ,,,יח,1,,false,1,14.90,14.90,false,1,
7290005424762,false,ריצפז דוחה+ווקס,החברה הדרומית לשיווק בעמ,,,יח,20,"ל100 מ""ל",false,1,26.50,1.33,false,1,
7290005424991,false,סנו  פרש אוטומטיק בניחוח בייבי פאודר,החברה הדרומית לשיווק בעמ,,,יח,1.65,ל 100 גרם,false,1,13.90,8.42,false,1,
7290005425110,false,"3מתז לחיטוי 750 מ""ל 99.9%",החברה הדרומית לשיווק בעמ,,,יח,10,ל 100 גרם,false,1,11.90,1.19,false,1,
7290005425127,false,"מתז לניקוי  750 מ""ל 99.9%",החברה הדרומית לשיווק בעמ,,,יח,10,ל 100 גרם,false,1,11.90,1.19,false,1,
7290005425196,false,מקסימה סנסיטיב 2.5,החברה הדרומית לשיווק בעמ,,,יח,2.50,"לק""ג",false,1,24.90,9.96,false,1,
7290005425202,false,"מקסימה ביו 2.5 ק""ג",החברה הדרומית לשיווק בעמ,,,יח,25,ל 100 גרם,false,1,24.90,1,false,1,
7290005425646,false,סנו קליר אקדח 1 ק,החברה הדרומית לשיווק בעמ,,,יח,10,"ל100 מ""ל",false,1,10.90,1.09,false,1,
7290005426568,false,לחות  לשיער קרמה רגיל.,החברה הדרומית לשיווק בעמ,,,יח,4,"ל100 מ""ל",false,1,17.90,4.48,false,1,
7290005426803,false,מקסימה מרכך 4 ליטר לבנים,החברה הדרומית לשיווק בעמ,,,יח,40,"ל100 מ""ל",false,1,21.90,0.55,false,1,
7290005426940,false,K300 פלוס ל6 חודשים ק,החברה הדרומית לשיווק בעמ,,,יח,4,"ל100 מ""ל",false,1,20.90,5.23,false,1,
7290005426971,false,סנובון כחול 3,החברה הדרומית לשיווק בעמ,,,יח,1.65,ל 100 גרם,false,1,14.90,9.03,false,1,
7290005427107,false,מגבות מטבח נייר  שישיה  סנו,החברה הדרומית לשיווק בעמ,,,יח,5.70,ל 100 גרם,false,1,10.90,1.91,false,1,
7290005427978,false,תחליב פנים קרמה,החברה הדרומית לשיווק בעמ,,,יח,1.80,"ל100 מ""ל",false,1,13.90,7.72,false,1,
7290005428852,false,1סופט  5 צבעוני לאף,החברה הדרומית לשיווק בעמ,,,יח,6.50,ל 100 גרם,false,1,13.90,2.14,false,1,
7290005429279,false,"מקסימה 6 ק""ג ג אבל",החברה הדרומית לשיווק בעמ,,,יח,6,"לק""ג",false,1,45.90,7.65,false,1,
7290005429286,false,אבקת כביסה מרקסימה 6 ק,החברה הדרומית לשיווק בעמ,,,יח,60,ל 100 גרם,false,1,45.90,0.77,false,1,
7290005430961,false,בד גראד נוזל  1ליטר,החברה הדרומית לשיווק בעמ,,,יח,10,"ל100 מ""ל",false,1,17.90,1.79,false,1,
7290005431883,false,מלבי חלבי 165  גר`,תנובה -חלב,,,יח,0.82,ל 100 גרם,false,1,5.90,7.20,false,1,
7290005431890,false,בוואריה  95  גר` חלבי,תנובה -חלב,,,יח,0.95,ל 100 גרם,false,1,5.90,6.21,false,1,
7290005431913,false,עוגת  פירורים,תנובה -חלב,,,יח,0.92,ל 100 גרם,false,1,5.90,6.41,false,1,
7290005431920,false,עוגת פירורים  לייט 78  גר`,תנובה -חלב,,,יח,0.78,ל 100 גרם,false,1,5.90,7.56,false,1,
7290005431937,false,טרמיסימו  82 גר`,תנובה -חלב,,,יח,0.82,ל 100 גרם,false,1,5.90,7.20,false,1,
7290005431951,false,מוס שוקולד חלבי,תנובה -חלב,,,יח,0.75,ל 100 גרם,false,1,5.90,7.87,false,1,
7290005431968,false,מלבי שמנת,תנובה -חלב,,,יח,1.50,ל 100 גרם,false,1,6.90,4.60,false,1,
7290005437212,false,"שמן זית כתית 750    בד""צ",טעמן שיווק מזון בעמ,,,יח,7.50,"ל100 מ""ל",false,1,29.90,3.99,true,1,
7290005437502,false,פטריות חתוך טעמן,טעמן שיווק מזון בעמ,,,יח,4,ל 100 גרם,false,1,4.90,1.23,false,1,
7290005437595,false,מחית בייבי אפרסק,טעמן שיווק מזון בעמ,,,יח,1.90,ל 100 גרם,false,1,3.90,2.05,false,1,
7290005437687,false,מחית  סלט פירות טעמן,טעמן שיווק מזון בעמ,,,יח,1.90,ל 100 גרם,false,1,3.90,2.05,false,1,
7290005437809,false,אננס חתוך 900 בדץ טעמן..,טעמן שיווק מזון בעמ,,,יח,9,ל 100 גרם,false,1,11.90,1.32,false,1,
7290005437830,false,אננס שלם 900 בדץ טעמן.,טעמן שיווק מזון בעמ,,,יח,9,ל 100 גרם,false,1,10.90,1.21,false,1,
7290005437861,false,קוקטיל פירות 900 טעמן,טעמן שיווק מזון בעמ,,,יח,9,ל 100 גרם,false,1,11.90,1.32,false,1,
7290005484209,false,סיר דגים 32,א. דינצי ובניו בעמ,,,יח,1,,false,1,53.90,53.90,false,1,
7290005500558,false,ג ל 1 קילו,פנינה רוזנבלום בעמ,,,יח,1,לליטר,false,1,18.90,18.90,false,1,
7290005500893,false,"ג ל קוצים  1ק""ג",פנינה רוזנבלום בעמ,,,יח,1,"לק""ג",false,1,18.90,18.90,false,1,
7290005509445,false,מיני קוקיס  600,כרמית תעשיות ממתקים בעמ,,,יח,7.50,ל 100 גרם,false,1,15.90,2.12,false,1,
7290005591761,false,דבש 400ג  דבש בר לחיץ. ק,שטראוס גרופ בעמ,,,יח,4,ל 100 גרם,false,1,21.90,5.48,false,1,
7290005651366,false,"בונזו כבד 3 ק""ג",דיפלומט מפיצים {1968}בעמ,,,יח,30,ל 100 גרם,false,1,49.90,1.66,false,1,
7290005678585,false,ענבים אדומים סקרלוטה טלי,"בכורי השדה צפון1994 ג.ד. בע""מ",,,"לק""ג",1,,true,1,24.90,24.90,false,1,
7290005678738,false,ענבים  ירוקים  טלי אררה-15,"בכורי השדה צפון1994 ג.ד. בע""מ",,,"לק""ג",1,,true,1,29.90,29.90,false,1,
7290005680052,false,אובה סופר פלוס 32,ש.שסטוביץ בעמ,,,יח,1,,false,1,24.90,24.90,false,1,
7290005741067,false,קולפן ירקות,אושר א.א יבוא ושיווק כלי בית ב,,,יח,1,,false,1,10.90,10.90,false,1,
7290005741104,false,כותש שום,אושר א.א יבוא ושיווק כלי בית ב,,,יח,1,,false,1,24.90,24.90,false,1,
7290005741142,false,סט 3 פותחן שמן,אושר א.א יבוא ושיווק כלי בית ב,,,יח,1,,false,1,7.90,7.90,false,1,
7290005831362,false,סוללת 9V דורסל מרובעת,טורבו פלוס {מ.ב} בעמ,,,יח,1,יח,false,1,21.90,21.90,false,1,
7290005838002,false,דניאלה ק,שטראוס גרופ בעמ (ח),,,יח,1.50,"ל100 מ""ל",false,1,3.90,2.60,false,1,
7290005839078,false,מולטיפק טבעי  %3,שטראוס גרופ בעמ (ח),,,יח,1.20,לליטר,false,1,16.80,14,false,1,
7290005839108,false,סימפוניה 5% עם זיתים,שטראוס גרופ בעמ (ח),,,יח,2,ל 100 גרם,false,1,11.20,5.60,false,1,
7290005839313,false,מילקי טופ ק,שטראוס גרופ בעמ (ח),,,יח,1.30,"ל100 מ""ל",false,1,4.50,3.46,false,1,
7290005896415,false,בירה איגל ירוק טמפו *,טמפו משקאות בעמ,,,יח,5,יח,false,1,5.90,1.12,true,1,
7290005896453,false,מכבי 7.9 חוזר.,טמפו משקאות בעמ,,,יח,5,"ל100 מ""ל",false,1,7.80,1.32,false,1,
7290005938245,false,פסטו קלאסי220,נטו מילנדה סחר בעמ*,,,יח,2.20,ל 100 גרם,false,1,17.90,8.14,false,1,
7290005966033,false,ירדן חרמון לבן רמת הגולן*,היכל היין שקד גולן בעמ,,,יח,7.50,"ל100 מ""ל",false,1,29.90,3.95,false,1,
7290005966088,false,הר חרמון אדום עברית 2019*,היכל היין שקד גולן בעמ,,,יח,7.50,"ל100 מ""ל",false,1,29.90,3.95,false,1,
7290005981975,false,קופסא ללחמניה,אקסטרה ריטייל גרופ בעמ,,,יח,1,,false,1,7.90,7.90,false,1,
7290005992575,false,בולגרית  למריחה 250,מחלבות גד שיווק 1992 בעמ,,,יח,2.50,ל 100 גרם,false,1,15.90,6.36,false,1,
7290005992735,false,לבנה 250 גר,מחלבות גד שיווק 1992 בעמ,,,יח,2.50,ל 100 גרם,false,1,11.60,4.64,false,1,
7290006185198,false,ק.לחות לשיער מתולתל,פנינה רוזנבלום בעמ,,,יח,5,"ל100 מ""ל",false,1,16.90,3.38,false,1,
7290006185204,false,ק.לחות לשיער יבש,פנינה רוזנבלום בעמ,,,יח,1,,false,1,16.90,16.90,false,1,
7290006185501,false,אל סבון ורוד,פנינה רוזנבלום בעמ,,,יח,1,לליטר,false,1,8.90,8.90,false,1,
7290006185518,false,אל סבון פנינה כחולק,פנינה רוזנבלום בעמ,,,יח,1,לליטר,false,1,8.90,8.90,false,1,
7290006229427,false,"שישית מים סן בנדטו 500 מ""ל",טמפו משקאות בעמ,,,יח,30,"ל100 מ""ל",false,1,13.70,0.40,false,1,
7290006229588,false,בירה איגל זהב  טמפו *,טמפו משקאות בעמ,,,יח,3.30,"ל100 מ""ל",false,1,5.90,1.70,true,1,
7290006241191,false,אגוז מלך 150,ליימן שליסל בעמ,,,יח,1.50,ל 100 גרם,false,1,16.90,11.27,false,1,
7290006241214,false,שקד טבעי 200,ליימן שליסל בעמ,,,יח,2,ל 100 גרם,false,1,16.90,8.45,false,1,
7290006241504,false,קפוא  מיץ תפוזים,החברה המרכזית טלהפצת משקאות בע,,,יח,3.40,ל 100 גרם,false,1,12.90,3.79,true,1,
7290006251107,false,מסאלה צ אי,תה ויסוצקי (ישראל)בעמ,,,יח,0.50,ל 100 גרם,false,1,17.90,35.80,false,1,
7290006251268,false,תה ירוק תפוח וקינמון,תה ויסוצקי (ישראל)בעמ,,,יח,0.3750,ל 100 גרם,false,1,22.90,61.07,true,1,
7290006251275,false,תה ירוק סיני,תה ויסוצקי (ישראל)בעמ,,,יח,0.3750,ל 100 גרם,false,1,22.90,61.07,true,1,
7290006251374,false,תה ירוק לימונית וג ינג ר,תה ויסוצקי (ישראל)בעמ,,,יח,0.25,ל 100 גרם,false,1,22.90,91.60,true,1,
7290006251589,false,תה ירוק נענע,תה ויסוצקי (ישראל)בעמ,,,יח,0.75,ל 100 גרם,false,1,39.90,53.20,false,1,
7290006265500,false,פטריות שמפיניון,"בכורי השדה צפון1994 ג.ד. בע""מ",,,יח,1,,false,1,8.90,8.90,false,1,
7290006374615,false,דבש 340 מכוורת יד מרדכי,שטראוס גרופ בעמ,,,יח,3.40,ל 100 גרם,false,1,36.90,10.85,false,1,
7290006374738,false,קונפיטורה תות שדה,שטראוס גרופ בעמ,,,יח,3.40,ל 100 גרם,false,1,12.90,3.79,false,1,
7290006376862,false,שלישית קפה פרימיום,נאמן לאורך זמן בעמ,,,יח,3,ל 100 גרם,false,1,11.90,3.97,false,1,
7290006429506,false,אפרסק 900ג בדץ טעמן,טעמן שיווק מזון בעמ,,,יח,9,ל 100 גרם,false,1,9.90,1.10,false,1,
7290006448026,false,נפוליאון  גבינת שמנת טבעית 25% 800 גר`,תנובה -חלב,,,"לק""ג",8,"לק""ג",true,1,39.90,4.99,false,1,
7290006481719,false,"אורז השף 1 ק""ג",גורן י.ר.ובניו שיווק בעמ,,,יח,10,ל 100 גרם,false,1,12.90,1.29,false,1,
7290006492616,false,בולגרית פרוסות 5%,מחלבות גד שיווק 1992 בעמ,,,יח,2.50,ל 100 גרם,false,1,26.90,10.76,false,1,
7290006492685,false,לבנה  מחלב עזים 250 ק,מחלבות גד שיווק 1992 בעמ,,,יח,2.50,ל 100 גרם,false,1,16.90,6.76,false,1,
7290006492852,false,גבינה למריחה עיזים 5%,מחלבות גד שיווק 1992 בעמ,,,יח,1,,false,1,15.90,15.90,true,1,
7290006494917,false,מרמולייט וופל שוק   ג,"דנשר (1963) בע,מ",,,יח,2,ל 100 גרם,false,1,7.90,3.95,false,1,
7290006496232,false,סירופ מלבי  לחיץ שקד,ר.צ צ יק בעמ,,,יח,4,ל 100 גרם,false,1,14.90,3.73,false,1,
7290006496287,false,סירופ  גלוקוזה,ר.צ צ יק בעמ,,,יח,4,ל 100 גרם,false,1,14.90,3.73,false,1,
7290006496294,false,רכז רימונים,ציון תורג`מן בעמ,,,יח,3.50,ל 100 גרם,false,1,17.90,5.11,false,1,
7290006496751,false,מי ורדים  250 גר.,ר.צ צ יק בעמ,,,יח,9.46,"ל100 מ""ל",false,1,10.90,1.15,false,1,
7290006498052,false,יוגורט טבעי 3% מהדרין,שטראוס גרופ בעמ (ח),,,יח,1.50,"ל100 מ""ל",false,1,2.50,1.67,false,1,
7290006511751,false,שלישית פטריות חתוך,ג.וילי פוד בעמ,,,יח,8.70,ל 100 גרם,false,1,11.90,1.37,false,1,
7290006547422,false,גליל מוכסף/מוזהב 0.45*1 מ`,חביב את פרנק בעמ,,,יח,1,,false,1,10.90,10.90,false,1,
7290006547798,false,נייר ארונות חביב,חביב את פרנק בעמ,,,יח,1,,false,1,4.90,4.90,false,1,
7290006618078,false,אסטוניש מרסס צהוב,"יעקב יעקבי ובניו בע""מ",,,יח,7.50,"ל100 מ""ל",false,1,11.90,1.59,false,1,
7290006618085,false,אסטוניש מרסס כחול,"יעקב יעקבי ובניו בע""מ",,,יח,7.50,"ל100 מ""ל",false,1,11.90,1.59,false,1,
7290006618146,false,הפי מדליק פחמים 500,"יעקב יעקבי ובניו בע""מ",,,יח,1,,false,1,16.90,16.90,false,1,
7290006618665,false,ג ילדה פי.וי.סי לרכב,"יעקב יעקבי ובניו בע""מ",,,יח,1,,false,1,26.90,26.90,false,1,
7290006644480,false,תפוזינה תפוז  500,יפאורה שותפות מוגבלת לשיווק,,,יח,5,"ל100 מ""ל",false,1,4.90,0.92,true,1,
7290006644510,false,תפוזינה ענבים 500,יפאורה שותפות מוגבלת לשיווק,,,יח,5,"ל100 מ""ל",false,1,4.90,0.92,true,1,
7290006651570,false,קמיל בלו שמפו ואל סבון,"פישר  תעשיות פרמצביטות בע""מ",,,יח,7.50,"ל100 מ""ל",false,1,17.90,2.39,false,1,
7290006652027,false,מולטיפק במבה,קבוצת אוסם סחר שותפות מוגבלת,,,יח,3,ל 100 גרם,false,1,22.90,7.63,false,1,
7290006653765,false,פרפקטו פסטה פטוצ יני,קבוצת אוסם סחר שותפות מוגבלת,,,יח,5,ל 100 גרם,false,1,6.90,1.38,false,1,
7290006653819,false,קוסקוס אוסם דק,קבוצת אוסם סחר שותפות מוגבלת,,,יח,3.50,ל 100 גרם,false,1,7.90,2.26,false,1,
7290006660596,false,דגש קמח עדשים אדומות,נטורפוד בעמ,,,יח,10,ל 100 גרם,false,1,14.90,1.49,false,1,
7290006664051,false,מארז אקטימל 14 יח,שטראוס גרופ בעמ (ח),,,יח,1.40,לליטר,false,1,29.90,21.36,false,1,
7290006664310,false,סקי 3% 250 גר,שטראוס גרופ בעמ (ח),,,יח,2.50,ל 100 גרם,false,1,4.75,1.90,false,1,
7290006664402,false,גבינת לבנה 5%-750 גרם,שטראוס גרופ בעמ (ח),,,יח,7.50,ל 100 גרם,false,1,14.90,1.99,false,1,
7290006664532,false,דנונה תות 3%,שטראוס גרופ בעמ (ח),,,יח,1.50,"ל100 מ""ל",false,1,3.90,2.60,false,1,
7290006664655,false,שמנית אקטימל טיבעי ק,שטראוס גרופ בעמ (ח),,,יח,8,"ל100 מ""ל",false,1,21.20,2.65,false,1,
7290006664693,false,דנונה אפרסק  3%,שטראוס גרופ בעמ (ח),,,יח,1.50,"ל100 מ""ל",false,1,3.90,2.60,false,1,
7290006664990,false,דנונה 1.5% ביו טבעי,שטראוס גרופ בעמ (ח),,,יח,1.20,לליטר,false,1,16.80,14,false,1,
7290006681003,false,קרמיסימו סרבט תות לימון,"גלידת שטראוס בע""מ",,,יח,1.33,לליטר,false,1,18.90,14.21,false,1,
7290006681553,false,קרמבו וניל שמיניה,"גלידת שטראוס בע""מ",,,יח,8,למארז,false,1,14.90,1.86,false,1,
7290006681560,false,קרמבו שמניה מוקה שטראוס,"גלידת שטראוס בע""מ",,,יח,8,למארז,false,1,14.90,1.86,false,1,
7290006696595,false,יין מסורת ליטר,יקב טפרברג 1870,,,יח,10,"ל100 מ""ל",false,1,21.90,2.16,true,1,
7290006696717,false,מיץ מוסקט אפרת,יקב טפרברג 1870,,,יח,10,"ל100 מ""ל",false,1,15.90,1.56,true,1,
7290006707383,false,עוף טוב שוקיים  עוף טרי  ארוז,עוף טוב (שאן) בעמ,,,"לק""ג",1,,true,1,32.90,32.90,true,1,
7290006707390,false,עוף טוב פרגיות טרי ארוז,עוף טוב (שאן) בעמ,,,"לק""ג",1,,true,1,69.90,69.90,true,1,
7290006707437,false,עוף טוב כנפיים עוף  טרי ארוז,עוף טוב (שאן) בעמ,,,"לק""ג",1,,true,1,14.90,14.90,true,1,
7290006707536,false,טחול  עוף  טרי  ארוז ע.ט,עוף טוב (שאן) בעמ,,,"לק""ג",1,,true,1,64.90,64.90,false,1,
7290006708069,false,גרון  הודו   טרי ארוז ע.ט,עוף טוב (שאן) בעמ,,,"לק""ג",1,,true,1,34.90,34.90,false,1,
7290006737151,false,כפתורי שוקולד,לירון קרביץ יבוא שיווק וסחר,,,יח,1,ל 100 גרם,false,1,3.90,3.90,false,1,
7290006738615,false,קבב זהב זוגלובק 400 גרם,זוגלובק שיווק בעמ,,,יח,4,ל 100 גרם,false,1,21.90,5.48,true,1,
7290006741363,false,"בורקס תפו,א 800 בדצ זוגלובק",זוגלובק שיווק בעמ,,,יח,8,ל 100 גרם,false,1,13.90,1.74,true,1,
7290006741387,false,מלווח תימני 700 גרם זוגלובק,זוגלובק שיווק בעמ,,,יח,7,ל 100 גרם,false,1,13.90,1.99,true,1,
7290006742179,false,קבב מזרחי זוגלובק 400 גרם,זוגלובק שיווק בעמ,,,יח,4,ל 100 גרם,false,1,21.90,5.48,true,1,
7290006764058,false,בירה נשר,טמפו משקאות בעמ,,,יח,5,"ל100 מ""ל",false,1,5.90,0.94,false,1,
7290006764065,false,נשר מאלט 500 ח.,טמפו משקאות בעמ,,,יח,5,"ל100 מ""ל",false,1,4.90,0.74,true,1,
7290006764072,false,גולדסטאר חוזר ק,טמפו משקאות בעמ,,,יח,5,"ל100 מ""ל",false,1,7.80,1.32,false,1,
7290006764096,false,"בירה איגל  3.8% 500 מ""ל",טמפו משקאות בעמ,,,יח,5,"ל100 מ""ל",false,1,4.80,0.72,false,1,
7290006764478,false,נשר מאלט 330,טמפו משקאות בעמ,,,יח,3.30,"ל100 מ""ל",false,1,4.20,1.18,false,1,
7290006764485,false,בירה נשר 330 שישייה טמפו*,טמפו משקאות בעמ,,,יח,15,"ל100 מ""ל",false,1,28.70,1.79,false,1,
7290006764737,false,נשר מאלט דיאט,טמפו משקאות בעמ,,,יח,5,"ל100 מ""ל",false,1,4.90,0.74,true,1,
7290006775016,false,עוגת תפוז 450ג אחוה    *,אחדות בעמ,,,יח,4.50,ל 100 גרם,false,1,9.90,2.20,false,1,
7290006775023,false,עוגת אנגלית 450ג אחוה  *,אחדות בעמ,,,יח,4.50,ל 100 גרם,false,8,9.90,2.20,false,1,
7290006775030,false,עוגת שוקוציפס 450ג  אחוה*,אחדות בעמ,,,יח,4.50,ל 100 גרם,false,1,9.90,2.20,false,1,
7290006775047,false,עוגת שוקולד 450ג אחוה  * ק,אחדות בעמ,,,יח,4.50,ל 100 גרם,false,1,9.90,2.20,false,1,
7290006775054,false,עוגת שיש 450ג  אחוה   * ק,אחדות בעמ,,,יח,4.50,ל 100 גרם,false,1,9.90,2.20,false,1,
7290006775085,false,עוגת שמרים שוקולד  400ג אחוה*,אחדות בעמ,,,יח,4,ל 100 גרם,false,1,10.90,2.73,false,1,
7290006775191,false,מאפין ממולא שוקולד 50ג אחוה  *,אחדות בעמ,,,יח,0.50,ל 100 גרם,false,1,1.40,2.80,true,1,
7290006775344,false,עוגת שמרים קינמון 400ג  אחוה*,אחדות בעמ,,,יח,4,ל 100 גרם,false,1,10.90,2.73,false,1,
7290006775405,false,מאפין שוקוציפס  45 ג אחוה  *,אחדות בעמ,,,יח,0.45,ל 100 גרם,false,1,1.40,3.11,true,1,
7290006775764,false,עוגה שוקוציפס ללא סוכר 400ג אחוה*,אחדות בעמ,,,יח,4,ל 100 גרם,false,1,10.90,2.73,false,1,
7290006784001,false,מסכות 50 יחידות כחול סנט  מוריץ*,קומפלקס בעמ,,,יח,50,יח,false,1,9.90,0.20,false,1,
7290006788399,false,רולאון נושם לבן פ.דיל 1 קרליין,החברה הדרומית לשיווק בעמ,,,יח,0.75,ל 100 גרם,false,1,10.90,14.53,false,1,
7290006788405,false,1רולאון 2 קרליין פ. דיל,החברה הדרומית לשיווק בעמ,,,יח,0.75,ל 100 גרם,false,1,10.90,14.53,false,1,
7290006788436,false,רולאון נושםן ורוד פ. דיל,החברה הדרומית לשיווק בעמ,,,יח,0.75,ל 100 גרם,false,1,10.90,14.53,false,1,
7290006788467,false,דאו  קרליין מס 2,החברה הדרומית לשיווק בעמ,,,יח,2,"ל100 מ""ל",false,1,10.90,5.45,false,1,
7290006788474,false,דאו  קרליין מס  3,החברה הדרומית לשיווק בעמ,,,יח,0.75,ל 100 גרם,false,1,10.90,14.53,false,1,
7290006788504,false,דאו  קרליין מס 6,החברה הדרומית לשיווק בעמ,,,יח,2,"ל100 מ""ל",false,1,10.90,5.45,false,1,
7290006789631,false,קרם לחות ש.רגיל קרליין,החברה הדרומית לשיווק בעמ,,,יח,4,"ל100 מ""ל",false,1,17.90,4.48,false,1,
7290006805355,false,תערובת  לכדורי שוקולד,ליימן שליסל בעמ,,,יח,5,ל 100 גרם,false,1,17.90,3.58,false,1,
7290006805850,false,תערובת להכנת פנקיק,ליימן שליסל בעמ,,,יח,5,ל 100 גרם,false,1,17.90,3.58,false,1,
7290006822192,false,נקטר חמוציות,החברה המרכזית להפצת משקאות בע,,,יח,1,לליטר,false,1,13.90,13.90,false,1,
7290006941022,false,"סכינים ח.פ  100 ""שווה  "" *",ווינפאק סחר בעמ,,,יח,100,יח,false,20,8.90,0.09,true,1,
7290006983176,false,לחמית שיפון,קבוצת אוסם סחר שותפות מוגבלת,,,יח,2.30,ל 100 גרם,false,1,8.90,3.87,true,1,
7290006983763,false,עוגת שוקולד הבית 400,קבוצת אוסם סחר שותפות מוגבלת,,,יח,4,ל 100 גרם,false,1,11.90,2.98,false,1,
7290006983787,false,עוגת שוקוצ יפס,קבוצת אוסם סחר שותפות מוגבלת,,,יח,4,ל 100 גרם,false,1,11.90,2.98,false,1,
7290006983794,false,עוגת תפוזים אוסם,קבוצת אוסם סחר שותפות מוגבלת,,,יח,4,ל 100 גרם,false,1,11.90,2.98,false,1,
7290006992161,false,דייסלה קרונפלור ק,קבוצת אוסם סחר שותפות מוגבלת,,,יח,2,ל 100 גרם,false,1,13.90,6.95,false,1,
7290006992185,false,דייסלה אורז,קבוצת אוסם סחר שותפות מוגבלת,,,יח,2,ל 100 גרם,false,1,13.90,6.95,false,1,
7290006992192,false,דייסלה סולת,קבוצת אוסם סחר שותפות מוגבלת,,,יח,2,ל 100 גרם,false,1,13.90,6.95,false,1,
7290006992208,false,ד יסלה דגנים מעורבים,קבוצת אוסם סחר שותפות מוגבלת,,,יח,2,ל 100 גרם,false,1,13.90,6.95,false,1,
7290006992390,false,דייסת מטרנה וניל,קבוצת אוסם סחר שותפות מוגבלת,,,יח,2,ל 100 גרם,false,1,13.90,6.95,false,1,
7290008000826,false,משחת שיניים ברבי,גורי ע.ע.ע בעמ,,,יח,0.50,ל 100 גרם,false,1,10.90,21.80,false,1,
7290008023542,false,CIF FLOOR 4L- JASMINE 2010 6X4KG,"יוניליוור ישראלשיווק בע""מ",,,יח,40,"ל100 מ""ל",false,1,18.50,0.46,false,1,
7290008101318,false,קריספ פירורי לחם  זהוב 300 גר`,א.ל ייצור ושיווק תבלינים בעמ,,,יח,3,ל 100 גרם,false,1,6.90,2.30,true,1,
7290008101356,false,קריספ  פאנקו זהוב   300 גר`,א.ל ייצור ושיווק תבלינים בעמ,,,יח,3,ל 100 גרם,false,1,9.90,3.30,true,1,
7290008102469,false,קריספ  פאנקו זהוב  800 גר`,א.ל ייצור ושיווק תבלינים בעמ,,,יח,8,ל 100 גרם,false,1,9.90,1.24,false,1,
7290008175173,false,חמאה מיפלנד  200ג.,ג.וילי פוד בעמ,,,יח,2,ל 100 גרם,false,1,13.90,6.95,false,1,
7290008175210,false,פרמז`נו מגורדת 90 גר`,ג.וילי פוד בעמ,,,יח,9,ל 100 גרם,false,1,15.90,1.77,false,1,
7290008175814,false,"פטריות חתוך 400ג ויליפוד  חת""ס*",ג.וילי פוד בעמ,,,יח,4,ל 100 גרם,false,1,4.90,1.23,false,1,
7290008190909,false,מיני קוקיס 600 שוקולד ציפס,כרמית תעשיות ממתקים בעמ,,,יח,6,ל 100 גרם,false,1,15.90,2.65,false,1,
7290008190985,false,לקקן גלידה 50,כרמית תעשיות ממתקים בעמ,,,יח,5,ל 100 גרם,false,1,15.90,3.18,false,1,
7290008254182,false,צלעות  קרה  טלה  קפוא,מאסטרפוד בעמ,,,"לק""ג",10,ל 100 גרם,true,1,179,17.90,false,1,
7290008330107,false,BADIN PURPLE 2010 6X4L,"יוניליוור ישראלשיווק בע""מ",,,יח,40,"ל100 מ""ל",false,1,19.80,0.50,false,1,
7290008335515,false,אגרול סיני+רוטב 600,נטו מילנדה סחר בעמ*,,,יח,6,ל 100 גרם,false,1,12.90,2.15,false,1,
7290008335539,false,פלמיני במילוי בשר,נטו מילנדה סחר בעמ*,,,יח,6,ל 100 גרם,false,1,12.90,2.15,false,1,
7290008335546,false,"ורנקי במילוי תפו""א",נטו מילנדה סחר בעמ*,,,יח,6,ל 100 גרם,false,1,12.90,2.15,false,1,
7290008335553,false,קובה בשר וצנובר 600,נטו מילנדה סחר בעמ*,,,יח,6,ל 100 גרם,false,1,12.90,2.15,false,1,
7290008345132,false,הרינג כבוש 240,נטו מילנדה סחר בעמ*,,,יח,2.40,ל 100 גרם,false,1,25.90,10.79,false,1,
7290008345583,false,איקרה ביתית ורוד 300,נטו מילנדה סחר בעמ*,,,יח,3,ל 100 גרם,false,1,18.90,6.30,false,1,
7290008409049,false,מיני מיני  שניצלונים בציפוי  שומשום,תנובה ענף ב.ע.ד,,,יח,5,ל 100 גרם,false,1,24.90,4.98,false,1,
7290008409315,false,מיני מיני  שניצלונים בציפוי פריך,תנובה ענף ב.ע.ד,,,יח,5,ל 100 גרם,false,1,24.90,4.98,false,1,
7290008415071,false,חומוס עם טחינה 150,קבוצת אוסם סחר שותפות מוגבלת,,,יח,1.50,ל 100 גרם,false,1,4.50,3,false,1,
7290008443616,false,מרכך נקה 7 ש.יבש 750,החברה הדרומית לשיווק בעמ,,,יח,7.50,"ל100 מ""ל",false,1,10.90,1.45,false,1,
7290008443630,false,שמפו נקה מתולתל 750 ק,החברה הדרומית לשיווק בעמ,,,יח,7.50,"ל100 מ""ל",false,1,10.90,1.45,false,1,
7290008443647,false,מרכך נקה 7 לש.מתולתל 750,החברה הדרומית לשיווק בעמ,,,יח,7.50,"ל100 מ""ל",false,1,10.90,1.45,false,1,
7290008464024,false,"בירה גולסטאר 500 מ""ל",טמפו משקאות בעמ,,,יח,5,"ל100 מ""ל",false,1,7.50,1.44,false,1,
7290008464109,false,גולסטאר לא מבונן,טמפו משקאות בעמ,,,יח,3.30,"ל100 מ""ל",false,1,7.90,2.30,false,1,
7290008464222,false,"מכבי 7.9% פחית 500 מ""ל",טמפו משקאות בעמ,,,יח,5,"ל100 מ""ל",false,1,7.50,1.44,false,1,
7290008464345,false,גולסטאר 330 בק,טמפו משקאות בעמ,,,יח,3.30,"ל100 מ""ל",false,1,5.90,1.70,false,1,
7290008464468,false,גולדסטאר500 פחית,טמפו משקאות בעמ,,,יח,5,"ל100 מ""ל",false,1,7.50,1.44,false,1,
7290008464475,false,מכבי פחית 500,טמפו משקאות בעמ,,,יח,5,"ל100 מ""ל",false,1,5.90,1.12,false,1,
7290008464505,false,מים סאן בודד,טמפו משקאות בעמ,,,יח,5,"ל100 מ""ל",false,1,2.90,0.52,false,1,
7290008464604,false,הייניקן פחית 500,טמפו משקאות בעמ,,,יח,5,"ל100 מ""ל",false,1,9.90,1.92,false,1,
7290008464611,false,"סודה טמפו 275 מ""ל",טמפו משקאות בעמ,,,יח,2.75,"ל100 מ""ל",false,1,3.30,1.09,true,1,
7290008464734,false,בירה גולדסטאר 10% שישיה,טמפו משקאות בעמ,,,יח,1.98,לליטר,false,1,38.90,18.74,false,1,
7290008464741,false,בירה גולדסטאר 330 שישייה טמפו,טמפו משקאות בעמ,,,יח,15,"ל100 מ""ל",false,1,36.90,2.34,true,1,
7290008464796,false,היינקן שישיה 330,טמפו משקאות בעמ,,,יח,6,למארז,false,1,34.90,5.52,true,1,
7290008466660,false,מארז רוגלך מחנה יהודה 500 גר`,הלל בן הלל שיווק וסחר בעמ,,,יח,5,ל 100 גרם,false,1,17.90,3.58,false,1,
7290008466806,false,מארז וניל  מחנה יהודה 500 גר`,הלל בן הלל שיווק וסחר בעמ,,,יח,5,ל 100 גרם,false,1,17.90,3.58,false,1,
7290008466813,false,מארז קינמון מחנה יהודה 500 גר`,הלל בן הלל שיווק וסחר בעמ,,,יח,5,ל 100 גרם,false,1,17.90,3.58,false,1,
7290008482530,false,פנקיק 400,נאמן לאורך זמן בעמ,,,יח,4,ל 100 גרם,false,1,12.50,3.13,false,1,
7290008482585,false,ג לי משמש טעימה 85 ג   *,נאמן לאורך זמן בעמ,,,יח,0.85,ל 100 גרם,false,1,4.60,5.41,false,1,
7290008482592,false,ג לי תות טעימה 85ג     *,נאמן לאורך זמן בעמ,,,יח,0.85,ל 100 גרם,false,1,4.60,5.41,false,1,
7290008493413,false,פירורי גריסיני,"דנשר (1963) בע,מ",,,יח,2,ל 100 גרם,false,1,5.90,2.95,false,1,
7290008507059,false,קציצות מרוקאיות חריפות  נתח אדום,נתח אדום עוזי ביטון ובניו בעמ,,,יח,7,ל 100 גרם,false,1,29.90,4.27,false,1,
7290008507301,false,"בריסקט עגל מתובל לתנור. בד""ץ",נתח אדום עוזי ביטון ובניו בעמ,,,"לק""ג",10,ל 100 גרם,true,1,59.90,5.99,false,1,
7290008507394,false,אנטריקוט דק דק ארוז 400 גר`,נתח אדום עוזי ביטון ובניו בעמ,,,יח,4,ל 100 גרם,false,1,38.90,9.73,false,1,
7290008507400,false,סטייק קצבים קפוא ארוז חלק,נתח אדום עוזי ביטון ובניו בעמ,,,"לק""ג",10,ל 100 גרם,true,1,119,11.90,false,1,
7290008507530,false,סטייק אנטריקוט פרימיום,נתח אדום עוזי ביטון ובניו בעמ,,,"לק""ג",10,ל 100 גרם,true,1,169.90,16.99,false,1,
7290008618632,false,אצבעות אנטריקוט חלק,מאסטרפוד בעמ,,,"לק""ג",10,"לק""ג",true,1,64.90,6.49,false,1,
7290008636650,false,קמח מצה 500 מיה,מיה תעשיות מזון מ.ת.מ בעמ,,,יח,5,ל 100 גרם,false,1,7.90,1.58,false,1,
7290008636926,false,קקאו הולנדי 500ג  שקית,מיה תעשיות מזון מ.ת.מ בעמ,,,יח,5,ל 100 גרם,false,1,14.90,2.98,false,1,
7290008636933,false,אגוזי מלך גרוסים 100 מיה,מיה תעשיות מזון מ.ת.מ בעמ,,,יח,1,ל 100 גרם,false,1,9.90,9.90,false,1,
7290008636988,false,גרעיני חמניה קלופים  מיה,מיה תעשיות מזון מ.ת.מ בעמ,,,יח,1,ל 100 גרם,false,1,3.90,3.90,false,1,
7290008636995,false,גרעיני דלעת מקולף    מיה,מיה תעשיות מזון מ.ת.מ בעמ,,,יח,1,ל 100 גרם,false,1,6.90,6.90,false,1,
7290008644112,false,מטבוחה יום יום,שטראוס גרופ בעמ (ח),,,יח,1.25,ל 100 גרם,false,1,4.90,3.92,false,1,
7290008644235,false,עלי בייבי,שטראוס גרופ בעמ (ח),,,יח,1.20,ל 100 גרם,false,1,9.90,8.25,false,1,
7290008644945,false,סלט המושבה  שטראוס,שטראוס גרופ בעמ (ח),,,יח,4.50,יח,false,1,11.90,2.64,false,1,
7290008645935,false,חומוס לניגוב 750,שטראוס גרופ בעמ (ח),,,יח,7.50,ל 100 גרם,false,1,9.90,1.32,false,1,
7290008670005,false,יין רקאנטי גליל עליון שרדונה   *2018,היכל היין שקד גולן בעמ,,,יח,7.50,"ל100 מ""ל",false,1,65.20,8.65,false,1,
7290008693134,false,דניאלה תות,שטראוס גרופ בעמ (ח),,,יח,1.50,"ל100 מ""ל",false,1,3.90,2.60,false,1,
7290008713900,false,שיפון עגול,שלמה א.אנג ל בעמ,,,יח,7.50,ל 100 גרם,false,1,13.90,1.85,false,1,
7290008736275,false,אצבעות אנטריקוט,מאסטרפוד בעמ,,,"לק""ג",1,,true,1,64.90,64.90,false,1,
7290008745239,false,תפוצ יפס  טבעי,שטראוס פריטו ליי בעמ,,,יח,0.55,ל 100 גרם,false,1,3.80,6.91,false,1,
7290008747547,false,תפוצ יפס טבעי 200,שטראוס פריטו ליי בעמ,,,יח,2,ל 100 גרם,false,1,9.90,4.95,true,1,
7290008750264,false,מאסט דובדבן,שטראוס גרופ בעמ,,,יח,0.28,ל 100 גרם,false,1,4,14.29,false,1,
7290008753111,false,תפוצ יפס אקס  מקסיקני,שטראוס פריטו ליי בעמ,,,יח,0.50,ל 100 גרם,false,1,3.80,7.60,false,1,
7290008753364,false,דוריטוס גריל  55,שטראוס פריטו ליי בעמ,,,יח,0.55,ל 100 גרם,false,1,2.90,5.27,true,1,
7290008753371,false,דוריטוס נאצו  55,שטראוס פריטו ליי בעמ,,,יח,0.55,ל 100 גרם,false,1,2.90,5.27,true,1,
7290008753388,false,דוריטוס טבעי 55,שטראוס פריטו ליי בעמ,,,יח,0.55,ל 100 גרם,false,1,2.90,5.27,true,1,
7290008754422,false,מאסט מנטה קלאסי,שטראוס גרופ בעמ,,,יח,0.28,ל 100 גרם,false,1,4,14.29,false,1,
7290008757072,false,פחית R.C,יפאורה שותפות מוגבלת לשיווק,,,יח,3.30,"ל100 מ""ל",false,1,3.90,1.09,true,1,
7290008757980,false,קרטונית ספרינג רימונים,יפאורה שותפות מוגבלת לשיווק,,,יח,10,"ל100 מ""ל",false,1,7,0.70,true,1,
7290008775816,false,משהו משהו ערגליו שוקו,קבוצת אוסם סחר שותפות מוגבלת,,,יח,3,ל 100 גרם,false,1,10.20,3.40,true,1,
7290008801010,false,קברנה מרלו PC,אגודת הכורמים בעמ,,,יח,7.50,"ל100 מ""ל",false,1,39.90,5.28,true,1,
7290008801089,false,"קברנה סובניון 375 מ""ל",אגודת הכורמים בעמ,,,יח,3.75,"ל100 מ""ל",false,1,16.90,4.43,false,1,
7290008801157,false,מרלו סלקטד,אגודת הכורמים בעמ,,,יח,7.50,"ל100 מ""ל",false,1,29.90,3.95,true,1,
7290008801522,false,קונקורד ה ק. דוד,אגודת הכורמים בעמ,,,יח,1,,false,1,19.90,19.90,false,1,
7290008801546,false,מוסקט מתוק ק. דוד,אגודת הכורמים בעמ,,,יח,7.50,"ל100 מ""ל",false,1,19.90,2.61,false,1,
7290008801843,false,קברנה סובניון ק,אגודת הכורמים בעמ,,,יח,7.50,"ל100 מ""ל",false,1,29.90,3.95,true,1,
7290008801850,false,אמרלד ריזלינג סלקטד,אגודת הכורמים בעמ,,,יח,7.50,"ל100 מ""ל",false,1,29.90,3.95,true,1,
7290008802291,false,מרלו P.C,אגודת הכורמים בעמ,,,יח,7.50,"ל100 מ""ל",false,1,39.90,5.28,true,1,
7290008802512,false,יין אדום וינו,אגודת הכורמים בעמ,,,יח,7.50,"ל100 מ""ל",false,1,19.90,2.61,false,1,
7290008802529,false,יין וינו לבן,אגודת הכורמים בעמ,,,יח,7.50,"ל100 מ""ל",false,1,19.90,2.61,false,1,
7290008802895,false,קברנה סובניון P.C,אגודת הכורמים בעמ,,,יח,7.50,"ל100 מ""ל",false,1,39.90,5.28,true,1,
7290008803021,false,כרמל אדום עתיק,אגודת הכורמים בעמ,,,יח,7.50,"ל100 מ""ל",false,1,19.90,2.61,false,1,
7290008805384,false,יין מוסקט סלקטד 750,אגודת הכורמים בעמ,,,יח,7.50,"ל100 מ""ל",false,1,29.90,3.95,true,1,
7290008805520,false,קברנה מרלו סלקטד,אגודת הכורמים בעמ,,,יח,7.50,"ל100 מ""ל",false,1,29.90,3.95,true,1,
7290008806305,false,שלגון פצפצים,"גלידת שטראוס בע""מ",,,יח,1,,false,1,5.90,5.90,true,1,
7290008806985,false,גלידת שטראוס נשנושים,"גלידת שטראוס בע""מ",,,יח,6.30,ל 100 גרם,false,1,44.90,7.13,false,1,
7290008835992,false,פילה  נסיכת הנילוס פרוס בלדי,בלדי בעמ,,,"לק""ג",10,ל 100 גרם,true,1,64.90,6.49,false,1,
7290008836401,false,יין ישן נושן  1 ליטר,יקב טפרברג 1870,,,יח,10,"ל100 מ""ל",false,1,21.90,2.16,true,1,
7290008836494,false,מיץ ענבים יקבי אפרת,יקב טפרברג 1870,,,יח,10,"ל100 מ""ל",false,1,15.90,1.56,true,1,
7290008909853,false,קוקה קולה ZIRO 0.50,החברה המרכזית להפצת משקאות בע,,,יח,5,"ל100 מ""ל",false,1,7.90,1.52,false,1,
7290008909884,false,קוקה קולה ZERO 330,החברה המרכזית להפצת משקאות בע,,,יח,3.30,"ל100 מ""ל",false,1,5.90,1.70,false,1,
7290008921015,false,תישבי קברנה פטיט סירה,יקב תשבי (יקבי הברון בעמ ),,,יח,7.50,"ל100 מ""ל",false,1,37.90,5.01,true,1,
7290008921053,false,תישבי אדום סגול,יקב תשבי (יקבי הברון בעמ ),,,"ל100 מ""ל",7.50,"ל100 מ""ל",false,1,37.90,5.01,true,1,
7290008921169,false,קברנה סובניון תשבי,יקב תשבי (יקבי הברון בעמ ),,,"ל100 מ""ל",7.50,"ל100 מ""ל",false,1,37.90,5.01,true,1,
7290008921312,false,קברנה סובניון תשבי,יקב תשבי (יקבי הברון בעמ ),,,"ל100 מ""ל",7.50,"ל100 מ""ל",false,1,75.90,10.08,false,1,
7290008921329,false,יין מרלו ESTATE תישבי,יקב תשבי (יקבי הברון בעמ ),,,יח,7.50,"ל100 מ""ל",false,1,75.90,10.08,false,1,
7290008975551,false,מטרנה מהדרין שלב 3,קבוצת אוסם סחר שותפות מוגבלת,,,יח,7,ל 100 גרם,false,1,53.90,7.70,false,1,
7290008975780,false,"בונזו בשר  3ק""ג",דיפלומט מפיצים {1968}בעמ,,,יח,30,ל 100 גרם,false,1,49.90,1.66,false,1,
7290008989015,false,דייסת אורז 400ג BD  *,בטר אנד דיפרנט בעמ,,,יח,4,ל 100 גרם,false,1,19.90,4.98,false,1,
7290008989169,false,אורז תפוח שקית 500ג  BD*,בטר אנד דיפרנט בעמ,,,יח,5,ל 100 גרם,false,1,18.90,3.78,false,1,
7290008989428,false,גרנולה אגוזים 400ג  *BD,בטר אנד דיפרנט בעמ,,,יח,4,ל 100 גרם,false,1,11.50,2.88,false,1,
7290008989473,false,ממרח חרובים טעם שוקולד  *BD,בטר אנד דיפרנט בעמ,,,יח,3.50,ל 100 גרם,false,1,13.50,3.86,false,1,
7290008989954,false,סירופ תפוזים 1.2 ליטר  ..  *,בטר אנד דיפרנט בעמ,,,יח,12,"ל100 מ""ל",false,1,31.90,2.66,false,1,
7290010002023,false,Indian turmeric powder 100 grm - Maimon,א.ל ייצור ושיווק תבלינים בעמ,,,יח,1,ל 100 גרם,false,1,10.90,10.90,false,1,
7290010002030,false,Cumin 100 grm - Maimon Spices,א.ל ייצור ושיווק תבלינים בעמ,,,יח,1,ל 100 גרם,false,1,10.90,10.90,false,1,
7290010002047,false,200 grm lemon salt - Maimon Spices,א.ל ייצור ושיווק תבלינים בעמ,,,יח,2,ל 100 גרם,false,1,10.90,5.45,false,1,
7290010002061,false,Ground white pepper 100 grm - Maimon Spi,א.ל ייצור ושיווק תבלינים בעמ,,,יח,1,ל 100 גרם,false,1,16.90,16.90,false,1,
7290010002078,false,Ground black pepper 100 grm - Maimon Spi,א.ל ייצור ושיווק תבלינים בעמ,,,יח,1,ל 100 גרם,false,1,14.90,14.90,false,1,
7290010002092,false,Finely ground black pepper 90 grm - Maim,א.ל ייצור ושיווק תבלינים בעמ,,,יח,1.20,ל 100 גרם,false,1,14.90,12.42,false,1,
7290010002108,false,Coarsely ground black pepper 90 grm - Ma,א.ל ייצור ושיווק תבלינים בעמ,,,יח,1.20,ל 100 גרם,false,1,14.90,12.42,false,1,
7290010002122,false,Sweet Hungarian paprika 100 grm - Maimon,א.ל ייצור ושיווק תבלינים בעמ,,,יח,1,ל 100 גרם,false,1,10.90,10.90,false,1,
7290010002139,false,Acute Hungarian paprika 100 grm - Maimon,א.ל ייצור ושיווק תבלינים בעמ,,,יח,1,ל 100 גרם,false,1,10.90,10.90,false,1,
7290010002146,false,Moroccan sweet paprika 100 grm - Maimon,א.ל ייצור ושיווק תבלינים בעמ,,,יח,1,ל 100 גרם,false,1,10.90,10.90,false,1,
7290010002153,false,Acute Moroccan paprika 100 g - Maimon Sp,א.ל ייצור ושיווק תבלינים בעמ,,,יח,1,ל 100 גרם,false,1,10.90,10.90,false,1,
7290010002207,false,Ground cinnamon 100 grm - Maimon Spices,א.ל ייצור ושיווק תבלינים בעמ,,,יח,1,ל 100 גרם,false,1,10.90,10.90,false,1,
7290010002214,false,"Chili, ground 80 grm when LP - Maimon Sp",א.ל ייצור ושיווק תבלינים בעמ,,,יח,0.75,ל 100 גרם,false,1,10.90,14.53,false,1,
7290010002283,false,Grilled spice 100 grm - Maimon Spices,א.ל ייצור ושיווק תבלינים בעמ,,,יח,1,ל 100 גרם,false,1,10.90,10.90,false,1,
7290010002290,false,Seasoning Lsoarmh 100 grm - Maimon Spice,א.ל ייצור ושיווק תבלינים בעמ,,,יח,1,ל 100 גרם,false,1,10.90,10.90,false,1,
7290010002306,false,100 grm cutlet seasoning - Maimon Spices,א.ל ייצור ושיווק תבלינים בעמ,,,יח,1,ל 100 גרם,false,1,10.90,10.90,false,1,
7290010002313,false,Ras Al Shop 100 grm - Maimon Spices,א.ל ייצור ושיווק תבלינים בעמ,,,יח,1,ל 100 גרם,false,1,10.90,10.90,false,1,
7290010002320,false,Grill chicken seasoning 100 grm - Maimon,א.ל ייצור ושיווק תבלינים בעמ,,,יח,1,ל 100 גרם,false,1,10.90,10.90,false,1,
7290010002337,false,Steak Seasoning 100 grm - Maimon Spices,א.ל ייצור ושיווק תבלינים בעמ,,,יח,1,ל 100 גרם,false,1,10.90,10.90,false,1,
7290010002344,false,100 grm fish seasoning - Maimon Spices,א.ל ייצור ושיווק תבלינים בעמ,,,יח,1,ל 100 גרם,false,1,10.90,10.90,false,1,
7290010002351,false,Hyssop and sesame Baladi 100 grm - Maimo,א.ל ייצור ושיווק תבלינים בעמ,,,יח,1,ל 100 גרם,false,1,10.90,10.90,false,1,
7290010002375,false,Curry 100 grm - Maimon Spices,א.ל ייצור ושיווק תבלינים בעמ,,,יח,1,ל 100 גרם,false,1,10.90,10.90,false,1,
7290010002382,false,Oregano 40 grm - Maimon Spices,א.ל ייצור ושיווק תבלינים בעמ,,,יח,0.40,ל 100 גרם,false,1,8.90,22.25,false,1,
7290010002405,false,Thyme 40 grm - Maimon Spices,א.ל ייצור ושיווק תבלינים בעמ,,,יח,0.50,ל 100 גרם,false,1,8.90,17.80,false,1,
7290010002436,false,Parsley 25 grm - Maimon Spices,א.ל ייצור ושיווק תבלינים בעמ,,,יח,0.25,ל 100 גרם,false,1,10.90,43.60,false,1,
7290010002443,false,Rosemary 40 grm - Maimon Spices,א.ל ייצור ושיווק תבלינים בעמ,,,יח,0.50,ל 100 גרם,false,1,8.90,17.80,false,1,
7290010002481,false,100 grm minced garlic - Maimon Spices,א.ל ייצור ושיווק תבלינים בעמ,,,יח,1,ל 100 גרם,false,1,14.90,14.90,false,1,
7290010002498,false,No crystalline 120 grm - Maimon Spices,א.ל ייצור ושיווק תבלינים בעמ,,,יח,1.50,ל 100 גרם,false,1,13.90,9.27,false,1,
7290010002597,false,30 grm green coriander - Maimon Spices,א.ל ייצור ושיווק תבלינים בעמ,,,יח,0.20,ל 100 גרם,false,1,8.90,44.50,false,1,
7290010002726,false,Fergie seasoning 100 grm - Maimon Spices,א.ל ייצור ושיווק תבלינים בעמ,,,יח,1,ל 100 גרם,false,1,10.90,10.90,false,1,
7290010003051,false,Sweet Hungarian paprika 400 grm - Maimon,א.ל ייצור ושיווק תבלינים בעמ,,,יח,4,ל 100 גרם,false,1,21.90,5.48,false,1,
7290010003075,false,Moroccan sweet paprika 400 grm - Maimon,א.ל ייצור ושיווק תבלינים בעמ,,,יח,4,ל 100 גרם,false,1,22.90,5.73,false,1,
7290010003709,false,Ground black pepper 50 grm bag - Maimon,א.ל ייצור ושיווק תבלינים בעמ,,,יח,0.50,ל 100 גרם,false,1,7.90,15.80,false,1,
7290010003754,false,Ground cumin 50 grm bag - Maimon Spices,א.ל ייצור ושיווק תבלינים בעמ,,,יח,0.80,ל 100 גרם,false,1,5.90,7.38,false,1,
7290010003761,false,Turmeric powder 80 grm bag - Maimon Spic,א.ל ייצור ושיווק תבלינים בעמ,,,יח,8,ל 100 גרם,false,1,5.90,0.74,false,1,
7290010003778,false,Grill chicken seasoning 80 grm bag new -,א.ל ייצור ושיווק תבלינים בעמ,,,יח,8,ל 100 גרם,false,1,5.90,0.74,false,1,
7290010003822,false,Cayenne 80 grm bag - Maimon Spices,א.ל ייצור ושיווק תבלינים בעמ,,,יח,8,ל 100 גרם,false,1,5.90,0.74,false,1,
7290010003839,false,Ground cinnamon 80 grm bag - Maimon Spic,א.ל ייצור ושיווק תבלינים בעמ,,,יח,0.80,ל 100 גרם,false,1,5.90,7.38,false,1,
7290010003846,false,20 grm- oregano new bag - Maimon Spices,א.ל ייצור ושיווק תבלינים בעמ,,,יח,2,ל 100 גרם,false,1,5.90,2.95,false,1,
7290010003990,false,20 grm bag parsley - Maimon Spices,א.ל ייצור ושיווק תבלינים בעמ,,,יח,2,ל 100 גרם,false,1,5.90,2.95,false,1,
7290010004003,false,Sweet paprika 1 kg jar - Maimon Spices,א.ל ייצור ושיווק תבלינים בעמ,,,יח,10,ל 100 גרם,false,1,33.90,3.39,false,1,
7290010004010,false,"פפריקה חריפה צנצנת 1 ק""ג מימון*",א.ל ייצור ושיווק תבלינים בעמ,,,יח,10,ל 100 גרם,false,1,31.90,3.19,false,1,
7290010016204,false,A.hgigh pulled - Kapulski,חג`ג` שדמה,,,יח,8.50,ל 100 גרם,false,1,39.90,4.69,false,1,
7290010016471,false,A.hgigh pulled - Kapulski,חג`ג` שדמה,,,יח,8.50,ל 100 גרם,false,1,39.90,4.69,false,1,
7290010023622,false,נגיעות נענע כחול 100 ק,תה ויסוצקי (ישראל)בעמ,,,יח,1,ל 100 גרם,false,1,17.90,17.90,false,1,
7290010065301,false,פרינוק מחית סלט פירות,גורי מוצרי צריכה 1991 בעמ,,,יח,1.30,ל 100 גרם,false,1,5.90,4.54,false,1,
7290010065318,false,פרינוק תפוחי עץ,גורי מוצרי צריכה 1991 בעמ,,,יח,1.90,ל 100 גרם,false,1,6.60,3.47,true,1,
7290010065332,false,פרינוק גוניור תפןח בננה,גורי מוצרי צריכה 1991 בעמ,,,יח,1.90,ל 100 גרם,false,1,6.60,3.47,true,1,
7290010065349,false,פרינוק גוניור סלט פירות,גורי מוצרי צריכה 1991 בעמ,,,יח,1.90,ל 100 גרם,false,1,6.90,3.63,true,1,
7290010065745,false,פרינוק טעם  פירות,גורי מוצרי צריכה 1991 בעמ,,,יח,1.90,ל 100 גרם,false,1,6.60,3.47,true,1,
7290010066001,false,"טונה 1 ק""ג פילטונה  *",תעשיות פיל טונה בעמ,,,יח,1,"לק""ג",false,1,32.90,32.90,false,1,
7290010066025,false,טונה בשמן 160ג בודד פילטונה,תעשיות פיל טונה בעמ,,,יח,1.70,ל 100 גרם,false,1,5.90,3.47,false,1,
7290010066056,false,טונה במים 160ג פילטונה,תעשיות פיל טונה בעמ,,,יח,1.58,ל 100 גרם,false,1,6.30,3.99,false,1,
7290010066087,false,טונה בשמן זית 160ג פילטונה,תעשיות פיל טונה בעמ,,,יח,1.70,ל 100 גרם,false,1,6.90,4.06,false,1,
7290010116980,false,שוקולית  850 גר  שקית,שטראוס גרופ בעמ,,,יח,8.50,ל 100 גרם,false,1,17.90,2.11,false,1,
7290010117857,false,דוריטוס חמוץ חריף,שטראוס פריטו ליי בעמ,,,יח,0.55,ל 100 גרם,false,1,2.90,5.27,true,1,
7290010117970,false,סבבה בוטנים אמרקאים 50 גר`,שטראוס פריטו ליי בעמ,,,יח,0.50,ל 100 גרם,false,1,2,4,false,1,
7290010118328,false,מארז תפוצ יפס 6,שטראוס פריטו ליי בעמ,,,יח,2.40,ל 100 גרם,false,1,12.50,5.21,false,1,
7290010119950,false,דוריטוס חמוץ חריף,שטראוס פריטו ליי בעמ,,,יח,0.55,ל 100 גרם,false,1,2.90,5.27,true,1,
7290010124107,false,סטייק בורגר   400  גר`בלדי,בלדי בעמ,,,יח,4,ל 100 גרם,false,1,15.90,3.98,false,1,
7290010129003,false,אוזניות 600 ק.,קיראי סחר והשקע,,,יח,6,ל 100 גרם,false,1,16.90,2.82,false,1,
7290010129010,false,עוג  כתר במילוי ריבה,קיראי סחר והשקע,,,יח,6,ל 100 גרם,false,1,16.90,2.82,false,1,
7290010129324,false,עוג  מעמול  600,קיראי סחר והשקע,,,יח,6,ל 100 גרם,false,1,16.90,2.82,false,1,
7290010129553,false,עוגיות  רולדה   תמרים   קראי,קיראי סחר והשקע,,,יח,6,ל 100 גרם,false,1,16.90,2.82,false,1,
7290010129652,false,עוגיות לקפה  לה בייקרי*,שיבולים ייצור מוצרי מאפה בעמ,,,יח,3.50,ל 100 גרם,false,1,13.90,3.97,false,1,
7290010153503,false,שעועית ענק 400 ג     מיה,מיה תעשיות מזון מ.ת.מ בעמ,,,יח,4,ל 100 גרם,false,1,9.90,2.48,false,1,
7290010153510,false,בורגול 500 ג         מיה,מיה תעשיות מזון מ.ת.מ בעמ,,,יח,5,ל 100 גרם,false,1,3.90,0.78,true,1,
7290010153534,false,קמח תירס 400         מיה,מיה תעשיות מזון מ.ת.מ בעמ,,,יח,4,ל 100 גרם,false,1,5.90,1.48,false,1,
7290010153770,false,ציפוי לשניצל פיקנטי מיה,מיה תעשיות מזון מ.ת.מ בעמ,,,יח,5,ל 100 גרם,false,1,7.90,1.58,false,1,
7290010153787,false,ציפוי לשניצל עם שום מיה,מיה תעשיות מזון מ.ת.מ בעמ,,,יח,5,ל 100 גרם,false,1,7.90,1.58,false,1,
7290010153794,false,ציפוי לשניצל ע.תיבול מיה,מיה תעשיות מזון מ.ת.מ בעמ,,,יח,5,ל 100 גרם,false,1,7.90,1.58,false,1,
7290010153800,false,ציפוי לשניצל תיבול עדין מיה,מיה תעשיות מזון מ.ת.מ בעמ,,,יח,5,ל 100 גרם,false,1,7.90,1.58,false,1,
7290010153817,false,"ריבת חלב 400  בד""צ מיהג.",מיה תעשיות מזון מ.ת.מ בעמ,,,יח,4,ל 100 גרם,false,1,9.90,2.48,false,1,
7290010153879,false,ריבת חלב שמנג מיה,מיה תעשיות מזון מ.ת.מ בעמ,,,יח,4,ל 100 גרם,false,1,10,2.50,false,1,
7290010153978,false,"[קונפיטורה שזיף 340ג חת""ס",מיה תעשיות מזון מ.ת.מ בעמ,,,יח,3.40,ל 100 גרם,false,1,9.90,2.91,false,1,
7290010154005,false,סחוג תימני 250,נטו מילנדה סחר בעמ*,,,יח,2.50,ל 100 גרם,false,1,13.50,5.40,false,1,
7290010154012,false,לימון כבוש 250,נטו מילנדה סחר בעמ*,,,יח,2.50,ל 100 גרם,false,1,13.50,5.40,false,1,
7290010154029,false,אריסה מתוקה ביטון,נטו מילנדה סחר בעמ*,,,יח,2.50,ל 100 גרם,false,1,13.50,5.40,false,1,
7290010154036,false,עמבה ביטון  250,נטו מילנדה סחר בעמ*,,,יח,2.50,ל 100 גרם,false,1,13.50,5.40,false,1,
7290010154050,false,ממרח שיפקה כבוש ביטון,נטו מילנדה סחר בעמ*,,,יח,2.50,ל 100 גרם,false,1,13.50,5.40,false,1,
7290010154418,false,סחוג אדום 130  גר`יוחאי,נטו מילנדה סחר בעמ*,,,יח,1.30,ל 100 גרם,false,1,9.90,7.62,false,1,
7290010154425,false,סחוג  ירוק   130  גר`יוחאי,נטו מילנדה סחר בעמ*,,,יח,1.30,ל 100 גרם,false,1,9.90,7.62,false,1,
7290010154548,false,ממרח שום טבעי 235 גר`,נטו מילנדה סחר בעמ*,,,יח,2.35,ל 100 גרם,false,1,13.90,5.91,false,1,
7290010154555,false,ממרח לימון כבוש   235 גר`,נטו מילנדה סחר בעמ*,,,יח,2.35,ל 100 גרם,false,1,13.90,5.91,false,1,
7290010154678,false,אריסה מרוקאית 250 ג,נטו מילנדה סחר בעמ*,,,יח,2.50,ל 100 גרם,false,1,13.50,5.40,false,1,
7290010154685,false,שום כתוש 250,נטו מילנדה סחר בעמ*,,,יח,2.50,ל 100 גרם,false,1,13.50,5.40,false,1,
7290010154692,false,סחוג תימני 250,נטו מילנדה סחר בעמ*,,,יח,2.50,ל 100 גרם,false,1,13.50,5.40,false,1,
7290010175291,false,קקאו 500 הולנדי,טעמן שיווק מזון בעמ,,,יח,5,ל 100 גרם,false,1,15.90,3.18,true,1,
7290010175833,false,מיני רול 150 גר  סודה,טעמן שיווק מזון בעמ,,,יח,1.50,ל 100 גרם,false,1,9.90,6.60,false,1,
7290010175840,false,לבבות דקל שלם 400ג טעמן,טעמן שיווק מזון בעמ,,,יח,4,ל 100 גרם,false,1,11.90,2.98,true,1,
7290010175857,false,לבבות דקל טעמן 400ג..,טעמן שיווק מזון בעמ,,,יח,4,ל 100 גרם,false,1,10.90,2.73,false,1,
7290010237548,false,פפסי מקס 500,טמפו משקאות בעמ,,,יח,5,"ל100 מ""ל",false,1,4.90,0.92,true,1,
7290010237685,false,הייניקן 330,טמפו משקאות בעמ,,,יח,3.30,"ל100 מ""ל",false,1,9,2.64,false,1,
7290010237784,false,מכבי שנדי לימון ליים 330  שישיה,טמפו משקאות בעמ,,,יח,1.98,לליטר,false,1,33.90,16.21,true,1,
7290010237890,false,בירה הייניקן חוזר,טמפו משקאות בעמ,,,יח,5,"ל100 מ""ל",false,1,8.50,1.46,false,1,
7290010259007,false,עוגיות ביצים בישקוטים 200ג ויליפוד,ג.וילי פוד בעמ,,,יח,2,ל 100 גרם,false,1,5.90,2.95,false,1,
7290010259991,false,צנימים 250   גר,ג.וילי פוד בעמ,,,יח,2.50,ל 100 גרם,false,1,6.90,2.76,false,1,
7290010300075,false,שמרים נמסים בקופסא,נאמן לאורך זמן בעמ,,,יח,0.33,ל 100 גרם,false,1,5.90,17.88,false,1,
7290010300860,false,"אציטון 100 מ""ל",נאמן לאורך זמן בעמ,,,יח,10,ל 100 גרם,false,1,3.50,0.35,false,1,
7290010328093,false,ממרח חלבה 400ג  אחוה   *,אחדות בעמ,,,יח,4,"ל100 מ""ל",false,1,9.90,2.48,false,1,
7290010328178,false,חלבה מסולסלת 250ג   אחוה*,אחדות בעמ,,,יח,2.50,ל 100 גרם,false,1,11.90,4.76,false,1,
7290010328239,false,טחינה מתובלת 500ג   אחווה*,אחדות בעמ,,,יח,5,ל 100 גרם,false,1,11.90,2.38,false,1,
7290010328246,false,טחינה שומשום מלא 500ג   אחוה*,אחדות בעמ,,,יח,5,ל 100 גרם,false,1,10.90,2.18,false,1,
7290010328253,false,טחינה גולמית 500ג  אחוה*,אחדות בעמ,,,יח,5,ל 100 גרם,false,1,10.90,2.18,false,1,
7290010328468,false,חטיף מיני חלבה 18יח   אחוה (12 בקר`)*,אחדות בעמ,,,יח,18,יח,false,1,9.90,0.55,false,1,
7290010328505,false,חטיף מיני חלבה לייט 15יח  אחוה (12 בקר,אחדות בעמ,,,יח,1.50,יח,false,1,9.90,6.60,false,1,
7290010328710,false,קצפיות אחווה 180  גר`חדש ללא חזרות*,אחדות בעמ,,,יח,4,ל 100 גרם,false,1,9.90,2.48,false,1,
7290010328895,false,מאפין שוקולד  45ג  אחוה*,אחדות בעמ,,,יח,0.45,ל 100 גרם,false,1,1.40,3.11,true,1,
7290010329854,false,מיני קוקיס חמאה ללא סוכר,כרמית תעשיות ממתקים בעמ,,,יח,7,ל 100 גרם,false,1,19.90,2.84,false,1,
7290010405503,false,3צלופן מגולגל,אליס אריזות מתנה בעמ,,,יח,1,,false,1,2.50,2.50,false,1,
7290010429684,false,דבש זוג יד מרדכי 350גXX,שטראוס גרופ בעמ,,,יח,7,ל 100 גרם,false,1,29.90,4.27,false,1,
7290010471669,false,דנונה בר תות קונפלקס,שטראוס גרופ בעמ (ח),,,יח,1.75,"ל100 מ""ל",false,1,4.50,2.57,false,1,
7290010472390,false,מארז 8 דני שוקולד,שטראוס גרופ בעמ (ח),,,יח,1,לליטר,false,1,14.90,14.90,false,1,
7290010513703,false,צ`ופסטיקס  צפצפה  20 יח`,מזרח ומערב יבוא ושיווק,,,יח,1,יח,false,1,6.90,6.90,false,1,
7290010530090,false,טופו ג`ל מזרק 5  גר`לקטילת נמלים,מדר דוד,,,יח,1,,false,1,52.90,52.90,false,1,
7290010558643,false,שום קונפי 200 גר`,עוזי טעמים של בית,,,יח,2,ל 100 גרם,false,1,22.90,11.45,false,1,
7290010569052,false,גלידה 1.8 פיסטוק שוקו וונ,"גלידת שטראוס בע""מ",,,יח,1.80,לליטר,false,1,22.90,12.72,false,1,
7290010617258,false,מוצץ אורטודנטי קצר,אריסטוקרט מ.ב.ליבוא שווק בעמ,,,יח,1,,false,1,17.90,17.90,false,1,
7290010617609,false,מוצץ סיליקון זוג מצוייר,אריסטוקרט מ.ב.ליבוא שווק בעמ,,,יח,1,,false,1,14.90,14.90,false,1,
7290010617623,false,כוס אימון+ידיות,אריסטוקרט מ.ב.ליבוא שווק בעמ,,,יח,1,,false,1,16.90,16.90,false,1,
7290010627004,false,טחינה ירושלים 500 גר`,תה ויסוצקי (ישראל)בעמ,,,יח,5,ל 100 גרם,false,1,14.90,2.98,false,1,
7290010650019,false,אנדיב,"בכורי השדה צפון1994 ג.ד. בע""מ",,,יח,1,,false,1,14.90,14.90,false,1,
7290010650033,false,בצל שאלוט חוות תקוע,"בכורי השדה צפון1994 ג.ד. בע""מ",,,יח,1,,false,1,10.90,10.90,false,1,
7290010650828,false,פטריות  שימגי  חום/לבן,"בכורי השדה צפון1994 ג.ד. בע""מ",,,יח,1,,false,1,11.90,11.90,false,1,
7290010656592,false,תירוש אדום 100% טהור,יקב טפרברג 1870,,,יח,10,"ל100 מ""ל",false,1,17.90,1.76,true,1,
7290010657728,false,כבד דגים 120 גרם סטאר פוד,כ. נועם סוכניותלשיווק בעמ,,,יח,1.20,ל 100 גרם,false,1,9.90,8.25,false,1,
7290010711543,false,כף אשפה פס גומי,רפכל עיצובים,,,יח,1,,false,1,4.90,4.90,false,1,
7290010718627,false,סבון נוזלי 1 פנינה ירוק,פנינה רוזנבלום בעמ,,,יח,1,לליטר,false,1,8.90,8.90,false,1,
7290010719020,false,שמן זית 1 ליטר  אחיה*,ארץ זית שמן מובחר בעמ,,,יח,10,"ל100 מ""ל",false,1,47.90,4.79,false,1,
7290010760909,false,בורקס פיצה   600 גר`,מאפית אריאל בכינוס נכסים,,,יח,6,ל 100 גרם,false,1,21.90,3.65,false,1,
7290010777150,false,פיתה בריבוע  קמח מלא שובע,גיא שיווק טוב,,,יח,1,יח,false,1,14.90,14.90,false,1,
7290010777297,false,עשירית פיתות כהן רימון,גיא שיווק טוב,,,יח,1,יח,false,1,15.90,15.90,false,1,
7290010777488,false,[פיתות מקמח מלא 100%,גיא שיווק טוב,,,יח,1,יח,false,1,15.90,15.90,false,1,
7290010777525,false,פיתות כוסמין 100% מלא,גיא שיווק טוב,,,יח,1,יח,false,1,16.90,16.90,false,1,
7290010791644,false,בונזו  גו`י  מקלוני  עוף 90 גר`,דיפלומט מפיצים {1968}בעמ,,,יח,0.90,ל 100 גרם,false,1,16.90,18.78,false,1,
7290010814244,false,שוקולד שלישיות מריר ק.,כרמית תעשיות ממתקים בעמ,,,יח,2.55,ל 100 גרם,false,1,10.90,4.27,false,1,
7290010814251,false,שוקולד שלישיות חלב ק.,כרמית תעשיות ממתקים בעמ,,,יח,2.55,ל 100 גרם,false,1,10.90,4.27,false,1,
7290010814695,false,שוקולד מריר ללא סוכר,כרמית תעשיות ממתקים בעמ,,,יח,0.85,ל 100 גרם,false,1,5.90,6.94,false,1,
7290010827640,false,מטליות לחות לניקוי כללי 400יח*,דינמיק תעשיות מגבונים בעמ,,,יח,400,יח,false,1,18.90,0.05,false,1,
7290010838219,false,מרמוליט  סטיביה 100 שקיות,"דנשר (1963) בע,מ",,,יח,1,ל 100 גרם,false,1,27.90,27.90,false,1,
7290010838431,false,טואלט דאק 750 זו,"דנשר (1963) בע,מ",,,יח,1.50,לליטר,false,1,21.90,14.60,false,1,
7290010839865,false,רוטב רימונים 320 גר,ג.וילי פוד בעמ,,,יח,3.20,"ל100 מ""ל",false,1,10.90,3.41,false,1,
7290010849307,false,מארז פיצוחים 3 יח`,טכנו שק בעמ,,,יח,1,למארז,false,1,11.90,11.90,false,1,
7290010922871,false,"טחון  בקר אשפר  1 ק""ג",בלדי בעמ,,,יח,10,ל 100 גרם,false,1,29.90,2.99,false,1,
7290010922895,false,המבורגר בקר אשפר  400 גר`,בלדי בעמ,,,יח,4,ל 100 גרם,false,1,13.90,3.48,true,1,
7290010922901,false,קבב מזרחי  400  גר`אשפר,בלדי בעמ,,,יח,4,ל 100 גרם,false,1,13.90,3.48,true,1,
7290010922918,false,מינוט סטייק 250 גר` אשפר,בלדי בעמ,,,יח,2.50,ל 100 גרם,false,1,34.90,13.96,false,1,
7290010931330,false,מטבוחה  575אחלה,שטראוס גרופ בעמ (ח),,,יח,5.75,ל 100 גרם,false,1,13.90,2.42,true,1,
7290010944996,false,"מגב סיליקון 22 ס""מ",א. דינצי ובניו בעמ,,,יח,1,,false,1,5.90,5.90,false,1,
7290010945306,false,חלב קרטון 3%- 2 ליטר טרה,החברה המרכזית טלהפצת משקאות בע,,,יח,20,לליטר,false,1,12.40,0.62,false,1,
7290010945450,false,גבינה לבנה 3% מהדרין ק,החברה המרכזית טלהפצת משקאות בע,,,יח,2.50,ל 100 גרם,false,1,4.98,1.99,false,1,
7290011015985,false,דיאט  אננס  750,החברה המרכזית להפצת משקאות בע,,,יח,7.50,"ל100 מ""ל",false,1,22.90,3.05,false,1,
7290011017866,false,קוקה קולה פח 330,החברה המרכזית להפצת משקאות בע,,,יח,3.30,"ל100 מ""ל",false,1,4.90,1.39,true,1,
7290011017873,false,"קולה זירו 330 מ""ל",החברה המרכזית להפצת משקאות בע,,,יח,3.30,"ל100 מ""ל",false,1,4.90,1.39,true,1,
7290011018184,false,תה אפרסק 0.5 ליטר FUZE T,החברה המרכזית להפצת משקאות בע,,,יח,5,"ל100 מ""ל",false,1,6.90,1.32,false,1,
7290011018368,false,"ויינשטפן 6  בק` 330 מ""ל",החברה המרכזית להפצת משקאות בע,,,יח,1.98,"ל100 מ""ל",false,1,69.90,34.39,true,1,
7290011026066,false,סרקל שמפו+מעצב,"פישר  תעשיות פרמצביטות בע""מ",,,יח,10,"ל100 מ""ל",false,1,28.90,2.89,false,1,
7290011026301,false,שמפו  לשיער כסוף,"פישר  תעשיות פרמצביטות בע""מ",,,יח,7,"ל100 מ""ל",false,1,24.90,3.56,false,1,
7290011051358,false,סודה שוופס 250 לימון,יפאורה שותפות מוגבלת לשיווק,,,יח,2.50,"ל100 מ""ל",false,1,3.60,1.32,true,1,
7290011051525,false,ספריג תה  אפרסק 0.5,יפאורה שותפות מוגבלת לשיווק,,,יח,5,"ל100 מ""ל",false,1,4.90,0.92,false,1,
7290011081492,false,קרמיסימו שלושה שוקולדים,"גלידת שטראוס בע""מ",,,יח,1.33,לליטר,false,1,18.90,14.21,false,1,
7290011081690,false,קרמיסימו פרווה מייפל,"גלידת שטראוס בע""מ",,,יח,1.33,לליטר,false,1,18.90,14.21,false,1,
7290011113926,false,דאו  טיטניום בלאק,החברה הדרומית לשיווק בעמ,,,יח,2,"ל100 מ""ל",false,1,15.90,7.95,false,1,
7290011115241,false,נקה 7 ס. מוצק כחול רבעיה,החברה הדרומית לשיווק בעמ,,,יח,4,ל 100 גרם,false,1,10.90,2.73,false,1,
7290011115258,false,נקה 7 ס. מוצק ירוק רבעיה,החברה הדרומית לשיווק בעמ,,,יח,4,ל 100 גרם,false,1,10.90,2.73,false,1,
7290011115401,false,סבון נקה רבעיה,החברה הדרומית לשיווק בעמ,,,יח,4,ל 100 גרם,false,1,10.90,2.73,false,1,
7290011126452,false,קמומיל ונענע ויסוצקי,תה ויסוצקי (ישראל)בעמ,,,יח,0.3750,ל 100 גרם,false,1,17.90,47.73,false,1,
7290011126469,false,קמומיל ודבש ויסוצקי,תה ויסוצקי (ישראל)בעמ,,,יח,0.3750,ל 100 גרם,false,1,17.90,47.73,false,1,
7290011126957,false,תה ירוק ויסוצקי אל גריי,תה ויסוצקי (ישראל)בעמ,,,יח,0.3750,ל 100 גרם,false,1,22.90,61.07,true,1,
7290011133368,false,מכבי שנדי שישיה תפוח 330,טמפו משקאות בעמ,,,יח,60,למארז,false,1,33.90,0.54,true,1,
7290011133375,false,מכבי שנדי שישיה  אפרסק 330,טמפו משקאות בעמ,,,יח,15,"ל100 מ""ל",false,1,33.90,2.14,true,1,
7290011148805,false,שעועית טריה ירקט,"בכורי השדה צפון1994 ג.ד. בע""מ",,,יח,1,,false,1,19.90,19.90,false,1,
7290011154035,false,תרכיז תפוחים  סחוט,ליימן שליסל בעמ,,,יח,5,ל 100 גרם,false,1,22.90,4.58,false,1,
7290011154080,false,תרכיז תפוחים צלול,ליימן שליסל בעמ,,,יח,5,ל 100 גרם,false,1,22.90,4.58,false,1,
7290011154301,false,ממרח תמרים 450ג  ח.סופר טעמי  הגליל*,טעמי הגליל בעמ,,,יח,4.50,ל 100 גרם,false,1,4.90,1.09,false,1,
7290011164171,false,לקקן סודה 15 יח,טעמן שיווק מזון בעמ,,,יח,1.35,ל 100 גרם,false,1,9.90,7.33,false,1,
7290011174118,false,Hummus A-2 December Vita - Vita,ויטה-פרי גליל (החדשה) בעמ,,,יח,5.50,ל 100 גרם,false,1,6.50,1.18,false,1,
7290011174156,false,Corn A-2 December Vita - Vita,ויטה-פרי גליל (החדשה) בעמ,,,יח,5.50,ל 100 גרם,false,1,6.50,1.18,false,1,
7290011174187,false,A-2 peas December Vita - Vita,ויטה-פרי גליל (החדשה) בעמ,,,יח,5.50,ל 100 גרם,false,1,6.50,1.18,false,1,
7290011174231,false,By .gbina and blueberry 850 - Kapulski,קפולסקי אדל בעמ,,,יח,8.50,ל 100 גרם,false,1,64.90,7.64,false,1,
7290011174491,false,Easy Corn A-2 December Vita - Vita,ויטה-פרי גליל (החדשה) בעמ,,,יח,5.50,ל 100 גרם,false,1,6.90,1.25,false,1,
7290011194215,false,דניאלה בננה,שטראוס גרופ בעמ (ח),,,יח,1.50,"ל100 מ""ל",false,1,3.90,2.60,false,1,
7290011194246,false,קוטג  5% 250 גרם עם סידן שטראוס,שטראוס גרופ בעמ (ח),,,יח,2.50,ל 100 גרם,false,1,5.90,2.36,false,1,
7290011223243,false,טוואלט דאק בניחוח לבנדר,"דנשר (1963) בע,מ",,,יח,0.55,"ל100 מ""ל",false,1,10,18.18,false,1,
7290011249212,false,וופל בלגי לימון 200ג  גילרו*,א.ג גילרו בעמ,,,יח,2,ל 100 גרם,false,1,2.90,1.45,true,1,
7290011249250,false,גביעי גלידה אמריקה 24יח גילרו  *,א.ג גילרו בעמ,,,יח,1,יח,false,1,8.90,8.90,true,1,
7290011249748,false,רולים שוקולד 100ג  גילרו*,א.ג גילרו בעמ,,,יח,1,ל 100 גרם,false,1,2.90,2.90,true,1,
7290011249755,false,רולים אגוזים 100ג גילרו*,א.ג גילרו בעמ,,,יח,1,ל 100 גרם,false,1,2.90,2.90,true,1,
7290011254001,false,זרעי פשתן 450 ג      מיה*,מיה תעשיות מזון מ.ת.מ בעמ,,,יח,4.50,ל 100 גרם,false,1,6.90,1.53,false,1,
7290011254018,false,שעועית מש  500 ג     מיה*,מיה תעשיות מזון מ.ת.מ בעמ,,,יח,5,ל 100 גרם,false,1,12.50,2.50,false,1,
7290011254032,false,קינואה  500 ג        מיה,מיה תעשיות מזון מ.ת.מ בעמ,,,יח,5,ל 100 גרם,false,1,10.90,2.18,false,1,
7290011254247,false,תן צ אפ שמניה  מיה,מיה תעשיות מזון מ.ת.מ בעמ,,,יח,2.50,ל 100 גרם,false,1,8.90,3.56,false,1,
7290011254254,false,שוקולד ציפס 300ג  מיה,מיה תעשיות מזון מ.ת.מ בעמ,,,יח,3,ל 100 גרם,false,1,7.90,2.63,false,1,
7290011254346,false,"קינואה 1 ק""ג   מיה*",מיה תעשיות מזון מ.ת.מ בעמ,,,יח,10,ל 100 גרם,false,1,14.90,1.49,false,1,
7290011254605,false,תערובת לקדירה לקט לחמין מיה,מיה תעשיות מזון מ.ת.מ בעמ,,,יח,6,ל 100 גרם,false,1,9.90,1.65,false,1,
7290011254698,false,"שמן זית 750מ""ל בד""צ מיה ק",מיה תעשיות מזון מ.ת.מ בעמ,,,יח,7.50,"ל100 מ""ל",false,1,27.90,3.72,false,1,
7290011254728,false,"ג לטין טהור 25 גבד""צ מיה",מיה תעשיות מזון מ.ת.מ בעמ,,,יח,0.25,ל 100 גרם,false,1,10,40,false,1,
7290011276485,false,חסה  סלטינה עגולה,"בכורי השדה צפון1994 ג.ד. בע""מ",,,יח,1,,false,1,5.90,5.90,false,1,
7290011300982,false,"סבון 500 מ""ל   כחול אושן",פנינה רוזנבלום בעמ,,,יח,5,לליטר,false,1,7.90,1.58,false,1,
7290011378233,false,מאגדת חטיף חלבה וניל ללא סוכר,קבוצת אוסם סחר שותפות מוגבלת,,,יח,1.26,למארז,false,1,10.90,8.65,false,1,
7290011378769,false,חלבה מאגדת 6  יח`וניל,קבוצת אוסם סחר שותפות מוגבלת,,,יח,1.26,ל 100 גרם,false,1,10.90,8.65,false,1,
7290011378776,false,חלבה מאגדת 6  יח`פיסטוק,קבוצת אוסם סחר שותפות מוגבלת,,,יח,1.26,ל 100 גרם,false,1,10.90,8.65,false,1,
7290011379018,false,פטריות מארז זוג,"בכורי השדה צפון1994 ג.ד. בע""מ",,,יח,1,,false,1,14.90,14.90,false,1,
7290011435226,false,דבש לחיץ 650 גר`,שטראוס גרופ בעמ,,,יח,6.50,ל 100 גרם,false,1,36.50,5.62,false,1,
7290011438142,false,"משקה חלב טעם קפה 350 מ""ל יטבתה",שטראוס גרופ בעמ (ח),,,יח,3.50,"ל100 מ""ל",false,1,6.50,1.86,false,1,
7290011447014,false,דייסת סלט פירות,קבוצת אוסם סחר שותפות מוגבלת,,,יח,2,ל 100 גרם,false,1,13.90,6.95,false,1,
7290011447120,false,מטרנה מהדרין 700 גר,קבוצת אוסם סחר שותפות מוגבלת,,,יח,7,ל 100 גרם,false,1,52.90,7.56,false,1,
7290011447267,false,מטרנה פרימיום שלב 1 700 ק.,קבוצת אוסם סחר שותפות מוגבלת,,,יח,7,ל 100 גרם,false,1,54.90,7.84,false,1,
7290011447304,false,מטרנה פרימיום שלב 3 700 ק,קבוצת אוסם סחר שותפות מוגבלת,,,יח,7,ל 100 גרם,false,1,54.90,7.84,false,1,
7290011447359,false,מטרנה מהדרין שלב 1,קבוצת אוסם סחר שותפות מוגבלת,,,יח,7,ל 100 גרם,false,1,53.90,7.70,false,1,
7290011447373,false,מטרנה מהדרין 2 700חיסכון,קבוצת אוסם סחר שותפות מוגבלת,,,יח,7,ל 100 גרם,false,1,53.90,7.70,false,1,
7290011488062,false,בצלצלי שאלוט תיבולי הכפר,"בכורי השדה צפון1994 ג.ד. בע""מ",,,יח,1,,false,1,12.90,12.90,false,1,
7290011489595,false,קרקר טופז שומשום  110 גרם הדר*,אפיפית נצרת תעשיות בסקויט,,,יח,1,ל 100 גרם,false,1,2.80,2.80,true,1,
7290011489700,false,פירורי ביסקוויט בטעם שוקו 300 ג`הדר*,אפיפית נצרת תעשיות בסקויט,,,יח,3,ל 100 גרם,false,1,5.90,1.97,false,1,
7290011499051,false,פטה כבשים 20%,מחלבות גד שיווק 1992 בעמ,,,יח,2.50,ל 100 גרם,false,1,26.90,10.76,false,1,
7290011499112,false,בולגרית 16% 250 גר,מחלבות גד שיווק 1992 בעמ,,,יח,2.50,ל 100 גרם,false,1,21.90,8.76,false,1,
7290011499129,false,קוביות בולגרית,מחלבות גד שיווק 1992 בעמ,,,יח,2,ל 100 גרם,false,1,19.90,9.95,false,1,
7290011499303,false,בולגרית מעודנת עיזים %5,מחלבות גד שיווק 1992 בעמ,,,יח,2.50,ל 100 גרם,false,1,29.90,11.96,false,1,
7290011499327,false,בולגרית מעודנת 5%  250,מחלבות גד שיווק 1992 בעמ,,,יח,2.50,ל 100 גרם,false,1,21.90,8.76,false,1,
7290011499341,false,קשקבל  200  גר,מחלבות גד שיווק 1992 בעמ,,,יח,2,ל 100 גרם,false,1,25.90,12.95,false,1,
7290011499358,false,פטה עיזים 200 ג,מחלבות גד שיווק 1992 בעמ,,,יח,2,ל 100 גרם,false,1,25.90,12.95,false,1,
7290011499365,false,חלומי 200 גר  גד,מחלבות גד שיווק 1992 בעמ,,,יח,2,ל 100 גרם,false,1,19.90,9.95,false,1,
7290011499419,false,גבינת שמנת 5%  ניו יורק,מחלבות גד שיווק 1992 בעמ,,,יח,2,ל 100 גרם,false,1,11.90,5.95,false,1,
7290011514273,false,מתקן  לסבון  וואקום    ע. הבית,עולם הבית,,,יח,1,,false,1,8.90,8.90,false,1,
7290011518561,false,אקטימל תות מארז משפחתי,שטראוס גרופ בעמ (ח),,,יח,1.40,לליטר,false,1,29.90,21.36,false,1,
7290011524548,false,Hummus 800 expired - Pry Galilee,ויטה-פרי גליל (החדשה) בעמ,,,יח,8,ל 100 גרם,false,1,9.90,1.24,false,1,
7290011524555,false,שעועית לבנה 800  גרם-פרי גליל,ויטה-פרי גליל (החדשה) בעמ,,,יח,8,ל 100 גרם,false,1,9.90,1.24,false,1,
7290011524968,false,Soybeans 1 kg expired - @ FRESH GREEN,ויטה-פרי גליל (החדשה) בעמ,,,יח,10,ל 100 גרם,false,1,14.90,1.49,false,1,
7290011525712,false,קמיל בלו אל סבון 1,"פישר  תעשיות פרמצביטות בע""מ",,,יח,10,"ל100 מ""ל",false,1,29.90,2.99,true,1,
7290011525729,false,קמיל בלו שמפו 1 ליטר,"פישר  תעשיות פרמצביטות בע""מ",,,יח,10,"ל100 מ""ל",false,1,29.90,2.99,true,1,
7290011530525,false,שייק איט יום  שלישי,בלדי בעמ,,,יח,4.50,ל 100 גרם,false,1,29.90,6.64,false,1,
7290011530549,false,שייק איט יום  ראשון,בלדי בעמ,,,יח,4.50,ל 100 גרם,false,1,29.90,6.64,false,1,
7290011530815,false,ג`חנון בלדי 800  גר`בדץ,בלדי בעמ,,,יח,8,ל 100 גרם,false,1,14.90,1.86,false,1,
7290011530945,false,קרפצ`ו עגל באלדי,בלדי בעמ,,,יח,2.10,ל 100 גרם,false,1,39.90,19,false,1,
7290011559878,false,סט גופיה קיץ,ליאור יבוא ושיווק מוצרי הלבשה,,,יח,1,,false,1,34.90,34.90,false,1,
7290011575250,false,הפי מבריק נעליים,"יעקב יעקבי ובניו בע""מ",,,יח,1,,false,1,10.90,10.90,false,1,
7290011598211,false,אנטי קאלק כללי 4ב-1,החברה הדרומית לשיווק בעמ,,,יח,7,"ל100 מ""ל",false,1,17.90,2.56,false,1,
7290011598259,false,סנופרש,החברה הדרומית לשיווק בעמ,,,יח,2.50,"ל100 מ""ל",false,1,13.90,5.56,false,1,
7290011598402,false,מרכך מקסימה 4 ליטר,החברה הדרומית לשיווק בעמ,,,יח,40,"ל100 מ""ל",false,1,21.90,0.55,false,1,
7290011668136,false,מסיכה פנינה לשיער,פנינה רוזנבלום בעמ,,,יח,10,"לק""ג",false,1,34.50,3.45,false,1,
7290011668419,false,שמפו  פנינה  אובלי יומי,פנינה רוזנבלום בעמ,,,יח,7.50,"ל100 מ""ל",false,1,14.90,1.99,true,1,
7290011668471,false,שמפו  פנינה  רימונים לשיער דק,פנינה רוזנבלום בעמ,,,יח,7.50,"ל100 מ""ל",false,1,14.90,1.99,true,1,
7290011668570,false,חגיגת גרנולה פירות יבשים,פנינה רוזנבלום בעמ,,,יח,5,ל 100 גרם,false,1,27.90,5.58,true,1,
7290011668587,false,גרנולה  טעם עשיר 500 גר`,פנינה רוזנבלום בעמ,,,יח,5,ל 100 גרם,false,1,27.90,5.58,true,1,
7290011695552,false,אטבים איכותים כחול לבן 10 יח`,נאמן לאורך זמן בעמ,,,יח,3,יח,false,1,5.90,1.97,false,1,
7290011740214,false,ציפס חמוי 2 קג,"האחים חמוי בע""מ",,,יח,10,"לק""ג",false,1,28.90,2.89,false,1,
7290011765408,false,שמפו ומרכך כיף בוב ספוג,החברה הדרומית לשיווק בעמ,,,יח,7.50,"ל100 מ""ל",false,1,10.90,1.45,false,1,
7290011765422,false,אל סבון בוב קמומיל,החברה הדרומית לשיווק בעמ,,,יח,7.50,"ל100 מ""ל",false,1,10.90,1.45,false,1,
7290011800840,false,טחינה  בלאדי צבר,קבוצת אוסם סחר שותפות מוגבלת,,,יח,1,,false,1,15.90,15.90,true,1,
7290011860271,false,ביסבול טבעי 700 גר תפוגן,קבוצת אוסם סחר שותפות מוגבלת,,,יח,7,ל 100 גרם,false,1,15.90,2.27,false,1,
7290011877101,false,סנומוד. מוסק קולקציה ק,החברה הדרומית לשיווק בעמ,,,יח,1.50,"ל100 מ""ל",false,1,10.90,7.27,false,1,
7290011877156,false,סנו פרש  ענק מאסק,החברה הדרומית לשיווק בעמ,,,יח,3.75,"ל100 מ""ל",false,1,10.90,2.91,false,1,
7290011877446,false,"קרם לתינוק  100 מ""ל",החברה הדרומית לשיווק בעמ,,,יח,1,ל 100 גרם,false,1,12.90,12.90,false,1,
7290011877835,false,סושי ואקום,החברה הדרומית לשיווק בעמ,,,יח,1,,false,1,25.90,25.90,false,1,
7290011877859,false,סנו אינסטלטור,החברה הדרומית לשיווק בעמ,,,יח,2,"ל100 מ""ל",false,1,14.90,7.45,false,1,
7290011877866,false,"מקסימה 6 ק""ג מאסק",החברה הדרומית לשיווק בעמ,,,יח,60,ל 100 גרם,false,1,45.90,0.77,false,1,
7290011931162,false,סוכרלייט נוזלי,שטראוס גרופ בעמ,,,יח,2.20,"ל100 מ""ל",false,1,24.90,11.32,false,1,
7290011947316,false,זית קלמנטה,תה ויסוצקי (ישראל)בעמ,,,יח,1,ל 100 גרם,false,1,13.90,13.90,false,1,
7290011947798,false,זית  קלמנטה ללא גלעין  שמן זית,תה ויסוצקי (ישראל)בעמ,,,יח,0.50,ל 100 גרם,false,1,13.90,27.80,false,1,
7290012022203,false,קליליות חיטה  מלאה,דילייט 2005 בעמ,,,יח,1,,false,1,13.90,13.90,false,1,
7290012022227,false,קליליות חיטה  בטעם טבעי,דילייט 2005 בעמ,,,יח,1,,false,1,11.90,11.90,false,1,
7290012022272,false,קליליות  קידס,דילייט 2005 בעמ,,,יח,1,,false,1,10.90,10.90,false,1,
7290012052309,false,גרנולה  תענוג בננה צימוק שקד,כרמית תעשיות ממתקים בעמ,,,יח,10,ל 100 גרם,false,1,23.90,2.39,false,1,
7290012052316,false,גרנולה  תענוג   שפע פירות,כרמית תעשיות ממתקים בעמ,,,יח,10,ל 100 גרם,false,1,23.90,2.39,false,1,
7290012052323,false,גרנולה  תענוג  מיקס לא קלוי,כרמית תעשיות ממתקים בעמ,,,יח,10,ל 100 גרם,false,1,23.90,2.39,false,1,
7290012071003,false,קמיל בלו משחה לתינוק,"פישר  תעשיות פרמצביטות בע""מ",,,יח,2,ל 100 גרם,false,1,19.90,9.95,false,1,
7290012116193,false,סנובון 3 סגול לבנדר,החברה הדרומית לשיווק בעמ,,,יח,1.95,ל 100 גרם,false,1,14.90,7.64,false,1,
7290012116551,false,אנטי קלאק 2 ליטר 4ב-1,החברה הדרומית לשיווק בעמ,,,יח,20,"ל100 מ""ל",false,1,18.90,0.95,false,1,
7290012116612,false,רבעית מברשות שיניים אורביטול,החברה הדרומית לשיווק בעמ,,,יח,1,,false,1,10.90,10.90,false,1,
7290012116735,false,נ.ט.סופט סנו 24 גלילים. גליל כפול,החברה הדרומית לשיווק בעמ,,,יח,25.50,ל 100 גרם,false,1,39.90,1.56,false,1,
7290012117039,false,00 לאמבטייה בקבוק 1 ליטר,החברה הדרומית לשיווק בעמ,,,יח,1,לליטר,false,1,7.90,7.90,false,1,
7290012117411,false,ק.מן   ג`ל  רחצה  במבוק.,החברה הדרומית לשיווק בעמ,,,יח,7,"ל100 מ""ל",false,1,15.90,2.27,false,1,
7290012117428,false,ק.מן   ג`ל  רחצה,החברה הדרומית לשיווק בעמ,,,יח,7,"ל100 מ""ל",false,1,15.90,2.27,false,1,
7290012117435,false,ק.מן   ג`ל  רחצה אלוורה,החברה הדרומית לשיווק בעמ,,,יח,7,"ל100 מ""ל",false,1,15.90,2.27,false,1,
7290012191183,false,מנגל  פח+ רשת 23/38 מנגליסט (12 בקרטון,י.ד יבוא קל בעמ,,,יח,1,,false,1,29.90,29.90,false,1,
7290012227981,false,פסטרמה  ברבקיו  200 גר`,זוגלובק שיווק בעמ,,,יח,2,יח,false,1,13.90,6.95,true,1,
7290012227998,false,חזה בקר 120 גר`,זוגלובק שיווק בעמ,,,יח,1.20,יח,false,1,13.90,11.58,true,1,
7290012228407,false,"נקנקיות ג`מבו מחפוד 1.5 ק""ג",זוגלובק שיווק בעמ,,,יח,1.50,"לק""ג",false,1,32.90,21.93,true,1,
7290012228766,false,קבנוס  בהכשר מחפוד 120 גרם,זוגלובק שיווק בעמ,,,יח,1.20,ל 100 גרם,false,1,10.90,9.08,false,1,
7290012275401,false,"בירה מולר 500 מ""ל",בני פוזי שמשום בעמ,,,יח,5,"ל100 מ""ל",false,1,5.20,0.98,false,1,
7290012295034,false,בזיליקום  ברכת קטיף,"בכורי השדה צפון1994 ג.ד. בע""מ",,,יח,1,,false,1,8.90,8.90,false,1,
7290012295836,false,חסה  לילק,"בכורי השדה צפון1994 ג.ד. בע""מ",,,יח,1,,false,1,10.90,10.90,false,1,
7290012313240,false,מיקס זיתים ירוק קלמנטה,קבוצת יבנה מוצרי מזון,,,יח,3.40,ל 100 גרם,false,1,10.90,3.21,false,1,
7290012404177,false,"שוופס תפוח  330 מ""ל",יפאורה שותפות מוגבלת לשיווק,,,יח,3.30,"ל100 מ""ל",false,1,5.90,1.70,false,1,
7290012404184,false,"פרוטי  לימון  330 מ""ל",יפאורה שותפות מוגבלת לשיווק,,,יח,3.30,"ל100 מ""ל",false,1,5.90,1.70,false,1,
7290012413643,false,תה ירוק קמומיל ויסוצקי,תה ויסוצקי (ישראל)בעמ,,,יח,0.3750,ל 100 גרם,false,1,22.90,61.07,true,1,
7290012419447,false,צנצנת  זכוכית,אליס אריזות מתנה בעמ,,,יח,1,,false,1,5.90,5.90,false,1,
7290012439100,false,עוגיות חמאה הגביע,הגביע מוצרי וופלים בעמ,,,יח,2,ל 100 גרם,false,1,4.20,2.10,false,1,
7290012483011,false,"פולי סויה  קופאים 1 ק""ג וילי פוד",ג.וילי פוד בעמ,,,יח,10,ל 100 גרם,false,1,16.90,1.69,false,1,
7290012483608,false,"אורז בסמטי  מובחר 5 ק""ג",ג.וילי פוד בעמ,,,יח,5,"לק""ג",false,1,54.90,10.98,false,1,
7290012561313,false,דורות  בצל מטוגן,קבוצת אוסם סחר שותפות מוגבלת,,,יח,4,ל 100 גרם,false,1,22.90,5.73,false,1,
7290012561337,false,דורות  כורכום טרי,קבוצת אוסם סחר שותפות מוגבלת,,,יח,7,ל 100 גרם,false,1,10.90,1.56,false,1,
7290012588242,false,"מארז 6 מים כדורגל 500 מ""ל",טמפו משקאות בעמ,,,יח,3,"ל100 מ""ל",false,1,13.90,4.03,true,1,
7290012588259,false,"מארז 6 מים כדורגל 500 מ""ל",טמפו משקאות בעמ,,,יח,3,"ל100 מ""ל",false,1,13.90,4.03,false,1,
7290012645020,false,"יוגורט  טבעי 500 מ""ל",שטראוס גרופ בעמ (ח),,,יח,5,ל 100 גרם,false,1,11.90,2.38,false,1,
7290012645129,false,"יוגורט  כבשים 750 מ""ל בדלי",שטראוס גרופ בעמ (ח),,,יח,7.50,ל 100 גרם,false,1,19.90,2.65,false,1,
7290012645389,false,יוגורט טבעי 1 ליטר בבקבוק,שטראוס גרופ בעמ (ח),,,יח,10,ל 100 גרם,false,1,22.90,2.29,false,1,
7290012803215,false,וופל בלגי בטעם שוקולד,"דנשר (1963) בע,מ",,,יח,2,ל 100 גרם,false,1,10,5,false,1,
7290012803451,false,טוסו שוקולד מריר,"דנשר (1963) בע,מ",,,יח,1,ל 100 גרם,false,1,12.90,12.90,false,1,
7290012803772,false,טוסו  מר`שוקולד חלב,"דנשר (1963) בע,מ",,,יח,1,ל 100 גרם,false,1,9.90,9.90,false,1,
7290012803789,false,טוסו  מר`שוקולד מריר  עם אגוזים,"דנשר (1963) בע,מ",,,יח,1,ל 100 גרם,false,1,12.50,12.50,false,1,
7290012823398,false,מטליות ריצפז פרש,החברה הדרומית לשיווק בעמ,,,יח,1,,false,1,11.90,11.90,false,1,
7290012823541,false,מטליות ריצפז פרש,החברה הדרומית לשיווק בעמ,,,יח,1,,false,1,11.90,11.90,false,1,
7290012823916,false,ג`ל  כביסה  5 ליטר קריסטל,החברה הדרומית לשיווק בעמ,,,יח,5,לליטר,false,1,39.90,7.98,false,1,
7290012850073,false,מחית סלט פירות 190 גר`,שקד תבל בעמ,,,יח,0.19,ל 100 גרם,false,1,4.90,25.79,true,1,
7290012864001,false,נבטי חמניה טרי,"בכורי השדה צפון1994 ג.ד. בע""מ",,,יח,1,,false,1,7.90,7.90,false,1,
7290012864025,false,נבטי אלפלא אמרקאי,"בכורי השדה צפון1994 ג.ד. בע""מ",,,יח,1,,false,1,7.90,7.90,false,1,
7290012864032,false,מיקס עדשים ונבטוטים,"בכורי השדה צפון1994 ג.ד. בע""מ",,,יח,1,,false,1,8.90,8.90,false,1,
7290012884986,false,"ציפס לתנור תפוגן 1.5 ק""ג",קבוצת אוסם סחר שותפות מוגבלת,,,יח,1.50,"לק""ג",false,1,24.90,16.60,false,1,
7290012901355,false,מקרוני אנד צ`יז ירוק,ר.צ צ יק בעמ,,,יח,2.06,ל 100 גרם,false,1,12.90,6.26,false,1,
7290012911941,false,צ`ילי מתוק ללא סוכר,ר.צ צ יק בעמ,,,יח,7,"ל100 מ""ל",false,1,17.90,2.56,false,1,
7290012931611,false,כריות ברזל  שלישיה,מ.א ייצור ויבו*מטליות בעמ,,,יח,1,,false,1,6.90,6.90,false,1,
7290012938740,false,"סנסודיין  פרש מינט 75 מ""ל",גורי ע.ע.ע בעמ,,,יח,0.75,ל 100 גרם,false,1,21.90,29.20,true,1,
7290012938924,false,"א. פרש  מי פה 500 מ""ל ק.י.ח",גורי ע.ע.ע בעמ,,,יח,5,"ל100 מ""ל",false,1,19.90,3.98,true,1,
7290013027368,false,זוג לחמניות,שלמה א.אנג ל בעמ,,,יח,1,,false,1,3.60,3.60,false,1,
7290013121028,false,לחם  לבן 500 גר`,גורי ע.ע.ע בעמ,,,יח,5,ל 100 גרם,false,1,17.90,3.58,false,1,
7290013121035,false,לחם  פשתן  500 גר`,גורי ע.ע.ע בעמ,,,יח,5,ל 100 גרם,false,1,19.90,3.98,false,1,
7290013121103,false,שליש בגאט 4  400 גר`,גורי ע.ע.ע בעמ,,,יח,4,ל 100 גרם,false,1,16.90,4.23,false,1,
7290013121127,false,לחמניות מיני 420 גר`,גורי ע.ע.ע בעמ,,,יח,4.30,ל 100 גרם,false,1,17.90,4.16,false,1,
7290013121158,false,רבעית לחמניות סנדביץ 460 גר`,גורי ע.ע.ע בעמ,,,יח,4.60,ל 100 גרם,false,1,17.90,3.89,false,1,
7290013121165,false,שישית  לחמניות  נקנקקיה 460 גר`,גורי ע.ע.ע בעמ,,,יח,4.60,ל 100 גרם,false,1,17.90,3.89,false,1,
7290013144232,false,French vanilla pudding 80 grm - Maimon`s,א.ל ייצור ושיווק תבלינים בעמ,,,יח,0.85,ל 100 גרם,false,1,3.90,4.59,true,1,
7290013144751,false,סירופ בטעם מייפל 500ג  מימונס*,א.ל ייצור ושיווק תבלינים בעמ,,,יח,5,ל 100 גרם,false,1,13.90,2.78,true,1,
7290013144768,false,סירופ בטעם שוקו  500ג  מימונס*,א.ל ייצור ושיווק תבלינים בעמ,,,יח,5,ל 100 גרם,false,1,12.90,2.58,true,1,
7290013144812,false,Irish Cream extract 50 grm - Maimon`s,א.ל ייצור ושיווק תבלינים בעמ,,,יח,3.20,ל 100 גרם,false,1,18.90,5.91,true,1,
7290013144980,false,תרסיס שמן קנולה 170ג  מימונס*,א.ל ייצור ושיווק תבלינים בעמ,,,יח,5,ל 100 גרם,false,1,13.90,2.78,false,1,
7290013145628,false,Colored candies for decoration 200 grm -,א.ל ייצור ושיווק תבלינים בעמ,,,יח,2,ל 100 גרם,false,1,8.50,4.25,false,1,
7290013145826,false,95 grm Chocolate Pudding - Maimon`s,מימונס אפיה בעמ,,,יח,0.80,ל 100 גרם,false,1,3.90,4.88,true,1,
7290013145956,false,Vacuum dry yeast 500 grams - Maimon`s,מימונס אפיה בעמ,,,יח,5,ל 100 גרם,false,1,11.90,2.38,false,1,
7290013145963,false,125 grams of dry yeast - Maimon`s,א.ל ייצור ושיווק תבלינים בעמ,,,יח,1.25,ל 100 גרם,false,1,5.50,4.40,false,1,
7290013146045,false,400 grm cranberry stuffing - Maimon`s,א.ל ייצור ושיווק תבלינים בעמ,,,יח,1,,false,1,15.90,15.90,true,1,
7290013146083,false,Halva stuffing 400 grm - Maimon`s,א.ל ייצור ושיווק תבלינים בעמ,,,יח,4,ל 100 גרם,false,1,12.90,3.23,false,1,
7290013146199,false,Nougat cream - Maimon`s,א.ל ייצור ושיווק תבלינים בעמ,,,יח,3.50,ל 100 גרם,false,1,14.90,4.26,true,1,
7290013146267,false,Melby 112 grm - Maimon`s,א.ל ייצור ושיווק תבלינים בעמ,,,יח,1,"לק""ג",false,1,22.90,22.90,false,1,
7290013146304,false,Mille-feuille - Maimon`s,א.ל ייצור ושיווק תבלינים בעמ,,,יח,5,ל 100 גרם,false,1,5.90,1.18,false,1,
7290013146410,false,Mille-feuille - Maimon`s,א.ל ייצור ושיווק תבלינים בעמ,,,יח,4,ל 100 גרם,false,1,12.90,3.23,false,1,
7290013146656,false,כוכבים לקישוט 60 גרם מימונס*,א.ל ייצור ושיווק תבלינים בעמ,,,יח,0.60,ל 100 גרם,false,1,10.90,18.17,true,1,
7290013146663,false,קונפטי  לקישוט 60 גרם מימונס*,א.ל ייצור ושיווק תבלינים בעמ,,,יח,6,ל 100 גרם,false,1,10.90,1.82,true,1,
7290013146670,false,לבבות לקישוט 60 גרם מימונס*,א.ל ייצור ושיווק תבלינים בעמ,,,יח,6,ל 100 גרם,false,1,10.90,1.82,true,1,
7290013146724,false,Irish Cream extract 50 grm - Maimon`s,א.ל ייצור ושיווק תבלינים בעמ,,,יח,3.50,ל 100 גרם,false,1,17.90,5.11,true,1,
7290013146816,false,Dutch waffles Round Strobe Mkori- - Maim,א.ל ייצור ושיווק תבלינים בעמ,,,יח,2,ל 100 גרם,false,1,7.90,3.95,false,1,
7290013151636,false,פילה סרדין  בשמן זית,כ. נועם סוכניותלשיווק בעמ,,,יח,1,,false,1,9.90,9.90,false,1,
7290013153579,false,קפוא  מיץ אפרסק,החברה המרכזית טלהפצת משקאות בע,,,יח,3.40,ל 100 גרם,false,1,12.90,3.79,true,1,
7290013195272,false,רולדה הונגרי 500  גר`דגי מלכות,ש.רוזנרס בעמ,,,יח,5,ל 100 גרם,false,1,21.90,4.38,false,1,
7290013268440,false,צמד מברשת שיניים ספוג,החברה הדרומית לשיווק בעמ,,,יח,1,,false,1,20.90,20.90,false,1,
7290013268983,false,מרכך מקסימה  סופר מרוכז,החברה הדרומית לשיווק בעמ,,,יח,10,"ל100 מ""ל",false,1,17.90,1.79,false,1,
7290013269300,false,ניילון  נצמד+ 150 מטר,החברה הדרומית לשיווק בעמ,,,יח,1,,false,1,20.90,20.90,false,1,
7290013269621,false,ריצפז פרש מלון בוטיק,החברה הדרומית לשיווק בעמ,,,יח,20,"ל100 מ""ל",false,1,19.90,1,false,1,
7290013269652,false,נוזל רצפות פורצלן 2 ליטר,החברה הדרומית לשיווק בעמ,,,יח,2,לליטר,false,1,19.90,9.95,false,1,
7290013269669,false,ריצפז  פנטזיה  3 ל,החברה הדרומית לשיווק בעמ,,,יח,3,לליטר,false,1,12.90,4.30,false,1,
7290013269706,false,ג`ל אסלות  סנובון  אקונומיקה,החברה הדרומית לשיווק בעמ,,,יח,1,,false,1,6.90,6.90,false,1,
7290013269751,false,מטלית ריצפז פרש,החברה הדרומית לשיווק בעמ,,,יח,1,,false,1,11.90,11.90,false,1,
7290013284310,false,רוטב פסטה לילדים 240 ג    פריניר*,פריניר (הדס )1987בעמ,,,יח,2.40,ל 100 גרם,false,1,5.50,2.29,false,1,
7290013284662,false,רוטב פיצה פיתה 240ג  פריניר*,פריניר (הדס )1987בעמ,,,יח,2.40,ל 100 גרם,false,1,5.50,2.29,false,1,
7290013358417,false,מנה אסייאתי רוטב טריאקי,ש.שסטוביץ בעמ,,,יח,3,"ל100 מ""ל",false,1,14.50,4.83,false,1,
7290013358431,false,קורטונים לסלט  בתיבול עגבניות מנה,ש.שסטוביץ בעמ,,,יח,2,ל 100 גרם,false,1,10.90,5.45,false,1,
7290013358448,false,קורטונים לסלט  4 דגנים  מנה,ש.שסטוביץ בעמ,,,יח,2,ל 100 גרם,false,1,10.90,5.45,false,1,
7290013358578,false,מנה אסייאתי  אטרריות אורז רחבות,ש.שסטוביץ בעמ,,,יח,4,"ל100 מ""ל",false,1,9.30,2.33,true,1,
7290013358806,false,מאגדת פרכיות אורז,ש.שסטוביץ בעמ,,,יח,2.64,ל 100 גרם,false,1,12,4.55,false,1,
7290013381330,false,אלף  מפיץ ריח  זוגות,נאמן לאורך זמן בעמ,,,יח,2,ל 100 גרם,false,1,17.90,8.95,false,1,
7290013381767,false,"גז למצתים  260 מ""ל",נאמן לאורך זמן בעמ,,,יח,4.65,ל 100 גרם,false,1,7.90,1.70,false,1,
7290013412409,false,טופד סופגנית מקסי 15,שקד תבל בעמ,,,יח,1,,false,1,9.90,9.90,false,1,
7290013419156,false,פטיש עץ פרזול,אוהב ציון בעמ,,,יח,1,,false,1,18.90,18.90,false,1,
7290013424914,false,אפרסק פלחים  ארוז   500 גר,א.ג בחירה חכמה בעמ,,,יח,5,ל 100 גרם,false,1,11.90,2.38,false,1,
7290013424945,false,מנגו ארוז  500 גר,א.ג בחירה חכמה בעמ,,,יח,5,ל 100 גרם,false,1,11.90,2.38,false,1,
7290013424952,false,אננס   500 גר,א.ג בחירה חכמה בעמ,,,יח,5,ל 100 גרם,false,1,11.90,2.38,false,1,
7290013424976,false,תות שדה שלם 500 גר,א.ג בחירה חכמה בעמ,,,יח,5,ל 100 גרם,false,1,11.90,2.38,false,1,
7290013451927,false,פרכיות  כוסות 100% ללא מלח,י.איטליאנו אחזקות בעמ,,,יח,1.75,ל 100 גרם,false,1,9.90,5.66,false,1,
7290013453792,false,סולת מלאה  אורגנית  חיטה,מנחת הארץ,,,יח,10,ל 100 גרם,false,1,11.90,1.19,false,1,
7290013453808,false,סולת כוסמין  אורגנית,מנחת הארץ,,,יח,10,ל 100 גרם,false,1,16.90,1.69,false,1,
7290013474490,false,ויטמינס ג`ל קוצים,מאי ביוטי \ אפנג`ר גבריאל,,,יח,1,,false,1,24.90,24.90,false,1,
7290013492005,false,תפוח אדמה בייבי  למיקרוגל,"בכורי השדה צפון1994 ג.ד. בע""מ",,,יח,7,ל 100 גרם,false,1,8.90,1.27,false,1,
7290013520463,false,לחם אגמי  קוביות כוסמין,יותם שיווק,,,יח,7.50,יח,false,1,16.90,2.25,false,1,
7290013525260,false,טחינה מיוחדת  160 גר`,סלטי שמיר 2006 בעמ,,,יח,1.60,ל 100 גרם,false,1,5.90,3.69,false,1,
7290013525789,false,אריסה מרוקאית 150 גר`,סלטי שמיר 2006 בעמ,,,יח,1.50,ל 100 גרם,false,1,9.90,6.60,false,1,
7290013525819,false,שום כתוש 150 ג`,סלטי שמיר 2006 בעמ,,,יח,1.50,ל 100 גרם,false,1,9.90,6.60,false,1,
7290013531490,false,פול מתובל   2A יכין,זנלכל בעמ,,,יח,6,ל 100 גרם,false,1,8.90,1.48,false,1,
7290013531582,false,זיתים ירוקים מגולענים  שלישיה  יכין,זנלכל בעמ,,,יח,6,ל 100 גרם,false,1,13.90,2.32,false,1,
7290013531612,false,נפולטינה  240  גר`יכין,זנלכל בעמ,,,יח,2.40,ל 100 גרם,false,1,5.50,2.29,false,1,
7290013531629,false,פומדורו   260  גר`יכין,זנלכל בעמ,,,יח,2.60,ל 100 גרם,false,1,5.50,2.12,false,1,
7290013579232,false,אוכמניות כחולות קפואות 250 גר`,בלדי בעמ,,,יח,2.50,ל 100 גרם,false,1,9.90,3.96,true,1,
7290013579508,false,קוקוס    קפוא  250  גר`שייק,בלדי בעמ,,,יח,2.50,ל 100 גרם,false,1,9.90,3.96,true,1,
7290013579553,false,אלוורה     קפוא  250  גר`שייק,בלדי בעמ,,,יח,2.50,ל 100 גרם,false,1,9.90,3.96,true,1,
7290013579614,false,מנות  סלמון נורבגי 625  גר`בלדי,בלדי בעמ,,,יח,6.25,ל 100 גרם,false,1,54.90,8.78,false,1,
7290013580009,false,המבורגר  זהב  400  גר`בלדי,בלדי בעמ,,,יח,4,ל 100 גרם,false,1,16.90,4.23,false,1,
7290013585233,false,"ספרייט זירו  פחית סליק 330 מ""ל",החברה המרכזית להפצת משקאות בע,,,יח,3.30,"ל100 מ""ל",false,1,4.90,1.39,true,1,
7290013585387,false,קולה  קולה 1 זירו   ליטר,החברה המרכזית להפצת משקאות בע,,,יח,10,"ל100 מ""ל",false,1,7.50,0.72,true,1,
7290013585394,false,קולה  קולה 1 ליטר,החברה המרכזית להפצת משקאות בע,,,יח,10,"ל100 מ""ל",false,1,7.50,0.72,true,1,
7290013608260,false,מיץ רימונים  סחוט 100%,שטראוס גרופ בעמ (ח),,,יח,1,"ל100 מ""ל",false,1,21.90,21.90,false,1,
7290013615756,false,"ארטישוק ""1ג טל פרוסט","האחים חמוי בע""מ",,,יח,10,ל 100 גרם,false,1,19.90,1.99,false,1,
7290013615862,false,"שעועית לבנה 1ק""ג טל פרוסט","האחים חמוי בע""מ",,,יח,10,ל 100 גרם,false,1,13.90,1.39,false,1,
7290013615879,false,"חומוס 1ק""ג טל פרוסט","האחים חמוי בע""מ",,,יח,10,ל 100 גרם,false,1,14.90,1.49,false,1,
7290013625458,false,"פטריות טעמן שלם 400 גרק בד""ץ",טעמן שיווק מזון בעמ,,,יח,4,ל 100 גרם,false,1,7.90,1.98,false,1,
7290013625670,false,חומץ  סינטטי 1 ליטר,טעמן שיווק מזון בעמ,,,יח,1,לליטר,false,1,3.90,3.90,false,1,
7290013652843,false,שמפו נטורל קר לש. רגיל ורדים,"פישר  תעשיות פרמצביטות בע""מ",,,יח,7,"ל100 מ""ל",false,1,18.90,2.70,true,1,
7290013652850,false,שמפו נטורל קר לש.  יבש  פגום,"פישר  תעשיות פרמצביטות בע""מ",,,יח,7,"ל100 מ""ל",false,1,18.90,2.70,true,1,
7290013652874,false,מרכך  נטורל קר לש.  רגיל,"פישר  תעשיות פרמצביטות בע""מ",,,יח,7,"ל100 מ""ל",false,1,18.90,2.70,true,1,
7290013677563,false,קינואה אדומה 500 גר`,מיה תעשיות מזון מ.ת.מ בעמ,,,יח,5,ל 100 גרם,false,1,10.90,2.18,false,1,
7290013677648,false,שמן זית למאור 1ל  מיה,מיה תעשיות מזון מ.ת.מ בעמ,,,יח,10,"ל100 מ""ל",false,1,15.90,1.59,false,1,
7290013702036,false,שוופס מים טעמים אפרסק,יפאורה שותפות מוגבלת לשיווק,,,יח,0.50,"ל100 מ""ל",false,1,4.90,9.20,true,1,
7290013702050,false,שוופס מים טעמים ענבים,יפאורה שותפות מוגבלת לשיווק,,,יח,0.50,"ל100 מ""ל",false,1,4.90,9.20,true,1,
7290013702388,false,שוופס מים טעמים  תפוח,יפאורה שותפות מוגבלת לשיווק,,,יח,0.50,"ל100 מ""ל",false,1,4.90,9.20,true,1,
7290013713049,false,"בירה גינס 8.8   330 מ""ל",אגודת הכורמים בעמ,,,ל 100 גרם,3.30,ל 100 גרם,false,1,12.90,3.82,true,1,
7290013809629,false,נוזל לניקוי רצפות 4ליטר קליר*,קליר כימיקלים שיווק,,,יח,1,יח,false,1,9.90,9.90,false,1,
7290013843128,false,מזלגות קרם*50יח  כל גומי ZZ,כל גומי י.רפפורט בעמ,,,יח,1,יח,false,1,7.90,7.90,false,1,
7290013847492,false,"סאטרקיסט במים 140ג שישיות בד""ץ*",דיפלומט מפיצים #,,,יח,1.40,ל 100 גרם,false,1,29.90,21.36,false,1,
7290013848017,false,"סנו נירוסטה מתז 500 מ""לל",החברה הדרומית לשיווק בעמ,,,יח,1,"ל100 מ""ל",false,1,21.90,21.90,false,1,
7290013848345,false,מגבוניםפ שלישיה 99.9%,החברה הדרומית לשיווק בעמ,,,יח,1,,false,1,19.90,19.90,false,1,
7290013848383,false,קרמה ג`ל רחצה  750,החברה הדרומית לשיווק בעמ,,,יח,7.50,"ל100 מ""ל",false,1,15.90,2.12,false,1,
7290013848611,false,רדיד אלומניום  61 מ`,החברה הדרומית לשיווק בעמ,,,יח,1,,false,1,39.90,39.90,false,1,
7290013848758,false,ג`ל  כביסה  ביבי  3 ליטר,החברה הדרומית לשיווק בעמ,,,יח,3,לליטר,false,1,34.90,11.63,false,1,
7290013858412,false,אלין שמן  גוף,מאי ביוטי \ אפנג`ר גבריאל,,,יח,1,,false,1,39.90,39.90,false,1,
7290013875242,false,מטאטא סופר  שילה,רפקו תעשיות כלי ניקוי בעמ,,,יח,1,,false,1,13.90,13.90,false,1,
7290013875518,false,מברשת מגהץ,רפכל עיצובים,,,יח,1,,false,1,4.90,4.90,false,1,
7290013906441,false,קבנוס  120  גר`,תנובה ענף ב.ע.ד,,,יח,1.20,ל 100 גרם,false,1,10.90,9.08,false,1,
7290013906489,false,חטיפי  קבנוס    120  גר`,תנובה ענף ב.ע.ד,,,יח,1.20,ל 100 גרם,false,1,9.90,8.25,false,1,
7290013906694,false,"נקנקיות עוף 1.5 ק""ג ט. צבי",תנובה ענף ב.ע.ד,,,יח,15,ל 100 גרם,false,1,33.90,2.26,false,1,
7290013906700,false,"נקנקיות עוף 1.5 ק""ג מחפוד  ט. צבי",תנובה ענף ב.ע.ד,,,"לק""ג",15,ל 100 גרם,true,1,29.90,1.99,false,1,
7290013906991,false,סלמי  מהדרין  400 גר`,תנובה ענף ב.ע.ד,,,יח,4,ל 100 גרם,false,1,19.90,4.98,false,1,
7290013927408,false,תרכיז 4 ליטר ענבים אחוה*,אחדות בעמ,,,יח,40,"ל100 מ""ל",false,1,59.90,1.50,false,1,
7290013927996,false,עוגת קראנץ בטעם שוקולד  400ג אחוה*,אחדות בעמ,,,יח,4,ל 100 גרם,false,1,10.90,2.73,false,1,
7290014002197,false,חליטת גן קסום  לימונית  וקמומיל,תה ויסוצקי (ישראל)בעמ,,,יח,0.75,ל 100 גרם,false,1,17.90,23.87,false,1,
7290014002203,false,חליטת גן קסום  לימונית ולואיזה,תה ויסוצקי (ישראל)בעמ,,,יח,0.75,ל 100 גרם,false,1,17.90,23.87,false,1,
7290014002944,false,הגן הקסום  חליטת פירות וצמחים,תה ויסוצקי (ישראל)בעמ,,,יח,0.50,ל 100 גרם,false,1,17.90,35.80,false,1,
7290014002982,false,תה   ירוק  לימונית לואיזה,תה ויסוצקי (ישראל)בעמ,,,יח,0.50,ל 100 גרם,false,1,22.90,45.80,true,1,
7290014046016,false,פסטרמה  הודו 100%  טבעית 250  גר`יחיעם,מעדני יחיעם (1993) בעמ,,,ל 100 גרם,2.50,ל 100 גרם,false,1,24.90,9.96,false,1,
7290014046580,false,פסטרמה  מעודנת  300,מעדני יחיעם (1993) בעמ,,,יח,3.60,ל 100 גרם,false,1,19.90,5.53,false,1,
7290014046757,false,סלמי תה 300 גר`,מעדני יחיעם (1993) בעמ,,,יח,3,ל 100 גרם,false,1,19.90,6.63,true,1,
7290014046764,false,פפרוני 200  גר`יחיעם,מעדני יחיעם (1993) בעמ,,,יח,2,ל 100 גרם,false,1,14.90,7.45,false,1,
7290014059436,false,סנסודין שיקום והגנה ק,גורי ע.ע.ע בעמ,,,יח,75,"ל100 מ""ל",false,1,25.90,0.35,true,1,
7290014066366,false,קפסולות אספפרסו ריסטרטו,ש.שסטוביץ בעמ,,,יח,0.50,ל 100 גרם,false,1,15.90,31.80,false,1,
7290014066373,false,קפסולות אספפרסו קלאסיק,ש.שסטוביץ בעמ,,,יח,0.50,ל 100 גרם,false,1,15.90,31.80,false,1,
7290014066380,false,קפסולות אספפרסו סופרימו,ש.שסטוביץ בעמ,,,יח,0.50,ל 100 גרם,false,1,15.90,31.80,false,1,
7290014066533,false,קפסולות אספפרסו קלייה כפולה,ש.שסטוביץ בעמ,,,יח,0.50,ל 100 גרם,false,1,15.90,31.80,false,1,
7290014083479,false,גבינת גאודה 150  פרוסות,ג.וילי פוד בעמ,,,יח,1.50,ל 100 גרם,false,1,9.90,6.60,false,1,
7290014083813,false,שיפרוטים מעושנים בשמן,ג.וילי פוד בעמ,,,יח,1.60,ל 100 גרם,false,1,7.90,4.94,false,1,
7290014204003,false,שמפו פנינה לשיער צבוע,פנינה רוזנבלום בעמ,,,יח,7.50,"ל100 מ""ל",false,1,14.90,1.99,true,1,
7290014204560,false,סבון  שלישיה,פנינה רוזנבלום בעמ,,,יח,5,לליטר,false,1,10.90,2.18,true,1,
7290014204614,false,גרנולה שוקולד  מריר+ ש. לבן,פנינה רוזנבלום בעמ,,,יח,4,ל 100 גרם,false,1,27.90,6.98,true,1,
7290014204645,false,"שמפו  פנינה  לאחר החלקה 750 מ""ל",פנינה רוזנבלום בעמ,,,יח,7.50,לליטר,false,1,27.90,3.72,false,1,
7290014204706,false,סבון  פנינה משאבה  קורל,פנינה רוזנבלום בעמ,,,יח,5,לליטר,false,1,14.90,2.98,true,1,
7290014204713,false,"תרסיס  לגוף פנינה  2 250 מ""ל",פנינה רוזנבלום בעמ,,,יח,2.50,"ל100 מ""ל",false,1,31.90,12.76,false,1,
7290014205000,false,disposable plastic 21cm round plate,בנדע אגשח בעמ,,,יח,50,יח,false,1,12.90,0.26,true,1,
7290014205017,false,"צלחת קטנה לבן  50 יח ""שווה"" *",אריזות מדף פלזית אגשח בעמ,,,יח,50,יח,false,1,8.90,0.18,true,1,
7290014205024,false,disposable plastic 165mm oval casserolle,בנדע אגשח בעמ,,,יח,25,יח,false,1,4.90,0.20,true,1,
7290014205031,false,"לפתניה לבן 25 יח ""שווה"" *",בנדע אגשח בעמ,,,יח,1,יח,false,1,3.90,3.90,true,1,
7290014205048,false,disposable plastic 17 cm soup plate 25,אריזות מדף פלזית אגשח בעמ,,,יח,25,יח,false,1,8.90,0.36,true,1,
7290014205055,false,disposable plastic 21cm deep plate 30,בנדע אגשח בעמ,,,יח,1,יח,false,1,12.90,12.90,true,1,
7290014205062,false,disposable plastic 180cc celar cup,אריזות מדף פלזית אגשח בעמ,,,יח,1,יח,false,1,7.90,7.90,true,1,
7290014205116,false,disposable plastic 180cc celar cup,סאם פלסטיק,,,יח,1,יח,false,25,13.90,13.90,false,1,
7290014205130,false,"צלחת גדול  צבעוני 25 יח ""שווה "" *",בנדע אגשח בעמ,,,יח,1,יח,false,1,10.90,10.90,true,1,
7290014205147,false,"צלחת קטן צבעוני 25 יח ""שווה""  *",בנדע אגשח בעמ,,,יח,1,יח,false,1,7.90,7.90,true,1,
7290014205154,false,disposable plastic 165mm oval casserolle,בנדע אגשח בעמ,,,יח,1,יח,false,1,5.90,5.90,true,1,
7290014205161,false,disposable plastic 12.5 cm compote plate,בנדע אגשח בעמ,,,יח,1,יח,false,1,4.90,4.90,true,1,
7290014205178,false,disposable plastic 17cm soup plate 25,בנדע אגשח בעמ,,,יח,1,יח,false,1,7.90,7.90,true,1,
7290014205185,false,"צלחת ענק   צבעוני 25 יח ""שווה ""  *",בנדע אגשח בעמ,,,יח,1,יח,false,1,16.90,16.90,true,1,
7290014205208,false,"סכינים  צבעוני""שווה"" *50   *",ווינפאק סחר בעמ,,,יח,1,יח,false,1,9.90,9.90,true,1,
7290014205215,false,"כפות  צבעוני""שווה"" *50   *",ווינפאק סחר בעמ,,,יח,1,יח,false,1,9.90,9.90,true,1,
7290014205413,false,מגש מחולק 4 תאים  שווה* שווה    *,ווינפאק סחר בעמ,,,יח,1,יח,false,1,6.90,6.90,false,1,
7290014205475,false,"כוסות נייר גודל 12 ""שווה"" *ZZ",אפולו נציגויות בעמ,,,יח,1,למארז,false,1,15.90,15.90,true,1,
7290014205598,false,"פחם למנגל 2ק""ג ח. כהן*",י.ד יבוא קל בעמ,,,יח,2,"לק""ג",false,1,13.90,6.95,false,1,
7290014205659,false,"לבבות דקל שלם 400ג  ""שווה"" *",I.A.E INDUSTRIA,,,יח,4,ל 100 גרם,false,24,9.90,2.48,true,1,
7290014205666,false,"לבבות דקל חתוך 400ג  ""שווה"" *",I.A.E INDUSTRIA,,,יח,4,ל 100 גרם,false,24,8.90,2.23,false,1,
7290014205697,false,אננס חתוך 565 גר` A2  שווה * (24 בקרטו,TAKERNG PINEAPPLE INDUSTRIAL,,,יח,6,ל 100 גרם,false,24,6.90,1.15,true,1,
7290014205796,false,"שקיות מזון זוג בקופסה 150*2 יח ""שווה""*",ווינפאק סחר בעמ,,,יח,2,יח,false,20,13.90,6.95,true,1,
7290014205826,false,שקיות  52/65 שרוך 50 יח` שווה*,ווינפאק סחר בעמ,,,יח,1,יח,false,1,12.90,12.90,true,1,
7290014205840,false,שקיות  52/65 שרוך 20 יח` שווה*,ווינפאק סחר בעמ,,,יח,1,יח,false,1,6.90,6.90,true,1,
7290014206137,false,"כפות הגשה לעוגה  2 יח  ""שווה"" *",ווינפאק סחר בעמ,,,יח,2,יח,false,50,2.90,1.45,false,1,
7290014206267,false,מפיות מוטבעות 15יח  3 שכבות  שווה*,ווינפאק סחר בעמ,,,יח,15,יח,false,12,5.90,0.39,true,1,
7290014206281,false,מדליק פחם ראש גפרור שווה (30 בדיספליי),י.ד יבוא קל בעמ,,,יח,0,יח,false,1,4.90,4.90,false,1,
7290014206489,false,מפת שולחן אלבד מוטבעת שווה*,ווינפאק סחר בעמ,,,יח,1,יח,false,24,7.90,7.90,true,1,
7290014206496,false,גליל  מוטבע  אל בד  15 מטר   שווה*,ווינפאק סחר בעמ,,,יח,15,למטר,false,5,31.90,2.13,false,1,
7290014206502,false,"שקיות אוכל בשקית  200  יח""שווה"" *",ווינפאק סחר בעמ,,,יח,200,יח,false,1,3.50,0.02,false,1,
7290014206519,false,"שקיות הקפאה בשקית  200 יח ""שווה"" *",ווינפאק סחר בעמ,,,יח,200,יח,false,40,6.90,0.03,true,1,
7290014206526,false,שקיות מזון מרשרש 150יח *3+מדבקות  שווה,ווינפאק סחר בעמ,,,יח,450,יח,false,20,13.90,0.03,false,1,
7290014206533,false,מפת פלנל עם גומי הקפי  שווה *,ווינפאק סחר בעמ,,,יח,1,יח,false,1,15.90,15.90,true,1,
7290014206748,false,"צלחת בינוני ""חושן"" 10 יח   שווה ZZ",ווינפאק סחר בעמ,,,יח,10,למארז,false,12,10.90,1.09,true,1,
7290014206779,false,"מרקיה  ""חושן"" 10 יח   שווה ZZ",ווינפאק סחר בעמ,,,יח,10,למארז,false,12,13.90,1.39,true,1,
7290014206786,false,"לפתניה ""חושן"" 10 יח   שווה  *",ווינפאק סחר בעמ,,,יח,10,למארז,false,12,7.90,0.79,false,1,
7290014206885,false,אנשובי ארוך פח בשמן חמניות שווה*,רוברטו פוד בעמ,,,יח,0.46,,false,1,4.90,10.65,false,1,
7290014218338,false,"בורקס  יפו  תפו""א 600 גרם מעדנות",תנובה ענף ב.ע.ד,,,ל 100 גרם,6,ל 100 גרם,false,1,16.90,2.82,false,1,
7290014218505,false,"שלישית פיצות בחבק 3  יח`מעדנות 1.08 ק""",תנובה ענף ב.ע.ד,,,ל 100 גרם,10.80,ל 100 גרם,false,1,29.90,2.77,false,1,
7290014218536,false,0בצק עלים  מופחת שומן מעדנות 490 גרם,תנובה ענף ב.ע.ד,,,יח,4.90,ל 100 גרם,false,1,21.90,4.47,false,1,
7290014218932,false,חטיפי פיצה בתוספת זיתים 710 גרם מעדנות,תנובה ענף ב.ע.ד,,,יח,7.10,ל 100 גרם,false,1,27.90,3.93,false,1,
7290014256637,false,מוסקוטו  יאנג סלקטד,אגודת הכורמים בעמ,,,יח,7.50,"ל100 מ""ל",false,1,27.90,3.68,true,1,
7290014258556,false,מטרנה אקסטרה קר  קומפורט,קבוצת אוסם סחר שותפות מוגבלת,,,יח,7,"ל100 מ""ל",false,1,69.90,9.99,false,1,
7290014258716,false,מטרנה צמחית,קבוצת אוסם סחר שותפות מוגבלת,,,יח,7,ל 100 גרם,false,1,49.90,7.13,false,1,
7290014258723,false,מטרנה צמחית  0-12 חודשים,קבוצת אוסם סחר שותפות מוגבלת,,,יח,7,ל 100 גרם,false,1,59.90,8.56,false,1,
7290014258730,false,מטרנה צמחית מגיל שנה,קבוצת אוסם סחר שותפות מוגבלת,,,יח,7,ל 100 גרם,false,1,59.90,8.56,false,1,
7290014258877,false,מטרנה מהדרין 700 גר ספיישל,קבוצת אוסם סחר שותפות מוגבלת,,,יח,7,ל 100 גרם,false,1,54.90,7.84,false,1,
7290014288058,false,tealight 50 pcs/bag,LITBRIGHT CANDLE CO LTD,,,יח,50,יח,false,1,8.90,0.18,false,1,
7290014288119,false,"ממרקות מתכת 4 יח  ""שווה"" *",HUBEI G YOUNG CO LTD,,,יח,1,למארז,false,1,4.90,4.90,false,1,
7290014288331,false,נודלס HOT CUP  טעם עוף 60ג   שווה*,רוברטו פוד בעמ,,,יח,1,יח,false,1,3.90,3.90,true,1,
7290014288355,false,נודלס HOT CUP  טעם בקר 60ג   שווה*,רוברטו פוד בעמ,,,יח,1,יח,false,1,3.90,3.90,true,1,
7290014288461,false,2day memorial candle,LITBRIGHT CANDLE CO LTD,,,יח,1,יח,false,1,1.90,1.90,true,1,
7290014288584,false,נייר אפיה 50 יחידות איכותי שווה*,ALEURO CONVERTING SP,,,יח,1,למארז,false,1,7.90,7.90,false,1,
7290014288614,false,"רדיד אלומ` כוכבים 30מטר 30 ס""מ שווה*",אופל אריזות בעמ,,,יח,1,יח,false,1,16.90,16.90,true,1,
7290014288621,false,רדיד אלומיניום כוכבים ארוך 30/45 שווה*,אופל אריזות בעמ,,,יח,1,יח,false,1,24.90,24.90,false,1,
7290014288676,false,מגש אובלי בינוני צבעוני 20 יח שווה 26*,בנדע אגשח בעמ,,,יח,20,יח,false,1,15.90,0.80,false,1,
7290014288683,false,disposable plastic 33mm big oval plate,סאם פלסטיק,,,יח,20,יח,false,1,17.90,0.90,false,1,
7290014288706,false,קערת סלט ענקית צבעוני  10 יח` שווה*,בנדע אגשח בעמ,,,יח,10,יח,false,1,9.90,0.99,true,1,
7290014288720,false,disposable plastic 180cc celar cup,ווינפאק סחר בעמ,,,יח,1,יח,false,1,7.90,7.90,false,1,
7290014288737,false,disposable plastic 285cc maroccan 40,סאם פלסטיק,,,יח,1,יח,false,1,11.90,11.90,true,1,
7290014288980,false,נייר טישו חמישיה (10 יח בקרטון) שווה*,ווינפאק סחר בעמ,,,יח,1,למארז,false,1,9.90,9.90,true,1,
7290014325012,false,זרעי צ`יה 200  גר`  מיה,מיה תעשיות מזון מ.ת.מ בעמ,,,יח,2,ל 100 גרם,false,1,11.90,5.95,false,1,
7290014325036,false,סוכריות ג`לי שמחה,מיה תעשיות מזון מ.ת.מ בעמ,,,יח,6,ל 100 גרם,false,1,11,1.83,false,1,
7290014325043,false,"פודינג וניל 1 ק""ג",מיה תעשיות מזון מ.ת.מ בעמ,,,יח,10,ל 100 גרם,false,1,14.90,1.49,false,1,
7290014325050,false,קורנפלור  500 גר`    מיה ג.,מיה תעשיות מזון מ.ת.מ בעמ,,,יח,5,ל 100 גרם,false,1,5.90,1.18,false,1,
7290014356061,false,"פסטה ספגטי 500 ג""שדות"" * (20 בקר`)",האחים אגא (א.מ)שיווק בעמ,,,יח,5,ל 100 גרם,false,1,3.90,0.78,true,1,
7290014356078,false,"פסטה פנה 500 ג""שדות"" * (20 בקר`)",האחים אגא (א.מ)שיווק בעמ,,,יח,5,ל 100 גרם,false,1,3.90,0.78,true,1,
7290014356085,false,"פסטה מסולסלת 500 ג""שדות"" (20 בקרטון)",האחים אגא (א.מ)שיווק בעמ,,,יח,5,ל 100 גרם,false,1,3.90,0.78,true,1,
7290014356535,false,"פסטה פרפרים 500 ג""שדות"" (20 בקרטון)",האחים אגא (א.מ)שיווק בעמ,,,יח,5,ל 100 גרם,false,1,3.90,0.78,true,1,
7290014397453,false,אוקסיג`ן  כביסה  לבנה 3 ליטר,החברה הדרומית לשיווק בעמ,,,יח,3,לליטר,false,1,26.90,8.97,false,1,
7290014397675,false,מקסימה מרכך 4 ליטר כתום,החברה הדרומית לשיווק בעמ,,,יח,40,לליטר,false,1,21.90,0.55,false,1,
7290014397767,false,ריצפז פ. הום כותנה   2 ליטר ק,החברה הדרומית לשיווק בעמ,,,יח,20,"ל100 מ""ל",false,1,19.90,1,false,1,
7290014397774,false,ריצפז פ. הום טבע  2 ליטר,החברה הדרומית לשיווק בעמ,,,יח,20,"ל100 מ""ל",false,1,19.90,1,false,1,
7290014397781,false,ריצפז פ. סבון 2 ליטר,החברה הדרומית לשיווק בעמ,,,יח,2,לליטר,false,1,19.90,9.95,false,1,
7290014397873,false,מרכך כביסה סנו מקסימה..,החברה הדרומית לשיווק בעמ,,,יח,40,"ל100 מ""ל",false,1,21.90,0.55,false,1,
7290014435704,false,סלמון מעושן פרוס 100 גר`,סלטי שמיר 2006 בעמ,,,יח,1,ל 100 גרם,false,1,22.90,22.90,false,1,
7290014435834,false,מקרל  מעושן פרוס  בשמן 190 גר`,סלטי שמיר 2006 בעמ,,,יח,1.90,ל 100 גרם,false,1,24.90,13.11,false,1,
7290014452091,false,פלטה שבת גדולה,אוהב ציון בעמ,,,יח,1,,false,1,159,159,false,1,
7290014455245,false,גרנה פדנו משולש 200  גר` גד.,מחלבות גד שיווק 1992 בעמ,,,יח,2,ל 100 גרם,false,1,23.90,11.95,false,1,
7290014455252,false,גרנה פדנו מגורד 100 גרם גד.,מחלבות גד שיווק 1992 בעמ,,,יח,10,ל 100 גרם,false,1,10.90,1.09,false,1,
7290014455320,false,כדור  מוצרלה פרסקה,מחלבות גד שיווק 1992 בעמ,,,יח,1,ל 100 גרם,false,1,13.90,13.90,false,1,
7290014459137,false,"סטייק צ`יפס 1.5 ק""ג",קבוצת אוסם סחר שותפות מוגבלת,,,יח,15,ל 100 גרם,false,1,23.90,1.59,false,1,
7290014459373,false,"צ`יפס  קראנצ`לתנור תפוגן 1.5 ק""ג",קבוצת אוסם סחר שותפות מוגבלת,,,יח,1.50,"לק""ג",false,1,23.90,15.93,false,1,
7290014459472,false,"ציפס קלאסי תפוגן 2 ק""ג",קבוצת אוסם סחר שותפות מוגבלת,,,יח,20,ל 100 גרם,false,1,24.90,1.25,false,1,
7290014459632,false,"תפוגן  צי פס  1.5 ק""ג",קבוצת אוסם סחר שותפות מוגבלת,,,יח,1.50,"לק""ג",false,1,15.90,10.60,false,1,
7290014466463,false,יין הר חרמון מוסקטו  *2018,היכל היין שקד גולן בעמ,,,יח,7.50,"ל100 מ""ל",false,1,35.20,4.65,false,1,
7290014466609,false,יין גמלא מרלו עברית 2018*,היכל היין שקד גולן בעמ,,,יח,0,יח,false,1,66.60,66.60,true,1,
7290014466890,false,יין גמלא קברנה מרלו עברית 19*,היכל היין שקד גולן בעמ,,,יח,0,יח,false,1,63.90,63.90,true,1,
7290014473607,false,רסק תפוחי עץ ואפרסק טעמן,טעמן שיווק מזון בעמ,,,יח,5.50,ל 100 גרם,false,1,9.90,1.80,false,1,
7290014525290,false,סלים דליס  קריספי תות 125 גר`,ש.שסטוביץ בעמ,,,יח,78,ל 100 גרם,false,1,9.90,0.13,false,1,
7290014525306,false,סלים דליס  קריספי אוכמניות  125 גר`,ש.שסטוביץ בעמ,,,יח,1.25,ל 100 גרם,false,1,9.90,7.92,false,1,
7290014525313,false,סלים דליס  קריספי שוקולד   125 גר`,ש.שסטוביץ בעמ,,,יח,1.25,ל 100 גרם,false,1,9.90,7.92,false,1,
7290014529007,false,שערות קדאיף 500 גר`,מתוק כדבש בעמ,,,יח,5,ל 100 גרם,false,1,19.90,3.98,false,1,
7290014562431,false,גרנולה שקדים 900ג BD*,בטר אנד דיפרנט בעמ,,,יח,9,"לק""ג",false,6,23.90,2.66,false,1,
7290014600300,false,גלילית כיבודים אגוזים  100ג הגביע*,הגביע מוצרי וופלים בעמ,,,יח,1,ל 100 גרם,false,1,3.30,3.30,true,1,
7290014600423,false,קרקרים 225ג  הגביע,הגביע מוצרי וופלים בעמ,,,יח,2.25,ל 100 גרם,false,1,3.90,1.73,false,1,
7290014600430,false,קרקר 200  ג` הגביע,הגביע מוצרי וופלים בעמ,,,יח,2.25,ל 100 גרם,false,1,3.90,1.73,false,1,
7290014603028,false,שלגון  סולרו תות,"גלידת שטראוס בע""מ",,,יח,0.76,ל 100 גרם,false,1,6.90,9.08,true,1,
7290014673038,false,Basil -40 grm - Maimon Spices,א.ל ייצור ושיווק תבלינים בעמ,,,יח,1.20,ל 100 גרם,false,1,9.90,8.25,false,1,
7290014673045,false,Basil -40 grm - Maimon Spices,א.ל ייצור ושיווק תבלינים בעמ,,,יח,1,ל 100 גרם,false,1,9.90,9.90,false,1,
7290014674004,false,קריספ פירורי לחם שומשום  300 גר`,א.ל ייצור ושיווק תבלינים בעמ,,,יח,3,ל 100 גרם,false,1,7.90,2.63,true,1,
7290014692299,false,גבינת ברי  125 גר`,ג.וילי פוד בעמ,,,יח,1.25,ל 100 גרם,false,1,14.90,11.92,false,1,
7290014692305,false,גבינת קממבר   125 גר`,ג.וילי פוד בעמ,,,יח,1.25,ל 100 גרם,false,1,14.90,11.92,false,1,
7290014692541,false,צהובה  מגורדת גולדן 500 דר`,ג.וילי פוד בעמ,,,יח,5,ל 100 גרם,false,1,19.90,3.98,false,1,
7290014692817,false,גבינת  מוצרלה  מגורדת 200 גר`,ג.וילי פוד בעמ,,,יח,2,ל 100 גרם,false,1,10.90,5.45,false,1,
7290014748613,false,דג טוב  מקלוני דגים  בציפוי צ`יפס אסם,קבוצת אוסם סחר שותפות מוגבלת,,,יח,6,ל 100 גרם,false,1,28.90,4.82,false,1,
7290014748958,false,מיני אמנון צ`יפס 400 גר`,קבוצת אוסם סחר שותפות מוגבלת,,,יח,4,ל 100 גרם,false,1,38.90,9.73,false,1,
7290014749245,false,צ`ונגו שומשום עוף טוב,קבוצת אוסם סחר שותפות מוגבלת,,,יח,0.60,ל 100 גרם,false,1,36.90,61.50,true,1,
7290014749764,false,שניצל  עוף ביתי  עדין כזה ע.ט,קבוצת אוסם סחר שותפות מוגבלת,,,יח,7,ל 100 גרם,false,1,44.90,6.41,true,1,
7290014749887,false,שניצל  דק ענק  קריספי עוף טוב,קבוצת אוסם סחר שותפות מוגבלת,,,יח,7,ל 100 גרם,false,1,38.90,5.56,true,1,
7290014758100,false,מאגדת יוגורט ביו 8 יח` 3%,תנובה -חלב,,,יח,10,ל 100 גרם,false,1,16.10,1.61,false,1,
7290014759084,false,נפולאון  מופחת שומן,תנובה -חלב,,,יח,2.25,ל 100 גרם,false,1,12.90,5.73,false,1,
7290014759718,false,יופלה  מתיקות מעודנת וניל 1.5%,תנובה -חלב,,,יח,1.50,"ל100 מ""ל",false,1,2.60,1.73,false,1,
7290014760134,false,מעדן סויה טעם וניל,תנובה -חלב,,,יח,1.25,לליטר,false,1,3.90,3.12,false,1,
7290014760448,false,גלבוע 400 גר`,תנובה -חלב,,,יח,1,,false,1,23.90,23.90,false,1,
7290014761018,false,גיל טעם וניל,תנובה -חלב,,,יח,1.25,"ל100 מ""ל",false,1,1.40,1.12,false,1,
7290014761056,false,מעדן  YOLO  שוקולד חלב מעולה,תנובה -חלב,,,יח,1.23,ל 100 גרם,false,1,4.20,3.41,false,1,
7290014761063,false,מעדן  YOLO  שוקולד  מריר  מעולה,תנובה -חלב,,,יח,1.23,ל 100 גרם,false,1,4.20,3.41,false,1,
7290014761070,false,מעדן  YOLO  שוקולד  לבן מעולה,תנובה -חלב,,,יח,1.23,ל 100 גרם,false,1,4.20,3.41,false,1,
7290014761193,false,פרילי  פירות יער,תנובה -חלב,,,יח,5,"ל100 מ""ל",false,1,3.40,0.68,false,1,
7290014761438,false,בולגרית 24%   פיראוס,תנובה -חלב,,,יח,4,ל 100 גרם,false,1,25.90,6.48,false,1,
7290014761698,false,"גבינת עמק סמי מעדניה בד""צ 600 גרם",תנובה -חלב,,,ל 100 גרם,6,ל 100 גרם,false,1,31,5.17,false,1,
7290014762756,false,נפולאון 16%  בצל,תנובה -חלב,,,יח,2.25,ל 100 גרם,false,1,12.90,5.73,false,1,
7290014762831,false,נפולאון,תנובה -חלב,,,יח,2.25,ל 100 גרם,false,1,12.90,5.73,false,1,
7290014762848,false,פתיתי גלבוע 22% שומן,תנובה -חלב,,,יח,5,ל 100 גרם,false,1,31.90,6.38,false,1,
7290014762909,false,פתיתי   מוצרלה   200,תנובה -חלב,,,יח,2,ל 100 גרם,false,1,15.90,7.95,false,1,
7290014763272,false,משקה סויה  ביו עם תות ובננה,תנובה -חלב,,,יח,2.50,ל 100 גרם,false,1,5.30,2.12,false,1,
7290014791091,false,שוופס לימונייד  0.5,יפאורה שותפות מוגבלת לשיווק,,,יח,5,"ל100 מ""ל",false,1,4.90,0.92,true,1,
7290014791572,false,"שוופס מוגז ענבים  330 מ""ל",יפאורה שותפות מוגבלת לשיווק,,,יח,3.30,"ל100 מ""ל",false,1,5.90,1.70,false,1,
7290014791725,false,שוופס תפוחים  0.5,יפאורה שותפות מוגבלת לשיווק,,,יח,5,"ל100 מ""ל",false,1,4.90,0.92,true,1,
7290014803961,false,ספוג  מסאג`+ חוט צבעוני,נאמן לאורך זמן בעמ,,,יח,1,,false,1,7.90,7.90,false,1,
7290014820135,false,ביצים 30 L אומגה,מ.א.ן שיווק ביצים בעמ,,,יח,30,יח,false,1,38.90,1.30,false,1,
7290014855434,false,מגבונים בייביסיטר רביעיה,שקד תבל בעמ,,,יח,1,,false,1,16.90,16.90,true,1,
7290014855458,false,בייביסטר  פרפורמנס 72 ללא בישום,שקד תבל בעמ,,,יח,1,,false,1,16.90,16.90,true,1,
7290014860063,false,"מקלוני אורז ללא גלוטן 10 מ""מ",מזרח ומערב יבוא ושיווק,,,יח,4.54,"ל100 מ""ל",false,1,10.90,2.40,false,1,
7290014901247,false,"שמפו סטייל 750 מ""ל",גורי ע.ע.ע בעמ,,,יח,7.50,ל 100 גרם,false,1,24.90,3.32,false,1,
7290014901315,false,"סנסודיין  הגנה מלאה 75 מ""ל",גורי ע.ע.ע בעמ,,,יח,0.75,ל 100 גרם,false,1,25.90,34.53,true,1,
7290014901896,false,"סנסודיין  מי פה 500 מ""ל",גורי ע.ע.ע בעמ,,,יח,2.25,ל 100 גרם,false,1,24.90,11.07,true,1,
7290014905160,false,מבשם אויר פניני ריח XL,"יעקב יעקבי ובניו בע""מ",,,יח,1.30,ל 100 גרם,false,1,14.50,11.15,true,1,
7290014905207,false,הפי  ג ל אסלה יעקבי,"יעקב יעקבי ובניו בע""מ",,,יח,7.50,"ל100 מ""ל",false,1,9.90,1.32,false,1,
7290014905689,false,הפי לכלים  ירוק תפוח.,"יעקב יעקבי ובניו בע""מ",,,יח,7.50,"ל100 מ""ל",false,1,9.90,1.32,true,1,
7290014907195,false,סטייק טונה  בואאקום אלבקור,שונים,,,"לק""ג",1,,true,1,43.90,43.90,false,1,
7290014907737,false,דג לברק ארוז ווינרפוד,ג.עופר ייצור ושיווק בשר בעמ,,,"לק""ג",10,ל 100 גרם,true,1,44.90,4.49,false,1,
7290014918139,false,קופסת אוכל מפוצלת,צעצועי דניאל בעמ,,,יח,1,,false,1,9.90,9.90,false,1,
7290014935358,false,שעועית ירוקה תקומה,"בכורי השדה צפון1994 ג.ד. בע""מ",,,יח,1,,false,1,9.90,9.90,false,1,
7290014940901,false,פשוט מלא אנג`ל,שלמה א.אנג ל בעמ,,,יח,7.50,ל 100 גרם,false,1,15.90,2.12,false,1,
7290014947047,false,"פרכיות  כוסמת""זן  בר ""175גר`",י.איטליאנו אחזקות בעמ,,,יח,1.75,ל 100 גרם,false,1,9.90,5.66,false,1,
7290014947740,false,פרכיות  כוסות 100% עם  מלח,ר.צ צ יק בעמ,,,יח,1.60,ל 100 גרם,false,1,11.90,7.44,false,1,
7290014974562,false,גביעי גלידה טילון 24 יח` גילרו*,א.ג גילרו בעמ,,,יח,24,יח,false,1,5.90,0.25,false,1,
7290015014168,false,עלי  בייבי בוסתן,"בכורי השדה צפון1994 ג.ד. בע""מ",,,יח,1,,false,1,8.90,8.90,false,1,
7290015014182,false,לבבות חסה ירוק,"בכורי השדה צפון1994 ג.ד. בע""מ",,,יח,1,,false,1,8.90,8.90,false,1,
7290015014274,false,צנונית ארוזה ירון,"בכורי השדה צפון1994 ג.ד. בע""מ",,,יח,1,,false,1,4.90,4.90,false,1,
7290015014465,false,רוזמרין,"בכורי השדה צפון1994 ג.ד. בע""מ",,,יח,1,,false,1,3.90,3.90,false,1,
7290015014472,false,טימין,"בכורי השדה צפון1994 ג.ד. בע""מ",,,יח,1,,false,1,3.90,3.90,false,1,
7290015027021,false,.עוגת קראנץ  ברליס,הלל בן הלל שיווק וסחר בעמ,,,יח,1,ל 100 גרם,false,1,21.90,21.90,false,1,
7290015037204,false,כרוב  לבן 400  גר`א. הארץ,"בכורי השדה צפון1994 ג.ד. בע""מ",,,יח,4,ל 100 גרם,false,1,15.90,3.98,false,1,
7290015037211,false,כרוב  אדום   400  גר`א. הארץ,"בכורי השדה צפון1994 ג.ד. בע""מ",,,יח,4,ל 100 גרם,false,1,15.90,3.98,false,1,
7290015037402,false,בצל ירוק   אוצר הארץ,"בכורי השדה צפון1994 ג.ד. בע""מ",,,יח,1,,false,1,8.90,8.90,false,1,
7290015037419,false,סלרי    אוצר הארץ,"בכורי השדה צפון1994 ג.ד. בע""מ",,,יח,1,,false,1,8.90,8.90,false,1,
7290015037426,false,עלי סלק   אוצר הארץ,"בכורי השדה צפון1994 ג.ד. בע""מ",,,יח,1,,false,1,8.90,8.90,false,1,
7290015037433,false,חסה ערבית  אוצר הארץ,"בכורי השדה צפון1994 ג.ד. בע""מ",,,יח,1,,false,1,8.90,8.90,false,1,
7290015037488,false,חסלט פטרוזיליה עדה חרדית,"בכורי השדה צפון1994 ג.ד. בע""מ",,,יח,1,,false,1,7.90,7.90,false,1,
7290015037655,false,כרובית   קפוא  חסלט,חיים פסקוביץ ובניו בעמ,,,יח,6,יח,false,1,29.90,4.98,false,1,
7290015037664,false,ברוקולי  קפוא  חסלט,חיים פסקוביץ ובניו בעמ,,,יח,6,יח,false,1,29.90,4.98,false,1,
7290015037693,false,לבבות  חסה חלסלאט אוצר הארץ,"בכורי השדה צפון1994 ג.ד. בע""מ",,,יח,1,,false,1,12.90,12.90,false,1,
7290015039246,false,טונה בשמן 160ג *4  ויליפוד,ג.וילי פוד בעמ,,,יח,6.40,ל 100 גרם,false,1,21.90,3.42,true,1,
7290015039338,false,טונה במים 160ג *4   ויליפוד*,ג.וילי פוד בעמ,,,יח,6.40,ל 100 גרם,false,1,21.90,3.42,false,1,
7290015039499,false,"עוגיות  איטלקיות מובחרות 1 ק""ג",ג.וילי פוד בעמ,,,יח,10,ל 100 גרם,false,1,9.90,0.99,false,1,
7290015089838,false,"אפונה 1ק""ג טל פרוסט","האחים חמוי בע""מ",,,יח,10,ל 100 גרם,false,1,13.90,1.39,false,1,
7290015089845,false,"שעועית שלמה 1 ק""ג טל פרוסט","האחים חמוי בע""מ",,,יח,10,ל 100 גרם,false,1,12.90,1.29,false,1,
7290015089852,false,"גזר גמדי 1 ק""ג  טל פורסט","האחים חמוי בע""מ",,,יח,10,ל 100 גרם,false,1,11.90,1.19,false,1,
7290015089869,false,"שעועית צהובה 1ק""ג טל פרוסט","האחים חמוי בע""מ",,,יח,10,ל 100 גרם,false,1,13.90,1.39,false,1,
7290015089876,false,"שעועית ירוקה חתוכה 1ק""ג טל פרוסט","האחים חמוי בע""מ",,,יח,10,ל 100 גרם,false,1,11.90,1.19,false,1,
7290015089883,false,"שעועית שלמה עדינה 1ק""ג טל פרוסט","האחים חמוי בע""מ",,,יח,10,ל 100 גרם,false,1,13.90,1.39,false,1,
7290015089906,false,"אפונה עדינה 1 ק""ג טל פרוסט","האחים חמוי בע""מ",,,יח,10,ל 100 גרם,false,1,17.90,1.79,false,1,
7290015089913,false,"פול 1 ק""ג טל פרוסט","האחים חמוי בע""מ",,,יח,10,ל 100 גרם,false,1,14.90,1.49,false,1,
7290015129121,false,סקיני פסטה נודלס 270 גר`,נטורפוד בעמ,,,יח,2.70,ל 100 גרם,false,1,10.90,4.04,false,1,
7290015129145,false,סקיני פסטה  ספגטי  270 גר`,נטורפוד בעמ,,,יח,2.70,ל 100 גרם,false,1,10.90,4.04,false,1,
7290015129251,false,סקיני פטוצ`יני  ספגטי  270 גר`,נטורפוד בעמ,,,יח,2.70,ל 100 גרם,false,1,10.90,4.04,false,1,
7290015129268,false,סקיני פסטה  שיבולת שועל פנה,נטורפוד בעמ,,,יח,2.70,ל 100 גרם,false,1,10.90,4.04,false,1,
7290015129657,false,סקיני פסטה פנה,נטורפוד בעמ,,,יח,10,"ל100 מ""ל",false,1,12.90,1.29,false,1,
7290015139250,false,אגו שוקולד מריר עם פצפוצי  אורז ל.ס,כרמית תעשיות ממתקים בעמ,,,יח,85,ל 100 גרם,false,1,5.90,0.07,false,1,
7290015139526,false,וופל בציפוי ומילוי שוקו ללא גלוטן,כרמית תעשיות ממתקים בעמ,,,יח,1.25,ל 100 גרם,false,1,9.90,7.92,false,1,
7290015139533,false,חופשי וופל לימון ללא גלוטן,כרמית תעשיות ממתקים בעמ,,,יח,2,ל 100 גרם,false,1,9.90,4.95,false,1,
7290015139557,false,חופשי וופל שוקו ללא גלוטן ללא ציפוי,כרמית תעשיות ממתקים בעמ,,,יח,2,ל 100 גרם,false,1,9.90,4.95,false,1,
7290015150088,false,מחית עגבניות קלה גרנד איטליה,תה ויסוצקי (ישראל)בעמ,,,יח,7,ל 100 גרם,false,1,12.90,1.84,true,1,
7290015150118,false,גרנד איטליה עגבניות חתוכות דק,תה ויסוצקי (ישראל)בעמ,,,יח,3,למארז,false,1,16.90,5.63,false,1,
7290015150361,false,תה  ירוק  נענע  סטיביה,תה ויסוצקי (ישראל)בעמ,,,יח,0.3750,ל 100 גרם,false,1,22.90,61.07,true,1,
7290015150590,false,תה ירוק  ג`ינג`ר  חריף,תה ויסוצקי (ישראל)בעמ,,,יח,0.3750,ל 100 גרם,false,1,22.90,61.07,true,1,
7290015155830,false,פאוץ` פרינוק תפוח בננה 120 גר`,גורי מוצרי צריכה 1991 בעמ,,,יח,1.30,ל 100 גרם,false,1,5.90,4.54,true,1,
7290015155847,false,פאוץ` פרינוק  סלט פירות  120 גר`,גורי מוצרי צריכה 1991 בעמ,,,יח,1.20,ל 100 גרם,false,1,5.90,4.92,true,1,
7290015156776,false,פאוץ פרינוק פירות טרופיים,גורי מוצרי צריכה 1991 בעמ,,,יח,0.12,ל 100 גרם,false,1,5.90,49.17,true,1,
7290015156790,false,פאוץ פרינוק  לפתן טרופיים,גורי מוצרי צריכה 1991 בעמ,,,יח,0.12,ל 100 גרם,false,1,5.90,49.17,true,1,
7290015161114,false,פסטה ספגטי כוסמין אורגני 500 גר`,י.איטליאנו אחזקות בעמ,,,יח,5,יח,false,1,16.90,3.38,false,1,
7290015161121,false,פסטה ספגטי כוסמין אורגני 500 גר`,י.איטליאנו אחזקות בעמ,,,יח,5,יח,false,1,16.90,3.38,false,1,
7290015161213,false,סוכר קוקוס אורגני,י.איטליאנו אחזקות בעמ,,,יח,3,ל 100 גרם,false,1,19.90,6.63,false,1,
7290015161848,false,פת פריכה  אורגנית 100  גר`ללא גלוטן,י.איטליאנו אחזקות בעמ,,,יח,1,"ל100 מ""ל",false,1,12.90,12.90,false,1,
7290015161862,false,פת פריכה  אורגנית 100  גר`ללא גלוטן,י.איטליאנו אחזקות בעמ,,,יח,1,"ל100 מ""ל",false,1,12.90,12.90,false,1,
7290015194068,false,מאגדת חטיף טעם תות.,אשבול בעמ,,,יח,16,למארז,false,1,8.90,0.56,false,1,
7290015194648,false,שלווה   40ג   אשבול*,אשבול בעמ,,,יח,0.40,ל 100 גרם,false,1,2.90,7.25,false,1,
7290015206204,false,מגש אירוח קריסטלי נטלי 36*36,טכנו שק בעמ,,,יח,1,,false,1,9.90,9.90,false,1,
7290015282000,false,איקרה  אדומה   200 גרק,סלטי שמיר 2006 בעמ,,,יח,2,ל 100 גרם,false,1,14.90,7.45,false,1,
7290015282024,false,איקרה  לבנה    200 גרק,סלטי שמיר 2006 בעמ,,,יח,2,ל 100 גרם,false,1,14.90,7.45,false,1,
7290015282390,false,סלט תורכי    200  גר`,סלטי שמיר 2006 בעמ,,,יח,2,ל 100 גרם,false,1,9.90,4.95,true,1,
7290015282581,false,חומוס  אבו גוש  עם חריף  200  גר``,סלטי שמיר 2006 בעמ,,,יח,2,ל 100 גרם,false,1,9.90,4.95,true,1,
7290015282598,false,חומוס  מסעדות   200 גר`,סלטי שמיר 2006 בעמ,,,יח,2,ל 100 גרם,false,1,9.90,4.95,true,1,
7290015282604,false,טחינה  מיוחדת  200   גר`,סלטי שמיר 2006 בעמ,,,יח,2,ל 100 גרם,false,1,9.90,4.95,true,1,
7290015282628,false,חציל טעם כבד  200    ר`,סלטי שמיר 2006 בעמ,,,יח,2,ל 100 גרם,false,1,9.90,4.95,true,1,
7290015282635,false,חומוס מסבחה   200  גר`,סלטי שמיר 2006 בעמ,,,יח,2,ל 100 גרם,false,1,9.90,4.95,true,1,
7290015282642,false,חומוס אבו גוש    200  גר`,סלטי שמיר 2006 בעמ,,,יח,2,ל 100 גרם,false,1,9.90,4.95,true,1,
7290015282673,false,חציל במיונז ביתי     200  גר`,סלטי שמיר 2006 בעמ,,,יח,2,ל 100 גרם,false,1,9.90,4.95,true,1,
7290015282680,false,קישוא בטעם כבד    200  גר`,סלטי שמיר 2006 בעמ,,,יח,2,ל 100 גרם,false,1,9.90,4.95,true,1,
7290015282697,false,כרוב  אדום   200  גר`,סלטי שמיר 2006 בעמ,,,יח,2,ל 100 גרם,false,1,9.90,4.95,true,1,
7290015282710,false,קוביות  סלק     200  גר`,סלטי שמיר 2006 בעמ,,,יח,2,ל 100 גרם,false,1,9.90,4.95,true,1,
7290015282734,false,מטבוחה  ביתית    200  גר`,סלטי שמיר 2006 בעמ,,,יח,2,ל 100 גרם,false,1,9.90,4.95,true,1,
7290015282741,false,חציל  תיאלנדי    200  גר`,סלטי שמיר 2006 בעמ,,,יח,2,ל 100 גרם,false,1,9.90,4.95,true,1,
7290015282796,false,תפוחי אדמה   200  גר`,סלטי שמיר 2006 בעמ,,,יח,2,ל 100 גרם,false,1,9.90,4.95,true,1,
7290015339643,false,"שוקולד מריר  בד""ץ",טעמן שיווק מזון בעמ,,,יח,1.50,ל 100 גרם,false,1,8.90,5.93,false,1,
7290015339933,false,ריבת  חלב  340 גר`  טעמן,טעמן שיווק מזון בעמ,,,יח,3.40,ל 100 גרם,false,1,13.90,4.09,false,1,
7290015347259,false,פירורי לחם  מוזהבים  400  גר`   מיה,מיה תעשיות מזון מ.ת.מ בעמ,,,יח,4,ל 100 גרם,false,1,5.90,1.48,false,1,
7290015347273,false,נטיפי שוקולד 250 גר`,מיה תעשיות מזון מ.ת.מ בעמ,,,יח,2.50,"ל100 מ""ל",false,1,7.90,3.16,false,1,
7290015347280,false,"מעדן תות   280 גר`בד""ץ",מיה תעשיות מזון מ.ת.מ בעמ,,,יח,2.80,ל 100 גרם,false,1,14.90,5.32,false,1,
7290015347303,false,"מעדן אוכמניות 280 גר`בד""ץ",מיה תעשיות מזון מ.ת.מ בעמ,,,יח,2.80,ל 100 גרם,false,1,14.90,5.32,false,1,
7290015347464,false,קינואה   מעורבת  400 גר`        מיה,מיה תעשיות מזון מ.ת.מ בעמ,,,יח,4,ל 100 גרם,false,1,10.90,2.73,false,1,
7290015347525,false,צ`יפס בטטה עם שום ורוזמרין,מיה תעשיות מזון מ.ת.מ בעמ,,,יח,0.80,ל 100 גרם,false,1,7.90,9.88,true,1,
7290015347532,false,צ`יפס בטטה עם שמן זית ועשבי תיבול,מיה תעשיות מזון מ.ת.מ בעמ,,,יח,0.80,ל 100 גרם,false,1,7.90,9.88,true,1,
7290015348423,false,מיץ ענבים  סגל משפחות 1 ליטר,טמפו משקאות בעמ,,,יח,1,לליטר,false,1,12.90,12.90,false,1,
7290015355834,false,קטשופ  היינץ  חריף 855 גר`,דיפלומט מפיצים {1968}בעמ,,,יח,8.55,ל 100 גרם,false,1,17.90,2.09,false,1,
7290015366663,false,אקוה פרש עדין 100מל,גורי ע.ע.ע בעמ,,,יח,1,ל 100 גרם,false,1,6.90,6.90,true,1,
7290015596817,false,"קרם גוף בשמן קוקוס ד""ר פישר","פישר  תעשיות פרמצביטות בע""מ",,,יח,4.50,"ל100 מ""ל",false,1,24.90,5.53,true,1,
7290015597210,false,מאגדת טילון קורנטו,"גלידת שטראוס בע""מ",,,יח,1,,false,1,36.90,36.90,false,1,
7290015597326,false,אקסימו מאגדת קלי קלות,"גלידת שטראוס בע""מ",,,יח,1,,false,1,24.90,24.90,false,1,
7290015597937,false,קורנטו  קלאסיק,"גלידת שטראוס בע""מ",,,יח,1,,false,1,7.90,7.90,true,1,
7290015603218,false,אטריות עם עגבניה,מזרח ומערב יבוא ושיווק,,,יח,4.54,ל 100 גרם,false,1,10.90,2.40,true,1,
7290015699730,false,סבון רצפות דמרסיי  1.5  ליטר,"יעקב יעקבי ובניו בע""מ",,,יח,1.50,לליטר,false,1,14.90,9.93,true,1,
7290015733120,false,מטרנה גולד שלב 1 700 גר`,קבוצת אוסם סחר שותפות מוגבלת,,,יח,7,ל 100 גרם,false,1,69.90,9.99,false,1,
7290015733205,false,מטרנה אקסטרא  קר מהדרין  שלב  1,קבוצת אוסם סחר שותפות מוגבלת,,,יח,7,ל 100 גרם,false,1,56.90,8.13,false,1,
7290015733229,false,מטרנה אקסטרא  קר מהדרין  שלב  2,קבוצת אוסם סחר שותפות מוגבלת,,,יח,7,ל 100 גרם,false,1,56.90,8.13,false,1,
7290015733243,false,מטרנה אקסטרא  קר מהדרין  שלב 3,קבוצת אוסם סחר שותפות מוגבלת,,,יח,7,ל 100 גרם,false,1,56.90,8.13,false,1,
7290015733427,false,מטרנה דייסת גם וגם וניל פרו,קבוצת אוסם סחר שותפות מוגבלת,,,יח,3,ל 100 גרם,false,1,20.90,6.97,false,1,
7290015733465,false,מטרנה דייסת גם וגם קרנפ פרו,קבוצת אוסם סחר שותפות מוגבלת,,,יח,3,ל 100 גרם,false,1,20.90,6.97,false,1,
7290015733977,false,מטרנה אקסטרא קר קומפוקט,קבוצת אוסם סחר שותפות מוגבלת,,,יח,7,ל 100 גרם,false,1,59.90,8.56,false,1,
7290015781015,false,יין  מלבק    VISION  אפרת,יקב טפרברג 1870,,,יח,7.50,"ל100 מ""ל",false,1,39.90,5.28,true,1,
7290015781091,false,קברנה  סובניון VISION  אפרת,יקב טפרברג 1870,,,יח,7.50,"ל100 מ""ל",false,1,39.90,5.28,true,1,
7290015781114,false,יין מרלו  IMPRESSION,יקב טפרברג 1870,,,יח,7.50,"ל100 מ""ל",false,1,49.90,6.61,true,1,
7290015781121,false,קברנה סובניון  IMPRESSION,יקב טפרברג 1870,,,יח,7.50,"ל100 מ""ל",false,1,49.90,6.61,true,1,
7290015781169,false,יין  קברנה סובניון חצי יבש  IMPRESSION,יקב טפרברג 1870,,,יח,7.50,"ל100 מ""ל",false,1,49.90,6.61,true,1,
7290015781268,false,יין  מוסקטו  אדום,יקב טפרברג 1870,,,יח,7.50,"ל100 מ""ל",false,1,39.90,5.28,true,1,
7290015781282,false,יין  גוורצטרימיר   IMPRESSION,יקב טפרברג 1870,,,יח,7.50,"ל100 מ""ל",false,1,49.90,6.61,true,1,
7290015781299,false,יין  שיראז    VISION  אפרת,יקב טפרברג 1870,,,יח,7.50,"ל100 מ""ל",false,1,39.90,5.28,true,1,
7290015781664,false,אלגרו  למברסקו  אדום,יקב טפרברג 1870,,,יח,7.50,"ל100 מ""ל",false,1,34.60,4.61,true,1,
7290015801812,false,פקיילה 200 גר  עוזי,עוזי טעמים של בית,,,יח,2,ל 100 גרם,false,1,46.90,23.45,false,1,
7290015801836,false,אריסה חריפה 1 קג  עוזי,עוזי טעמים של בית,,,יח,10,ל 100 גרם,false,1,28.90,2.89,false,1,
7290015801843,false,אריסה מתוקה 1 קג  עוזי,עוזי טעמים של בית,,,יח,10,ל 100 גרם,false,1,28.90,2.89,false,1,
7290015801850,false,שום כתוש  1 קג  עוזי,עוזי טעמים של בית,,,יח,10,ל 100 גרם,false,1,28.90,2.89,false,1,
7290015801874,false,עמבה 1 קג  עוזי,עוזי טעמים של בית,,,יח,10,ל 100 גרם,false,1,28.90,2.89,false,1,
7290015801881,false,ממרח לימון 1 קג  עוזי,עוזי טעמים של בית,,,יח,10,ל 100 גרם,false,1,28.90,2.89,false,1,
7290015801898,false,סלטה משוויה 200 גר`,עוזי טעמים של בית,,,יח,2,ל 100 גרם,false,1,22.90,11.45,false,1,
7290015848985,false,אוטרסול  קידס קרם פנים,"פישר  תעשיות פרמצביטות בע""מ",,,יח,2.50,"ל100 מ""ל",false,1,49.90,19.96,false,1,
7290015856973,false,תה בסקוויט וניל ללא תוספת סוכר הדר*,אפיפית נצרת תעשיות בסקויט,,,יח,2.50,ל 100 גרם,false,1,5.80,2.32,false,1,
7290015858106,false,פסטו ביתי  180 גר`,שטראוס גרופ בעמ (ח),,,יח,1.80,ל 100 גרם,false,1,15.90,8.83,false,1,
7290015858113,false,ממרח  עגבניות מיובשות,שטראוס גרופ בעמ (ח),,,יח,1.80,ל 100 גרם,false,1,15.90,8.83,false,1,
7290015858144,false,ממרח ארטישוק 180 גר`,שטראוס גרופ בעמ (ח),,,יח,1.80,ל 100 גרם,false,1,15.90,8.83,false,1,
7290015858175,false,ממרח  פלפלים קלויים,שטראוס גרופ בעמ (ח),,,יח,1.80,ל 100 גרם,false,1,15.90,8.83,false,1,
7290015858212,false,ממרח לימון כבוש,שטראוס גרופ בעמ (ח),,,יח,1.80,ל 100 גרם,false,1,17.90,9.94,false,1,
7290015858229,false,טפנד זיתי קלמנטה,שטראוס גרופ בעמ (ח),,,יח,1.80,ל 100 גרם,false,1,15.90,8.83,false,1,
7290015858243,false,צימיצורי   180 גר`,שטראוס גרופ בעמ (ח),,,יח,1.80,ל 100 גרם,false,1,17.90,9.94,false,1,
7290015858434,false,שום כתוש 250 גר`,שטראוס גרופ בעמ (ח),,,יח,2.50,ל 100 גרם,false,1,14.90,5.96,false,1,
7290015951890,false,הר חרמון קברנה עברית  *2019,היכל היין שקד גולן בעמ,,,יח,7.50,"ל100 מ""ל",false,1,29.90,3.95,false,1,
7290015992008,false,דפי פילו 40 יח`,דליפרוסט בעמ,,,יח,5,ל 100 גרם,false,1,16.90,3.38,false,1,
7290016006148,false,שוופס מוגז ענבים  0.5,יפאורה שותפות מוגבלת לשיווק,,,יח,5,"ל100 מ""ל",false,1,4.90,0.92,true,1,
7290016006292,false,נקטר ספרינג  מנגו בננה מלון,יפאורה שותפות מוגבלת לשיווק,,,יח,10,"ל100 מ""ל",false,1,7,0.70,true,1,
7290016006322,false,מי עדן  1 ליטר  בודד,יפאורה שותפות מוגבלת לשיווק,,,יח,1,"ל100 מ""ל",false,1,4.20,4.20,false,1,
7290016006339,false,מי עדן  1 ליטר רבעיה,יפאורה שותפות מוגבלת לשיווק,,,יח,4,"ל100 מ""ל",false,1,10.90,2.43,false,1,
7290016006346,false,שישית סודה שוופס  0.5,יפאורה שותפות מוגבלת לשיווק,,,יח,3,"ל100 מ""ל",false,1,14.90,4.37,false,1,
7290016076042,false,פרינה  מאמא,גיא שיווק טוב,,,יח,1,יח,false,1,13.90,13.90,false,1,
7290016087499,false,עגבניות מרוסקות חתוכות דק A1*3 פריניר,פריניר (הדס )1987בעמ,,,יח,1,,false,1,11.90,11.90,false,1,
7290016096491,false,טונה שלישיות צמחי פילטונה*,תעשיות פיל טונה בעמ,,,יח,1.60,ל 100 גרם,false,1,10.90,6.81,false,1,
7290016096934,false,סלט טונה 160ג זוג    פילטונה*,תעשיות פיל טונה בעמ,,,יח,2,למארז,false,1,10.90,5.45,false,1,
7290016098143,false,עלי וופל אגוזים 115ג  הגביע,הגביע מוצרי וופלים בעמ,,,יח,1.50,ל 100 גרם,false,1,5.90,3.93,false,1,
7290016098150,false,"לוגאנו קפה  600ג הגביע בד""ץ*",הגביע מוצרי וופלים בעמ,,,יח,6,ל 100 גרם,false,1,13.90,2.32,false,1,
7290016098181,false,ביסקוויט אותיות וניל 200ג הגביע,הגביע מוצרי וופלים בעמ,,,יח,2,ל 100 גרם,false,1,4.20,2.10,false,1,
7290016098297,false,מיני רוליקס שוקו 180ג הגביע,הגביע מוצרי וופלים בעמ,,,יח,2,ל 100 גרם,false,1,4.20,2.10,false,1,
7290016104417,false,ריבת תות 850ג`,לירון קרביץ יבוא שיווק וסחר,,,יח,8.50,ל 100 גרם,false,1,12.90,1.52,false,1,
7290016104875,false,סירופ בטעם שוקולד,לירון קרביץ יבוא שיווק וסחר,,,יח,7,ל 100 גרם,false,1,12.90,1.84,false,1,
7290016106657,false,רבעית טונה בשמן 140 גר` טעמן,טעמן שיווק מזון בעמ,,,יח,1.40,ל 100 גרם,false,1,19.90,14.21,false,1,
7290016106664,false,רבעית טונה  במים  140 גר`,טעמן שיווק מזון בעמ,,,יח,1.40,ל 100 גרם,false,1,19.90,14.21,false,1,
7290016106671,false,טונה  בודד,טעמן שיווק מזון בעמ,,,יח,1.60,ל 100 גרם,false,1,5.90,3.69,false,1,
7290016106855,false,תירס  גמדי 410 גאק טעמן,טעמן שיווק מזון בעמ,,,יח,4.10,ל 100 גרם,false,1,8.90,2.17,false,1,
7290016110166,false,מארז 3 תבנית אלומניום לאפיה,טכנו שק בעמ,,,יח,1,,false,1,10.90,10.90,false,1,
7290016123258,false,מגבת פנים רומא 50/85,סקטור אפיקים בעמ,,,יח,1,,false,1,11.90,11.90,false,1,
7290016123326,false,כרית שינה,סקטור אפיקים בעמ,,,יח,10,יח,false,1,46.90,4.69,false,1,
7290016125177,false,סט  6  כפות   שניר,אושר א.א יבוא ושיווק כלי בית ב,,,יח,1,,false,1,22.90,22.90,false,1,
7290016125184,false,סט 6 כפיות,אושר א.א יבוא ושיווק כלי בית ב,,,יח,1,,false,1,15.90,15.90,false,1,
7290016132137,false,דלי משפך 12 ליטר,צעצועי דניאל בעמ,,,יח,1,,false,1,11.90,11.90,false,1,
7290016132175,false,סל כביסה עגול גבוה לבן 44/72,אושר א.א יבוא ושיווק כלי בית ב,,,יח,1,,false,1,28.90,28.90,false,1,
7290016144000,false,קמח חיטה  80%,תה ויסוצקי (ישראל)בעמ,,,יח,10,ל 100 גרם,false,1,8.90,0.89,false,1,
7290016144017,false,קמח חיטה מלא 100%,תה ויסוצקי (ישראל)בעמ,,,יח,10,ל 100 גרם,false,1,8.90,0.89,false,1,
7290016144024,false,קמח  כוסמין מלא 100%,תה ויסוצקי (ישראל)בעמ,,,יח,10,ל 100 גרם,false,1,14.90,1.49,false,1,
7290016144031,false,קמח חיטה  לבן  מנופה,תה ויסוצקי (ישראל)בעמ,,,יח,10,ל 100 גרם,false,1,6.90,0.69,false,1,
7290016144048,false,קמח  כוסמין  לבן,תה ויסוצקי (ישראל)בעמ,,,יח,10,ל 100 גרם,false,1,16.90,1.69,false,1,
7290016144055,false,קמח  כוסמין 80%,תה ויסוצקי (ישראל)בעמ,,,יח,10,ל 100 גרם,false,1,14.90,1.49,false,1,
7290016144079,false,קמח  חיטה כפרי,תה ויסוצקי (ישראל)בעמ,,,יח,10,ל 100 גרם,false,1,8.90,0.89,false,1,
7290016144086,false,קמח  חלה,תה ויסוצקי (ישראל)בעמ,,,יח,10,ל 100 גרם,false,1,7.90,0.79,false,1,
7290016144109,false,קמח  פיצה,תה ויסוצקי (ישראל)בעמ,,,יח,10,ל 100 גרם,false,1,15.90,1.59,false,1,
7290016144116,false,קמח  תופח,תה ויסוצקי (ישראל)בעמ,,,יח,10,ל 100 גרם,false,1,8.90,0.89,false,1,
7290016162264,false,By .gbina and blueberry 850 - Kapulski,קפולסקי אדל בעמ,,,יח,4.50,ל 100 גרם,false,1,39.90,8.87,false,1,
7290016188585,false,למברוסקו רוזה   חצי יבש,אגודת הכורמים בעמ,,,יח,7.50,"ל100 מ""ל",false,1,24.90,3.28,false,1,
7290016197495,false,זוג  מטליות מיקרופייבר לריצפה,קימברלי קלארק ישראל שיווק בעמ,,,יח,1,,false,1,21.90,21.90,false,1,
7290016197617,false,תחבושת דיפנד לנשים  אקסטרא,קימברלי קלארק ישראל שיווק בעמ,,,יח,1,,false,1,17.90,17.90,false,1,
7290016197839,false,השקית החזקה XL  ניקול,קימברלי קלארק ישראל שיווק בעמ,,,יח,1,,false,1,23.90,23.90,false,1,
7290016197877,false,שקיות אשפה  לפח מטבח קטן,קימברלי קלארק ישראל שיווק בעמ,,,יח,1,,false,1,21.90,21.90,false,1,
7290016217742,false,חציל בטחינה     200  גר`,סלטי שמיר 2006 בעמ,,,יח,2,ל 100 גרם,false,1,9.90,4.95,true,1,
7290016217759,false,חציל   מרוקאי      200  גר`,סלטי שמיר 2006 בעמ,,,יח,2,ל 100 גרם,false,1,9.90,4.95,true,1,
7290016217988,false,גרבדלקס  100 גר`,סלטי שמיר 2006 בעמ,,,יח,1,ל 100 גרם,false,1,24.90,24.90,false,1,
7290016246018,false,בארכה מיקס פינוקיות חלבה,קבוצת אוסם סחר שותפות מוגבלת,,,יח,2,ל 100 גרם,false,1,12.90,6.45,false,1,
7290016246209,false,חלבה  חטיף בארכה 100,קבוצת אוסם סחר שותפות מוגבלת,,,יח,1,ל 100 גרם,false,1,3.90,3.90,false,1,
7290016246452,false,טחינה  בארכה  גולמית לימון,קבוצת אוסם סחר שותפות מוגבלת,,,יח,0.31,ל 100 גרם,false,1,11.90,38.39,false,1,
7290016270709,false,עגבניה  שרי  אשכולות,"בכורי השדה צפון1994 ג.ד. בע""מ",,,יח,1,,false,1,6.90,6.90,false,1,
7290016319118,false,מגע הדבש שעווה מתקלפת לפנים 100,"דנשר (1963) בע,מ",,,יח,0.80,ל 100 גרם,false,1,30.90,38.63,false,1,
7290016319187,false,טוסו עוגיות סנדוויץ עם קרם שוקולד,"דנשר (1963) בע,מ",,,יח,3,ל 100 גרם,false,1,17.90,5.97,false,1,
7290016319309,false,פמלי אל סבון 1 ליטר  מאסק,"דנשר (1963) בע,מ",,,יח,1,לליטר,false,1,10.90,10.90,false,1,
7290016321548,false,מגע  משי רצועות ש. קמומיל,"דנשר (1963) בע,מ",,,יח,16,למארז,false,1,19.90,1.24,false,1,
7290016321661,false,פרש ואנס  רבעיה  4*64,"דנשר (1963) בע,מ",,,יח,4,למארז,false,1,15.90,3.98,true,1,
7290016321678,false,פרש ואנס  רבעיה   *64,"דנשר (1963) בע,מ",,,יח,4,למארז,false,1,15.90,3.98,true,1,
7290016321883,false,פרש וואנס  מגבוני  טולאט שלשיה לילדים,"דנשר (1963) בע,מ",,,יח,4,למארז,false,1,12.90,3.23,false,1,
7290016321890,false,פרש וואנס  מגבוני  טולאט שלשיה מבוגרים,"דנשר (1963) בע,מ",,,יח,4,למארז,false,1,12.90,3.23,false,1,
7290016329278,false,רביעית קמיל בלו 64 מפיות בשקית,"פישר  תעשיות פרמצביטות בע""מ",,,יח,3.25,"ל100 מ""ל",false,1,19.90,6.12,false,1,
7290016329315,false,סרקל  ספריי מתיר קשרים לש. מתולתל,"פישר  תעשיות פרמצביטות בע""מ",,,יח,3,ל 100 גרם,false,1,34.90,11.63,false,1,
7290016334050,false,סלרי חתוך,"בכורי השדה צפון1994 ג.ד. בע""מ",,,יח,1,,false,1,5.90,5.90,false,1,
7290016334166,false,לוף כרישה,"בכורי השדה צפון1994 ג.ד. בע""מ",,,יח,1,,false,1,7.90,7.90,false,1,
7290016334173,false,פלפל טינקרבל,"בכורי השדה צפון1994 ג.ד. בע""מ",,,יח,1,,false,1,8.90,8.90,false,1,
7290016334180,false,מלפפון  מיני,"בכורי השדה צפון1994 ג.ד. בע""מ",,,יח,1,,false,1,8.90,8.90,false,1,
7290016334296,false,ברוקולי מובחר תקומה,"בכורי השדה צפון1994 ג.ד. בע""מ",,,יח,1,,false,1,14.90,14.90,false,1,
7290016334388,false,פלפל צ`ליני,"בכורי השדה צפון1994 ג.ד. בע""מ",,,יח,1,,false,1,7.90,7.90,false,1,
7290016334432,false,שורש פטרוזליה,"בכורי השדה צפון1994 ג.ד. בע""מ",,,יח,1,,false,1,5.90,5.90,false,1,
7290016334456,false,בזיליקום,"בכורי השדה צפון1994 ג.ד. בע""מ",,,יח,1,,false,1,3.90,3.90,false,1,
7290016334463,false,ראש  סלרי,"בכורי השדה צפון1994 ג.ד. בע""מ",,,יח,1,,false,1,5.90,5.90,false,1,
7290016334500,false,חסה ערבית זוגות,"בכורי השדה צפון1994 ג.ד. בע""מ",,,יח,1,,false,1,8.90,8.90,false,1,
7290016334616,false,בצל ירוק,"בכורי השדה צפון1994 ג.ד. בע""מ",,,יח,1,,false,1,5.90,5.90,false,1,
7290016334623,false,סלרי  עלים,"בכורי השדה צפון1994 ג.ד. בע""מ",,,יח,1,,false,1,5.90,5.90,false,1,
7290016334647,false,סלק עלים תקומה,"בכורי השדה צפון1994 ג.ד. בע""מ",,,יח,1,,false,1,6.90,6.90,false,1,
7290016334654,false,תרד ניו זילנד,"בכורי השדה צפון1994 ג.ד. בע""מ",,,יח,1,,false,1,13.90,13.90,false,1,
7290016334784,false,ג`נג`ר ארוז,"בכורי השדה צפון1994 ג.ד. בע""מ",,,יח,1,,false,1,11.90,11.90,false,1,
7290016334814,false,חסה  סלנובה  רגיל,"בכורי השדה צפון1994 ג.ד. בע""מ",,,יח,1,,false,1,9.90,9.90,false,1,
7290016334890,false,עגבניה שרי   שוקולד,"בכורי השדה צפון1994 ג.ד. בע""מ",,,יח,1,,false,1,9.90,9.90,false,1,
7290016334975,false,אספרגוס  טרי,"בכורי השדה צפון1994 ג.ד. בע""מ",,,יח,1,,false,1,24.90,24.90,false,1,
7290016370096,false,זיתים מרוקאים A-2 יבנה,קבוצת יבנה מוצרי מזון,,,יח,5.40,ל 100 גרם,false,1,11.90,2.20,false,1,
7290016370270,false,Green pitted olives 15-17 jar 720,קבוצת יבנה מוצרי מזון,,,יח,5.60,ל 100 גרם,false,1,11.90,2.13,false,1,
7290016370317,false,Green pitted olives 15-17 jar 720,קבוצת יבנה מוצרי מזון,,,יח,5.60,ל 100 גרם,false,1,13.90,2.48,false,1,
7290016372342,false,עגבניות חתוכות לקוביות,תה ויסוצקי (ישראל)בעמ,,,יח,1.20,ל 100 גרם,false,1,16.90,14.08,false,1,
7290016372373,false,רסק עגבניות 135 גר` X2 יחידות,תה ויסוצקי (ישראל)בעמ,,,יח,2.70,ל 100 גרם,false,1,6.90,2.56,false,1,
7290016372397,false,תה ירוק  תפוז גינגר וכורכום,תה ויסוצקי (ישראל)בעמ,,,יח,0.3750,ל 100 גרם,false,1,22.90,61.07,true,1,
7290016373035,false,ליצי שלם מקולף 567 גר`,טעמן שיווק מזון בעמ,,,יח,4.25,ל 100 גרם,false,1,9.90,2.33,false,1,
7290016373639,false,פסים חמוצים בטעם  תפוח 180גר`,טעמן שיווק מזון בעמ,,,יח,1.80,ל 100 גרם,false,1,8.90,4.94,false,1,
7290016373806,false,"לקקן בד""צ  טופי טעם פירות",טעמן שיווק מזון בעמ,,,יח,5,ל 100 גרם,false,1,17.90,3.58,false,1,
7290016400038,false,תבניות ארוז  (R99)210 חמישיה שווה*,אופל אריזות בעמ,,,יח,1,יח,false,1,10.90,10.90,true,1,
7290016400205,false,"צלחות  100 יח גדול צבעוני""שווה  "" *",ווינפאק סחר בעמ,,,יח,1,יח,false,12,34.90,34.90,true,1,
7290016400243,false,מפיות נייר מעוטרות 20   יח`  שווה*,ווינפאק סחר בעמ,,,יח,20,יח,false,12,5.90,0.30,true,1,
7290016400281,false,"שיפודים 30 ס""מ 70 יח`שווה (50 בקרטון*",חביב את פרנק בעמ (לוגיסטי ),,,יח,1,למארז,false,1,2.90,2.90,false,1,
7290016400298,false,"שיפודים עבים 30 ס""מ 50  יח` שווה*",חביב את פרנק בעמ (לוגיסטי ),,,יח,1,למארז,false,1,3.90,3.90,false,1,
7290016400304,false,"שיפודים ענקיים  40ס""מ 25 יח`שווה*",חביב את פרנק בעמ (לוגיסטי ),,,יח,1,למארז,false,1,6.50,6.50,false,1,
7290016400649,false,רשת צלייה X6  (גדולה)   שווה*,צג`י פרפקט שירותי יבוא בעמ,,,יח,1,יח,false,1,14.90,14.90,false,1,
7290016400663,false,מלקחיים איכותיים לסלט  שווה*,צג`י פרפקט שירותי יבוא בעמ,,,יח,1,,false,1,5.30,5.30,false,1,
7290016400670,false,מלקחיים איכותיים למנגל שווה*,צג`י פרפקט שירותי יבוא בעמ,,,יח,1,יח,false,1,9.90,9.90,false,1,
7290016400731,false,מנגל  פח+ רשת 23/38 שווה (12 בקרטון)*,ווינפאק סחר בעמ,,,יח,1,,false,1,29.90,29.90,false,1,
7290016400762,false,מנגל נירוסטה ארוך שווה (4 בקרטון) *,GG.M ENTERPRISE,,,יח,1,יח,false,1,79.90,79.90,false,1,
7290016400786,false,מברשת ניקוי מנגל 3 פעולות  שווה*,צג`י פרפקט שירותי יבוא בעמ,,,יח,1,יח,false,1,17.90,17.90,false,1,
7290016400977,false,מפת פלנל  עם ראנר  שווה  **,ווינפאק סחר בעמ,,,יח,1,יח,false,1,6.90,6.90,true,1,
7290016401158,false,נודלס 200ג דקות שווה*,רוברטו פוד בעמ,,,יח,1,יח,false,1,4.90,4.90,true,1,
7290016401165,false,נודלס 200ג רחבות שווה*,רוברטו פוד בעמ,,,יח,1,יח,false,1,4.90,4.90,true,1,
7290016401172,false,נודלס 400ג דקות שווה*,רוברטו פוד בעמ,,,יח,1,יח,false,1,6.90,6.90,true,1,
7290016401196,false,"שמן קוקוס אורגני 500 מ""ל שווה*",רוברטו פוד בעמ,,,יח,5,"ל100 מ""ל",false,1,32.90,6.58,false,1,
7290016401615,false,מקל עץ הברגה 1.5 שווה*,ווינפאק סחר בעמ,,,יח,1,יח,false,30,5.90,5.90,false,1,
7290016401776,false,כוסות נייר 8B  שרוול שקוף חדש*,אפולו נציגויות בעמ,,,יח,50,יח,false,20,8.90,0.18,true,1,
7290016401806,false,תבניות לחלה עבות במיוחד *4 שווה*,אופל אריזות בעמ,,,יח,1,יח,false,1,8.90,8.90,true,1,
7290016401820,false,תבניות רוסטר עבות במיוחד *4 שווה*,אופל אריזות בעמ,,,יח,1,יח,false,1,8.90,8.90,true,1,
7290016401844,false,תבניות רוסטר גדול עבות במיוחד *2 שווה,אופל אריזות בעמ,,,יח,1,יח,false,1,8.90,8.90,true,1,
7290016401851,false,תבניות אובן עבות במיוחד *4 שווה,אופל אריזות בעמ,,,יח,1,יח,false,1,8.90,8.90,true,1,
7290016401875,false,תבניות רוסטר בינוני עבות במיוחד *3שווה,אופל אריזות בעמ,,,יח,1,יח,false,1,8.90,8.90,true,1,
7290016408133,false,טרטליני כעכים בטעם  בצל    225 ג,כרמית תעשיות ממתקים בעמ,,,יח,2.25,ל 100 גרם,false,1,6.90,3.07,false,1,
7290016408157,false,טרטליני כעכים עם קמח    225 ג,כרמית תעשיות ממתקים בעמ,,,יח,2.25,ל 100 גרם,false,1,6.90,3.07,false,1,
7290016416961,false,Chocolate covered by .dovos - Kapulski,קפולסקי אדל בעמ,,,יח,1,"לק""ג",false,1,39.90,39.90,false,1,
7290016489439,false,שקיות אשפה     100 יח`,טכנו שק בעמ,,,יח,1,למארז,false,1,9.90,9.90,false,1,
7290016489842,false,נייר לפיגרו רטרו 50 יח`,טכנו שק בעמ,,,יח,1,,false,1,10,10,false,1,
7290016509786,false,פרסיל ג`ל 2.5 ליטר ירוק,גורי שיווק בעמ,,,יח,0.25,"ל100 מ""ל",false,1,34.90,139.60,true,1,
7290016509793,false,פרסיל ג`ל 4  ליטר  ירוק,גורי שיווק בעמ,,,יח,0.40,"ל100 מ""ל",false,1,44.90,112.25,false,1,
7290016509809,false,פרסיל ג`ל 2.5 ליטר קולור,גורי שיווק בעמ,,,יח,0.25,"ל100 מ""ל",false,1,34.90,139.60,true,1,
7290016509830,false,פרסיל ג`ל 2.5 ליטר בייבי,גורי שיווק בעמ,,,יח,0.25,"ל100 מ""ל",false,1,34.90,139.60,true,1,
7290016509847,false,פרסיל ג`ל 2.5 ליטר בלאק,גורי שיווק בעמ,,,יח,0.25,"ל100 מ""ל",false,1,34.90,139.60,true,1,
7290016510096,false,שמפו הוואי  מי קוקוס,"הנקל סוד בע""מ",IL,,יח,7,"ל100 מ""ל",false,1,9.90,1.41,false,1,
7290016510102,false,מרכך הוואי  מי קוקוס,"הנקל סוד בע""מ",IL,,יח,7,"ל100 מ""ל",false,1,9.90,1.41,false,1,
7290016510430,false,הוואי  תחליב רחצה  שמני הזנה,"הנקל סוד בע""מ",IL,,יח,0.70,"ל100 מ""ל",false,1,13.90,19.86,false,1,
7290016510898,false,שמפו   הוואי יבש,"הנקל סוד בע""מ",IL,,יח,7,"ל100 מ""ל",false,1,9.90,1.41,false,1,
7290016510904,false,מרכך  הוואי יבש,"הנקל סוד בע""מ",IL,,יח,7,"ל100 מ""ל",false,1,9.90,1.41,false,1,
7290016564006,false,מבריקל הפלא(מארז  3 יחידות)*,"אלבגינו שיווק סחר בע""מ",,,יח,1,יח,false,1,9.90,9.90,false,1,
7290016564266,false,כיסוי הפלא מבריקל הפלא*,"אלבגינו שיווק סחר בע""מ",,,יח,1,יח,false,1,9.90,9.90,false,1,
7290016667042,false,קופסא  פסים זברה 20 יח`,נאמן לאורך זמן בעמ,,,יח,1,,false,1,9.90,9.90,false,1,
7290016667097,false,חטיף טורטיה  מלוח,נאמן לאורך זמן בעמ,,,יח,2.50,ל 100 גרם,false,1,8.90,3.56,false,1,
7290016667608,false,ביסקוויט סנדוויץ  וניל,נאמן לאורך זמן בעמ,,,יח,7.50,ל 100 גרם,false,1,14.90,1.99,false,1,
7290016682182,false,שייק תמר בננה מופחת סוכר 1 ליטר,פריניב תנובה,,,יח,1,לליטר,false,1,16.60,16.60,true,1,
7290016682199,false,שייק  תות  בננה מופחת סוכר 1 ליטר,פריניב תנובה,,,יח,1,לליטר,false,1,16.60,16.60,true,1,
7290016682347,false,מיץ תפוזים ולנסיה   2 ליטר,פריניב תנובה,,,יח,2,לליטר,false,1,25.90,12.80,true,1,
7290016682397,false,מיץ  חמוציות    2 ליטר,פריניב תנובה,,,יח,2,לליטר,false,1,25.90,12.80,true,1,
7290016682441,false,מיץ  תפוזים   1 ליטר,פריניב תנובה,,,יח,1,לליטר,false,1,12.90,12.90,false,1,
7290016693768,false,"בקבוק חו""ל תירוש 1 ליטר ארזה משולבת*",יקבי ארזה ת.ר.ז. בעמ,,,יח,1,לליטר,false,1,13.90,13.90,false,1,
7290016711417,false,דלי 12 ליטר בצבעים,י.סולומון חוויה שבכלי בעמ,,,יח,1,,false,1,12.90,12.90,false,1,
7290016717044,false,יין באזז מנגו כרמל,אגודת הכורמים בעמ,,,יח,7.50,"ל100 מ""ל",false,1,27.90,3.68,true,1,
7290016717099,false,סלקטד יין אדום  חצי  יבש,אגודת הכורמים בעמ,,,יח,7.50,"ל100 מ""ל",false,1,29.90,3.95,true,1,
7290016717631,false,מוסקטו P.C ש.,אגודת הכורמים בעמ,,,יח,7.50,"ל100 מ""ל",false,1,39.90,5.28,true,1,
7290016717754,false,ישן נושן כרמל,אגודת הכורמים בעמ,,,יח,7.50,"ל100 מ""ל",false,1,18.90,2.48,false,1,
7290016717976,false,יין באזז אפרסק כרמל,אגודת הכורמים בעמ,,,יח,7.50,"ל100 מ""ל",false,1,27.90,3.68,true,1,
7290016849349,false,"מארז 5  יח` מגש קרטון  26 ס""מ",טכנו שק בעמ,,,יח,1,,false,1,15.90,15.90,false,1,
7290016849356,false,"מארז 4  יח` מגש קרטון 30 ס""מ",טכנו שק בעמ,,,יח,1,,false,1,10.90,10.90,false,1,
7290016866643,false,"פרדונטקס  פרש   75 מ""ל",גורי ע.ע.ע בעמ,,,יח,0.75,"ל100 מ""ל",false,1,30.90,41.20,true,1,
7290016866650,false,"פרדונטקס  אורגינל  75 מ""ל",גורי ע.ע.ע בעמ,,,יח,0.75,"ל100 מ""ל",false,1,30.90,41.20,true,1,
7290016866674,false,"פרדונטקס מלבינה 75 מ""ל",גורי ע.ע.ע בעמ,,,יח,0.75,"ל100 מ""ל",false,1,30.90,41.20,true,1,
7290016867008,false,לחם כוסמין מחמצת,המאפה של דר מרק בריאות באפייה,,,יח,7,ל 100 גרם,false,1,17.90,2.56,false,1,
7290016867084,false,לחמניות  כוסמין מלא  בתוספת סיבים,המאפה של דר מרק בריאות באפייה,,,יח,4.50,ל 100 גרם,false,1,18.90,4.20,false,1,
7290016867091,false,פיתות   כוסמין מלא  בתוספת סיבים,המאפה של דר מרק בריאות באפייה,,,יח,3,ל 100 גרם,false,1,15.90,5.30,false,1,
7290016867114,false,לחם  קל כוסמין,המאפה של דר מרק בריאות באפייה,,,יח,7,ל 100 גרם,false,1,17.90,2.56,false,1,
7290016867138,false,לחמניות  קלות  כוסמין  5 יח`,המאפה של דר מרק בריאות באפייה,,,יח,3.30,ל 100 גרם,false,1,11.90,3.61,false,1,
7290016867145,false,פיתות קלות  קמח מלא,המאפה של דר מרק בריאות באפייה,,,יח,3.60,ל 100 גרם,false,1,13.90,3.86,false,1,
7290016867152,false,פיתות קלות כוסמין,המאפה של דר מרק בריאות באפייה,,,יח,2.92,ל 100 גרם,false,1,13.90,4.76,false,1,
7290016867176,false,לחמניות  קלות  כוסמין  שומשום,המאפה של דר מרק בריאות באפייה,,,יח,3,ל 100 גרם,false,1,13.90,4.63,false,1,
7290016912494,false,"אפקטיב קר  תרחיץ פנים 180 מ""ל","פישר  תעשיות פרמצביטות בע""מ",,,יח,1.80,"ל100 מ""ל",false,1,17.90,9.94,false,1,
7290016912500,false,"אפקטיב קר  תרחיץ פנים 180 מ""ל","פישר  תעשיות פרמצביטות בע""מ",,,יח,1.80,"ל100 מ""ל",false,1,17.90,9.94,false,1,
7290016912616,false,סרקל בלונד שמפו ליטר,"פישר  תעשיות פרמצביטות בע""מ",,,יח,3.25,"ל100 מ""ל",false,1,28.90,8.89,false,1,
7290016967074,false,לחם אנג`ל חיטה מלאה.,שלמה א.אנג ל בעמ,,,יח,7.50,יח,false,1,17.90,2.39,false,1,
7290016967456,false,1לחם  צרפתי 100% כוסמין,שלמה א.אנג ל בעמ,,,יח,0,ל 100 גרם,false,1,18.90,18.90,false,1,
7290016998184,false,עלי  חסה ערבית שטופים 250 גרק,"בכורי השדה צפון1994 ג.ד. בע""מ",,,יח,2.50,ל 100 גרם,false,1,9.90,3.96,false,1,
7290016998207,false,לקט קסם השדה 350  גרם,"בכורי השדה צפון1994 ג.ד. בע""מ",,,יח,3.50,ל 100 גרם,false,1,12.90,3.69,false,1,
7290016998245,false,מיקס שורשים 400 גרם,"בכורי השדה צפון1994 ג.ד. בע""מ",,,יח,4,ל 100 גרם,false,1,11.90,2.98,false,1,
7290016998269,false,לקט קולוסאו 400 גר`,"בכורי השדה צפון1994 ג.ד. בע""מ",,,יח,4,ל 100 גרם,false,1,9.90,2.48,false,1,
7290016998276,false,גזר חתוך דק 250גר,"בכורי השדה צפון1994 ג.ד. בע""מ",,,יח,2.50,ל 100 גרם,false,1,8.90,3.56,false,1,
7290016998320,false,לבבות קיסר,"בכורי השדה צפון1994 ג.ד. בע""מ",,,יח,2.50,ל 100 גרם,false,1,10.90,4.36,false,1,
7290017023212,false,שוופס רבעיית  פרות מוגז תפוח,יפאורה שותפות מוגבלת לשיווק,,,יח,1.32,"ל100 מ""ל",false,1,12.90,8.86,true,1,
7290017023229,false,שוופס רבעיית  פרות מוגז  תות ליים,יפאורה שותפות מוגבלת לשיווק,,,יח,1.32,"ל100 מ""ל",false,1,12.90,8.86,true,1,
7290017023236,false,שוופס רבעיית  פרות מוגז  ענב,יפאורה שותפות מוגבלת לשיווק,,,יח,1.32,"ל100 מ""ל",false,1,12.90,8.86,true,1,
7290017023809,false,ספרינג אגס סברס תפוח  רבעיה,יפאורה שותפות מוגבלת לשיווק,,,יח,10,"ל100 מ""ל",false,1,12.90,1.17,true,1,
7290017023816,false,ספרינג  פירות טרופיים  רבעיה,יפאורה שותפות מוגבלת לשיווק,,,יח,10,"ל100 מ""ל",false,1,12.90,1.17,true,1,
7290017023823,false,ספרינג תות בננה רבעיה,יפאורה שותפות מוגבלת לשיווק,,,יח,10,"ל100 מ""ל",false,1,12.90,1.17,true,1,
7290017023854,false,"שוופס  סודה  מארז רבעית  RC 330 מ""ל",יפאורה שותפות מוגבלת לשיווק,,,יח,1.32,"ל100 מ""ל",false,1,11.90,8.11,true,1,
7290017023861,false,"שוופס  סודה  לימון רבעית  RC 330 מ""ל",יפאורה שותפות מוגבלת לשיווק,,,יח,1.32,"ל100 מ""ל",false,1,11.90,8.11,true,1,
7290017023878,false,"שוופס  סודה נענע  רבעית  RC 330 מ""ל",יפאורה שותפות מוגבלת לשיווק,,,יח,1.32,"ל100 מ""ל",false,1,11.90,8.11,true,1,
7290017031705,false,"סנסודיין  הגנה מלאה 75 מ""ל",גורי ע.ע.ע בעמ,,,יח,0.75,ל 100 גרם,false,1,21.90,29.20,true,1,
7290017031859,false,"פרדונטקס  אורגינל  75 מ""ל",גורי ע.ע.ע בעמ,,,יח,0.75,"ל100 מ""ל",false,1,30.90,41.20,true,1,
7290017065137,false,ריקוטה למריחה 5% טבעית,מחלבות גד שיווק 1992 בעמ,,,יח,2,ל 100 גרם,false,1,9.90,4.95,false,1,
7290017065168,false,גבינה כחולה 100 גר`  גד,מחלבות גד שיווק 1992 בעמ,,,יח,1,ל 100 גרם,false,1,16.50,16.50,false,1,
7290017065175,false,גבינה מנצ`גו פרוסה 150 גד,מחלבות גד שיווק 1992 בעמ,,,יח,0.15,ל 100 גרם,false,1,19.90,132.67,false,1,
7290017065236,false,בולגרית מעודנת  24%  250,מחלבות גד שיווק 1992 בעמ,,,יח,2.50,ל 100 גרם,false,1,21.90,8.76,false,1,
7290017065441,false,פרוסות גאודה  עיזים  הולנדית,מחלבות גד שיווק 1992 בעמ,,,יח,2,ל 100 גרם,false,1,32.90,16.45,false,1,
7290017065663,false,פטה  עיזים  מעודנת 16%,מחלבות גד שיווק 1992 בעמ,,,יח,2.50,ל 100 גרם,false,1,29.90,11.96,false,1,
7290017065731,false,גבינת שמנת ניו יורק עם כמהין,מחלבות גד שיווק 1992 בעמ,,,יח,2,ל 100 גרם,false,1,13.90,6.95,false,1,
7290017068244,false,תמר מג`הול 350 גר`,מיה תעשיות מזון מ.ת.מ בעמ,,,יח,3.50,ל 100 גרם,false,1,14.90,4.26,false,1,
7290017068374,false,שמרים בוואקום 500 גר`,מיה תעשיות מזון מ.ת.מ בעמ,,,יח,5,ל 100 גרם,false,1,11.90,2.38,false,1,
7290017068398,false,"ריבת תות  370  גר`בד""ץ",מיה תעשיות מזון מ.ת.מ בעמ,,,יח,3.70,ל 100 גרם,false,1,8.90,2.41,false,1,
7290017068848,false,סוכריות  קישוט לעוגה צבעוני,מיה תעשיות מזון מ.ת.מ בעמ,,,יח,2,ל 100 גרם,false,1,8.90,4.45,false,1,
7290017068886,false,ג`לי דובונים 350גר`,מיה תעשיות מזון מ.ת.מ בעמ,,,יח,3.50,ל 100 גרם,false,1,14.90,4.26,true,1,
7290017068916,false,ג`לי  טבעות בציפוי סוכר    350גר`,מיה תעשיות מזון מ.ת.מ בעמ,,,יח,3.50,ל 100 גרם,false,1,14.90,4.26,true,1,
7290017068985,false,שיבולת שועל  מלאה עבה 500 גר`,מיה תעשיות מזון מ.ת.מ בעמ,,,יח,5,ל 100 גרם,false,1,9.90,1.98,true,1,
7290017079189,false,חתיכות אננס דק במיץ אננס 825  גר` טעמן,טעמן שיווק מזון בעמ,,,יח,8.25,ל 100 גרם,false,1,10.90,1.32,false,1,
7290017079813,false,שוקולד מריר  בודד 100 גר`,טעמן שיווק מזון בעמ,,,יח,1,ל 100 גרם,false,1,4.90,4.90,false,1,
7290017079967,false,"סדרינים בד""צ בשמן קנולה  טעמן",טעמן שיווק מזון בעמ,,,יח,1,ל 100 גרם,false,1,5.90,5.90,true,1,
7290017079974,false,"סדרינים בד""צ  פלפל חריף  טעמן",טעמן שיווק מזון בעמ,,,יח,1,ל 100 גרם,false,1,5.90,5.90,true,1,
7290017088068,false,בייביסטר  סטנדרט מידה 4 42 יח`,שקד תבל בעמ,,,יח,1,,false,1,34.90,34.90,true,1,
7290017088075,false,בייביסטר  סטנדרט מידה  +4 40 יח`,שקד תבל בעמ,,,יח,1,,false,1,34.90,34.90,true,1,
7290017088082,false,בייביסטר  סטנדרט מידה  5 36 יח`,שקד תבל בעמ,,,יח,1,,false,1,34.90,34.90,true,1,
7290017088099,false,בייביסטר  סטנדרט מידה 6  34 יח`,שקד תבל בעמ,,,יח,1,,false,1,34.90,34.90,true,1,
7290017088464,false,טופ פד סופגנית מקסי לונג 20 יח`,שקד תבל בעמ,,,יח,1,,false,1,19.90,19.90,false,1,
7290017088495,false,טופ פד  אקסטרא  20 יח`,שקד תבל בעמ,,,יח,1,,false,1,9.90,9.90,false,1,
7290017088693,false,קוויק מטליות לחות לניקוי וחיטוי,שקד תבל בעמ,,,יח,1,,false,1,11.90,11.90,true,1,
7290017094830,false,גזר ברוטב פיקנטי 400 אסלי,סלטי שמיר 2006 בעמ,,,יח,4,ל 100 גרם,false,1,14.90,3.73,true,1,
7290017094847,false,סלט תפוחי אדמה 400 אסלי,סלטי שמיר 2006 בעמ,,,יח,4,ל 100 גרם,false,1,10.90,2.73,true,1,
7290017094861,false,חומוס עם רוטב מסבחה 400 אסלי,סלטי שמיר 2006 בעמ,,,יח,4,ל 100 גרם,false,1,10.90,2.73,true,1,
7290017105048,false,טבעות זיתים שלישיה 200 גר`,זנלכל בעמ,,,יח,6,ל 100 גרם,false,1,13.90,2.32,false,1,
7290017105079,false,"שעועית אפויה""הקטניה   הטובה""",זנלכל בעמ,,,יח,1.05,ל 100 גרם,false,1,4.90,4.67,true,1,
7290017105116,false,"תורמוס   ""הקטניה   הטובה""",זנלכל בעמ,,,יח,1.05,ל 100 גרם,false,1,4.90,4.67,true,1,
7290017105123,false,"פול מצרי  ""הקטניה   הטובה""",זנלכל בעמ,,,יח,1.05,ל 100 גרם,false,1,4.90,4.67,true,1,
7290017105383,false,תירס קיד   שלישיה  יכין,זנלכל בעמ,,,יח,6,ל 100 גרם,false,1,14.90,2.48,false,1,
7290017105468,false,אפונה גינה קטנה שלישיה  יכין,זנלכל בעמ,,,יח,6,ל 100 גרם,false,1,14.90,2.48,false,1,
7290017105550,false,מאגדת *4רסק עגביות 100%,זנלכל בעמ,,,יח,4,ל 100 גרם,false,1,11.90,2.98,false,1,
7290017105895,false,חומוס גרגירים להכנת חומוס  מסעדות,זנלכל בעמ,,,יח,5.50,ל 100 גרם,false,1,8.90,1.62,true,1,
7290017121086,false,אריסה ביתית מתוקה   250 גר`,שטראוס גרופ בעמ (ח),,,יח,2.50,ל 100 גרם,false,1,12.90,5.16,false,1,
7290017121093,false,אריסה חריפה   250 גר`,שטראוס גרופ בעמ (ח),,,יח,2.50,ל 100 גרם,false,1,12.90,5.16,false,1,
7290017129495,false,אגו מיקס  כדורי תירס מצופים,כרמית תעשיות ממתקים בעמ,,,יח,0.55,ל 100 גרם,false,1,3.90,7.09,true,1,
7290017129754,false,"אגו שוקולד פרימיום 70% בד""צ",כרמית תעשיות ממתקים בעמ,,,יח,1,ל 100 גרם,false,1,7.90,7.90,false,1,
7290017129846,false,מיני קוקיס עוגיות וניל   600,כרמית תעשיות ממתקים בעמ,,,יח,7.50,ל 100 גרם,false,1,15.90,2.12,false,1,
7290017129884,false,"חמישית שוקולד מריר 60% בד|""צ",כרמית תעשיות ממתקים בעמ,,,יח,0.4250,ל 100 גרם,false,1,15.90,37.41,true,1,
7290017142111,false,פתיתי טונה TO GO בשמן זית 58 ג`עץ הזית,סוגת תעשיות בעמ,,,ל 100 גרם,0.85,ל 100 גרם,false,1,9.90,11.65,false,1,
7290017142128,false,"שמן זית קלאסי 750 מ""ל עץ הזית*",סוגת תעשיות בעמ,,,יח,7.50,"ל100 מ""ל",false,12,29.90,3.99,false,1,
7290017142159,false,נתחי טונה בהירה בשמן זית 3*80ג`*,סוגת תעשיות בעמ,,,ל 100 גרם,2.40,ל 100 גרם,false,1,23.90,9.96,false,1,
7290017142166,false,פילה טונה בשמן זית עץ הזית*,סוגת תעשיות בעמ,,,ל 100 גרם,1.20,ל 100 גרם,false,1,14.90,12.42,false,1,
7290017142180,false,פילה טונה בשמן זית לימון ופלפל שחור*,סוגת תעשיות בעמ,,,ל 100 גרם,1.20,ל 100 גרם,false,1,14.90,12.42,false,1,
7290017142203,false,פילה טונה בשמן זית מעושן עץ הזית*,סוגת תעשיות בעמ,,,ל 100 גרם,1.20,ל 100 גרם,false,1,14.90,12.42,false,1,
7290017142289,false,תרסיס חמניות מופחת קלוריות*,סוגת תעשיות בעמ,,,יח,2,ל 100 גרם,false,1,15.90,7.95,false,1,
7290017142340,false,שמן זרעי ענבים מזוכך 1 ליטר עץ הזית*,סוגת תעשיות בעמ,,,יח,10,"ל100 מ""ל",false,1,29.90,2.99,false,1,
7290017142371,false,"שמן שומשום  250 מ""ל עץ הזית*",סוגת תעשיות בעמ,,,יח,2.50,"ל100 מ""ל",false,1,29.90,11.96,false,1,
7290017142401,false,טונה TO GO קינואה לבנה ואדומה 160 ג`*,סוגת תעשיות בעמ,,,ל 100 גרם,1.60,ל 100 גרם,false,1,13.90,8.69,false,1,
7290017142418,false,טונה TO GO עם אורז ועדשים*,סוגת תעשיות בעמ,,,ל 100 גרם,1.60,ל 100 גרם,false,1,13.90,8.69,false,1,
7290017142456,false,נתחי טונה בהירה בשמן זית 2*160ג`*,סוגת תעשיות בעמ,,,ל 100 גרם,3.20,ל 100 גרם,false,1,19.90,6.22,false,1,
7290017142487,false,טונה TO GO בורגול וגרגרי חומוס*,סוגת תעשיות בעמ,,,ל 100 גרם,1.60,ל 100 גרם,false,1,13.90,8.69,false,1,
7290017153148,false,חלב  מרוכז פוליבה 300 גר`,לירון קרביץ יבוא שיווק וסחר,,,יח,3,ל 100 גרם,false,1,12.90,4.30,false,1,
7290017189253,false,קרפ אפוי  אפוי קפוא,קפוא זן תעשיות מזון בעמ,,,יח,6,ל 100 גרם,false,1,20.90,3.48,false,1,
7290017197029,false,אל סבון מאסק לבן 1 ליטר,פארמה דיל שיווק והפצה בעמ,,,יח,1,לליטר,false,1,10.90,10.90,false,1,
7290017197036,false,אל סבון מלון פפאיה כתום  לבן 1 ליטר,פארמה דיל שיווק והפצה בעמ,,,יח,1,לליטר,false,1,8.90,8.90,false,1,
7290017266046,false,וופל קראנץ 30 יח בשקית  גילרו*,א.ג גילרו בעמ,,,יח,30,יח,false,1,12.90,0.43,false,1,
7290017266060,false,ופל שוקו קראנץ ללא סוכר 175גרם גילרו*,א.ג גילרו בעמ,,,יח,1,ל 100 גרם,false,1,5.90,5.90,false,1,
7290017266312,false,ופל AIR שוקו 150 גרם גילרו*,א.ג גילרו בעמ,,,יח,1.50,ל 100 גרם,false,1,2.90,1.93,true,1,
7290017266343,false,ופל בטעם שוקו 150 גרם גילרו*,א.ג גילרו בעמ,,,יח,1.50,ל 100 גרם,false,1,2.90,1.93,true,1,
7290017266909,false,וופל SUN  שוקו 200 ג`*,א.ג גילרו בעמ,,,יח,2,ל 100 גרם,false,1,3.90,1.95,true,1,
7290017266916,false,וופל SUN  לימון 200 ג`*,א.ג גילרו בעמ,,,יח,2,ל 100 גרם,false,1,2.90,1.45,true,1,
7290017275338,false,טחינה גולמית 500 טורקיז אחווה*,אחדות בעמ,,,יח,1,,false,1,10.90,10.90,false,1,
7290017275345,false,טחינה גולמית בקבוק לחיץ 350 ג`אחווה,אחדות בעמ,,,יח,3,"לק""ג",false,1,8.90,2.97,false,1,
7290017275741,false,חלבה אגוזי לוז 400ג אחוה*,אחדות בעמ,,,יח,4,ל 100 גרם,false,1,11.90,2.98,false,1,
7290017289090,false,קברנה  סובניון  ממלכת יהודה,יקב טפרברג 1870,,,יח,7.50,"ל100 מ""ל",false,1,22.90,3.01,true,1,
7290017289168,false,אדום יבש ישראלי אפרת,יקב טפרברג 1870,,,יח,7.50,"ל100 מ""ל",false,1,21.90,2.88,true,1,
7290017289199,false,יין לבן  יבש  ישראלי אפרת,יקב טפרברג 1870,,,יח,7.50,"ל100 מ""ל",false,1,21.90,2.88,true,1,
7290017297149,false,Hummus A-2 Rabbinate expired - Pry Galil,ויטה-פרי גליל (החדשה) בעמ,,,יח,5.50,ל 100 גרם,false,1,6.90,1.25,true,1,
7290017297187,false,לקט  ירקות  להקפצה 800 גר`,ויטה-פרי גליל (החדשה) בעמ,,,יח,8,ל 100 גרם,false,1,15.90,1.99,false,1,
7290017297224,false,שעועית אדומה   800 גר`,ויטה-פרי גליל (החדשה) בעמ,,,יח,8,ל 100 גרם,false,1,11.90,1.49,false,1,
7290017297637,false,Goa sauce Vita A-2 December - NEW - Vita,ויטה-פרי גליל (החדשה) בעמ,,,יח,5.80,ל 100 גרם,false,1,6.50,1.12,false,1,
7290017297644,false,Broccoli 800 expired - Pry Galilee,ויטה-פרי גליל (החדשה) בעמ,,,יח,8,ל 100 גרם,false,1,13.90,1.74,false,1,
7290017304885,false,אנג`ל שיפון וחיטה מלאה,שלמה א.אנג ל בעמ,,,יח,5,ל 100 גרם,false,1,17.90,3.58,false,1,
7290017440309,false,"שמפו קידס 750 מ""ל","פישר  תעשיות פרמצביטות בע""מ",,,יח,7.50,"ל100 מ""ל",false,1,16.90,2.25,false,1,
7290017440804,false,מסיכת הזנה לשיער כסוף,"פישר  תעשיות פרמצביטות בע""מ",,,יח,10,"ל100 מ""ל",false,1,39.90,3.99,false,1,
7290017457598,false,"סוד מרכך מרוכז   900 מ""ל",גורי שיווק בעמ,,,יח,9,"ל100 מ""ל",false,1,11.90,1.32,false,1,
7290017504018,false,פטריות  זוגות,"בכורי השדה צפון1994 ג.ד. בע""מ",,,יח,1,,false,1,18.90,18.90,false,1,
7290017504025,false,פטריות  פורטבלה,"בכורי השדה צפון1994 ג.ד. בע""מ",,,יח,1,,false,1,11.90,11.90,false,1,
7290017504032,false,פטריות  מדבר הפטריות,"בכורי השדה צפון1994 ג.ד. בע""מ",,,יח,1,,false,1,18.90,18.90,false,1,
7290017513775,false,פליפז- בייגלה  מצופה  שוקולד חלב  140,תה ויסוצקי (ישראל)בעמ,,,יח,1.40,ל 100 גרם,false,1,8.90,6.36,true,1,
7290017516295,false,פרוטאין אגוזי לוז שוקולד 60 גר,י.איטליאנו אחזקות בעמ,,,יח,0.60,"ל100 מ""ל",false,1,10.90,18.17,false,1,
7290017516318,false,פרוטאין שוקולד 60 גר,י.איטליאנו אחזקות בעמ,,,יח,0.60,"ל100 מ""ל",false,1,10.90,18.17,false,1,
7290017516332,false,פרוטאין חמאת בוטנים 60 גד`,י.איטליאנו אחזקות בעמ,,,יח,0.60,"ל100 מ""ל",false,1,10.90,18.17,false,1,
7290017589565,false,קלאסיק קוורץ,טמפו משקאות בעמ,,,יח,7.50,"ל100 מ""ל",false,1,32.90,4.35,true,1,
7290017599236,false,סטוויה  פטנט 200,שטראוס גרופ בעמ,,,יח,0.3650,ל 100 גרם,false,1,23.90,65.48,false,1,
7290017599250,false,סוכרזית  קלאסי   120 שקיות,שטראוס גרופ בעמ,,,יח,1.20,ל 100 גרם,false,1,16.90,14.08,false,1,
7290017599267,false,סוכרזית  סוכרלוז 120 שקיות,שטראוס גרופ בעמ,,,יח,1.20,ל 100 גרם,false,1,24.90,20.75,false,1,
7290017615882,false,סטייק  טונה קפוא,ג.עופר ייצור ושיווק בשר בעמ,,,"לק""ג",10,ל 100 גרם,true,1,41.90,4.19,false,1,
7290017617268,false,BLUE BAND WITHOUT SALT 60X200,דיפלומט מפיצים #,,,יח,2,ל 100 גרם,false,1,17.90,8.95,false,1,
7290017617428,false,סאטרכיסט מיקס סלמון עם  פסטה ורוטב,דיפלומט מפיצים {1968}בעמ,,,יח,1.60,ל 100 גרם,false,1,14.90,9.31,false,1,
7290017641096,false,שוקולד  פרימיום 70% ללא סוכר,כרמית תעשיות ממתקים בעמ,,,יח,1,ל 100 גרם,false,1,8.90,8.90,false,1,
7290017641102,false,שוקולד  פרימיום 70% ללא סוכר  תפוז,כרמית תעשיות ממתקים בעמ,,,יח,1,ל 100 גרם,false,1,8.90,8.90,false,1,
7290017641379,false,"חמישית שוקולד  חלב  בד""צ",כרמית תעשיות ממתקים בעמ,,,יח,0.4250,ל 100 גרם,false,1,15.90,37.41,true,1,
7290017641720,false,אגו  שוקולד 70% שברי שקד,כרמית תעשיות ממתקים בעמ,,,יח,1,ל 100 גרם,false,1,7.90,7.90,false,1,
7290017641737,false,אגו  שוקולד 70% שברי אגוז,כרמית תעשיות ממתקים בעמ,,,יח,1,ל 100 גרם,false,1,7.90,7.90,false,1,
7290017641744,false,"איגלו  סטיקס 800 מ""ל ללא חומר משמר",כרמית תעשיות ממתקים בעמ,,,יח,8,"ל100 מ""ל",false,1,5.90,0.74,false,1,
7290017647548,false,ירדן מרלו עברית  *18,היכל היין שקד גולן בעמ,,,יח,7.50,"ל100 מ""ל",false,1,113.20,15.05,false,1,
7290017682044,false,סט שירותים דנבר,מ.א ייצור ויבו*מטליות בעמ,,,יח,1,יח,false,1,17.90,17.90,false,1,
7290017682617,false,"מגב  עם תופסן  40ס""מ",מ.א ייצור ויבו*מטליות בעמ,,,יח,1,יח,false,1,12.90,12.90,false,1,
7290017682624,false,"מגב  עם תופסן   50ס""מ",מ.א ייצור ויבו*מטליות בעמ,,,יח,1,יח,false,1,14.90,14.90,false,1,
7290017682631,false,"מגב  עם תופסן 60 ס""מ",מ.א ייצור ויבו*מטליות בעמ,,,יח,1,יח,false,1,16.90,16.90,false,1,
7290017724003,false,גריסיני   אקלר,הלל בן הלל שיווק וסחר בעמ,,,יח,2.50,יח,false,1,23.90,9.56,false,1,
7290017812052,false,אקסלנס שיראז קברנה סובניון,אגודת הכורמים בעמ,,,יח,7.50,"ל100 מ""ל",false,1,25.90,3.41,true,1,
7290017812069,false,אקסלנס  ריזלינג שרדונה,אגודת הכורמים בעמ,,,יח,7.50,"ל100 מ""ל",false,1,25.90,3.41,true,1,
7290017812373,false,"שרדונה 375PC  מ""ל",אגודת הכורמים בעמ,,,יח,3.75,"ל100 מ""ל",false,1,16.90,4.43,false,1,
7290017812571,false,תירוש כרמל 1 ליטר ק,אגודת הכורמים בעמ,,,יח,10,"ל100 מ""ל",false,1,19.80,1.95,true,1,
7290017812588,false,תירוש לבן ליטר,אגודת הכורמים בעמ,,,יח,10,"ל100 מ""ל",false,1,19.80,1.95,true,1,
7290017812618,false,תירוש  רוזה כרמל 1 ליטר ק,אגודת הכורמים בעמ,,,יח,10,"ל100 מ""ל",false,1,19.80,1.95,true,1,
7290017812663,false,תירוש מבעבע  לבן,אגודת הכורמים בעמ,,,יח,7.50,"ל100 מ""ל",false,1,19.90,2.61,false,1,
7290017812830,false,קברנה סובניון P.C,אגודת הכורמים בעמ,,,יח,7.50,"ל100 מ""ל",false,1,39.90,5.28,true,1,
7290017812847,false,סלקטד גוורצטרמינר,אגודת הכורמים בעמ,,,יח,7.50,"ל100 מ""ל",false,1,29.90,3.95,true,1,
7290017812861,false,יין לבן  וינו,אגודת הכורמים בעמ,,,יח,7.50,"ל100 מ""ל",false,1,19.90,2.61,false,1,
7290017841205,false,"חושן כפות הגשה  2 יח  ""שווה""  *",ווינפאק סחר בעמ,,,יח,2,יח,false,1,2.90,1.45,false,1,
7290017841212,false,"חושן מזלגות הגשה  2 יח  ""שווה"" *",ווינפאק סחר בעמ,,,יח,2,יח,false,50,2.90,1.45,false,1,
7290017841267,false,"צלחת קטן 1 ק""ג (132  יח`) שווה*",ווינפאק סחר בעמ,,,יח,1,יח,false,12,34.90,34.90,true,1,
7290017841281,false,מזלגות חושן (וינט`ז) 10יח  שווה *,ווינפאק סחר בעמ,,,יח,10,למארז,false,1,4.90,0.49,true,1,
7290017841298,false,כפות חושן (וינט`ז) 10יח  שווה  *,ווינפאק סחר בעמ,,,יח,10,למארז,false,1,4.90,0.49,true,1,
7290017841304,false,סכינים חושן (וינט`ז) 10יח  שווה *,ווינפאק סחר בעמ,,,יח,10,למארז,false,1,4.90,0.49,true,1,
7290017841311,false,כפיות  חושן(וינט`ז) 10יח   שווה*,ווינפאק סחר בעמ,,,יח,10,למארז,false,1,3.90,0.39,false,1,
7290017841335,false,מיני מזלגות חושן  (וינט`ז) 20יח שווה,ווינפאק סחר בעמ,,,יח,20,למארז,false,1,2.90,0.15,false,1,
7290017841458,false,"שמן חמניות 900 מ""ל   שווה *",GRADOIL REFINERY,,,יח,0.90,לליטר,false,15,9.90,11,false,1,
7290017841496,false,7day memorial candle,ווינפאק סחר בעמ,,,יח,1,יח,false,1,19.90,19.90,false,1,
7290017841540,false,תבניות נייר אינגליש מעוטרות 3יח שווה ח,ווינפאק סחר בעמ,,,יח,3,יח,false,24,6.90,2.30,false,1,
7290017841557,false,תבניות נייר מלבניות מעוטרות 3יח שווה ח,ווינפאק סחר בעמ,,,יח,1,למארז,false,24,6.90,6.90,false,1,
7290017841625,false,מטליות מיקרופיבר אנטיבקטריאלי לרצפה *2,HUBEI G YOUNG CO LTD,,,יח,2,יח,false,24,15.90,7.95,true,1,
7290017841632,false,מטליות מיקרופיבר אנטיבקטריאלי כללי 10*,HUBEI G YOUNG CO LTD,,,יח,10,למארז,false,24,16.90,1.69,true,1,
7290017841649,false,מארז חג מטליות מיקרופייבר שווה *,HUBEI G YOUNG CO LTD,,,יח,13,למארז,false,1,19.90,1.53,true,1,
7290017841670,false,ספוג  הפלא* 6 איכותי שווה* (24 בקר`).,גראנד אנגל בעמ,,,יח,1,למארז,false,1,8.90,8.90,false,1,
7290017841687,false,ספוג הפלא בלוק איכותי שווה* (24 בקר`),גראנד אנגל בעמ,,,יח,1,למארז,false,1,4.90,4.90,false,1,
7290017841731,false,מטליות מיקרופייבר גדולות במיוחד *2 שוו,HUBEI G YOUNG CO LTD,,,יח,2,יח,false,1,15.90,7.95,false,1,
7290017841779,false,"חומץ בלסמי 6% 500 מ""ל בד""ץ  שווה*",פרידמן תעשיות חומץ ומזון בעמ,,,יח,0.50,לליטר,false,1,17.90,35.80,false,1,
7290017842110,false,"שקיות נייר   מאוירות""שווה"" 50  יחידות*",ווינפאק סחר בעמ,,,יח,50,יח,false,24,7.90,0.16,false,1,
7290017842127,false,"ניירות  סנדויץ` מאוירים  ""שווה"" 100 יח",ווינפאק סחר בעמ,,,יח,100,יח,false,1,8.90,0.09,false,1,
7290017842141,false,נייר אפיה אקולוגי 40יח  שווה*,ALEURO CONVERTING SP,,,יח,1,למארז,false,1,7.90,7.90,false,1,
7290017842240,false,אנשובי ארוך פח בשמן זית  שווה*,רוברטו פוד בעמ,,,יח,0.46,ל 100 גרם,false,1,5.50,11.96,false,1,
7290017842257,false,אנשובי ארוך פח פלפל צ`ילי שווה*,רוברטו פוד בעמ,,,יח,0.46,ל 100 גרם,false,1,4.90,10.65,false,1,
7290017842424,false,סילאן 100% טבעי 700 גר` צנצנת שווה*,AL BARAKAH DATES,,,יח,7,ל 100 גרם,false,1,16.90,2.41,true,1,
7290017842431,false,סילאן לחיץ 100% טבעי 470גר` שווה*,AL BARAKAH DATES,,,יח,4.70,ל 100 גרם,false,1,13.90,2.96,true,1,
7290017842448,false,"אננס שלם 227 ג  ""שווה"" *",TAKERNG PINEAPPLE INDUSTRIAL,,,יח,2.27,ל 100 גרם,false,24,3.90,1.72,false,1,
7290017842455,false,קוקטייל פירות A2   שווה* (24 בקרטון),Kuiburi Fruit Canning CO LTD,,,יח,5.65,ל 100 גרם,false,24,7.90,1.40,false,1,
7290017842493,false,"תירס גמדי 425 גרם ""שווה"" *",THE PEACE CANNING (1958) CO,,,יח,4.25,ל 100 גרם,false,1,7.90,1.86,true,1,
7290017842523,false,שקיות רב שימושיות זיפר גדולות 20 יח שו,ווינפאק סחר בעמ,,,יח,200,יח,false,1,8.90,0.04,false,1,
7290017842530,false,"שקיות אוכל  ריץ` רץ`קטנות 15 יח`""שווה",ווינפאק סחר בעמ,,,יח,200,יח,false,1,6.90,0.03,false,1,
7290017842578,false,"חמאת בוטנים בד""צ 510  טבעית ""שווה""",NIZA S.A AGRENTINA,,,יח,5.10,ל 100 גרם,false,1,9.90,1.94,true,1,
7290017842615,false,disposable plastic 180cc celar cup,ווינפאק סחר בעמ,,,יח,50,יח,false,1,13.90,0.28,true,1,
7290017842622,false,disposable plastic 180cc celar cup,ווינפאק סחר בעמ,,,יח,50,יח,false,1,19.90,0.40,false,1,
7290017842646,false,disposable plastic 180cc celar cup,ווינפאק סחר בעמ,,,יח,50,יח,false,1,13.90,0.28,true,1,
7290017842745,false,disposable plastic 180cc celar cup,ווינפאק סחר בעמ,,,יח,20,יח,false,1,8.90,0.45,true,1,
7290017842752,false,disposable plastic 180cc celar cup,ווינפאק סחר בעמ,,,יח,50,יח,false,1,13.90,0.28,true,1,
7290017842776,false,disposable plastic 180cc celar cup,ווינפאק סחר בעמ,,,יח,20,יח,false,1,13.90,0.70,true,1,
7290017842783,false,disposable plastic 180cc celar cup,ווינפאק סחר בעמ,,,יח,20,יח,false,1,8.90,0.45,true,1,
7290017842882,false,חדש מגשים מרובע גדול מעלי דקל 3יח שווה,ווינפאק סחר בעמ,,,יח,3,יח,false,1,10.90,3.63,true,1,
7290017845029,false,פטריות  צמד  משפחתי(מוגו),"בכורי השדה צפון1994 ג.ד. בע""מ",,,יח,1,,false,1,18.90,18.90,false,1,
7290017845043,false,פטריות  חצי חצי  (מוגו),"בכורי השדה צפון1994 ג.ד. בע""מ",,,יח,1,,false,1,18.90,18.90,false,1,
7290017845074,false,פטריות שמפיניון  XL  מוגו,"בכורי השדה צפון1994 ג.ד. בע""מ",,,יח,1,,false,1,18.90,18.90,false,1,
7290017845203,false,פטריות שמפיניון מוגו,"בכורי השדה צפון1994 ג.ד. בע""מ",,,יח,1,,false,1,11.90,11.90,false,1,
7290017864259,false,בזיליקום-תקומה 100 גרם,"בכורי השדה צפון1994 ג.ד. בע""מ",,,יח,1,,false,1,9.90,9.90,false,1,
7290017864471,false,ביבי מיקס תקומה 250 גרם,"בכורי השדה צפון1994 ג.ד. בע""מ",,,יח,10,ל 100 גרם,false,1,14.90,1.49,false,1,
7290017864549,false,בייבי רוקלה 250 גר`,"בכורי השדה צפון1994 ג.ד. בע""מ",,,יח,1,,false,1,14.90,14.90,false,1,
7290017864594,false,שיני שום צנצנת,"בכורי השדה צפון1994 ג.ד. בע""מ",,,יח,1,,false,1,11.90,11.90,false,1,
7290017871363,false,פמלי יהלום סבון ידיים מקדמיה,"דנשר (1963) בע,מ",,,יח,5,"ל100 מ""ל",false,1,9.90,1.98,false,1,
7290017871370,false,פמלי יהלום סבון ידיים אבוקדו,"דנשר (1963) בע,מ",,,יח,5,"ל100 מ""ל",false,1,9.90,1.98,false,1,
7290017871950,false,פרש וואנס  מגבוני  טולאט שלשיה לילדים,"דנשר (1963) בע,מ",,,יח,4,למארז,false,1,12.90,3.23,false,1,
7290017871998,false,פודינג אינסטנט טעם וניל 30 גר`,"דנשר (1963) בע,מ",,,יח,0.25,ל 100 גרם,false,1,10.90,43.60,false,1,
7290017872001,false,קרם החתלה פרשוונזשמן זית,"דנשר (1963) בע,מ",,,יח,1,ל 100 גרם,false,1,12.90,12.90,true,1,
7290017872018,false,קרם החתלה פרשווס  קמומיל,"דנשר (1963) בע,מ",,,יח,1,ל 100 גרם,false,1,12.90,12.90,true,1,
7290017872063,false,פמלי שלישית אל סבון  ארומתרפי,"דנשר (1963) בע,מ",,,יח,1.50,לליטר,false,1,14.90,9.93,false,1,
7290017872162,false,טוסו עוגיות אגוזי לוז,"דנשר (1963) בע,מ",,,יח,2,ל 100 גרם,false,1,14.90,7.45,false,1,
7290017872193,false,מרמולייט עוגיות  שקדים וקינמון,"דנשר (1963) בע,מ",,,יח,2,ל 100 גרם,false,1,14.90,7.45,false,1,
7290017872667,false,פמלי יהלום סבון ידיים  ש. קמומיל,"דנשר (1963) בע,מ",,,יח,5,"ל100 מ""ל",false,1,9.90,1.98,false,1,
7290017872872,false,בייביבס  חטיפי דגנים לתינוק,"דנשר (1963) בע,מ",,,יח,0.50,ל 100 גרם,false,1,13.90,27.80,false,1,
7290017872957,false,אדג  מכשיר גילוח רב  פעמי+ 3 סכינים,"דנשר (1963) בע,מ",,,יח,0,יח,false,1,66.90,66.90,true,1,
7290017872964,false,אדג  מכשיר גילוח רב  פעמי+ 3 סכינים,"דנשר (1963) בע,מ",,,יח,0,יח,false,1,66.90,66.90,true,1,
7290017872971,false,אדג  4 סכיני גילוח  לעור רגיש,"דנשר (1963) בע,מ",,,יח,0,יח,false,1,46.90,46.90,true,1,
7290017872988,false,אדג  4 סכיני גילוח לחות מוגברת,"דנשר (1963) בע,מ",,,יח,0,יח,false,1,46.90,46.90,true,1,
7290017888026,false,"פרוט  תפוח אננס גזר 350  מ""ל",יפאורה שותפות מוגבלת לשיווק,,,יח,3.50,יח,false,1,6.90,1.89,false,1,
7290017888095,false,רבעיית שוופס רבעיות מוגז פירות יער,יפאורה שותפות מוגבלת לשיווק,,,יח,1.32,"ל100 מ""ל",false,1,12.90,8.86,true,1,
7290017888101,false,רבעיית שוופס רבעיות מוגז אפרס`,יפאורה שותפות מוגבלת לשיווק,,,יח,1.32,"ל100 מ""ל",false,1,12.90,8.86,true,1,
7290017888644,false,"פרוט  אננס בננה כורכום  350  מ""ל",יפאורה שותפות מוגבלת לשיווק,,,יח,3.50,יח,false,1,6.90,1.89,false,1,
7290017888972,false,מי עדן  1 ליטר  ספורט בודד,יפאורה שותפות מוגבלת לשיווק,,,יח,1,"ל100 מ""ל",false,1,3.80,3.80,false,1,
7290017894034,false,דגש פתיתי שיבולת שועל מלאה,נטורפוד בעמ,,,יח,5,ל 100 גרם,false,1,17.90,3.58,false,1,
7290017894218,false,גרנולה שיבלת שועל עם פירות ואגוזים,נטורפוד בעמ,,,יח,2.50,ל 100 גרם,false,1,17.90,7.16,false,1,
7290017907239,false,תערובת תמי לעוגת שוקולד ללא גלוטן 450,י.איטליאנו אחזקות בעמ,,,יח,4.50,ל 100 גרם,false,1,18.90,4.20,false,1,
7290017907253,false,פתיתים ללא גלוטן 300 גר`,י.איטליאנו אחזקות בעמ,,,יח,3,ל 100 גרם,false,1,15.90,5.30,false,1,
7290017917283,false,רבעית מגבוני קמיל בלו  ללא בישום,"פישר  תעשיות פרמצביטות בע""מ",,,יח,10,"ל100 מ""ל",false,1,19.90,1.99,false,1,
7290017917467,false,קמיל בלו אל סבון  שיבולת שועל,"פישר  תעשיות פרמצביטות בע""מ",,,יח,10,"ל100 מ""ל",false,1,29.90,2.99,true,1,
7290017928036,false,מאיר בייגל  מקלות  שומשוםגריסיני  בייט,"דנשר (1963) בע,מ",,,יח,1.75,ל 100 גרם,false,1,11.90,6.80,true,1,
7290017928043,false,מאיר בייגל גריסיני קראנץ,"דנשר (1963) בע,מ",,,יח,1.75,ל 100 גרם,false,1,11.90,6.80,true,1,
7290017928098,false,מאיר בייגל שטוחלה מלח 400 גר`,"דנשר (1963) בע,מ",,,יח,4,ל 100 גרם,false,1,10.90,2.73,true,1,
7290017928128,false,מאיר בייגל  מקלות מלח 400 גר,"דנשר (1963) בע,מ",,,יח,3.30,ל 100 גרם,false,1,10.90,3.30,true,1,
7290017928210,false,מאיר בייגל בייגלה שומשום,"דנשר (1963) בע,מ",,,יח,2.50,ל 100 גרם,false,1,10.90,4.36,true,1,
7290017928227,false,מאיר בייגל שטוחלה  פינוקים  300 גר`,"דנשר (1963) בע,מ",,,יח,3,ל 100 גרם,false,1,10.90,3.63,true,1,
7290017928609,false,מאיר בייגל טבעות שומשום,"דנשר (1963) בע,מ",,,יח,3,ל 100 גרם,false,1,10.90,3.63,true,1,
7290017928616,false,מאיר בייגל שטוחלה שומשום  300 גר`,"דנשר (1963) בע,מ",,,יח,3,ל 100 גרם,false,1,10.90,3.63,true,1,
7290017928661,false,סמאש שבורים בטעם  צ`דר,"דנשר (1963) בע,מ",,,יח,3,ל 100 גרם,false,1,9.90,3.30,false,1,
7290017928685,false,מאיר בייגל שמניות מלח 400 גר`,"דנשר (1963) בע,מ",,,יח,4,ל 100 גרם,false,1,10.90,2.73,true,1,
7290017928807,false,מאיר בייגל אצבעות שומשום,"דנשר (1963) בע,מ",,,יח,3,ל 100 גרם,false,1,10.90,3.63,true,1,
7290017928821,false,מאיר בייגל  מקלות גריסיני  בייטס,"דנשר (1963) בע,מ",,,יח,1.75,ל 100 גרם,false,1,11.90,6.80,true,1,
7290017946474,false,הוואי  גל  רחצה  פולינזה,"הנקל סוד בע""מ",IL,,יח,0.70,"ל100 מ""ל",false,1,13.90,19.86,false,1,
7290017947105,false,לחם אנג`ל בסגנון אמריקה,שלמה א.אנג ל בעמ,,,יח,7.50,יח,false,1,15.90,2.12,false,1,
7290017947464,false,פיתות  כוסמין אנג`ל שמנייה,שלמה א.אנג ל בעמ,,,יח,4,ל 100 גרם,false,1,16.90,4.23,true,1,
7290017947495,false,לחמניות   כוסמין שישיה  אנג`ל,שלמה א.אנג ל בעמ,,,יח,4.50,ל 100 גרם,false,1,16.90,3.76,false,1,
7290017947891,false,לחם אנג`ל חיטה מלאה וכוסמין,שלמה א.אנג ל בעמ,,,יח,7.50,ל 100 גרם,false,1,17.90,2.39,false,1,
7290017947921,false,6 לחמניות  המבורגר אנגל.,שלמה א.אנג ל בעמ,,,יח,4.50,ל 100 גרם,false,1,15.90,3.53,false,1,
7290017947938,false,לחמניות אמריקה מיני המבורגר 8 אנג`ל,שלמה א.אנג ל בעמ,,,יח,4,ל 100 גרם,false,1,15.90,3.98,false,1,
7290017974002,false,רביולי 4 גבינות   450 גר`,נטו מילנדה סחר בעמ*,,,יח,4.50,ל 100 גרם,false,1,24.90,5.53,false,1,
7290018091029,false,מקלות פילו  תפוחי אדמה,תנובה ענף ב.ע.ד,,,ל 100 גרם,4.50,ל 100 גרם,false,1,17.90,3.98,false,1,
7290018091074,false,בצק עוגיות שוקולד,תנובה ענף ב.ע.ד,,,ל 100 גרם,10.80,ל 100 גרם,false,1,16.90,1.56,false,1,
7290018091272,false,בצק עוגיות טריפל,תנובה ענף ב.ע.ד,,,ל 100 גרם,10.80,ל 100 גרם,false,1,16.90,1.56,false,1,
7290018091470,false,גלילת ביסקויטים,תנובה ענף ב.ע.ד,,,ל 100 גרם,10.80,ל 100 גרם,false,1,16.90,1.56,false,1,
7290018091616,false,מקלות פילו גבינה,תנובה ענף ב.ע.ד,,,ל 100 גרם,4.50,ל 100 גרם,false,1,17.90,3.98,false,1,
7290018091838,false,חטיפי פילאס גבינה 600 גר`,תנובה ענף ב.ע.ד,,,יח,6,ל 100 גרם,false,1,19.90,3.32,false,1,
7290018194201,false,"סודה  ספארק  לימון 250 מ""ל  בודד",בני פוזי שמשום בעמ,,,יח,2.50,"ל100 מ""ל",false,1,2.50,0.88,true,1,
7290018194218,false,"סודה  ספארק  נענע ליים  250 מ""ל  בודד",בני פוזי שמשום בעמ,,,יח,2.50,"ל100 מ""ל",false,1,2.50,0.88,true,1,
7290018194225,false,"סודה  ספארק 250 מ""ל  בודד",בני פוזי שמשום בעמ,,,יח,2.50,"ל100 מ""ל",false,1,2.50,0.88,true,1,
7290018195048,false,"חתיכות אננס  בסירופ קל 850 בד""צ",טעמן שיווק מזון בעמ,,,יח,8.50,ל 100 גרם,false,1,10.90,1.28,false,1,
7290018195321,false,חמשית שוקולד זהב מריר  מעולה,טעמן שיווק מזון בעמ,,,יח,5,ל 100 גרם,false,1,25.90,5.18,false,1,
7290018198056,false,"תפוגן קוביות תפוחי אדמה  1.5 ק""ג",קבוצת אוסם סחר שותפות מוגבלת,,,יח,15,ל 100 גרם,false,1,25.90,1.73,false,1,
7290018198209,false,ציפס  בטטה קרנצ`י 500 גר`,קבוצת אוסם סחר שותפות מוגבלת,,,יח,5,ל 100 גרם,false,1,21.90,4.38,false,1,
7290018198254,false,תפוגן קריספי  צ`יפס קלאסי 1.25,קבוצת אוסם סחר שותפות מוגבלת,,,יח,1.25,ל 100 גרם,false,1,25.90,20.72,false,1,
7290018198384,false,ציפס  קריספי פרוסות 1.25,קבוצת אוסם סחר שותפות מוגבלת,,,יח,1.25,"לק""ג",false,1,23.90,19.12,false,1,
7290018208496,false,תמר מגהול 650 גרם מחנה יהודה,"בכורי השדה צפון1994 ג.ד. בע""מ",,,יח,1,,false,1,24.90,24.90,false,1,
7290018236635,false,צ`ונגו פופקורן מצופה  עוף טוב,קבוצת אוסם סחר שותפות מוגבלת,,,יח,0.60,ל 100 גרם,false,1,36.90,61.50,true,1,
7290018236659,false,צ`ונגו פופקורן מצופה  מתובל  עוף טוב,קבוצת אוסם סחר שותפות מוגבלת,,,יח,0.60,ל 100 גרם,false,1,36.90,61.50,true,1,
7290018237885,false,נקנקיות XL ללחמניה,קבוצת אוסם סחר שותפות מוגבלת,,,יח,4,ל 100 גרם,false,1,16.90,4.23,true,1,
7290018237922,false,שניצלונים  ציפוי  צי`פס,קבוצת אוסם סחר שותפות מוגבלת,,,יח,7,ל 100 גרם,false,1,13.90,1.99,false,1,
7290018237939,false,שניצלונים  ציפוי שניצל שומשם,קבוצת אוסם סחר שותפות מוגבלת,,,יח,7,ל 100 גרם,false,1,13.90,1.99,false,1,
7290018237960,false,עוף טוב כתף סקר עסיסי 265 גר,קבוצת אוסם סחר שותפות מוגבלת,,,יח,2.65,ל 100 גרם,false,1,29.90,11.28,false,1,
7290018249055,false,TOGO  SWEETANGO   גר`,י.איטליאנו אחזקות בעמ,,,יח,3,ל 100 גרם,false,1,32.90,10.97,false,1,
7290018249154,false,ממרח קקאו עם אגוזי סוויטאנגו 350 גר`,י.איטליאנו אחזקות בעמ,,,יח,2.80,ל 100 גרם,false,1,29.90,10.68,false,1,
7290018249802,false,SWEETANGO  צנצנת280 גר`,י.איטליאנו אחזקות בעמ,,,יח,2.80,ל 100 גרם,false,1,26.90,9.61,false,1,
7290018249994,false,SWEETANGO  צנצנת 700 גר`,י.איטליאנו אחזקות בעמ,,,יח,7,ל 100 גרם,false,1,56.90,8.13,false,1,
7290018266571,false,חוברת צביעה   פו  והפתעה,טוייז מרקט בעמ,,,יח,1,,false,1,3,3,false,1,
7290018294208,false,סלקטד אדום ישראלי,אגודת הכורמים בעמ,,,יח,7.50,"ל100 מ""ל",false,1,29.90,3.95,true,1,
7290018294895,false,"מונלייט  מוסקטו ורוד  מבעבע  750 מ""ל",אגודת הכורמים בעמ,,,יח,7.50,"ל100 מ""ל",false,1,34.90,4.61,false,1,
7290018294901,false,"מונלייט אדופ יבש 750 מ""ל",אגודת הכורמים בעמ,,,יח,7.50,"ל100 מ""ל",false,1,34.90,4.61,false,1,
7290018296806,false,לחם אגמי  קוביות  קל,יותם שיווק,,,יח,7.50,ל 100 גרם,false,1,14.90,1.99,false,1,
7290018296813,false,פיתה קלה ביס,יותם שיווק,,,יח,5,"ל100 מ""ל",false,1,16.80,3.36,false,1,
7290018348109,false,Sugar 1 kg - Sugat,ג.ח.נ סחר מזון (2010) בעמ,,,יח,10,ל 100 גרם,false,1,3.90,0.39,false,1,
7290018359129,false,מחית עגבניות קלה פולפה,זנלכל בעמ,,,יח,6.90,ל 100 גרם,false,1,8.90,1.29,false,1,
7290018359358,false,פריכוז 3  יכין מארז,זנלכל בעמ,,,יח,6,ל 100 גרם,false,1,12.90,2.15,false,1,
7290018359495,false,תירס מהשדה בלי תוספת סוכר  יכין,זנלכל בעמ,,,יח,5.50,ל 100 גרם,false,1,8.90,1.62,false,1,
7290018359518,false,תירס מהשדה בלי תוספת סוכר  3 יח`,זנלכל בעמ,,,יח,6,ל 100 גרם,false,1,14.90,2.48,false,1,
7290018359556,false,תירס מהשדה בלי תוספת סוכר  יכין,זנלכל בעמ,,,יח,4,ל 100 גרם,false,1,6.90,1.73,true,1,
7290018359570,false,"מארז שעועית  צ`ילי  ""הקטניה הטובה """,זנלכל בעמ,,,יח,6,ל 100 גרם,false,1,12.90,2.15,true,1,
7290018359587,false,"מארז  חומוס ""הקטניה הטובה """,זנלכל בעמ,,,יח,6,ל 100 גרם,false,1,12.90,2.15,true,1,
7290018359679,false,הקיסרית  שעועית לימה יכין  550 גר`,זנלכל בעמ,,,יח,5.50,ל 100 גרם,false,1,9.90,1.80,false,1,
7290018359686,false,חומוס  ענק יכין  550 גר`,זנלכל בעמ,,,יח,5.50,ל 100 גרם,false,1,9.90,1.80,false,1,
7290018359716,false,רוטב פיצה טוסקנה  240 גר,זנלכל בעמ,,,יח,2.40,ל 100 גרם,false,1,5.50,2.29,false,1,
7290018359884,false,פולפה עגבניות  ליקופן טבעית 2*400 יכין,זנלכל בעמ,,,יח,8,ל 100 גרם,false,1,16.90,2.11,true,1,
7290018359938,false,רוטב עגבניות לשקשוקה יכין 400 גר,זנלכל בעמ,,,יח,4,ל 100 גרם,false,1,9.90,2.48,false,1,
7290018359945,false,רוטב פיקנטי מפלפלים  יכין 400 גר,זנלכל בעמ,,,יח,4,ל 100 גרם,false,1,9.90,2.48,false,1,
7290018359969,false,רוטב עגבניות לפיצה  יכין 400 גר,זנלכל בעמ,,,יח,4,ל 100 גרם,false,1,9.90,2.48,false,1,
7290018400470,false,כרישה חתוכה מוקפאת סנפרוסט,תנובה ענף ב.ע.ד,,,יח,6,ל 100 גרם,false,1,16.90,2.82,false,1,
7290018440070,false,תרכיז עגבניות בשפורפרת,תה ויסוצקי (ישראל)בעמ,,,יח,4,ל 100 גרם,false,1,7.90,1.98,false,1,
7290018440193,false,פליפז- בייגלה  בציפוי ק. טעם חמאהת בו,תה ויסוצקי (ישראל)בעמ,,,יח,1.40,ל 100 גרם,false,1,8.90,6.36,true,1,
7290018440247,false,תה   צ`אי  שקדים,תה ויסוצקי (ישראל)בעמ,,,יח,0.50,ל 100 גרם,false,1,20.90,41.80,true,1,
7290018440254,false,תה   צ`אי   קרמל מלוח,תה ויסוצקי (ישראל)בעמ,,,יח,0.50,ל 100 גרם,false,1,20.90,41.80,true,1,
7290018440407,false,תה ירוק מאטה קקאו לוז,תה ויסוצקי (ישראל)בעמ,,,יח,3.75,ל 100 גרם,false,1,22.90,6.11,true,1,
7290018440438,false,טונה CASY בשמן זית 65*3,תה ויסוצקי (ישראל)בעמ,,,יח,1.95,ל 100 גרם,false,1,22.90,11.74,false,1,
7290018440476,false,פליפז- בייגלה  מצופה  בקרם ע. גבינה ו,תה ויסוצקי (ישראל)בעמ,,,יח,1.40,ל 100 גרם,false,1,8.90,6.36,true,1,
7290018440483,false,פליפז- בייגלה  מצופה  בקרמל מלוח  140,תה ויסוצקי (ישראל)בעמ,,,יח,1.40,ל 100 גרם,false,1,8.90,6.36,true,1,
7290018443040,false,נבטים סינים,"בכורי השדה צפון1994 ג.ד. בע""מ",,,יח,1,,false,1,5.90,5.90,false,1,
7290018443057,false,נבטי חמניה  ברכת קטיף,"בכורי השדה צפון1994 ג.ד. בע""מ",,,"לק""ג",1,,false,1,8.90,8.90,false,1,
7290018443064,false,נבטי  אלפלא אמרקאי,"בכורי השדה צפון1994 ג.ד. בע""מ",,,יח,1,,false,1,5.90,5.90,false,1,
7290018443293,false,מיקס  נבטים  תקומה,"בכורי השדה צפון1994 ג.ד. בע""מ",,,"לק""ג",1,,false,1,15,15,false,1,
7290018443323,false,כוסברה ברכת קטיף יבול נוכרי,"בכורי השדה צפון1994 ג.ד. בע""מ",,,יח,1,,false,1,6.90,6.90,false,1,
7290018443330,false,פטרוזילה ברכת קטיף יבול נוכרי,"בכורי השדה צפון1994 ג.ד. בע""מ",,,יח,1,,false,1,6.90,6.90,false,1,
7290018443347,false,שמיר ברכת קטיף יבול נוכרי,"בכורי השדה צפון1994 ג.ד. בע""מ",,,יח,1,,false,1,6.90,6.90,false,1,
7290018443354,false,נענע ברכת קטיף יבול נוכרי,"בכורי השדה צפון1994 ג.ד. בע""מ",,,יח,1,,false,1,6.90,6.90,false,1,
7290018443385,false,חסה ברכת קטיף יבול נוכרי,"בכורי השדה צפון1994 ג.ד. בע""מ",,,יח,1,,false,1,7.90,7.90,false,1,
7290018443408,false,כרוב לבן ברכת קטיף יבול נוכרי,"בכורי השדה צפון1994 ג.ד. בע""מ",,,"לק""ג",1,,true,1,18.90,18.90,false,1,
7290018443545,false,פלפל צ`ילי 200 גר,"בכורי השדה צפון1994 ג.ד. בע""מ",,,יח,2,ל 100 גרם,false,1,10.90,5.45,false,1,
7290018443705,false,לבבות קיסר ברכת קטיף שמיטה,"בכורי השדה צפון1994 ג.ד. בע""מ",,,יח,1,,false,1,7.90,7.90,false,1,
7290018443712,false,כרובית  ארוזה תקומה,"בכורי השדה צפון1994 ג.ד. בע""מ",,,יח,10,ל 100 גרם,false,1,10.90,1.09,false,1,
7290018443736,false,בייבי מיקס 150 גר` פראש,"בכורי השדה צפון1994 ג.ד. בע""מ",,,יח,1.50,ל 100 גרם,false,1,10.90,7.27,false,1,
7290018443743,false,חמציץ  פראש,"בכורי השדה צפון1994 ג.ד. בע""מ",,,יח,1,,false,1,9.90,9.90,false,1,
7290018443835,false,שרי לובלו ירקט,"בכורי השדה צפון1994 ג.ד. בע""מ",,,יח,1,,false,1,12.90,12.90,false,1,
7290018471081,false,שוופס   ליים  קוסמו  1.5 ליטר,יפאורה שותפות מוגבלת לשיווק,,,יח,1.50,לליטר,false,1,6.90,4.60,false,1,
7290018471180,false,פרוט   ווג`אננס תפוח גזר 1 ליטר,יפאורה שותפות מוגבלת לשיווק,,,יח,10,"ל100 מ""ל",false,1,13.20,1.29,false,1,
7290018471197,false,פרוט   ווג` תפוח  מלון נענע  1 ליטר,יפאורה שותפות מוגבלת לשיווק,,,יח,10,"ל100 מ""ל",false,1,13.20,1.29,false,1,
7290018471210,false,נקטר ספרינג אגס סברס  תפוח 1 ליטר,יפאורה שותפות מוגבלת לשיווק,,,יח,10,"ל100 מ""ל",false,1,7,0.70,true,1,
7290018471395,false,פרוט   ווג` תפוח רימון סלק    1 ליטר,יפאורה שותפות מוגבלת לשיווק,,,יח,10,"ל100 מ""ל",false,1,13.20,1.29,false,1,
7290018471401,false,פרוט   ווג` אננס בננה כורכום   1 ליטר,יפאורה שותפות מוגבלת לשיווק,,,יח,10,"ל100 מ""ל",false,1,13.20,1.29,false,1,
7290018471449,false,ספרינג שייק בננה תמר  1 ליטר,יפאורה שותפות מוגבלת לשיווק,,,יח,10,"ל100 מ""ל",false,1,11.60,1.16,false,1,
7290018471456,false,ספרינג שייק אננס מנגו  1 ליטר,יפאורה שותפות מוגבלת לשיווק,,,יח,10,"ל100 מ""ל",false,1,11.60,1.16,false,1,
7290018471463,false,תפוזינה נקטר  תפוז  מנגו 1 ליטר,יפאורה שותפות מוגבלת לשיווק,,,יח,1,לליטר,false,1,7,7,true,1,
7290018471470,false,תפוזינה נקטר  תפוז פסיפלורה  1 ליטר,יפאורה שותפות מוגבלת לשיווק,,,יח,1,לליטר,false,1,7,7,true,1,
7290018471494,false,תפוזינה נקטר  תפוז גזר  1 ליטר,יפאורה שותפות מוגבלת לשיווק,,,יח,1,לליטר,false,1,7,7,true,1,
7290018471548,false,"ספרינג ענבים  רבעיה 250 מ""ל",יפאורה שותפות מוגבלת לשיווק,,,יח,10,"ל100 מ""ל",false,1,12.90,1.17,true,1,
7290018471630,false,שוופס  מלפפון ליים 1 ליטר,יפאורה שותפות מוגבלת לשיווק,,,יח,10,"ל100 מ""ל",false,1,9.90,0.96,false,1,
7290018471647,false,רבעיית ווטר פיור טעם אפרסק,יפאורה שותפות מוגבלת לשיווק,,,יח,2,יח,false,1,12.90,5.85,false,1,
7290018471692,false,ספרינג שייק בננה קוקוס 1 ליטר,יפאורה שותפות מוגבלת לשיווק,,,יח,10,"ל100 מ""ל",false,1,11.60,1.16,false,1,
7290018471906,false,שוופס מוגז  לימונדה  ורודה  1.5,יפאורה שותפות מוגבלת לשיווק,,,יח,15,"ל100 מ""ל",false,1,8.90,0.57,true,1,
7290018471913,false,שוופס  פרוטי  תפוחים  1.5,יפאורה שותפות מוגבלת לשיווק,,,יח,15,"ל100 מ""ל",false,1,8.90,0.57,true,1,
7290018471920,false,שוופס  מוגז פירות ענבים   1.5,יפאורה שותפות מוגבלת לשיווק,,,יח,15,"ל100 מ""ל",false,1,8.90,0.57,true,1,
7290018471937,false,שוופס  מוגז פירות  תות ליים    1.5,יפאורה שותפות מוגבלת לשיווק,,,יח,15,"ל100 מ""ל",false,1,8.90,0.57,true,1,
7290018471944,false,שוופס  מוגז פירות  למונייד  1.5,יפאורה שותפות מוגבלת לשיווק,,,יח,15,"ל100 מ""ל",false,1,8.90,0.57,true,1,
7290018471951,false,שוופס  מוגז פירות  אשכולית אדומה   1.5,יפאורה שותפות מוגבלת לשיווק,,,יח,15,"ל100 מ""ל",false,1,8.90,0.57,true,1,
7290018493144,false,אל סבון  הגייני לניקוי יסודי,"פישר  תעשיות פרמצביטות בע""מ",,,יח,5,"ל100 מ""ל",false,1,15.90,3.18,true,1,
7290018493403,false,"קצץ אמבט  קידס 750 מ""ל","פישר  תעשיות פרמצביטות בע""מ",,,יח,7.50,"ל100 מ""ל",false,1,16.90,2.25,false,1,
7290018500361,false,אחיד פרוס 900גרם,שלמה א.אנג ל בעמ,,,יח,9,ל 100 גרם,false,1,8.50,0.94,false,1,
7290018500385,false,חלה  אנג`ל 650 גרם,שלמה א.אנג ל בעמ,,,יח,6.50,ל 100 גרם,false,1,6.70,1.03,false,1,
7290018500392,false,חלה  אנג`ל קלועה 650 גרם,שלמה א.אנג ל בעמ,,,יח,6.50,ל 100 גרם,false,1,6.70,1.03,false,1,
7290018516324,false,פאוץ` פרינוק תפוח  ו.ש שועל 120 גר`,גורי מוצרי צריכה 1991 בעמ,,,יח,1.30,ל 100 גרם,false,1,5.90,4.54,true,1,
7290018517024,false,בסיס לפיצה בנוסח איטלקי,נאמן לאורך זמן בעמ,,,יח,3.20,ל 100 גרם,false,1,12.90,4.03,false,1,
7290018517031,false,טורטיות בתוספת קמח כוסמין,נאמן לאורך זמן בעמ,,,יח,3.20,ל 100 גרם,false,1,11.90,3.72,false,1,
7290018517536,false,עוגיות  קרם סדנדוויץ צילנדר,נאמן לאורך זמן בעמ,,,יח,1.50,ל 100 גרם,false,1,4.50,3,false,1,
7290018517543,false,עוגיות  וניל ממולאות קרם ט. שוקולד,נאמן לאורך זמן בעמ,,,יח,1.60,ל 100 גרם,false,1,6.50,4.06,false,1,
7290018517550,false,עוגיות  שוקו  ממולאות קרם ט. שוקולד,נאמן לאורך זמן בעמ,,,יח,1.60,ל 100 גרם,false,1,6.50,4.06,false,1,
7290018540817,false,ארטיזנל לחם מחמצת כוסמין,שלמה א.אנג ל בעמ,,,יח,5,ל 100 גרם,false,1,19.90,3.98,true,1,
7290018540824,false,ארטיזנל לחם מחמצת כפרי,שלמה א.אנג ל בעמ,,,יח,5,ל 100 גרם,false,1,19.90,3.98,true,1,
7290018540831,false,ארטיזנל לחם מחמצת  חיטה מלאה,שלמה א.אנג ל בעמ,,,יח,5,ל 100 גרם,false,1,19.90,3.98,true,1,
7290018564592,false,שום כתוש  בצנצנת 200  גר`שף הטבע,קפוא זן תעשיות מזון בעמ,,,יח,2,ל 100 גרם,false,1,13.90,6.95,false,1,
7290018571132,false,פקאן סיני    200 מיה  בנספק,מיה תעשיות מזון מ.ת.מ בעמ,,,יח,2,ל 100 גרם,false,1,26.90,13.45,false,1,
7290018571149,false,שקד מולבן פרוס   200 מיה  בנספק,מיה תעשיות מזון מ.ת.מ בעמ,,,יח,2,ל 100 גרם,false,1,16.90,8.45,false,1,
7290018571231,false,עדשי שוקולד  לאפיה 400 גר`,מיה תעשיות מזון מ.ת.מ בעמ,,,יח,4,ל 100 גרם,false,1,17.90,4.48,false,1,
7290018571422,false,לקקנים מולטיקלור מיקס 65 יח`,מיה תעשיות מזון מ.ת.מ בעמ,,,יח,1,ל 100 גרם,false,1,22.90,22.90,true,1,
7290018571491,false,ריבת חלב אמיתית בצנצנת 340 גר,מיה תעשיות מזון מ.ת.מ בעמ,,,יח,3.40,ל 100 גרם,false,1,14.90,4.38,true,1,
7290018571507,false,סוכריות ויטמין סי ילדים דובונים,מיה תעשיות מזון מ.ת.מ בעמ,,,יח,1.75,ל 100 גרם,false,1,39.90,22.80,false,1,
7290018571514,false,סוכריות ויטמין סי ילדים דובונים,מיה תעשיות מזון מ.ת.מ בעמ,,,יח,1.75,ל 100 גרם,false,1,39.90,22.80,false,1,
7290018571521,false,סוכריות מולטי  ויטמין ילדים,מיה תעשיות מזון מ.ת.מ בעמ,,,יח,1.75,ל 100 גרם,false,1,39.90,22.80,false,1,
7290018571538,false,סוכריות  חורף ילדים  דובונים,מיה תעשיות מזון מ.ת.מ בעמ,,,יח,1.75,ל 100 גרם,false,1,39.90,22.80,false,1,
7290018571637,false,סוכריות  מולטי  ויטמין גברים,מיה תעשיות מזון מ.ת.מ בעמ,,,יח,2.20,ל 100 גרם,false,1,39.90,18.14,false,1,
7290018571644,false,סוכריות  קוסמטיקה מבוגרים,מיה תעשיות מזון מ.ת.מ בעמ,,,יח,2.10,ל 100 גרם,false,1,39.90,19,false,1,
7290018571699,false,קמח שקדים מיה,מיה תעשיות מזון מ.ת.מ בעמ,,,יח,2.50,ל 100 גרם,false,1,20.90,8.36,false,1,
7290018571705,false,"אורז  יסמין  1 ק""ג    מיה",מיה תעשיות מזון מ.ת.מ בעמ,,,יח,10,ל 100 גרם,false,1,10.90,1.09,true,1,
7290018571712,false,"אורז  פרסי 1 ק""ג      מיה",מיה תעשיות מזון מ.ת.מ בעמ,,,יח,10,ל 100 גרם,false,1,9.90,0.99,true,1,
7290018571736,false,"אורז  בסמטי   1 ק""ג    מיה",מיה תעשיות מזון מ.ת.מ בעמ,,,יח,10,ל 100 גרם,false,1,10.90,1.09,true,1,
7290018677070,false,"קרם קוקוס אורגני ללא גלוטן 330 מ""ל",י.איטליאנו אחזקות בעמ,,,יח,3.30,ל 100 גרם,false,1,10.90,3.30,false,1,
7290018677087,false,קרם קוקוס אורגני ללא גלוטן 1 ליטר,י.איטליאנו אחזקות בעמ,,,יח,1,לליטר,false,1,22.90,22.90,false,1,
7290018677131,false,גרנולה קראנץ  אגוזים ושקדים  ללא גלוטן,י.איטליאנו אחזקות בעמ,,,יח,3,יח,false,1,22.90,7.63,false,1,
7290018677148,false,גרנולה קראנץ שוקולד וקוקוס ללא גלוטן,י.איטליאנו אחזקות בעמ,,,יח,3,יח,false,1,22.90,7.63,false,1,
7290018677155,false,תער`קמחים רב תכליתית ללא גלוטון 500 גר`,י.איטליאנו אחזקות בעמ,,,יח,5,ל 100 גרם,false,1,16.90,3.38,false,1,
7290018677209,false,סירופ מייפל אורגני 250 גר`,י.איטליאנו אחזקות בעמ,,,יח,2.50,ל 100 גרם,false,1,22.90,9.16,false,1,
7290018724538,false,פריכיות כוסמת עם קווקר 145 גר`,י.איטליאנו אחזקות בעמ,,,יח,1.45,"ל100 מ""ל",false,1,11.90,8.21,false,1,
7290018792841,false,אבקת  קקאו  טבעי 150 גר`,תה ויסוצקי (ישראל)בעמ,,,יח,1.50,ל 100 גרם,false,1,9.90,6.60,false,1,
7290018792858,false,אבקת  קקאו  טבעי 500 גר`,תה ויסוצקי (ישראל)בעמ,,,יח,5,ל 100 גרם,false,1,24.90,4.98,false,1,
7290018835005,false,אקסטרה צ`יפס אורז חום מלא מלח פלפל ושמ,א.ל ייצור ושיווק תבלינים בעמ,,,יח,90,ל 100 גרם,false,1,6.90,0.08,true,1,
7290018835029,false,מרק בטעם עוף 400 גר`,א.ל ייצור ושיווק תבלינים בעמ,,,יח,4,ל 100 גרם,false,1,12.90,3.23,true,1,
7290018893036,false,עוגיות סנדוויץ,ש.שסטוביץ בעמ,,,יח,1.76,ל 100 גרם,false,1,6.90,3.92,false,1,
7290018893081,false,צ`וקטה  עוגה אישית מגולגלת  חלב,ש.שסטוביץ בעמ,,,יח,2.22,ל 100 גרם,false,1,8.90,4.01,true,1,
7290018893098,false,צ`וקטה  עוגיות מצופות,ש.שסטוביץ בעמ,,,יח,7,ל 100 גרם,false,1,7.90,1.13,true,1,
7290018893104,false,צ`וקטה  עוגיות מצופות,ש.שסטוביץ בעמ,,,יח,7,ל 100 גרם,false,1,7.90,1.13,true,1,
7290018893128,false,צ`וקטה  שוקולד  חלב  בלגי  34%,ש.שסטוביץ בעמ,,,יח,1,ל 100 גרם,false,1,9.90,9.90,false,1,
7290018893258,false,עוגיות אישיות צ`וקטה קרמל,ש.שסטוביץ בעמ,,,יח,3,ל 100 גרם,false,1,10.90,3.63,false,1,
7290018893319,false,צ`וקטה  שוקולד  מריר בלגי 85%,ש.שסטוביץ בעמ,,,יח,1,ל 100 גרם,false,1,9.90,9.90,false,1,
7290018893418,false,צ`וקטה  שוקולד מריר  60%,ש.שסטוביץ בעמ,,,יח,1,,false,1,23.90,23.90,false,1,
7290018893456,false,עוגיות אישיות צ`וקטה,ש.שסטוביץ בעמ,,,יח,3,ל 100 גרם,false,1,10.90,3.63,false,1,
7290018893494,false,עלי  וופל  דקים בטעם חמאה,ש.שסטוביץ בעמ,,,יח,1,ל 100 גרם,false,1,9.90,9.90,false,1,
7290018893500,false,צ`וקטה  עוגיות סנדוויץ שוקו,ש.שסטוביץ בעמ,,,יח,1.80,ל 100 גרם,false,1,4.90,2.72,false,1,
7290018893654,false,חטיפי  בייגלה מלח  200 גר`,ש.שסטוביץ בעמ,,,יח,2,ל 100 גרם,false,1,6.50,3.25,true,1,
7290018893708,false,צ`וקטה עוגיות סנדוויץ  שוקולד,ש.שסטוביץ בעמ,,,יח,2.50,ל 100 גרם,false,1,7.90,3.16,true,1,
7290018893753,false,צ`וקטה  וופל  חמאה ט. לימון,ש.שסטוביץ בעמ,,,יח,1,ל 100 גרם,false,1,9.90,9.90,false,1,
7290018893852,false,חטיפי  בייגלה שומשום 200  גר` גר`,ש.שסטוביץ בעמ,,,יח,2,ל 100 גרם,false,1,6.50,3.25,true,1,
7290018893876,false,עוגיות אישיות צ`וקטה  וניל,ש.שסטוביץ בעמ,,,יח,2,ל 100 גרם,false,1,10.90,5.45,true,1,
7290018893913,false,צ`וקטה ממרח אגוזי לוז עם קקאו,ש.שסטוביץ בעמ,,,יח,0.52,ל 100 גרם,false,1,6.90,13.27,true,1,
7290018894002,false,בלקוני וופל  קוביות קקאו,ש.שסטוביץ בעמ,,,יח,2.50,ל 100 גרם,false,1,11.90,4.76,true,1,
7290018894040,false,שוקולד חלב 1/5  צ`וקטה,ש.שסטוביץ בעמ,,,יח,5,ל 100 גרם,false,1,24.90,4.98,true,1,
7290018894248,false,שוקולד חלב 1/3 צ`וקטה,ש.שסטוביץ בעמ,,,יח,3,ל 100 גרם,false,1,15.50,5.17,true,1,
7290018921029,false,רבעית מגבוני  קמיל בלו סנסטיב 64,"פישר  תעשיות פרמצביטות בע""מ",,,יח,10,"ל100 מ""ל",false,1,21.90,2.19,true,1,
7290018921067,false,אפקטיב קר תחליב רחצה ב.שרדים,"פישר  תעשיות פרמצביטות בע""מ",,,יח,7,"ל100 מ""ל",false,1,16.90,2.41,true,1,
7290018921456,false,אפקטיב קר תחליב רחצה ב.ש. כותנה,"פישר  תעשיות פרמצביטות בע""מ",,,יח,7,"ל100 מ""ל",false,1,16.90,2.41,true,1,
7290018921753,false,אל סבון נוזלי   ניקוי יסודי   1 ליטר,"פישר  תעשיות פרמצביטות בע""מ",,,יח,10,"ל100 מ""ל",false,1,15.90,1.59,true,1,
7290018921852,false,אפקטיב קר תחליב רחצה ב.ש.ארגן,"פישר  תעשיות פרמצביטות בע""מ",,,יח,7,"ל100 מ""ל",false,1,16.90,2.41,true,1,
7290018925065,false,פרימור תפוזים  2ליטר,שטראוס גרופ בעמ (ח),,,יח,2,לליטר,false,1,25.90,12.80,false,1,
7290018929377,false,כף  אשפה+ מקל,מ.א ייצור ויבו*מטליות בעמ,,,יח,1,,false,1,12.90,12.90,false,1,
7290018964002,false,אוזניות חוטיות לבן סדרת שרביט,סוויטשי ישראל בעמ,,,יח,1,,false,1,29.90,29.90,false,1,
7290018964033,false,כבל  TYPE,סוויטשי ישראל בעמ,,,יח,1,,false,1,29.90,29.90,false,1,
7290018964057,false,מטען קיר 1A/2A,סוויטשי ישראל בעמ,,,יח,1,,false,1,29.90,29.90,false,1,
7290018964095,false,כבל טייפ/סי 1 מטר,סוויטשי ישראל בעמ,,,יח,1,,false,1,34.90,34.90,false,1,
7290018989005,false,פולפה  עגבניות טבעית 3*400 יכין,זנלכל בעמ,,,יח,1.20,ל 100 גרם,false,1,16.90,14.08,true,1,
7290018989128,false,סירופ 1 ליטר ענבים יכין,זנלכל בעמ,,,יח,10,לליטר,false,1,18.90,1.89,false,1,
7290018989135,false,סירופ 1 ליטר פטל יכין ליטר,זנלכל בעמ,,,יח,10,לליטר,false,1,18.90,1.89,false,1,
7290019035053,false,מלון ירוק קוביות   500 גר,א.ג בחירה חכמה בעמ,,,יח,5,ל 100 גרם,false,1,11.90,2.38,false,1,
7290019035060,false,חצאי משמש קפואים   500 גר,א.ג בחירה חכמה בעמ,,,יח,5,ל 100 גרם,false,1,11.90,2.38,false,1,
7290019035084,false,אוכמניות כחולות 400 גר`,א.ג בחירה חכמה בעמ,,,יח,4,ל 100 גרם,false,1,11.90,2.98,false,1,
7290019035091,false,רימון  שלם 500 גר,א.ג בחירה חכמה בעמ,,,יח,5,ל 100 גרם,false,1,11.90,2.38,false,1,
7290019036234,false,שיני שום קלופות 200 גרק,"בכורי השדה צפון1994 ג.ד. בע""מ",,,יח,2,ל 100 גרם,false,1,12.90,6.45,false,1,
7290019056034,false,שוופס  מוגז פירות אננס   ללס  1.5,יפאורה שותפות מוגבלת לשיווק,,,יח,1.50,לליטר,false,1,8.90,5.73,true,1,
7290019056041,false,שוופס  מוגז פירות  לימוניד    ללס  1.5,יפאורה שותפות מוגבלת לשיווק,,,יח,1.50,לליטר,false,1,8.90,5.73,true,1,
7290019056058,false,שוופס תפוח ליים 1.5 ק,יפאורה שותפות מוגבלת לשיווק,,,יח,15,"ל100 מ""ל",false,1,8.90,0.57,true,1,
7290019056065,false,שוופס פירות יער 1.5 מוגז,יפאורה שותפות מוגבלת לשיווק,,,יח,1.50,לליטר,false,1,8.90,5.73,true,1,
7290019056072,false,שוופס מוגז עדין 1.5  אננס,יפאורה שותפות מוגבלת לשיווק,,,יח,15,"ל100 מ""ל",false,1,8.90,0.57,true,1,
7290019056089,false,שוופס מוגז עדין 1.5 ריזלי,יפאורה שותפות מוגבלת לשיווק,,,יח,15,"ל100 מ""ל",false,1,8.90,0.57,true,1,
7290019056096,false,שוופס אפרסק מוגז 1.5,יפאורה שותפות מוגבלת לשיווק,,,יח,15,"ל100 מ""ל",false,1,8.90,0.57,true,1,
7290019056119,false,סודה 1.5 ליטר,יפאורה שותפות מוגבלת לשיווק,,,יח,1.50,לליטר,false,1,3.20,1.93,false,1,
7290019056164,false,רבעית סודה שוופס 1.5 ק,יפאורה שותפות מוגבלת לשיווק,,,יח,60,"ל100 מ""ל",false,1,12.20,0.18,false,1,
7290019056171,false,סודה שוופס רבעיה לימון,יפאורה שותפות מוגבלת לשיווק,,,יח,60,"ל100 מ""ל",false,1,12.20,0.18,false,1,
7290019056188,false,רבעית סודה שוופס נענע ליים  1.5 ק,יפאורה שותפות מוגבלת לשיווק,,,יח,60,"ל100 מ""ל",false,1,12.20,0.18,false,1,
7290019056201,false,רבעית סודה שוופס  פירות יער   1.5 ק,יפאורה שותפות מוגבלת לשיווק,,,יח,60,"ל100 מ""ל",false,1,12.20,0.18,false,1,
7290019056232,false,שוופס   ליים  מוחיטו 1.5 ליטר,יפאורה שותפות מוגבלת לשיווק,,,יח,1.50,לליטר,false,1,8.90,5.73,true,1,
7290019056249,false,שוופס ווטר  ענבים 1.5 ליטר,יפאורה שותפות מוגבלת לשיווק,,,יח,15,"ל100 מ""ל",false,1,7.90,0.51,false,1,
7290019056256,false,שוופס ווטר תפוח  1.5 ליטר,יפאורה שותפות מוגבלת לשיווק,,,יח,15,"ל100 מ""ל",false,1,7.90,0.51,false,1,
7290019056263,false,שוופס ווטר  אפרסק 1.5 ליטר,יפאורה שותפות מוגבלת לשיווק,,,יח,15,"ל100 מ""ל",false,1,7.90,0.51,false,1,
7290019056287,false,שוופס ווטר אפרסק 1.5 ליטר,יפאורה שותפות מוגבלת לשיווק,,,יח,1.50,לליטר,false,1,7.90,5.07,false,1,
7290019056294,false,גי נג ר אייל,יפאורה שותפות מוגבלת לשיווק,,,יח,15,"ל100 מ""ל",false,1,11.90,0.77,false,1,
7290019056300,false,ביטר לימון 1.5,יפאורה שותפות מוגבלת לשיווק,,,יח,15,"ל100 מ""ל",false,1,11.90,0.77,false,1,
7290019056317,false,שופס 1.5,יפאורה שותפות מוגבלת לשיווק,,,יח,15,"ל100 מ""ל",false,1,11.90,0.77,false,1,
7290019056324,false,מי טוניק,יפאורה שותפות מוגבלת לשיווק,,,יח,15,"ל100 מ""ל",false,1,11.90,0.77,false,1,
7290019056331,false,מי טוניק  ללא סוכר,יפאורה שותפות מוגבלת לשיווק,,,יח,15,"ל100 מ""ל",false,1,11.90,0.77,false,1,
7290019056355,false,תפוזינה  לימונדה מיקס  לימונענע,יפאורה שותפות מוגבלת לשיווק,,,יח,1.50,לליטר,false,1,8.90,5.73,true,1,
7290019056362,false,תפוזינה ענבים  1.5,יפאורה שותפות מוגבלת לשיווק,,,יח,1.50,לליטר,false,1,8.90,5.73,true,1,
7290019056379,false,תפוזינה 1.5 תפוזים,יפאורה שותפות מוגבלת לשיווק,,,יח,15,"ל100 מ""ל",false,1,8.90,0.57,true,1,
7290019056386,false,תפוזינה אשכוליות 1.5,יפאורה שותפות מוגבלת לשיווק,,,יח,15,"ל100 מ""ל",false,1,8.90,0.57,true,1,
7290019056393,false,תותינה 1.5 תפוזינה,יפאורה שותפות מוגבלת לשיווק,,,יח,15,"ל100 מ""ל",false,1,8.90,0.57,true,1,
7290019056409,false,תפוזינה מנגו  1.5,יפאורה שותפות מוגבלת לשיווק,,,יח,15,"ל100 מ""ל",false,1,8.90,0.57,true,1,
7290019056416,false,תפוזינה לימונדה  ורודה 1.5,יפאורה שותפות מוגבלת לשיווק,,,יח,15,"ל100 מ""ל",false,1,8.90,0.57,true,1,
7290019056423,false,תפוזינה  תפוחים  1.5 ליטר,יפאורה שותפות מוגבלת לשיווק,,,יח,15,"ל100 מ""ל",false,1,8.90,0.57,true,1,
7290019056430,false,תפוזינה  תפוזים לייט 1.5,יפאורה שותפות מוגבלת לשיווק,,,יח,15,"ל100 מ""ל",false,1,8.90,0.57,true,1,
7290019056447,false,תפוזים אשכוליות  1.5 לייט,יפאורה שותפות מוגבלת לשיווק,,,יח,1.50,לליטר,false,1,8.90,5.73,true,1,
7290019056454,false,R.C קולה,יפאורה שותפות מוגבלת לשיווק,,,יח,1.50,לליטר,false,1,6.90,4.40,false,1,
7290019056461,false,שישית R.C 1.5 קולה,יפאורה שותפות מוגבלת לשיווק,,,יח,90,"ל100 מ""ל",false,1,39.90,0.42,false,1,
7290019056478,false,ספריג תה אפרסק 1.5,יפאורה שותפות מוגבלת לשיווק,,,יח,15,"ל100 מ""ל",false,1,7.90,0.51,false,1,
7290019056485,false,ספריג תה לואיזה 1.5 ק,יפאורה שותפות מוגבלת לשיווק,,,יח,15,"ל100 מ""ל",false,1,7.90,0.51,false,1,
7290019056492,false,ספריג תה  מנגו אפרסק   1.5,יפאורה שותפות מוגבלת לשיווק,,,יח,15,"ל100 מ""ל",false,1,7.90,0.51,false,1,
7290019056508,false,פרוט ווטר ענבים 1.5 ליטר,יפאורה שותפות מוגבלת לשיווק,,,יח,15,"ל100 מ""ל",false,1,7.90,0.51,false,1,
7290019056515,false,פרוט  ווטר אננס  1.5 ליטר,יפאורה שותפות מוגבלת לשיווק,,,יח,15,"ל100 מ""ל",false,1,7.90,0.51,false,1,
7290019056522,false,פרוט ווטר תות  1.5 ליטר,יפאורה שותפות מוגבלת לשיווק,,,יח,15,"ל100 מ""ל",false,1,7.90,0.51,false,1,
7290019056539,false,ווטר  אפרסק    1.5 ליטר,יפאורה שותפות מוגבלת לשיווק,,,יח,15,"ל100 מ""ל",false,1,7.90,0.51,false,1,
7290019056546,false,ווטר  אבטיח  1.5 ליטר,יפאורה שותפות מוגבלת לשיווק,,,יח,15,"ל100 מ""ל",false,1,7.90,0.51,false,1,
7290019056553,false,שישית עין גדי 2,יפאורה שותפות מוגבלת לשיווק,,,יח,120,"ל100 מ""ל",false,1,13.70,0.10,true,1,
7290019056577,false,ספרינג מנגו  1.5,יפאורה שותפות מוגבלת לשיווק,,,יח,15,"ל100 מ""ל",false,1,8.90,0.57,true,1,
7290019056584,false,ספרינג תפוז 1.5,יפאורה שותפות מוגבלת לשיווק,,,יח,15,"ל100 מ""ל",false,1,8.90,0.57,true,1,
7290019056607,false,ספרינג בטעם תפוח 1.5,יפאורה שותפות מוגבלת לשיווק,,,יח,1.50,לליטר,false,1,8.90,5.73,true,1,
7290019056614,false,ספרינג אפרסק 1.5,יפאורה שותפות מוגבלת לשיווק,,,יח,15,"ל100 מ""ל",false,1,8.90,0.57,true,1,
7290019056638,false,ספרינג תות בננה 1.5,יפאורה שותפות מוגבלת לשיווק,,,יח,15,"ל100 מ""ל",false,1,8.90,0.57,true,1,
7290019056645,false,ספרינג אגסים סברס 1.5,יפאורה שותפות מוגבלת לשיווק,,,יח,15,"ל100 מ""ל",false,1,8.90,0.57,true,1,
7290019056652,false,ספרינג אננס בננה  1.5,יפאורה שותפות מוגבלת לשיווק,,,יח,15,"ל100 מ""ל",false,1,8.90,0.57,true,1,
7290019056669,false,ספרינג דיאט תפוח 1.5,יפאורה שותפות מוגבלת לשיווק,,,יח,15,"ל100 מ""ל",false,1,8.90,0.57,true,1,
7290019056676,false,ספרינג דיאט אשכו  1.5,יפאורה שותפות מוגבלת לשיווק,,,יח,15,"ל100 מ""ל",false,1,8.90,0.57,true,1,
7290019056720,false,קריסטל ענבים 2 ל ק,יפאורה שותפות מוגבלת לשיווק,,,יח,20,"ל100 מ""ל",false,1,6.90,0.33,false,1,
7290019056737,false,קריסטל  אשכוליות  2 ל ק,יפאורה שותפות מוגבלת לשיווק,,,יח,20,"ל100 מ""ל",false,1,6.90,0.33,false,1,
7290019056744,false,קריסטל  תפוזים  2 ל ק,יפאורה שותפות מוגבלת לשיווק,,,יח,20,"ל100 מ""ל",false,1,6.90,0.33,false,1,
7290019056751,false,קריסטל  אשכוליות דיאט   2 ל ק,יפאורה שותפות מוגבלת לשיווק,,,יח,20,"ל100 מ""ל",false,1,6.90,0.33,false,1,
7290019056768,false,קריסטל  מנגו    2 ל ק,יפאורה שותפות מוגבלת לשיווק,,,יח,20,"ל100 מ""ל",false,1,6.90,0.33,false,1,
7290019056775,false,קריסטל  מוגז ענבים    2 ל ק,יפאורה שותפות מוגבלת לשיווק,,,יח,20,"ל100 מ""ל",false,1,6.90,0.33,false,1,
7290019056782,false,קריסטל  מוגז  לימון ליים    2 ל ק,יפאורה שותפות מוגבלת לשיווק,,,יח,20,"ל100 מ""ל",false,1,6.90,0.33,false,1,
7290019056799,false,קריסטל  מוגז  אקזוטי    2 ל ק,יפאורה שותפות מוגבלת לשיווק,,,יח,20,"ל100 מ""ל",false,1,6.90,0.33,false,1,
7290019056805,false,קריסטל  מוגז  תפוחים     2 ל ק,יפאורה שותפות מוגבלת לשיווק,,,יח,20,"ל100 מ""ל",false,1,6.90,0.33,false,1,
7290019056812,false,קריסטל  מוגז  מנטה   2 ל ק,יפאורה שותפות מוגבלת לשיווק,,,יח,20,"ל100 מ""ל",false,1,6.90,0.33,false,1,
7290019056829,false,קריסטל  מוגז  תפוזים  2 ל ק,יפאורה שותפות מוגבלת לשיווק,,,יח,20,"ל100 מ""ל",false,1,6.90,0.33,false,1,
7290019056836,false,קריסטל  מוגז  תות   2 ל ק,יפאורה שותפות מוגבלת לשיווק,,,יח,20,"ל100 מ""ל",false,1,6.90,0.33,false,1,
7290019056843,false,קריסטל  מוגז קולה   2 ל ק,יפאורה שותפות מוגבלת לשיווק,,,יח,20,"ל100 מ""ל",false,1,6.90,0.33,false,1,
7290019056850,false,ספריג תה דיאט אפרסק 1.5,יפאורה שותפות מוגבלת לשיווק,,,יח,15,"ל100 מ""ל",false,1,7.90,0.51,false,1,
7290019056959,false,מי עדן 1.5 ליטר        *,יפאורה שותפות מוגבלת לשיווק,,,יח,1.50,לליטר,false,1,2.80,1.67,false,1,
7290019056973,false,"מי עדן ח""פ שישיה 1.5*",יפאורה שותפות מוגבלת לשיווק,,,יח,9,לליטר,false,1,13.70,1.32,false,1,
7290019101802,false,כוסות נייר גודל 10  50 בשרוול coffe tiZZ,אפולו נציגויות בעמ,,,יח,1,,false,1,12.90,12.90,false,1,
7290019101833,false,כוסות נייר 8B  ZZ,אפולו נציגויות בעמ,,,יח,50,יח,false,20,8.90,0.18,true,1,
7290019153078,false,ביטר לימון לייט  1.5,יפאורה שותפות מוגבלת לשיווק,,,יח,15,"ל100 מ""ל",false,1,11.90,0.77,false,1,
7290019153085,false,שוופס   מוחיטו  ללא סוכר 1.5 ליטר,יפאורה שותפות מוגבלת לשיווק,,,יח,1.50,לליטר,false,1,8.90,5.73,true,1,
7290019153252,false,רבעית סודה שוופס  תפוח  1.5 ק,יפאורה שותפות מוגבלת לשיווק,,,יח,60,"ל100 מ""ל",false,1,12.20,0.18,false,1,
7290019153269,false,רבעית סודה שוופס  אננס 1.5 ק,יפאורה שותפות מוגבלת לשיווק,,,יח,60,"ל100 מ""ל",false,1,12.20,0.18,false,1,
7290019153351,false,תפוזינה 1.5  פינק אוזו,יפאורה שותפות מוגבלת לשיווק,,,יח,15,"ל100 מ""ל",false,1,8.90,0.57,true,1,
7290019153375,false,תפוזינה 1.5  מוחיטו,יפאורה שותפות מוגבלת לשיווק,,,יח,15,"ל100 מ""ל",false,1,8.90,0.57,true,1,
7290019162032,false,גרב  טרמו פסים  זוג,ליאור יבוא ושיווק מוצרי הלבשה,,,יח,1,,false,1,27.90,27.90,false,1,
7290019162131,false,גרב  אקרילך מחממת X 3,ליאור יבוא ושיווק מוצרי הלבשה,,,יח,1,,false,1,19.90,19.90,false,1,
7290019162391,false,חגורה אבזם אוטמט,ליאור יבוא ושיווק מוצרי הלבשה,,,יח,1,,false,1,24.90,24.90,false,1,
7290019167020,false,עדן קינוחים  עוגת גבינה עם  פירות,תנובה -חלב,,,יח,0.82,ל 100 גרם,false,1,6.70,8.17,false,1,
7290019167037,false,עדן קינוחים  תותים בקצפת,תנובה -חלב,,,יח,0.82,ל 100 גרם,false,1,6.70,8.17,false,1,
7290019167044,false,עדן קינוחים  קצפת עם קרם בייגלה מתוק,תנובה -חלב,,,יח,0.82,ל 100 גרם,false,1,6.70,8.17,false,1,
7290019232353,false,תה ירוק סיני  50 שקיקים,תה ויסוצקי (ישראל)בעמ,,,יח,0.75,יח,false,1,39.90,53.20,false,1,
7290019232834,false,פליפז- בייגלה  ק. עוגיות,תה ויסוצקי (ישראל)בעמ,,,יח,1.40,ל 100 גרם,false,1,8.90,6.36,true,1,
7290019302315,false,מוסקוטו באזז אבטיח מלון,אגודת הכורמים בעמ,,,יח,7.50,"ל100 מ""ל",false,1,24.90,3.28,true,1,
7290022005562,false,קריספ פירורי לחם שום  300 גר`,א.ל ייצור ושיווק תבלינים בעמ,,,יח,3,ל 100 גרם,false,1,7.90,2.63,true,1,
7290042051778,false,צלחות מתכלות ענקיות 25 יח` שווה*,APOLO REPRESENTIVES - מטח,,,יח,25,יח,false,20,13.90,0.56,true,1,
7290042051785,false,צלחות מתכלות גדולות 25 יח` שווה*,APOLO REPRESENTIVES - מטח,,,יח,25,יח,false,20,13.90,0.56,true,1,
7290042051792,false,צלחות מתכלות קטנות 25 יח` שווה *,APOLO REPRESENTIVES - מטח,,,יח,25,יח,false,20,8.90,0.36,true,1,
7290042051921,false,disposable plastic 285cc maroccan 40,סאם פלסטיק,,,יח,1,יח,false,1,10.90,10.90,false,1,
7290042051990,false,"כשל""פ כוסות ניר 40  יח`8b  שווה רובין*",GG.M ENTERPRISE,,,יח,40,יח,false,1,6.90,0.17,true,1,
7290072963746,false,שמנת חמוצה 15% רבנות,תנובה -חלב,,,יח,2,"ל100 מ""ל",false,1,2.40,1.20,false,1,
7290100240137,false,Spray for dryer sheets 500ml-Blue,"יוניליוור ישראלשיווק בע""מ",,,יח,5,"ל100 מ""ל",false,1,14.90,2.98,false,1,
7290100240632,false,PATIT 6 GRAINS BDZ NEW 24X250GR,"יוניליוור ישראלשיווק בע""מ",,,יח,2.50,ל 100 גרם,false,1,14.90,5.96,false,1,
7290100240656,false,PATIT RYE BDZ NEW 24X300GR,"יוניליוור ישראלשיווק בע""מ",,,יח,3,ל 100 גרם,false,6,14.90,4.97,false,1,
7290100243084,false,HELLMANNS REAL MAYO 10X789G,"יוניליוור ישראלשיווק בע""מ",,,יח,7.89,"ל100 מ""ל",false,1,26.90,3.41,false,1,
7290100243671,false,BADIN RC CONC LIQUID BLUE 16X960ML,"יוניליוור ישראלשיווק בע""מ",,,יח,96,"ל100 ס""מ",false,1,15.90,0.17,false,1,
7290100249598,false,KNORR CIS GARLIC&HONEY BDZ 8X320G,"יוניליוור ישראלשיווק בע""מ",,,יח,3.20,ל 100 גרם,false,8,10.90,3.41,false,1,
7290100249659,false,רוטב צ`ילי מתוק ושום צנצנת קנור*,"יוניליוור ישראלשיווק בע""מ",,,יח,3.20,ל 100 גרם,false,1,9.90,3.09,false,1,
7290100411254,false,מחית  תפוח בננה ללא סוכר  190 גר`,שקד תבל בעמ,,,יח,0.19,ל 100 גרם,false,1,4.90,25.79,true,1,
7290100412718,false,"תרחיץ פנים   ד""ר  אור",שקד תבל בעמ,,,יח,2,"ל100 מ""ל",false,1,19.90,9.95,false,1,
7290100412756,false,"קרם ידיים    ד""ר  אור",שקד תבל בעמ,,,יח,1,"ל100 מ""ל",false,1,13.90,13.90,true,1,
7290100412794,false,"תרחיץ פנים   ד""ר  אור",שקד תבל בעמ,,,יח,2,"ל100 מ""ל",false,1,19.90,9.95,false,1,
7290100412831,false,"תחליב רחצה   ד""ר  אור",שקד תבל בעמ,,,יח,7,"ל100 מ""ל",false,1,14.90,2.13,true,1,
7290100481554,false,"מסננת רשת  24 ס""מ דגם מרגלית",י.סולומון חוויה שבכלי בעמ,,,יח,1,,false,1,26.90,26.90,false,1,
7290100485491,false,סט 6  כפיות דגם גיל,י.סולומון חוויה שבכלי בעמ,,,יח,1,,false,1,6.90,6.90,false,1,
7290100485507,false,סט 6 מזלגות דגם גיל,י.סולומון חוויה שבכלי בעמ,,,יח,1,,false,1,7.90,7.90,false,1,
7290100653463,false,סבון נוזלי פלמוליב,ש.שסטוביץ בעמ,,,יח,5,"ל100 מ""ל",false,1,16.90,3.38,false,1,
7290100658338,false,פלמוליב אוקסי 750 כחול,ש.שסטוביץ בעמ,,,יח,7.50,"ל100 מ""ל",false,1,11.90,1.59,true,1,
7290100680711,false,פירורית זהב 350 גר ק,קבוצת אוסם סחר שותפות מוגבלת,,,יח,3.50,ל 100 גרם,false,1,8.40,2.40,false,1,
7290100680728,false,פירורית 350 גר,קבוצת אוסם סחר שותפות מוגבלת,,,יח,3.50,ל 100 גרם,false,1,7.30,2.09,false,1,
7290100681015,false,אינסטנט פודינג ריבת חלב,קבוצת אוסם סחר שותפות מוגבלת,,,יח,0.84,ל 100 גרם,false,1,5.80,6.90,true,1,
7290100681138,false,אפרופרו מארז שלישיה,קבוצת אוסם סחר שותפות מוגבלת,,,יח,1.50,ל 100 גרם,false,1,12.90,8.60,true,1,
7290100681503,false,סירופ לימונענע דיאט עסיס,קבוצת אוסם סחר שותפות מוגבלת,,,יח,10,"ל100 מ""ל",false,1,19.90,1.99,false,1,
7290100683880,false,פירה  אוסם,קבוצת אוסם סחר שותפות מוגבלת,,,יח,2.60,ל 100 גרם,false,1,13.90,5.35,false,1,
7290100684139,false,מיני מקרוני,קבוצת אוסם סחר שותפות מוגבלת,,,יח,5,ל 100 גרם,false,1,5.80,1.16,true,1,
7290100684764,false,במבה 25 גר,קבוצת אוסם סחר שותפות מוגבלת,,,יח,0.25,ל 100 גרם,false,1,2.50,10,false,1,
7290100685068,false,פודינג אינסטנט פיצפוצי שו,קבוצת אוסם סחר שותפות מוגבלת,,,יח,1.10,ל 100 גרם,false,1,6.90,6.27,true,1,
7290100685136,false,"אבקת מרק טעם עוף 1 ק""ג 1/8 אסם",קבוצת אוסם סחר שותפות מוגבלת,,,יח,10,ל 100 גרם,false,1,14.90,1.49,false,1,
7290100685334,false,אבקת מרק עוף טבעי 400,קבוצת אוסם סחר שותפות מוגבלת,,,יח,4,ל 100 גרם,false,1,19.90,4.98,false,1,
7290100685341,false,אבקת מרק ט. עוף זך,קבוצת אוסם סחר שותפות מוגבלת,,,יח,4,ל 100 גרם,false,1,16.90,4.23,true,1,
7290100685600,false,פירורית זהב חיטה מלאה,קבוצת אוסם סחר שותפות מוגבלת,,,יח,2,ל 100 גרם,false,1,7.30,3.65,false,1,
7290100685938,false,"עוגת דבש ותפו""ע עם פירורי",קבוצת אוסם סחר שותפות מוגבלת,,,יח,4,ל 100 גרם,false,1,17.90,4.48,true,1,
7290100687109,false,במבה במילוי נוגט,קבוצת אוסם סחר שותפות מוגבלת,,,יח,0.60,ל 100 גרם,false,1,4.90,8.17,true,1,
7290100689301,false,מרק טעם עוף זך עדיף,קבוצת אוסם סחר שותפות מוגבלת,,,יח,4,ל 100 גרם,false,1,13.90,3.48,true,1,
7290100700020,false,500g pearl barley - Sugat,סוגת תעשיות בעמ,,,יח,5,ל 100 גרם,false,1,5.90,1.18,false,1,
7290100700242,false,Round brown rice 1kg - Sugat,סוגת תעשיות בעמ,,,יח,10,ל 100 גרם,false,1,9.90,0.99,false,1,
7290100700273,false,Quinoa 500 g - Sugat,סוגת תעשיות בעמ,,,יח,5,ל 100 גרם,false,1,14.90,2.98,true,1,
7290100700310,false,Buckwheat 1 kg - Sugat,סוגת תעשיות בעמ,,,יח,10,ל 100 גרם,false,1,12.90,1.29,false,1,
7290100700327,false,Pearl barley 1 kg - Sugat,סוגת תעשיות בעמ,,,יח,10,ל 100 גרם,false,1,7.90,0.79,false,1,
7290100700365,false,Red beans 1kg - Sugat,סוגת תעשיות בעמ,,,יח,10,ל 100 גרם,false,1,15.90,1.59,false,1,
7290100700372,false,Basmati rice 1 kg - Sugat,סוגת תעשיות בעמ,,,יח,10,ל 100 גרם,false,1,13.90,1.39,false,1,
7290100700396,false,Classic jasmine rice - Sugat,סוגת תעשיות בעמ,,,יח,10,ל 100 גרם,false,1,11.90,1.19,false,1,
7290100700563,false,Classic Mix rice - Sugat,סוגת תעשיות בעמ,,,יח,10,ל 100 גרם,false,1,13.10,1.31,false,1,
7290100701409,false,Corn flour 500g - Sugat,סוגת תעשיות בעמ,,,יח,5,ל 100 גרם,false,1,6.90,1.38,false,1,
7290100702611,false,Baked pasta rice 500g - Sugat,סוגת תעשיות בעמ,,,יח,5,ל 100 גרם,false,1,4.90,0.98,true,1,
7290100702628,false,Baked pasta 500g couscous - Sugat,סוגת תעשיות בעמ,,,יח,5,ל 100 גרם,false,1,4.90,0.98,true,1,
7290100702635,false,Baked pasta 500g stars - Sugat,סוגת תעשיות בעמ,,,יח,5,ל 100 גרם,false,1,4.90,0.98,true,1,
7290100702642,false,Baked pasta 500g ring - Sugat,סוגת תעשיות בעמ,,,יח,5,ל 100 גרם,false,1,4.90,0.98,true,1,
7290100702659,false,פתיתים אפויים קמח מלא 400ג  סוגת*,סוגת תעשיות בעמ,,,יח,5,ל 100 גרם,false,1,4.90,0.98,true,1,
7290100703458,false,כוסמת לא קלויה 500ג  סוגת*,סוגת תעשיות בעמ,,,יח,5,ל 100 גרם,false,1,7.90,1.58,false,1,
7290100703533,false,Rural flour + 3 - Sugat,סוגת תעשיות בעמ,,,יח,1,"לק""ג",false,1,8.90,8.90,false,1,
7290100703564,false,שיבולת שועל 500ג עבה    סוגת*,סוגת תעשיות בעמ,,,יח,5,ל 100 גרם,false,1,4.90,0.98,false,1,
7290100703632,false,קמח מלא ללא ניפוי,סוגת תעשיות בעמ,,,יח,10,ל 100 גרם,false,1,7.90,0.79,false,1,
7290100703649,false,קמח  חיטה 80% ללא ניפוי,סוגת תעשיות בעמ,,,יח,10,ל 100 גרם,false,1,7.90,0.79,false,1,
7290100703687,false,קמח  חלה  ללא ניפוי,סוגת תעשיות בעמ,,,יח,10,ל 100 גרם,false,1,7.90,0.79,false,1,
7290100704141,false,Baking soda 50g genre - Sugat,סוגת תעשיות בעמ,,,יח,10,ל 100 גרם,false,1,2.50,0.25,false,1,
7290100704493,false,"קמח  שמרים לפיצה 1 ק""ג  סוגת*",סוגת תעשיות בעמ,,,יח,10,ל 100 גרם,false,1,8.90,0.89,false,1,
7290100704622,false,Demerara brown sugar 1kg jar - Sugat,סוגת תעשיות בעמ,,,יח,5,ל 100 גרם,false,1,6.90,1.38,false,1,
7290100704660,false,Quinoa 500 g - Sugat,סוגת תעשיות בעמ,,,יח,5,ל 100 גרם,false,1,14.90,2.98,true,1,
7290100858592,false,קקאו 150 עלית,שטראוס גרופ בעמ,,,יח,1.50,ל 100 גרם,false,1,10.90,7.27,false,1,
7290100858608,false,קקאו 500 עלית,שטראוס גרופ בעמ,,,יח,5,ל 100 גרם,false,1,23.90,4.78,false,1,
7290100921418,false,מרכך הוואי 700 קרטין,"הנקל סוד בע""מ",IL,,יח,7,"ל100 מ""ל",false,1,9.90,1.41,false,1,
7290100921616,false,כדוריות סוד  נתלה  אורנים   לניקוי,גורי שיווק בעמ,,,יח,1,יח,false,1,7.90,7.90,true,1,
7290100921760,false,שמפו  הוואי  ספורט 700 גר`,"הנקל סוד בע""מ",IL,,יח,7,"ל100 מ""ל",false,1,9.90,1.41,false,1,
7290100922637,false,סבון נוזלי שלישיה מי קוקוס,"הנקל סוד בע""מ",IL,,יח,1.50,לליטר,false,1,15.90,10.60,true,1,
7290100922651,false,ס. הוואי רבעיה מ. קוקוס,"הנקל סוד בע""מ",IL,,יח,4,ל 100 גרם,false,1,12.90,3.23,true,1,
7290100924204,false,"פרסיל א.כ 8 ק""ג",גורי שיווק בעמ,,,יח,80,ל 100 גרם,false,1,49.90,0.62,false,1,
7290100924464,false,סוד  סבון אסלה מארז שלישיה ניחוח אקונו,גורי שיווק בעמ,,,יח,3,למארז,false,1,19.90,6.63,true,1,
7290100925751,false,נוזל כלים סוד  תפוח,גורי שיווק בעמ,,,יח,6.50,"ל100 מ""ל",false,1,6.90,1.06,false,1,
7290100925775,false,נוזל כלים סוד רימון ותאנים,גורי שיווק בעמ,,,יח,6.50,"ל100 מ""ל",false,1,6.90,1.06,false,1,
7290100928585,false,"א. כביסה סוד  צבעונית  5 ק""ג",גורי שיווק בעמ,,,יח,5,"לק""ג",false,1,34.90,6.98,false,1,
7290101414643,false,סיר ג חנון/קובנה 22,אוהב ציון בעמ,,,יח,1,,false,1,50,50,false,1,
7290101486688,false,דגנים עם שוקולד חמשיה,ש.שסטוביץ בעמ,,,יח,0.90,ל 100 גרם,false,1,14.90,16.56,false,1,
7290101488286,false,ליידי 24/7  ספריי  ורוד,ש.שסטוביץ בעמ,,,יח,1.50,ל 100 גרם,false,1,14.90,9.93,true,1,
7290101488316,false,ליידי ספיד סטיק ללא סימן,ש.שסטוביץ בעמ,,,יח,0.50,"ל100 מ""ל",false,1,19.90,39.80,true,1,
7290101551027,false,קפסולות אספרסו מס `14 למכונת אספרס,שטראוס גרופ בעמ,,,ל 100 גרם,0.50,ל 100 גרם,false,1,15.90,31.80,true,1,
7290101551263,false,סילאן טבעי 700 גר`,שטראוס גרופ בעמ,,,יח,0.70,ל 100 גרם,false,1,19.90,28.43,false,1,
7290101551300,false,סילאן טבעי  לחיץ  380גר`,שטראוס גרופ בעמ,,,יח,0.38,ל 100 גרם,false,1,13.90,36.58,false,1,
7290101551539,false,דנונה  פרו 20 גרם חלבון,שטראוס גרופ בעמ (ח),,,יח,1.50,"ל100 מ""ל",false,1,5.90,3.93,false,1,
7290101551584,false,תפוצ יפס  קידס מארז,שטראוס פריטו ליי בעמ,,,יח,2,ל 100 גרם,false,1,12.90,6.45,false,1,
7290101551638,false,מארז צ`יטוס כאפה,שטראוס פריטו ליי בעמ,,,יח,2,ל 100 גרם,false,1,12.90,6.45,false,1,
7290101821151,false,דבק  מגע ע. הבית,עולם הבית,,,יח,1,,false,1,4.90,4.90,false,1,
7290101823506,false,ספריי שמן  ע. הבית,עולם הבית,,,יח,1,,false,1,16.90,16.90,false,1,
7290101863410,false,סיליט באנג ספריי,רקיט בנקיסר (ניר איסט),,,יח,7.50,"ל100 מ""ל",false,1,12.90,1.72,false,1,
7290101864127,false,"קליה  אוקסי ספריי 750 מ""ל",רקיט בנקיסר (ניר איסט),,,יח,7.50,"ל100 מ""ל",false,1,16.90,2.25,true,1,
7290101866787,false,קליה   3 ליטר  וייט לבן,רקיט בנקיסר (ניר איסט),,,יח,30,"ל100 מ""ל",false,1,26.90,0.90,false,1,
7290101869726,false,"פיניש  ג`ל 1000 מ""ל",רקיט בנקיסר (ניר איסט),,,יח,10,"ל100 מ""ל",false,1,42.90,4.29,false,1,
7290101869788,false,מילוי לייף  סנס למילוי  אוטמטי,רקיט בנקיסר (ניר איסט),,,יח,2.50,"ל100 מ""ל",false,1,14.90,5.96,true,1,
7290101869795,false,מילוי לייף  סנס למילוי  אוטמטי,רקיט בנקיסר (ניר איסט),,,יח,2.50,"ל100 מ""ל",false,1,14.90,5.96,true,1,
7290101869962,false,מקלות ריחניים חלום ליל קיץ,רקיט בנקיסר (ניר איסט),,,יח,0.50,"ל100 מ""ל",false,1,12.90,25.80,true,1,
7290101987994,false,נרות מטה לבבות,שמחה זה אנחנו בעמ,,,יח,1,,false,1,7,7,false,1,
7290102032334,false,קפה נמס וניל 200,שטראוס גרופ בעמ,,,יח,2,ל 100 גרם,false,1,22.90,11.45,false,1,
7290102390427,false,"מולר תות 150מ""ל  טרה ק",החברה המרכזית טלהפצת משקאות בע,,,יח,1.50,"ל100 מ""ל",false,1,5.50,3.67,true,1,
7290102390465,false,"מולר אפרסק 150מ""ל  טרה",החברה המרכזית טלהפצת משקאות בע,,,יח,1.50,"ל100 מ""ל",false,1,5.50,3.67,true,1,
7290102390489,false,"מולר לימון 150מ""ל  טרה",החברה המרכזית טלהפצת משקאות בע,,,יח,1.50,"ל100 מ""ל",false,1,5.50,3.67,true,1,
7290102391844,false,יוגורט פרי מולר פירות יער,החברה המרכזית טלהפצת משקאות בע,,,יח,1.50,"ל100 מ""ל",false,1,5.50,3.67,true,1,
7290102392094,false,חלב עיזים קרטון 1 ליטר טרה,החברה המרכזית טלהפצת משקאות בע,,,יח,1,לליטר,false,1,16.90,16.90,false,1,
7290102393039,false,מולר  מיקס  יוגורט  פיצפוצי שוקולד ק,החברה המרכזית טלהפצת משקאות בע,,,יח,1.70,"ל100 מ""ל",false,1,5.90,3.47,false,1,
7290102393718,false,חלומי  בקר 200 גר`,החברה המרכזית טלהפצת משקאות בע,,,יח,2,ל 100 גרם,false,1,24.90,12.45,false,1,
7290102394463,false,גבינה   צהובה  28%  500  גר`,החברה המרכזית טלהפצת משקאות בע,,,יח,5,ל 100 גרם,false,1,31.90,6.38,false,1,
7290102394821,false,גבינה   צהובה   28%  דק דק,החברה המרכזית טלהפצת משקאות בע,,,יח,2,ל 100 גרם,false,1,17.90,8.95,false,1,
7290102394845,false,גבינה   צהובה  9%   דק דק ק,החברה המרכזית טלהפצת משקאות בע,,,יח,2,ל 100 גרם,false,1,18.90,9.45,false,1,
7290102395217,false,מולר  מאגדת  8 במתיקות מעודנת,החברה המרכזית טלהפצת משקאות בע,,,יח,9,ל 100 גרם,false,1,21.90,2.43,false,1,
7290102395224,false,מאגדת מולר שמניה ביאנקו,החברה המרכזית טלהפצת משקאות בע,,,יח,8,יח,false,1,19.90,2.49,false,1,
7290102395415,false,גבינה חריץ  9%,החברה המרכזית טלהפצת משקאות בע,,,ל 100 גרם,10,ל 100 גרם,true,1,69.10,6.91,false,1,
7290102395477,false,מו  שוקולד,החברה המרכזית טלהפצת משקאות בע,,,יח,1.43,"ל100 מ""ל",false,1,2.90,2.03,false,1,
7290102395521,false,"שמנת לבישול 15% 500 מ""ל",החברה המרכזית טלהפצת משקאות בע,,,יח,5,"ל100 מ""ל",false,1,17.90,3.58,false,1,
7290102396405,false,מאגדת  שמניה  מעדן  וניל  מווי,החברה המרכזית טלהפצת משקאות בע,,,יח,8,למארז,false,1,14.90,1.86,false,1,
7290102396436,false,מעדן חלב מו שוקולד,החברה המרכזית טלהפצת משקאות בע,,,יח,1.43,"ל100 מ""ל",false,1,2.90,2.03,true,1,
7290102396580,false,מעדן מו  שוקולד  ומוס  שוקולד,החברה המרכזית טלהפצת משקאות בע,,,יח,1.23,"ל100 מ""ל",false,1,2.90,2.36,false,1,
7290102396597,false,מעדן מו  וניל  ומוס  שוקולד,החברה המרכזית טלהפצת משקאות בע,,,יח,1.23,"ל100 מ""ל",false,1,2.90,2.36,false,1,
7290102396665,false,גבינה נועם דק דק 15%,החברה המרכזית טלהפצת משקאות בע,,,יח,2,ל 100 גרם,false,1,17.90,8.95,false,1,
7290102396672,false,גבינה   צהובה  9%,החברה המרכזית טלהפצת משקאות בע,,,יח,2.20,ל 100 גרם,false,1,29.90,13.59,false,1,
7290102396719,false,מולר  סימפליתות 0%,החברה המרכזית טלהפצת משקאות בע,,,יח,1.50,ל 100 גרם,false,1,5.50,3.67,true,1,
7290102397310,false,מאגדת  שמניה  מיני  מו שוקולד קצפת,החברה המרכזית טלהפצת משקאות בע,,,יח,8,ל 100 גרם,false,1,12.90,1.61,false,1,
7290102397334,false,בולגרית  5% בגביע,החברה המרכזית טלהפצת משקאות בע,,,יח,2.50,ל 100 גרם,false,1,24.90,9.96,false,1,
7290102397464,false,מולר  נטורל עם  פקאן,החברה המרכזית טלהפצת משקאות בע,,,יח,1.50,"ל100 מ""ל",false,1,5.90,3.93,false,1,
7290102397600,false,מולר  קליק חום לבן,החברה המרכזית טלהפצת משקאות בע,,,יח,1.50,"ל100 מ""ל",false,1,5.90,3.93,false,1,
7290102397679,false,קוטג  5%  טרה  375 גר`,החברה המרכזית טלהפצת משקאות בע,,,יח,3.75,ל 100 גרם,false,1,8.90,2.37,false,1,
7290102397891,false,גבינה מותכת 100  גר` צוריאל,החברה המרכזית טלהפצת משקאות בע,,,יח,1,ל 100 גרם,false,1,7.90,7.90,false,1,
7290102398065,false,חלב 2 ליטר טרה בקרטון ק,החברה המרכזית טלהפצת משקאות בע,,,יח,2,לליטר,false,1,12.40,6.20,false,1,
7290102398072,false,חלב 1ליטר  %3טרה בקרטון ק,החברה המרכזית טלהפצת משקאות בע,,,יח,1,לליטר,false,1,6.23,6.23,false,1,
7290102398331,false,חלב מועשר דל לקטוז   1 ל`,החברה המרכזית טלהפצת משקאות בע,,,יח,10,ל 100 גרם,false,1,7.90,0.79,false,1,
7290102398560,false,שוקו טרה מועשר  1ליטר  בקבוק,החברה המרכזית טלהפצת משקאות בע,,,יח,1,לליטר,false,1,12.90,12.90,true,1,
7290102398577,false,"שוקו טרה 250 מ""ל בקבוק",החברה המרכזית טלהפצת משקאות בע,,,יח,0.25,"ל100 מ""ל",false,1,5.90,23.60,false,1,
7290102398614,false,משקה חלב  טרה ט. בננה  1ליטר  בקבוק,החברה המרכזית טלהפצת משקאות בע,,,יח,1,לליטר,false,1,12.90,12.90,true,1,
7290102398638,false,משקה חלב  טרה ט.מוקה   1ליטר  בקבוק,החברה המרכזית טלהפצת משקאות בע,,,יח,1,לליטר,false,1,12.90,12.90,true,1,
7290102398669,false,אייס קפוצינו  1 ליטר טרה,החברה המרכזית טלהפצת משקאות בע,,,יח,10,ל 100 גרם,false,1,12.90,1.29,true,1,
7290102398782,false,משקה  סויה קלאסי   משק צוריאל,החברה המרכזית טלהפצת משקאות בע,,,יח,10,"ל100 מ""ל",false,1,11.90,1.19,false,1,
7290102398805,false,משקה  סויה בטעם וניל משק צוריאל,החברה המרכזית טלהפצת משקאות בע,,,יח,10,"ל100 מ""ל",false,1,11.90,1.19,false,1,
7290102398836,false,משקה  שקדים   קלאסי   משק צוריאל,החברה המרכזית טלהפצת משקאות בע,,,יח,10,"ל100 מ""ל",false,1,12.90,1.29,false,1,
7290102399796,false,מולר  אקטיב יוגורט  חלבון לבן 25 גר`,החברה המרכזית טלהפצת משקאות בע,,,יח,2,"ל100 מ""ל",false,1,5.90,2.95,true,1,
7290102399802,false,מולר  אקטיב  מועשר חלבון ע. תןת,החברה המרכזית טלהפצת משקאות בע,,,יח,2,"ל100 מ""ל",false,1,5.90,2.95,true,1,
7290102399819,false,מולר  אקטיב  מועשר חלבון ע. פירות יער,החברה המרכזית טלהפצת משקאות בע,,,יח,2,"ל100 מ""ל",false,1,5.90,2.95,true,1,
7290102399864,false,אפרסק  ACTIVA לייט מולר 20 גרם חלבון,החברה המרכזית טלהפצת משקאות בע,,,יח,1.50,"ל100 מ""ל",false,1,5.90,3.93,true,1,
7290102441808,false,מלחיה פתוחה כסף,אוהב ציון בעמ,,,יח,1,,false,1,8.90,8.90,false,1,
7290102446858,false,סט 6 כפיות לקיטשן,אוהב ציון בעמ,,,יח,1,,false,1,8.90,8.90,false,1,
7290102446926,false,לקיטשן סט 6  מזלגות   לימונדה זהב,אוהב ציון בעמ,,,יח,1,,false,1,28.90,28.90,false,1,
7290102586479,false,מפצל חשמל שלישייה,עולם הבית,,,יח,1,,false,1,9.90,9.90,false,1,
7290102840175,false,"פודינג וניל 85ג  חת""ס מיה",מיה תעשיות מזון מ.ת.מ בעמ,,,יח,0.85,ל 100 גרם,false,1,3.90,4.59,false,1,
7290102840182,false,"פודינג שוקו 85ג  חת""ס מיה",מיה תעשיות מזון מ.ת.מ בעמ,,,יח,0.85,ל 100 גרם,false,1,3.90,4.59,false,1,
7290102840199,false,"ג לי משמש85ג חת""ס   מיה",מיה תעשיות מזון מ.ת.מ בעמ,,,יח,0.85,ל 100 גרם,false,1,3.90,4.59,false,1,
7290102840205,false,"ג` לי תות 85ג חת""ס   מיה",מיה תעשיות מזון מ.ת.מ בעמ,,,יח,0.85,ל 100 גרם,false,1,3.90,4.59,false,1,
7290102840243,false,אבקה להכנת פלאן קרמל,נאמן לאורך זמן בעמ,,,יח,1.12,ל 100 גרם,false,1,7.20,6.43,false,1,
7290102844265,false,בלילת טמפורה 500 גר`,נאמן לאורך זמן בעמ,,,ל 100 גרם,1,ל 100 גרם,false,1,9.90,9.90,false,1,
7290103120658,false,ספיד סטיק  24/7  ג`ל שחור,ש.שסטוביץ בעמ,,,יח,0.85,ל 100 גרם,false,1,19.90,23.41,true,1,
7290103129378,false,ספיד סטייק  ג`ל אקסטרים X5,ש.שסטוביץ בעמ,,,יח,0.50,ל 100 גרם,false,1,19.90,39.80,true,1,
7290103129637,false,בלונס מסיר איפור אובלים,ש.שסטוביץ בעמ,,,יח,1,,false,1,7.90,7.90,false,1,
7290103263355,false,סט 2 חותכנים  לעוגיות  עיגול   קוטר 5.5,י.סולומון חוויה שבכלי בעמ,,,יח,1,,false,1,13.90,13.90,false,1,
7290103265724,false,מטרפה עם ידית עץ  דגם קנדי,י.סולומון חוויה שבכלי בעמ,,,יח,1,,false,1,14.90,14.90,false,1,
7290103266349,false,"ממחה תפו""א  נירוסטה",י.סולומון חוויה שבכלי בעמ,,,יח,1,,false,1,17.90,17.90,false,1,
7290103266592,false,כף  חלוקה{המיוחדים},י.סולומון חוויה שבכלי בעמ,,,יח,1,,false,1,13.90,13.90,false,1,
7290103269197,false,מטאטא מודפס  דגם מסיבה,י.סולומון חוויה שבכלי בעמ,,,יח,1,,false,1,25.90,25.90,false,1,
7290103404758,false,כרוב 120 גר`,שטראוס גרופ בעמ (ח),,,יח,0.12,ל 100 גרם,false,1,4.90,40.83,false,1,
7290103681173,false,יין  אדום תבור   הר קברנה,החברה המרכזית טלהפצת משקאות בע,,,יח,7.50,"ל100 מ""ל",false,1,32.90,4.35,false,1,
7290103681197,false,יין  אדום תבור  הר  שירז,החברה המרכזית טלהפצת משקאות בע,,,יח,7.50,"ל100 מ""ל",false,1,32.90,4.35,false,1,
7290103681210,false,יין תבור  שרדונה  2009,החברה המרכזית טלהפצת משקאות בע,,,יח,7.50,"ל100 מ""ל",false,1,32.90,4.35,false,1,
7290103681401,false,יין  תבור טיפסי אדום,החברה המרכזית טלהפצת משקאות בע,,,יח,7.50,"ל100 מ""ל",false,1,34.90,4.61,false,1,
7290104055934,false,עלי רוקוט שטראוס,שטראוס גרופ בעמ (ח),,,יח,1,,false,1,9.90,9.90,false,1,
7290104064012,false,פסק זמן גוד 2  לבן,שטראוס גרופ בעמ,,,יח,0.36,ל 100 גרם,false,1,4.50,12.50,false,1,
7290104067693,false,חומוס 150   גר`חריף,שטראוס גרופ בעמ (ח),,,יח,1.50,ל 100 גרם,false,1,5.90,3.93,false,1,
7290104068546,false,מאסט קולה עם קרח,שטראוס גרופ בעמ,,,יח,0.28,ל 100 גרם,false,1,4,14.29,false,1,
7290104570162,false,תמרים כבושים 500ג   שאן*,שושן (פירות)יבשים בעמ,,,יח,5,ל 100 גרם,false,1,10.90,2.18,false,1,
7290104690246,false,נקה ארומה ס. נוזלי,החברה הדרומית לשיווק בעמ,,,יח,7,"ל100 מ""ל",false,1,9.90,1.41,false,1,
7290104726262,false,מארז 4 דני לשתיה,שטראוס גרופ בעמ (ח),,,יח,5,ל 100 גרם,false,1,10.90,2.18,false,1,
7290104729003,false,שמן זית כתית  לתיבול מעודן.,שטראוס גרופ בעמ,,,יח,7.50,"ל100 מ""ל",false,1,34.90,4.65,true,1,
7290104960352,false,"נקה 7  וניל שקד  750 מ""ל",החברה הדרומית לשיווק בעמ,,,יח,7.50,ל 100 גרם,false,1,9.90,1.32,false,1,
7290104961540,false,טוטניום   מטאל,החברה הדרומית לשיווק בעמ,,,יח,2,"ל100 מ""ל",false,1,10.90,5.45,false,1,
7290104961878,false,קרטין אינטנס שמפו,החברה הדרומית לשיווק בעמ,,,יח,7.50,"ל100 מ""ל",false,1,29.90,3.99,false,1,
7290104961885,false,קרטין אינטנס  מרכך,החברה הדרומית לשיווק בעמ,,,יח,4,"ל100 מ""ל",false,1,29.90,7.48,false,1,
7290104961892,false,קרטין  מסיכה לשיער,החברה הדרומית לשיווק בעמ,,,יח,3.50,"ל100 מ""ל",false,1,39.90,11.40,false,1,
7290104962004,false,נקה שלישיה  ורוד,החברה הדרומית לשיווק בעמ,,,יח,1,,false,1,21.90,21.90,false,1,
7290104962066,false,סיקינגראד  קידס,החברה הדרומית לשיווק בעמ,,,יח,2,"ל100 מ""ל",false,1,56.90,28.45,false,1,
7290104962080,false,דאו`טיטניום ספריי,החברה הדרומית לשיווק בעמ,,,יח,0.50,ל 100 גרם,false,1,10.90,21.80,false,1,
7290104962134,false,רון און  נערות קרליין,החברה הדרומית לשיווק בעמ,,,יח,1,,false,1,10.90,10.90,false,1,
7290104962684,false,נושם רול און,החברה הדרומית לשיווק בעמ,,,יח,1,,false,1,10.90,10.90,false,1,
7290104962875,false,אמפולה אינטנס סרום,החברה הדרומית לשיווק בעמ,,,יח,1,,false,1,45.90,45.90,false,1,
7290104963155,false,"סופטקר שמן תינוקות 500 מ""ל",החברה הדרומית לשיווק בעמ,,,ל 100 גרם,5,ל 100 גרם,false,1,25.90,5.18,false,1,
7290104963162,false,"סופטקר  קרם גוף   500 מ""ל",החברה הדרומית לשיווק בעמ,,,ל 100 גרם,5,ל 100 גרם,false,1,25.90,5.18,false,1,
7290104963216,false,סופטקר  אל סבון  עדין   1 ליטר,החברה הדרומית לשיווק בעמ,,,ל 100 גרם,10,ל 100 גרם,false,1,14.90,1.49,false,1,
7290104963223,false,סופטקר  אל סבון קלאסי  1 ליטר,החברה הדרומית לשיווק בעמ,,,ל 100 גרם,10,ל 100 גרם,false,1,14.90,1.49,false,1,
7290104963650,false,סופטקר  שמפו אלדמע  1 ליטר,החברה הדרומית לשיווק בעמ,,,ל 100 גרם,10,ל 100 גרם,false,1,14.90,1.49,false,1,
7290104965647,false,רולאון  נושם לנערות  פ. דיל,החברה הדרומית לשיווק בעמ,,,יח,0.75,ל 100 גרם,false,1,10.90,14.53,false,1,
7290105180322,false,בקבוק  ספורט קלאסי ילדים,אריסטוקרט מ.ב.ליבוא שווק בעמ,,,יח,1,,false,1,11.90,11.90,false,1,
7290105180360,false,מוצץ  סליקון  צבעוני  שלישיה קטן,אריסטוקרט מ.ב.ליבוא שווק בעמ,,,יח,1,,false,1,16.90,16.90,false,1,
7290105180438,false,צימרונים אוזניים עץ 100 יח`,אריסטוקרט מ.ב.ליבוא שווק בעמ,,,יח,1,,false,1,1,1,false,1,
7290105180445,false,צימרונים אוזניים עץ   300יח`,אריסטוקרט מ.ב.ליבוא שווק בעמ,,,יח,1,,false,1,2.90,2.90,false,1,
7290105180452,false,צימרונים אוזניים +שסתום  לתינוקות,אריסטוקרט מ.ב.ליבוא שווק בעמ,,,יח,1,,false,1,3.90,3.90,false,1,
7290105180476,false,צימרונים אוזניים   פלסטי` 200יח`,אריסטוקרט מ.ב.ליבוא שווק בעמ,,,יח,1,,false,1,3.90,3.90,false,1,
7290105180483,false,צימרונים אוזניים   פלסטי` 300 יח`,אריסטוקרט מ.ב.ליבוא שווק בעמ,,,יח,1,,false,1,5.90,5.90,false,1,
7290105180490,false,טלק  כשר לפסח,אריסטוקרט מ.ב.ליבוא שווק בעמ,,,יח,0.50,ל 100 גרם,false,1,11.90,23.80,false,1,
7290105360250,false,קפסולות מקיאטו  מס`9 למכונת אספרסו,שטראוס גרופ בעמ,,,ל 100 גרם,0.50,ל 100 גרם,false,1,15.90,31.80,true,1,
7290105360328,false,קפסולות אספרסו חזק  מס`10 למכונת אספרסו,שטראוס גרופ בעמ,,,ל 100 גרם,0.50,ל 100 גרם,false,1,15.90,31.80,true,1,
7290105360335,false,קפסולות אספרסו   מס`7 למכונת אספרסו,שטראוס גרופ בעמ,,,ל 100 גרם,0.50,ל 100 גרם,false,1,15.90,31.80,true,1,
7290105360755,false,"שמן זית  חזק  750 מ""ל",שטראוס גרופ בעמ,,,יח,7.50,ל 100 גרם,false,1,34.90,4.65,false,1,
7290105360878,false,מארז תפוצ יפס  טבעי  4* 50 גר`,שטראוס פריטו ליי בעמ,,,יח,2,ל 100 גרם,false,1,10.90,5.45,false,1,
7290105362339,false,שמנת  לבישול 15% מהדרין,שטראוס גרופ בעמ (ח),,,יח,2.50,ל 100 גרם,false,1,8.10,3.24,true,1,
7290105363602,false,\כיף כף מקלות  קלאסי,שטראוס גרופ בעמ,,,יח,0.40,ל 100 גרם,false,1,4.90,12.25,true,1,
7290105364289,false,כיף כף מקלות  פיצפטצים,שטראוס גרופ בעמ,,,יח,0.40,ל 100 גרם,false,1,4.90,12.25,true,1,
7290105364302,false,כיף כף מקלות אגוזים,שטראוס גרופ בעמ,,,יח,0.40,ל 100 גרם,false,1,4.90,12.25,true,1,
7290105366993,false,סימפוניה  פלפל שיפקה חריף ק,שטראוס גרופ בעמ (ח),,,יח,2,ל 100 גרם,false,1,11.20,5.60,false,1,
7290105368904,false,שמנת מתוקה  לקצפת  32|,שטראוס גרופ בעמ (ח),,,יח,2.50,ל 100 גרם,false,1,6.90,2.76,false,1,
7290105368928,false,שמנת  9% טעם  מהדרין,שטראוס גרופ בעמ (ח),,,יח,2,"ל100 מ""ל",false,1,3.10,1.55,false,1,
7290105369130,false,סימפוניה בצל ירוק 5%,שטראוס גרופ בעמ (ח),,,יח,2,ל 100 גרם,false,1,11.90,5.95,false,1,
7290105369451,false,צ יטוס  דולפין  55 גר,שטראוס פריטו ליי בעמ,,,יח,0.55,ל 100 גרם,false,1,3.90,7.09,false,1,
7290105430496,false,ספיד סטייק  סטיינגראד,ש.שסטוביץ בעמ,,,יח,1.65,ל 100 גרם,false,1,14.90,9.03,true,1,
7290105431868,false,סבון נוזלי פלמוליב ספא קוקוס,ש.שסטוביץ בעמ,,,יח,5,"ל100 מ""ל",false,1,16.90,3.38,false,1,
7290105439499,false,מנה מאסטר שף מיונז,ש.שסטוביץ בעמ,,,יח,4.81,ל 100 גרם,false,1,10.90,2.27,false,1,
7290105439581,false,מנה מאסטר שף  חרדל די`ון,ש.שסטוביץ בעמ,,,יח,3.70,ל 100 גרם,false,1,9.90,2.68,false,1,
7290105474124,false,"בונזו בשר 12 ק""ג",דיפלומט מפיצים {1968}בעמ,,,יח,120,ל 100 גרם,false,1,129,1.08,false,1,
7290105662811,false,כף אשפה  מתקפל  דגם מסיבה,י.סולומון חוויה שבכלי בעמ,,,יח,1,,false,1,23.90,23.90,false,1,
7290105668424,false,מסננת  רשת לכיור  אמרקאי דגם קשת,י.סולומון חוויה שבכלי בעמ,,,יח,1,,false,1,11.90,11.90,false,1,
7290105669179,false,פומפיה  נירוסטה מולטי שף,י.סולומון חוויה שבכלי בעמ,,,יח,1,,false,1,21.90,21.90,false,1,
7290105691248,false,חטיפי טורטיות,קבוצת אוסם סחר שותפות מוגבלת,,,יח,1,ל 100 גרם,false,1,6.90,6.90,false,1,
7290105691712,false,עוגיות  הפסקת קפה חיטה מלאה,קבוצת אוסם סחר שותפות מוגבלת,,,יח,2.30,יח,false,1,10.20,4.43,false,1,
7290105691897,false,קוסקוס  מחיטה  מלאה,קבוצת אוסם סחר שותפות מוגבלת,,,יח,3.50,ל 100 גרם,false,1,8.90,2.54,false,1,
7290105691934,false,"קמח שמרים 1 ק""ג",קבוצת אוסם סחר שותפות מוגבלת,,,יח,10,ל 100 גרם,false,1,8.90,0.89,false,1,
7290105693341,false,במבה אריזה משפחת,קבוצת אוסם סחר שותפות מוגבלת,,,יח,2.50,ל 100 גרם,false,1,13.90,5.56,true,1,
7290105693457,false,עוגת דמקה שוקו וניל,קבוצת אוסם סחר שותפות מוגבלת,,,יח,3.20,ל 100 גרם,false,1,11.90,3.72,false,1,
7290105694614,false,ספגטי מהיר להכנה ק,קבוצת אוסם סחר שותפות מוגבלת,,,יח,5,ל 100 גרם,false,1,5.40,1.08,true,1,
7290105694928,false,אבקת מרק בצל 220 גר`,קבוצת אוסם סחר שותפות מוגבלת,,,יח,2.20,ל 100 גרם,false,1,15.90,7.23,false,1,
7290105695024,false,פתיתים אפויים אורז עם איטריות,קבוצת אוסם סחר שותפות מוגבלת,,,יח,5,ל 100 גרם,false,1,7.90,1.58,true,1,
7290105695321,false,עוגת בראוניס פאד ג,קבוצת אוסם סחר שותפות מוגבלת,,,יח,3.80,ל 100 גרם,false,1,14.90,3.92,false,1,
7290105964564,false,חומוס   400  גר`אחלה,שטראוס גרופ בעמ (ח),,,יח,4,ל 100 גרם,false,1,8.90,2.23,false,1,
7290105965738,false,דנונה  לשתיה  תות בננה,שטראוס גרופ בעמ (ח),,,יח,2.67,יח,false,1,4.90,1.84,false,1,
7290105966469,false,חומץ  בלסמי  יד מרדכי,שטראוס גרופ בעמ,,,יח,2.50,"ל100 מ""ל",false,1,14.90,5.96,false,1,
7290105968098,false,סלט קולסאו 500  גר`,שטראוס גרופ בעמ (ח),,,יח,5,ל 100 גרם,false,1,14.90,2.98,true,1,
7290105968654,false,טורטליני  בטטה,שטראוס גרופ בעמ (ח),,,יח,4,ל 100 גרם,false,1,19.90,4.98,true,1,
7290105968777,false,פרכיות  אנרג`י  תחתית שוקלד מריר,שטראוס גרופ בעמ,,,יח,0.70,ל 100 גרם,false,1,7.50,10.71,false,1,
7290105985347,false,"קערה עגולה  פלסטיק  34 ס""מ",אושר מחסני 1/2 חינם,,,יח,1,,false,1,9.90,9.90,false,1,
7290106391468,false,מיחם  50 כוסות  צמת פיקס,אוהב ציון בעמ,,,יח,1,,false,1,300,300,false,1,
7290106520066,false,רבע לשבע  ירוק 160 גרם,שטראוס גרופ בעמ,,,יח,1.60,ל 100 גרם,false,1,11.90,7.44,false,1,
7290106520288,false,דנונה  פרו  תות,שטראוס גרופ בעמ (ח),,,יח,1.50,"ל100 מ""ל",false,1,4.70,3.13,true,1,
7290106520912,false,שמנת  לבישול 9%  מהדרין,שטראוס גרופ בעמ (ח),,,יח,2.58,ל 100 גרם,false,1,8.10,3.14,true,1,
7290106521926,false,קפה טורקי 150 ג,שטראוס גרופ בעמ,,,"ל100 ס""מ",1.50,ל 100 גרם,false,1,10.90,7.27,true,1,
7290106524439,false,תפוציפס פופס  60גר,שטראוס פריטו ליי בעמ,,,יח,0.60,ל 100 גרם,false,1,3.80,6.33,false,1,
7290106525320,false,שוקולית  לאפיה  גר`,שטראוס גרופ בעמ,,,יח,5,ל 100 גרם,false,1,15.90,3.18,false,1,
7290106525399,false,קפסולות  ברזיל   מס`6  למכונת אספרסו,שטראוס גרופ בעמ,,,ל 100 גרם,0.50,ל 100 גרם,false,1,15.90,31.80,true,1,
7290106526822,false,פרכיות  אנרג`י תחתית שוקולד,שטראוס גרופ בעמ,,,יח,0.80,ל 100 גרם,false,1,7.50,9.38,false,1,
7290106528628,false,דוריטוס  טבעי   185 גר,שטראוס פריטו ליי בעמ,,,יח,1.85,ל 100 גרם,false,1,6.90,3.73,false,1,
7290106571921,false,עוגיות פיטנס  חמוציות,קבוצת אוסם סחר שותפות מוגבלת,,,יח,1.80,ל 100 גרם,false,1,11.90,6.61,true,1,
7290106572065,false,חטיפי טורטיה חמוץ מתוק,קבוצת אוסם סחר שותפות מוגבלת,,,יח,0.60,ל 100 גרם,false,1,6.90,11.50,false,1,
7290106572959,false,מארז אפרופרו  קלאסי 5 יח`,קבוצת אוסם סחר שותפות מוגבלת,,,יח,1.25,ל 100 גרם,false,1,12.90,10.32,true,1,
7290106572997,false,"קמח שמרים לפיצה 1 ק""ג ק",קבוצת אוסם סחר שותפות מוגבלת,,,יח,10,ל 100 גרם,false,1,10.60,1.06,false,1,
7290106573277,false,קריספי  טאפאס זיתים,קבוצת אוסם סחר שותפות מוגבלת,,,יח,2,ל 100 גרם,false,1,11.80,5.90,false,1,
7290106573314,false,קריספי  טאפאס   פיזורים,קבוצת אוסם סחר שותפות מוגבלת,,,יח,1.50,ל 100 גרם,false,1,11.80,7.87,false,1,
7290106574793,false,עוגת הבית  שוקו- שוקוצ`יפס,קבוצת אוסם סחר שותפות מוגבלת,,,יח,3.50,ל 100 גרם,false,1,11.90,3.40,false,1,
7290106574953,false,בייגלה  שטוחים   שומשום  ק,קבוצת אוסם סחר שותפות מוגבלת,,,יח,3,ל 100 גרם,false,1,9.90,3.30,false,1,
7290106574977,false,בייגלה שטוחים עם מלח,קבוצת אוסם סחר שותפות מוגבלת,,,יח,3,ל 100 גרם,false,1,9.90,3.30,false,1,
7290106575257,false,עוגת סופלה בטעם שוקולד,קבוצת אוסם סחר שותפות מוגבלת,,,יח,3.40,ל 100 גרם,false,1,11.90,3.50,false,1,
7290106575332,false,פתיתים אפויים  פלוס  בורגול,קבוצת אוסם סחר שותפות מוגבלת,,,יח,5,ל 100 גרם,false,1,7.90,1.58,true,1,
7290106576797,false,"לה קרמריה  וניל איטלקי  1.4 ליטר כשל""פ",נגה גלידות שותפות מוגבלת,,,יח,1.40,ל 100 גרם,false,1,21.90,15.64,false,1,
7290106576810,false,"לה קרמריה  ריבת חלב  1.4 ליטר כשל""פ",נגה גלידות שותפות מוגבלת,,,,1.40,ל 100 גרם,false,1,21.90,15.64,false,1,
7290106576919,false,"לה קרמריה  סורבה תות לימו 1.4 ליטר כשל""פ",נגה גלידות שותפות מוגבלת,,,,1.40,ל 100 גרם,false,1,21.90,15.64,false,1,
7290106576971,false,"לה קרמריה  שוקולד בלגי 1.4 ליטר כשל""פ",נגה גלידות שותפות מוגבלת,,,,1.40,ל 100 גרם,false,1,21.90,15.64,false,1,
7290106577039,false,"לה קרמריה  וניל  שוקו 1.4 ליטר כשל""פ",נגה גלידות שותפות מוגבלת,,,,1.40,ל 100 גרם,false,1,21.90,15.64,false,1,
7290106578241,false,דובונים  100 גר`,קבוצת אוסם סחר שותפות מוגבלת,,,יח,1,ל 100 גרם,false,1,8.90,8.90,true,1,
7290106578692,false,במבה  מיקס מהדורת אליפות,קבוצת אוסם סחר שותפות מוגבלת,,,יח,0.60,ל 100 גרם,false,1,3.90,6.50,true,1,
7290106653504,false,סבבה בוטנים ברביקיו  50 גר`,שטראוס פריטו ליי בעמ,,,יח,0.50,ל 100 גרם,false,1,2,4,false,1,
7290106653689,false,לקט  לסלט בסגנון אסיאתי,שטראוס גרופ בעמ (ח),,,יח,2.50,ל 100 גרם,false,1,10.90,4.36,false,1,
7290106654099,false,מארז מילקי קוקי שמניה,שטראוס גרופ בעמ (ח),,,יח,2.72,"ל100 מ""ל",false,1,19.90,7.32,false,1,
7290106656727,false,"חיוכים  שוקו   600  גר`בד""צ",שטראוס גרופ בעמ,,,יח,6,ל 100 גרם,false,1,16.90,2.82,false,1,
7290106663121,false,מילקי קייק,שטראוס גרופ בעמ (ח),,,יח,1.30,"ל100 מ""ל",false,1,2.90,2.23,false,1,
7290106663183,false,צ יטוס גבינה  חריף 65,שטראוס פריטו ליי בעמ,,,יח,0.80,ל 100 גרם,false,1,3.90,4.88,false,1,
7290106663503,false,קונפיטורת לייט  תות,שטראוס גרופ בעמ,,,יח,2.50,ל 100 גרם,false,1,12.90,5.16,false,1,
7290106663558,false,רוטב טריאקי רימון  יד מרדכי,שטראוס גרופ בעמ,,,יח,2.80,"ל100 מ""ל",false,1,12.90,4.61,false,1,
7290106664067,false,לאבנה  שמן זית וזעתר 10% שומן,שטראוס גרופ בעמ (ח),,,יח,4,ל 100 גרם,false,1,13.90,3.48,false,1,
7290106664562,false,רוטב שמנת עם פיטריות  9%,שטראוס גרופ בעמ (ח),,,יח,0.25,"ל100 מ""ל",false,1,10.90,43.60,true,1,
7290106666788,false,סוכ`  דבש ממולאות,שטראוס גרופ בעמ,,,יח,0.80,ל 100 גרם,false,1,5,6.25,false,1,
7290106667266,false,דוריטוס חמוץ חריף  185 גר,שטראוס פריטו ליי בעמ,,,יח,1.85,ל 100 גרם,false,1,6.90,3.73,false,1,
7290106668577,false,"מיץ  ליימון טבעי   250 מ""ל יד מרדכי",שטראוס גרופ בעמ,,,יח,2.50,"ל100 מ""ל",false,1,7.90,3.16,true,1,
7290106668713,false,דנונה  פירות יער   3%,שטראוס גרופ בעמ (ח),,,יח,1.50,"ל100 מ""ל",false,1,3.90,2.60,false,1,
7290106669857,false,קפסולות ט. וניל  V למכונת אספרסו,שטראוס גרופ בעמ,,,ל 100 גרם,0.50,ל 100 גרם,false,1,15.90,31.80,true,1,
7290106721913,false,צנצנת  צ`יקלט ריח פה,שטראוס גרופ בעמ,,,יח,0.66,ל 100 גרם,false,1,9.90,15,true,1,
7290106721920,false,צנצנת  ספירמנט צ`יקלט,שטראוס גרופ בעמ,,,יח,1,ל 100 גרם,false,1,9.90,9.90,true,1,
7290106723689,false,תרד בייבי   שטראוס,שטראוס גרופ בעמ (ח),,,יח,2,ל 100 גרם,false,1,10.90,5.45,false,1,
7290106725874,false,"סירופ מייפל טבעי 236 מ""ל",שטראוס גרופ בעמ,,,יח,2.36,"ל100 מ""ל",false,1,39.90,16.91,false,1,
7290106726178,false,דנונה  פרו  פירות יער,שטראוס גרופ בעמ (ח),,,יח,1.50,"ל100 מ""ל",false,1,4.70,3.13,true,1,
7290106727984,false,כיף כף פצפצים,שטראוס גרופ בעמ,,,יח,1.35,ל 100 גרם,false,1,9.90,7.33,false,1,
7290106729650,false,מארז דנונה 8 תות 3%,שטראוס גרופ בעמ (ח),,,יח,1.20,יח,false,1,23.90,19.92,false,1,
7290107059022,false,חותכן כרוב מינרוסטה,י.סולומון חוויה שבכלי בעמ,,,יח,1,,false,1,11.90,11.90,false,1,
7290107280020,false,סושי 3 מטליות לחות,החברה הדרומית לשיווק בעמ,,,יח,1,,false,1,17.90,17.90,false,1,
7290107280099,false,מגב`סופט 3X48,החברה הדרומית לשיווק בעמ,,,יח,0,ל 100 גרם,false,1,15.90,15.90,false,1,
7290107280129,false,שקיות ענק 20  יח` יח`,החברה הדרומית לשיווק בעמ,,,יח,1,,false,1,22.90,22.90,false,1,
7290107280389,false,סנו ג`ט אבמטיה  מרסס ק,החברה הדרומית לשיווק בעמ,,,יח,7.50,"ל100 מ""ל",false,1,11.90,1.59,false,1,
7290107280396,false,סנו ג`ט  מטבח מרסס,החברה הדרומית לשיווק בעמ,,,יח,1,,false,1,11.90,11.90,false,1,
7290107280563,false,אוקסיג`ן בייבי 3 ליטר,החברה הדרומית לשיווק בעמ,,,יח,1,,false,1,28.90,28.90,false,1,
7290107280570,false,ג`ל כביסה 3 ליטר מקסימה,החברה הדרומית לשיווק בעמ,,,יח,30,"ל100 מ""ל",false,1,28.90,0.96,false,1,
7290107280587,false,דאבל אקשן 3  יח` פרחים,החברה הדרומית לשיווק בעמ,,,יח,1,,false,1,10.90,10.90,false,1,
7290107280709,false,"ספארק נוזל  הברקה 700 מ""ל",החברה הדרומית לשיווק בעמ,,,יח,1,,false,1,14.90,14.90,false,1,
7290107280761,false,ספארק כלים  לימון 1  ליטר+ משאבה,החברה הדרומית לשיווק בעמ,,,יח,10,"ל100 מ""ל",false,1,11.90,1.19,false,1,
7290107280822,false,ריצפז פרש  ספא  מרגיע,החברה הדרומית לשיווק בעמ,,,יח,20,"ל100 מ""ל",false,1,19.90,1,false,1,
7290107529204,false,כד  מידידה 1 ליטר,י.סולומון חוויה שבכלי בעמ,,,יח,1,,false,1,8.90,8.90,false,1,
7290107646062,false,KNORR ANI REAL CHICKEN SAVVY 6X400G,"יוניליוור ישראלשיווק בע""מ",,,יח,4,ל 100 גרם,false,1,19.90,4.98,false,1,
7290107646147,false,שוגי קורנפלקס שישיה*,"יוניליוור ישראלשיווק בע""מ",,,יח,1.56,ל 100 גרם,false,1,12.90,8.27,false,1,
7290107646154,false,קוקומן פצפוצים  שישיה*,"יוניליוור ישראלשיווק בע""מ",,,יח,1.56,ל 100 גרם,false,1,12.90,8.27,false,1,
7290107646383,false,CIF WC THICK BLEACH FINE 750ML,"יוניליוור ישראלשיווק בע""מ",,,יח,7.50,"ל100 מ""ל",false,1,10.90,1.45,false,1,
7290107646826,false,מאגדת שוגי שוקו  שישיה*,"יוניליוור ישראלשיווק בע""מ",,,יח,1.56,ל 100 גרם,false,1,12.90,8.27,false,1,
7290107646963,false,TELMA CANOLA OIL REAL MAYONNAISE,"יוניליוור ישראלשיווק בע""מ",,,יח,2.50,ל 100 גרם,false,1,7.90,3.16,false,1,
7290107646970,false,TELMA CANOLA OIL REAL MAYONNAISE,"יוניליוור ישראלשיווק בע""מ",,,יח,2.50,ל 100 גרם,false,12,7.90,3.16,false,1,
7290107647359,false,דומסטוס 3 ס. אסלה  אושן,"יוניליוור ישראלשיווק בע""מ",,,יח,1.65,ל 100 גרם,false,1,14.90,9.03,false,1,
7290107647731,false,TELMA COCOMAN B&W 20 LS BDZ 12X375G,"יוניליוור ישראלשיווק בע""מ",,,יח,375,ל 100 גרם,false,12,19.90,0.05,false,1,
7290107647816,false,TELMA BRANFLAKES NO SUGAR BADAZ 12X500G,"יוניליוור ישראלשיווק בע""מ",,,יח,5,ל 100 גרם,false,1,19.90,3.98,false,1,
7290107648943,false,TELMA BRANFLAKES BADAZ 12X500G,"יוניליוור ישראלשיווק בע""מ",,,יח,4.70,ל 100 גרם,false,1,19.90,4.23,false,1,
7290107649100,false,B&B ONE ONE 400 GR,"יוניליוור ישראלשיווק בע""מ",,,יח,4,ל 100 גרם,false,1,8.90,2.23,false,1,
7290107649605,false,KLIK MILK WITH COOKIES & MULTIFORSA 85G,"יוניליוור ישראלשיווק בע""מ",,,יח,1,ל 100 גרם,false,1,4.90,4.90,false,1,
7290107649681,false,קואנטו  פסק זמן,"גלידת שטראוס בע""מ",,,יח,0.64,ל 100 גרם,false,1,6.90,10.78,true,1,
7290107649728,false,גלידה 2 ליטר  פרווה וניל,"גלידת שטראוס בע""מ",,,יח,2,לליטר,false,1,22.90,11.45,false,1,
7290107649735,false,גלידה 2 ליטר מעדן קפוא,"גלידת שטראוס בע""מ",,,יח,2,לליטר,false,1,22.90,11.45,false,1,
7290107649780,false,שוקובו  שוקו,"גלידת שטראוס בע""מ",,,יח,0.85,ל 100 גרם,false,1,8.50,10,true,1,
7290107649858,false,טילון מגנום  לבן,"גלידת שטראוס בע""מ",,,יח,1,,false,1,9.90,9.90,true,1,
7290107871297,false,פרכונים  מיני עשבי תיבול,קבוצת אוסם סחר שותפות מוגבלת,,,יח,0.25,ל 100 גרם,false,1,3.90,15.60,false,1,
7290107871990,false,פסטה  צינורות,קבוצת אוסם סחר שותפות מוגבלת,,,יח,5,ל 100 גרם,false,1,5.80,1.16,true,1,
7290107874427,false,פרכונים  מיני זעתר,קבוצת אוסם סחר שותפות מוגבלת,,,יח,0.25,ל 100 גרם,false,1,3.90,15.60,false,1,
7290107874441,false,פרכונים  מיני בצל,קבוצת אוסם סחר שותפות מוגבלת,,,יח,0.25,ל 100 גרם,false,1,3.90,15.60,false,1,
7290107874502,false,מארז ביסלי ברבקיו 4  יח,קבוצת אוסם סחר שותפות מוגבלת,,,יח,2.01,ל 100 גרם,false,1,11.90,5.92,true,1,
7290107875271,false,ביסלי ברבקיו מארז,קבוצת אוסם סחר שותפות מוגבלת,,,יח,2.01,ל 100 גרם,false,1,11.90,5.92,true,1,
7290107875820,false,קורטונים  אפויים לסלט  תיבול,קבוצת אוסם סחר שותפות מוגבלת,,,יח,1.80,ל 100 גרם,false,1,12.90,7.17,false,1,
7290107876889,false,במבה במילוי קרם נוגט,קבוצת אוסם סחר שותפות מוגבלת,,,יח,0.45,ל 100 גרם,false,1,4.90,10.89,true,1,
7290107877619,false,"במבה במילוי קרם נוגט כשל""פ",קבוצת אוסם סחר שותפות מוגבלת,,,יח,1.50,ל 100 גרם,false,1,12.90,8.60,true,1,
7290107879132,false,פיטנס מיני  פרכיות  שוקולד,קבוצת אוסם סחר שותפות מוגבלת,,,יח,0.22,ל 100 גרם,false,1,4.90,22.27,false,1,
7290107930321,false,קונפיטורה  דובדבן 340 גר`,שטראוס גרופ בעמ,,,יח,3.40,ל 100 גרם,false,1,12.90,3.79,false,1,
7290107931397,false,כיף כף פצפצים,שטראוס גרופ בעמ,,,יח,0.40,ל 100 גרם,false,1,4.90,12.25,true,1,
7290107932080,false,החלב של יטבתה  3%,שטראוס גרופ בעמ (ח),,,יח,1,לליטר,false,1,7.50,7.50,false,1,
7290107932134,false,החלב של יטבתה 1%,שטראוס גרופ בעמ (ח),,,יח,1,לליטר,false,1,7.50,7.50,false,1,
7290107933155,false,עלי סלנובה שטאוס,שטראוס גרופ בעמ (ח),,,יח,1,,false,1,12.90,12.90,false,1,
7290107933193,false,סלק אדום בואקום שטראוס,שטראוס גרופ בעמ (ח),,,יח,1,,false,1,8.90,8.90,false,1,
7290107936309,false,דנונה  יווני לבן,שטראוס גרופ בעמ (ח),,,יח,1.30,ל 100 גרם,false,1,3.30,2.54,false,1,
7290107937542,false,משקה אקטביה  תות,שטראוס גרופ בעמ (ח),,,יח,1.20,"ל100 מ""ל",false,1,4.90,4.08,false,1,
7290107937627,false,צנצנת  מאסט קוביות,שטראוס גרופ בעמ,,,יח,0.58,ל 100 גרם,false,1,9.90,17.07,true,1,
7290107938396,false,שמנית אקטימל תות  בנים,שטראוס גרופ בעמ (ח),,,יח,8,"ל100 מ""ל",false,1,21.20,2.65,false,1,
7290107939027,false,גזר דק דק 250 גר`,שטראוס גרופ בעמ (ח),,,יח,1,,false,1,6.80,6.80,false,1,
7290107940467,false,אקטיביה  200  גר` 1.5%,שטראוס גרופ בעמ (ח),,,יח,2,"ל100 מ""ל",false,1,3.90,1.95,false,1,
7290107943192,false,שמנת  חמוצה מהערבה 27% שומן,שטראוס גרופ בעמ (ח),,,יח,2,"ל100 מ""ל",false,1,4.10,2.05,false,1,
7290107944472,false,סימפוניה שום שמיר 3%,שטראוס גרופ בעמ (ח),,,יח,2,ל 100 גרם,false,1,11.20,5.60,false,1,
7290107950190,false,מעדן שטראוס דיאט  שוקלד מריר,שטראוס גרופ בעמ (ח),,,יח,1.30,ל 100 גרם,false,1,3.30,2.54,false,1,
7290107950206,false,מעדן שטראוס  טעם שוקלד,שטראוס גרופ בעמ (ח),,,יח,1.30,ל 100 גרם,false,1,3.30,2.54,false,1,
7290107951140,false,וופל שוקולד  200,שטראוס גרופ בעמ,,,יח,2,ל 100 גרם,false,1,3.90,1.95,false,1,
7290107951715,false,צנצנת בזוקה  ענבים,שטראוס גרופ בעמ,,,יח,0.58,ל 100 גרם,false,1,9.90,17.07,true,1,
7290107953559,false,מארז טורקי  לדרך,שטראוס גרופ בעמ,,,יח,1.40,ל 100 גרם,false,1,18.90,13.50,false,1,
7290107954709,false,קונפיטורה  פירות יער,שטראוס גרופ בעמ,,,יח,3.40,ל 100 גרם,false,1,12.90,3.79,false,1,
7290107954976,false,משקה  יטבתה פרו  קפה,שטראוס גרופ בעמ (ח),,,יח,0.35,"ל100 מ""ל",false,1,6.50,18.57,false,1,
7290107956710,false,שרינק  16 מיני  מילקי,שטראוס גרופ בעמ (ח),,,יח,1.12,יח,false,1,19.90,17.77,false,1,
7290107956895,false,קפסולות טעם קרמל G  למכונת אספרסו,שטראוס גרופ בעמ,,,ל 100 גרם,0.50,ל 100 גרם,false,1,15.90,31.80,true,1,
7290107956901,false,קפסולות  אספרסו N בטעם אגוזים,שטראוס גרופ בעמ,,,ל 100 גרם,0.50,ל 100 גרם,false,1,15.90,31.80,true,1,
7290107956925,false,קפסולות  אוגנדה עלית  מס`13 למכונת אספ,שטראוס גרופ בעמ,,,ל 100 גרם,0.50,ל 100 גרם,false,1,15.90,31.80,true,1,
7290107957229,false,נטיפי שוקולד צ`יפס מריר,שטראוס גרופ בעמ,,,יח,0.25,ל 100 גרם,false,1,11.90,47.60,false,1,
7290107957991,false,מילקי  מינייס,שטראוס גרופ בעמ (ח),,,יח,0.1440,"ל100 מ""ל",false,1,13.90,96.53,false,1,
7290107958035,false,דנונה שמניה,שטראוס גרופ בעמ (ח),,,יח,1.20,ל 100 גרם,false,1,18,15,false,1,
7290107973014,false,פלמוליב סבון ידיים   חלב ודבש,ש.שסטוביץ בעמ,,,יח,3,ל 100 גרם,false,1,9.90,3.30,false,1,
7290107973311,false,קולגייט  מברשת 360 אופטיק וייט זוג,ש.שסטוביץ בעמ,,,יח,1,,false,1,24.90,24.90,false,1,
7290107973861,false,מנה עגבניות קצוצות דק שלישיה,ש.שסטוביץ בעמ,,,יח,1.20,ל 100 גרם,false,1,16.90,14.08,true,1,
7290107974301,false,ליידי ספיד סטיק  אלוורה ג`ל,ש.שסטוביץ בעמ,,,יח,0.50,"ל100 מ""ל",false,1,19.90,39.80,true,1,
7290107974646,false,"מרידול  שטיפת פה  400 מ""ל",ש.שסטוביץ בעמ,,,יח,4,ל 100 גרם,false,1,29.90,7.48,false,1,
7290107974820,false,מנה  ממרח מתובל  ספייסי 2.52 גר`,ש.שסטוביץ בעמ,,,יח,2.53,ל 100 גרם,false,1,7.90,3.12,false,1,
7290107975285,false,ליידי ספיד סטייק נערות  תות,ש.שסטוביץ בעמ,,,יח,1,,false,1,19.90,19.90,true,1,
7290107975346,false,ספיד סטיק  כוח הטבע,ש.שסטוביץ בעמ,,,יח,1,,false,1,19.90,19.90,true,1,
7290107975360,false,ליידי ספיד סטיק  פיור פרשנס ג`ל,ש.שסטוביץ בעמ,,,יח,0.50,"ל100 מ""ל",false,1,19.90,39.80,true,1,
7290107975544,false,"קולגייט סמייליס ברבי 50 מ""ל",ש.שסטוביץ בעמ,,,יח,0.50,ל 100 גרם,false,1,11.90,23.80,false,1,
7290107977753,false,מרידול מ.שיניים,ש.שסטוביץ בעמ,,,יח,0.75,ל 100 גרם,false,1,24.90,33.20,false,1,
7290107978101,false,קולגיט  אופטיק וייט אקסטרא,ש.שסטוביץ בעמ,,,יח,0.75,ל 100 גרם,false,1,29.90,39.87,true,1,
7290107978330,false,מאסטר שף אטריות דקות 400 גר`,ש.שסטוביץ בעמ,,,יח,4,ל 100 גרם,false,1,3.90,0.98,false,1,
7290107978347,false,מאסטר שף איטריות בינוניות,ש.שסטוביץ בעמ,,,יח,4,ל 100 גרם,false,1,3.90,0.98,false,1,
7290107978453,false,קרנצ`וס גריל 55 גר`,ש.שסטוביץ בעמ,,,יח,0.55,ל 100 גרם,false,1,2.20,4,false,1,
7290107978460,false,קרנצ`וס  פלאפל  55 גר`,ש.שסטוביץ בעמ,,,יח,0.55,ל 100 גרם,false,1,2.20,4,false,1,
7290108078015,false,פלייסמט- מיקי,שמחה זה אנחנו בעמ,,,יח,1,,false,1,9.50,9.50,false,1,
7290108350128,false,שקיות חזקות 40 יח`,החברה הדרומית לשיווק בעמ,,,יח,1,,false,1,25.90,25.90,false,1,
7290108350203,false,כריות קירצוף 6 יח`,החברה הדרומית לשיווק בעמ,,,יח,1,,false,1,9.90,9.90,false,1,
7290108350210,false,שקיות חזקות X 30 יח`,החברה הדרומית לשיווק בעמ,,,יח,30,ל 100 גרם,false,1,23.90,0.80,false,1,
7290108350548,false,ספארק כלים  לבנדר  1  ליטר+ משאבה,החברה הדרומית לשיווק בעמ,,,יח,10,"ל100 מ""ל",false,1,11.90,1.19,false,1,
7290108350555,false,ספארק כלים  שקד   1  ליטר+ משאבה,החברה הדרומית לשיווק בעמ,,,יח,10,"ל100 מ""ל",false,1,11.90,1.19,false,1,
7290108350586,false,ספארק לכלים 1.5 ליט,החברה הדרומית לשיווק בעמ,,,יח,1,לליטר,false,1,15.90,15.90,false,1,
7290108350616,false,מרכך מקסימה  מרוכז  כחול,החברה הדרומית לשיווק בעמ,,,יח,1,לליטר,false,1,17.90,17.90,false,1,
7290108350623,false,מרכך מקסימה  מרוכז,החברה הדרומית לשיווק בעמ,,,יח,1,לליטר,false,1,17.90,17.90,false,1,
7290108350753,false,מ. שיניים  אורביטול  חדש,החברה הדרומית לשיווק בעמ,,,יח,1.45,ל 100 גרם,false,1,14.90,10.28,false,1,
7290108351149,false,סנו  ג`ט פלוס לניקוי כללי ורצפות,החברה הדרומית לשיווק בעמ,,,יח,1.50,לליטר,false,1,11.90,7.93,false,1,
7290108351507,false,מרכך  4 ליטר מקסימה ה,החברה הדרומית לשיווק בעמ,,,יח,40,"ל100 מ""ל",false,1,21.90,0.55,false,1,
7290108351514,false,מרכך  4 ליטר מקסיה,החברה הדרומית לשיווק בעמ,,,יח,40,"ל100 מ""ל",false,1,21.90,0.55,false,1,
7290108351521,false,ג`ל  כביסה  5 ליטר מאסק,החברה הדרומית לשיווק בעמ,,,יח,50,"ל100 מ""ל",false,1,39.90,0.80,false,1,
7290108351552,false,סנו  ג`ט פלוס לניקוי  כללי+חומץ,החברה הדרומית לשיווק בעמ,,,יח,7.50,"ל100 מ""ל",false,1,11.90,1.59,false,1,
7290108351613,false,ריצפז פ. הום כותנה   2 ליטר,החברה הדרומית לשיווק בעמ,,,יח,20,"ל100 מ""ל",false,1,19.90,1,false,1,
7290108351675,false,ג ל כביסה  5 ליטר מקסימה  XXL ירוק,החברה הדרומית לשיווק בעמ,,,יח,5,לליטר,false,1,39.90,7.98,false,1,
7290108351682,false,ג ל כביסה  5 ליטר מקסימה  XXL,החברה הדרומית לשיווק בעמ,,,יח,5,לליטר,false,1,39.90,7.98,false,1,
7290108351699,false,מגבונים ג`ט + חומץ שלישיה,החברה הדרומית לשיווק בעמ,,,יח,1,יח,false,1,19.90,19.90,false,1,
7290108351705,false,פניני בישום 275 גר`,החברה הדרומית לשיווק בעמ,,,יח,2.75,ל 100 גרם,false,1,20.90,7.60,false,1,
7290108351712,false,פניני בישום 275 גר`,החברה הדרומית לשיווק בעמ,,,יח,2.75,ל 100 גרם,false,1,20.90,7.60,false,1,
7290108351781,false,ג`ט לניקוי אסלות,החברה הדרומית לשיווק בעמ,,,יח,0,"ל100 מ""ל",false,1,9.90,9.90,false,1,
7290108351804,false,מרכך מקסימה  סופר מרוכז,החברה הדרומית לשיווק בעמ,,,יח,10,"ל100 מ""ל",false,1,17.90,1.79,false,1,
7290108351835,false,מרכך כביסה סנו מקסימה.,החברה הדרומית לשיווק בעמ,,,יח,40,"ל100 מ""ל",false,1,21.90,0.55,false,1,
7290108351996,false,"מתז לחיטוי 750 מ""ל 99.9%",החברה הדרומית לשיווק בעמ,,,יח,10,ל 100 גרם,false,1,11.90,1.19,false,1,
7290108352092,false,אורביטול  משחת שינים,החברה הדרומית לשיווק בעמ,,,יח,1.45,ל 100 גרם,false,1,17.90,12.34,false,1,
7290108352108,false,אורביטול  משחת שיניים,החברה הדרומית לשיווק בעמ,,,יח,1.45,ל 100 גרם,false,1,14.90,10.28,false,1,
7290108352115,false,סנובון מוצק בתוספת אקונומיקה,החברה הדרומית לשיווק בעמ,,,יח,40,"ל100 מ""ל",false,1,14.90,0.37,false,1,
7290108352146,false,סנובון נוזלי בניחוח  מנגוליה,החברה הדרומית לשיווק בעמ,,,יח,7.50,"ל100 מ""ל",false,1,9.90,1.32,false,1,
7290108352207,false,מקסימה  40 קפסולות,החברה הדרומית לשיווק בעמ,,,יח,8.40,ל 100 גרם,false,1,29.90,3.56,false,1,
7290108352214,false,מקסימה  40 קפסולות,החברה הדרומית לשיווק בעמ,,,יח,8.40,ל 100 גרם,false,1,29.90,3.56,false,1,
7290108352221,false,פרש  הום  מלון מפנק,החברה הדרומית לשיווק בעמ,,,יח,3.50,ל 100 גרם,false,1,10.90,3.11,false,1,
7290108352252,false,ספארק כלים  לימון 1  ליטר+ משאבה,החברה הדרומית לשיווק בעמ,,,יח,10,"ל100 מ""ל",false,1,11.90,1.19,false,1,
7290108352276,false,מטליות לחיטוי וניקוי רצפות,החברה הדרומית לשיווק בעמ,,,יח,1,,false,1,14.90,14.90,false,1,
7290108352290,false,שלישית מטליות לחיטוי וניקוי,החברה הדרומית לשיווק בעמ,,,יח,1,,false,1,19.90,19.90,false,1,
7290108352320,false,פרש  הום  מלון  בוטיק,החברה הדרומית לשיווק בעמ,,,יח,3.50,ל 100 גרם,false,1,10.90,3.11,false,1,
7290108352337,false,סנו  פרש אוטומטיק   מלון מפנק,החברה הדרומית לשיווק בעמ,,,יח,1.65,ל 100 גרם,false,1,13.90,8.42,false,1,
7290108352344,false,סנו  פרש אוטומטיק   מלון בוטיק,החברה הדרומית לשיווק בעמ,,,יח,1.65,ל 100 גרם,false,1,13.90,8.42,false,1,
7290108352399,false,ריצפז פרש  הום,החברה הדרומית לשיווק בעמ,,,יח,20,"ל100 מ""ל",false,1,19.90,1,false,1,
7290108352450,false,ריצפז פרש  הום בריח מקסימה,החברה הדרומית לשיווק בעמ,,,יח,20,"ל100 מ""ל",false,1,19.90,1,false,1,
7290108352481,false,סנומוד  נרסיסוס,החברה הדרומית לשיווק בעמ,,,יח,1.50,"ל100 מ""ל",false,1,10.90,7.27,false,1,
7290108352535,false,מקסימה דפי בישום לחיים למייבש כביסה,החברה הדרומית לשיווק בעמ,,,יח,1,,false,1,13.90,13.90,false,1,
7290108352566,false,מרכך  4 ליטר,החברה הדרומית לשיווק בעמ,,,יח,40,"ל100 מ""ל",false,1,21.90,0.55,false,1,
7290108352573,false,מרכך  4 ליטר  בישום עוצמתי,החברה הדרומית לשיווק בעמ,,,יח,40,"ל100 מ""ל",false,1,21.90,0.55,false,1,
7290108352641,false,מטליות  סנו סושי,החברה הדרומית לשיווק בעמ,,,יח,1,,false,1,14.90,14.90,false,1,
7290108352672,false,מטליות  הפלא לריצפה,החברה הדרומית לשיווק בעמ,,,יח,1,,false,1,19.90,19.90,false,1,
7290108352689,false,כריות קירצוף 9  יח`ליכלוך קשה,החברה הדרומית לשיווק בעמ,,,יח,1,,false,1,9.90,9.90,false,1,
7290108352702,false,מגב` בוב ספוג 3*48,החברה הדרומית לשיווק בעמ,,,יח,0,ל 100 גרם,false,1,16.90,16.90,false,1,
7290108352801,false,סנו סושי  100 שקיות אשפה לפחים קטנים,החברה הדרומית לשיווק בעמ,,,יח,1.14,"לק""ג",false,1,19.90,17.46,false,1,
7290108352825,false,סנו סושי  ספוג פלא. נירוסטה,החברה הדרומית לשיווק בעמ,,,יח,1,,false,1,9.90,9.90,false,1,
7290108352900,false,מגבות מטבח הפלא סנו שישייה גליל כפול,החברה הדרומית לשיווק בעמ,,,יח,25.50,ל 100 גרם,false,1,19.90,0.78,false,1,
7290108353068,false,סנו 2 כריות סיבי  נירוסטה(חדש),החברה הדרומית לשיווק בעמ,,,יח,1,,false,1,11.90,11.90,false,1,
7290108353099,false,ממחטות סופט חמישיה,החברה הדרומית לשיווק בעמ,,,יח,1,,false,1,12.90,12.90,false,1,
7290108353334,false,"כיף שמפו למניעת קשקשים   700 מ""ל",החברה הדרומית לשיווק בעמ,,,יח,7,"ל100 מ""ל",false,1,11.90,1.70,false,1,
7290108353426,false,צמד מברשות  שיניים אורביטול,החברה הדרומית לשיווק בעמ,,,יח,1,,false,1,19.90,19.90,false,1,
7290108353440,false,צמד מברשות שיניים,החברה הדרומית לשיווק בעמ,,,יח,1,,false,1,29.90,29.90,false,1,
7290108353501,false,סנו סושי  שקיות אשפה עם ידיות,החברה הדרומית לשיווק בעמ,,,יח,1,,false,1,19.90,19.90,false,1,
7290108353686,false,סנו סושי   מטלית לריצפה,החברה הדרומית לשיווק בעמ,,,יח,1,,false,1,11.90,11.90,false,1,
7290108353778,false,תחליב רחצה שוודיה  בניחוח פיטנגו,החברה הדרומית לשיווק בעמ,,,יח,8,לליטר,false,1,9.90,1.24,false,1,
7290108353785,false,תחליב רחצה  מגע קטיפה  וניל,החברה הדרומית לשיווק בעמ,,,יח,7.50,לליטר,false,1,9.90,1.32,false,1,
7290108353792,false,תחליב רחצה  יפן בניחוח פריחת הדובדן,החברה הדרומית לשיווק בעמ,,,יח,8,לליטר,false,1,9.90,1.24,false,1,
7290108353808,false,תחליב רחצה מדגסקר בניחוח אמבר,החברה הדרומית לשיווק בעמ,,,יח,8,לליטר,false,1,9.90,1.24,false,1,
7290108353969,false,קרמה  דאודורנט ספריי  מאסק,החברה הדרומית לשיווק בעמ,,,יח,1.50,"ל100 מ""ל",false,1,12.90,8.60,false,1,
7290108353983,false,CREMA קרם גוף  קלאסי,החברה הדרומית לשיווק בעמ,,,יח,5,"ל100 מ""ל",false,1,23.90,4.78,false,1,
7290108353990,false,CREMA קרם גוף  מאסק,החברה הדרומית לשיווק בעמ,,,יח,5,"ל100 מ""ל",false,1,23.90,4.78,false,1,
7290108354065,false,קרמה  מן  ג`ל רחצה  750,החברה הדרומית לשיווק בעמ,,,יח,7,"ל100 מ""ל",false,1,19.90,2.84,false,1,
7290108354263,false,אורביטול משחת שיניים חד קרן,החברה הדרומית לשיווק בעמ,,,יח,0.70,ל 100 גרם,false,1,8.90,12.71,false,1,
7290108354270,false,מרכך מקסימה ביו מרוכז,החברה הדרומית לשיווק בעמ,,,יח,1,לליטר,false,1,17.90,17.90,false,1,
7290108354355,false,סנו מדיק מגבונים,החברה הדרומית לשיווק בעמ,,,יח,1,,false,1,9.90,9.90,false,1,
7290108354430,false,"כיף שמפו לשיקום והזנה  700 מ""ל",החברה הדרומית לשיווק בעמ,,,יח,7,"ל100 מ""ל",false,1,11.90,1.70,false,1,
7290108354447,false,"כיף שמפו לשיקום והזנה  700 מ""ל",החברה הדרומית לשיווק בעמ,,,יח,7,"ל100 מ""ל",false,1,11.90,1.70,false,1,
7290108354485,false,מרכך קרליין  10  שמן ארגן,החברה הדרומית לשיווק בעמ,,,יח,7,"ל100 מ""ל",false,1,12.90,1.84,false,1,
7290108354492,false,שמפו קרליין  10 ש. ארגן,החברה הדרומית לשיווק בעמ,,,יח,7,"ל100 מ""ל",false,1,12.90,1.84,false,1,
7290108354614,false,"מרכך  נקה ביו 750 מ""ל",החברה הדרומית לשיווק בעמ,,,יח,7.50,"ל100 מ""ל",false,1,10.90,1.45,false,1,
7290108354751,false,סנו  ג`ט פלוס לניקוי  כללי+חומץ,החברה הדרומית לשיווק בעמ,,,יח,7.50,"ל100 מ""ל",false,1,11.90,1.59,false,1,
7290108355000,false,שמפו   מיניונים נקה 7,החברה הדרומית לשיווק בעמ,,,יח,7.50,"ל100 מ""ל",false,1,10.90,1.45,false,1,
7290108355161,false,מרכך נקה 7 שמני הזנה,החברה הדרומית לשיווק בעמ,,,יח,7.50,"ל100 מ""ל",false,1,10.90,1.45,false,1,
7290108355185,false,קרטין  מסיכה  לקשקשים  לשיער,החברה הדרומית לשיווק בעמ,,,יח,3.50,"ל100 מ""ל",false,1,39.90,11.40,false,1,
7290108355192,false,שמפו נטורל למגע משי,החברה הדרומית לשיווק בעמ,,,יח,7,"ל100 מ""ל",false,1,29.90,4.27,false,1,
7290108355208,false,שמפו נטורל  קשקשים,החברה הדרומית לשיווק בעמ,,,יח,7,"ל100 מ""ל",false,1,29.90,4.27,false,1,
7290108355215,false,"קרטין  מסיכה+ משאבה 450 מ""ל",החברה הדרומית לשיווק בעמ,,,יח,2,לליטר,false,1,46.90,23.45,false,1,
7290108355543,false,קרמה  דאודורנט ספריי  נרולי מגנוליה,החברה הדרומית לשיווק בעמ,,,יח,1.50,"ל100 מ""ל",false,1,12.90,8.60,false,1,
7290108356106,false,"כיף  תחליב רחצה שקד  700 מ""ל",החברה הדרומית לשיווק בעמ,,,יח,7,"ל100 מ""ל",false,1,11.90,1.70,false,1,
7290108356113,false,"כיף  תחליב רחצה דבש 700 מ""ל",החברה הדרומית לשיווק בעמ,,,יח,7,"ל100 מ""ל",false,1,11.90,1.70,false,1,
7290108356120,false,"כיף  תחליב רחצה  קוקוס וניל 700 מ""ל",החברה הדרומית לשיווק בעמ,,,יח,7,"ל100 מ""ל",false,1,11.90,1.70,false,1,
7290108356137,false,"כיף  תחליב רחצה  לבנדר   700 מ""ל",החברה הדרומית לשיווק בעמ,,,יח,7,"ל100 מ""ל",false,1,11.90,1.70,false,1,
7290108356151,false,כיף  תחליב רחצה מאסק יסמין,החברה הדרומית לשיווק בעמ,,,יח,7,"ל100 מ""ל",false,1,11.90,1.70,false,1,
7290108356168,false,כיף  תחליב רחצה  אוקינוס,החברה הדרומית לשיווק בעמ,,,יח,7,"ל100 מ""ל",false,1,11.90,1.70,false,1,
7290108356199,false,אל סבון כיף  תאנה ותה ירוק,החברה הדרומית לשיווק בעמ,,,יח,1,לליטר,false,1,11.90,11.90,false,1,
7290108356489,false,"כיף  תחליב רחצה  אפרסק  700 מ""ל",החברה הדרומית לשיווק בעמ,,,יח,7,"ל100 מ""ל",false,1,11.90,1.70,false,1,
7290108356519,false,שמפו קרליין  10 לשיער רגיל,החברה הדרומית לשיווק בעמ,,,יח,7,"ל100 מ""ל",false,1,12.90,1.84,false,1,
7290108356526,false,שמפו קרליין  10 לשיער יבש,החברה הדרומית לשיווק בעמ,,,יח,7,"ל100 מ""ל",false,1,12.90,1.84,false,1,
7290108356540,false,שמפו קרליין  10 לשיער  צבוע,החברה הדרומית לשיווק בעמ,,,יח,7,"ל100 מ""ל",false,1,12.90,1.84,false,1,
7290108356564,false,מרכך קרליין  10 לשיער רגיל,החברה הדרומית לשיווק בעמ,,,יח,7,"ל100 מ""ל",false,1,12.90,1.84,false,1,
7290108356571,false,מרכך קרליין  10 לשיער יבש,החברה הדרומית לשיווק בעמ,,,יח,7,"ל100 מ""ל",false,1,12.90,1.84,false,1,
7290108356588,false,מרכך קרליין  10 לשיער  מתולתל,החברה הדרומית לשיווק בעמ,,,יח,7,"ל100 מ""ל",false,1,12.90,1.84,false,1,
7290108356595,false,מרכך קרליין  10 לשיער צבוע,החברה הדרומית לשיווק בעמ,,,יח,7,"ל100 מ""ל",false,1,12.90,1.84,false,1,
7290108356854,false,מגבוני  בייבי כיף  חמשיה,החברה הדרומית לשיווק בעמ,,,יח,1,,false,1,19.90,19.90,false,1,
7290108356861,false,מגבוני  בייבי כיף  חמשיה ללא בישום,החברה הדרומית לשיווק בעמ,,,יח,1,,false,1,19.90,19.90,false,1,
7290108357004,false,"כיף שמפו  ורד ושמן קוקוי 700 מ""ל",החברה הדרומית לשיווק בעמ,,,יח,7,"ל100 מ""ל",false,1,11.90,1.70,false,1,
7290108357011,false,"כיף  מרכך  ורד ושמן קוקוי 700 מ""ל",החברה הדרומית לשיווק בעמ,,,יח,7,"ל100 מ""ל",false,1,11.90,1.70,false,1,
7290108357028,false,"כיף תחליב רחצה  ורד ושמן קוקוי 700 מ""ל",החברה הדרומית לשיווק בעמ,,,יח,7,"ל100 מ""ל",false,1,11.90,1.70,false,1,
7290108357059,false,קרליין נושם ביו   דאו`רולאון,החברה הדרומית לשיווק בעמ,,,יח,0.75,ל 100 גרם,false,1,13.90,18.53,false,1,
7290108357080,false,קרליין נושם ביו   דאו`ספריי,החברה הדרומית לשיווק בעמ,,,יח,1.50,ל 100 גרם,false,1,13.90,9.27,false,1,
7290108357189,false,מקסימה ומרכך למייבש הכביסה,החברה הדרומית לשיווק בעמ,,,יח,7.50,"ל100 מ""ל",false,1,17.90,2.39,false,1,
7290108357202,false,סנו קליר אקדח 1 ק,החברה הדרומית לשיווק בעמ,,,יח,10,"ל100 מ""ל",false,1,10.90,1.09,false,1,
7290108357233,false,מטליות לחות לניקוי והברקה,החברה הדרומית לשיווק בעמ,,,יח,1,,false,1,13.90,13.90,false,1,
7290108357257,false,סנופרש אוטמטיק  מילוי,החברה הדרומית לשיווק בעמ,,,יח,1,,false,1,44.90,44.90,false,1,
7290108357264,false,סנו  פרש אוטומטיק מילוי,החברה הדרומית לשיווק בעמ,,,יח,1.65,ל 100 גרם,false,1,13.90,8.42,false,1,
7290108357271,false,סנובון נוזלי עם כוח חמצן,החברה הדרומית לשיווק בעמ,,,יח,7.50,"ל100 מ""ל",false,1,9.90,1.32,false,1,
7290108357295,false,מרסס מסיר כתמים אוקסיג`ין,החברה הדרומית לשיווק בעמ,,,יח,7.50,"ל100 מ""ל",false,1,17.90,2.39,false,1,
7290108357400,false,קרמה  תחליב רחצה  לבנדר ואקליפטוס,החברה הדרומית לשיווק בעמ,,,יח,7,"ל100 מ""ל",false,1,16.90,2.41,false,1,
7290108357448,false,CREMA קרם גוף  לבנדר ואקליפטוס,החברה הדרומית לשיווק בעמ,,,יח,5,"ל100 מ""ל",false,1,23.90,4.78,false,1,
7290108357509,false,CREMA קרם גוף  וניל פלפל,החברה הדרומית לשיווק בעמ,,,יח,5,"ל100 מ""ל",false,1,23.90,4.78,false,1,
7290108357578,false,קרם ידיים קרמה וניל,החברה הדרומית לשיווק בעמ,,,יח,1,"ל100 מ""ל",false,1,9.90,9.90,false,1,
7290108357707,false,"כיף שמפו לשיער רגיל  700 מ""ל",החברה הדרומית לשיווק בעמ,,,יח,7,"ל100 מ""ל",false,1,11.90,1.70,false,1,
7290108357714,false,"כיף שמפו   לשיער יבש    700 מ""ל",החברה הדרומית לשיווק בעמ,,,יח,7,"ל100 מ""ל",false,1,11.90,1.70,false,1,
7290108357745,false,"כיף  שמפו+מרכך  תאנה ומנטה    700 מ""ל",החברה הדרומית לשיווק בעמ,,,יח,7,"ל100 מ""ל",false,1,11.90,1.70,false,1,
7290108357769,false,"כיף מרכך  לשיער רגיל  700 מ""ל",החברה הדרומית לשיווק בעמ,,,יח,7,"ל100 מ""ל",false,1,11.90,1.70,false,1,
7290108357776,false,"כיף מרכך   לשיער יבש    700 מ""ל",החברה הדרומית לשיווק בעמ,,,יח,7,"ל100 מ""ל",false,1,11.90,1.70,false,1,
7290108357868,false,"כיף ג`ל  רחצה  ש. מקדמיה  700 מ""ל",החברה הדרומית לשיווק בעמ,,,יח,7,"ל100 מ""ל",false,1,11.90,1.70,false,1,
7290108357882,false,"כיף מרכך   לחות עם אפרסק   700 מ""ל",החברה הדרומית לשיווק בעמ,,,יח,7,"ל100 מ""ל",false,1,11.90,1.70,false,1,
7290108358070,false,תחליב רחצה  מאסק קרמה,החברה הדרומית לשיווק בעמ,,,יח,7,"ל100 מ""ל",false,1,16.90,2.41,false,1,
7290108358087,false,תחליב רחצה  מאסק קרמה,החברה הדרומית לשיווק בעמ,,,יח,7,"ל100 מ""ל",false,1,16.90,2.41,false,1,
7290108358100,false,"פרש  הום  מקלות רחניים 100 מ""ל",החברה הדרומית לשיווק בעמ,,,יח,1,ל 100 גרם,false,1,19.90,19.90,false,1,
7290108358117,false,"פרש  הום  מקלות רחניים 100 מ""ל",החברה הדרומית לשיווק בעמ,,,יח,3.50,ל 100 גרם,false,1,19.90,5.69,false,1,
7290108359008,false,סנו סושי שקיות זיפר 15  יח`מידה L,החברה הדרומית לשיווק בעמ,,,יח,1,,false,1,15.90,15.90,false,1,
7290108359015,false,סנו סושי שקיות זיפר 20  יח`מידה M,החברה הדרומית לשיווק בעמ,,,יח,1,,false,1,15.90,15.90,false,1,
7290108359039,false,סנו סושי 30 שקיות אשפה עם ידיות,החברה הדרומית לשיווק בעמ,,,יח,1,,false,1,19.90,19.90,false,1,
7290108359046,false,ש. אשפה ענק חזק  סנו,החברה הדרומית לשיווק בעמ,,,יח,1.65,ל 100 גרם,false,1,25.90,15.70,false,1,
7290108359060,false,סנו סושי כריות לניקוי שבת,החברה הדרומית לשיווק בעמ,,,יח,1,,false,1,9.90,9.90,false,1,
7290108359077,false,ממחטות  סופט לושן 120 ממחטות,החברה הדרומית לשיווק בעמ,,,יח,1,ל 100 גרם,false,1,16.90,16.90,false,1,
7290108359824,false,"קרם גוף  בייבי כיף 500  מ""ל",החברה הדרומית לשיווק בעמ,,,יח,5,"ל100 מ""ל",false,1,19.90,3.98,false,1,
7290108359855,false,שמפו אל דמע  בייבי כיף  750  ליטר,החברה הדרומית לשיווק בעמ,,,יח,7.50,"ל100 מ""ל",false,1,14.90,1.99,false,1,
7290108359893,false,תחליב רחצה  בייבי כיף  750  ליטר,החברה הדרומית לשיווק בעמ,,,יח,7.50,"ל100 מ""ל",false,1,14.90,1.99,false,1,
7290108359985,false,סנו ג באל מרסס   בניחוח פריחה,החברה הדרומית לשיווק בעמ,,,יח,10,"ל100 מ""ל",false,1,17.90,1.79,false,1,
7290108376838,false,מפה לכיסוי  חלה 40*50,אבי מתנות בעמ,,,יח,1,,false,1,22.90,22.90,false,1,
7290108501346,false,גבינת  גאודה  מגורדת 500 גר`,ג.וילי פוד בעמ,,,יח,5,ל 100 גרם,false,1,24.90,4.98,false,1,
7290108501353,false,פילה  אנשובי אמיתי ויליפוד,ג.וילי פוד בעמ,,,יח,1,,false,1,6.20,6.20,false,1,
7290108501360,false,גבינת  צ`דר בשלה 200 גר`,ג.וילי פוד בעמ,,,יח,2,ל 100 גרם,false,1,19.90,9.95,false,1,
7290108501490,false,גבינת  מוצרלה פרוסות 150 גר`,ג.וילי פוד בעמ,,,יח,1.50,ל 100 גרם,false,1,12.90,8.60,false,1,
7290108501827,false,קדאיף  שערות בצק 450 גר`,ג.וילי פוד בעמ,,,יח,0.45,ל 100 גרם,false,1,19.90,44.22,false,1,
7290108502329,false,רבעיית נתחי  טונה  בשמן זית 160 גר`,ג.וילי פוד בעמ,,,יח,0.64,ל 100 גרם,false,1,27.90,43.59,false,1,
7290108502541,false,גבינת  שמנת טעם טבעי 200 גר`,ג.וילי פוד בעמ,,,יח,0.20,ל 100 גרם,false,1,11.90,59.50,false,1,
7290108502589,false,גבינת  שמנת עם שום  200 גר`,ג.וילי פוד בעמ,,,יח,0.20,ל 100 גרם,false,1,11.90,59.50,false,1,
7290108502725,false,גבינת גאודה פרוסות 400 גר`,ג.וילי פוד בעמ,,,יח,0.40,ל 100 גרם,false,1,21.90,54.75,false,1,
7290108502862,false,מלפפונים כבושים במלח 18-25 קטנים,ג.וילי פוד בעמ,,,יח,0.60,ל 100 גרם,false,1,11.90,19.83,false,1,
7290108503982,false,פרוסות גבינה 150 גר` ט. צ`דר,ג.וילי פוד בעמ,,,יח,1.50,ל 100 גרם,false,1,10.90,7.27,true,1,
7290108503999,false,פרוסות גבינה 150 גר`,ג.וילי פוד בעמ,,,יח,1.50,ל 100 גרם,false,1,10.90,7.27,true,1,
7290108504279,false,קשקאבל צ`אנק 150 גר`,ג.וילי פוד בעמ,,,יח,1.50,ל 100 גרם,false,1,16.90,11.27,true,1,
7290108504286,false,אבריקו  צ`אנק 150 גר`,ג.וילי פוד בעמ,,,יח,1.50,ל 100 גרם,false,1,16.90,11.27,true,1,
7290108504408,false,גבינה שמנת לייט עם חלפיניו  200 גר`,ג.וילי פוד בעמ,,,יח,2,ל 100 גרם,false,1,11.90,5.95,false,1,
7290108505177,false,יוגורט  עם אננס  150  גר`0%,ג.וילי פוד בעמ,,,יח,1.50,"ל100 מ""ל",false,1,4.90,3.27,true,1,
7290108505207,false,יוגורט  עם אוכמניות  150  גר`0%,ג.וילי פוד בעמ,,,יח,1.50,"ל100 מ""ל",false,1,4.90,3.27,true,1,
7290108505375,false,צהובה פרוסות  400גר`,ג.וילי פוד בעמ,,,יח,4,ל 100 גרם,false,1,15.90,3.98,false,1,
7290108505726,false,אצבעות  גבינה  חצי קשה 25% 200 גר`,ג.וילי פוד בעמ,,,יח,2,יח,false,1,13.90,6.95,false,1,
7290108506037,false,יוגורט  בטעם טבעי 150  גר`5%,ג.וילי פוד בעמ,,,יח,1.50,"ל100 מ""ל",false,1,4.90,3.27,true,1,
7290108506495,false,כנאפה קפוא,ג.וילי פוד בעמ,,,יח,2,ל 100 גרם,false,1,12.90,6.45,false,1,
7290108506662,false,רביולי  פטריות  250 גר`,ג.וילי פוד בעמ,,,יח,2.50,ל 100 גרם,false,1,10.90,4.36,false,1,
7290108506679,false,רביולי  חצילים ומוצרלה   250 גר`,ג.וילי פוד בעמ,,,יח,2.50,ל 100 גרם,false,1,10.90,4.36,false,1,
7290108507911,false,קינואה עם טונה  וירקות 160 גר`,ג.וילי פוד בעמ,,,יח,1.60,ל 100 גרם,false,1,9.90,6.19,false,1,
7290108508765,false,קונכיות  פתיתים 400 גר`,ג.וילי פוד בעמ,,,יח,4,ל 100 גרם,false,1,5.90,1.48,false,1,
7290108508772,false,קונכיות  פתיתים  עם תרד  400 גר`,ג.וילי פוד בעמ,,,יח,4,ל 100 גרם,false,1,5.90,1.48,false,1,
7290108508901,false,יוגורט  עם דובדבנים ושקדים  דלתא,ג.וילי פוד בעמ,,,יח,1.50,"ל100 מ""ל",false,1,4.90,3.27,true,1,
7290108509137,false,גבינה בולגרית מעודנת 5%,ג.וילי פוד בעמ,,,יח,2.50,ל 100 גרם,false,1,10.90,4.36,false,1,
7290108509250,false,אנטיפסטי ארטישוק תחתיות עגבניות,ג.וילי פוד בעמ,,,יח,3.80,"ל100 מ""ל",false,1,22.90,6.03,false,1,
7290108509694,false,זיתים  ירוקים NNUKTHO PKPK PPRUBH,ג.וילי פוד בעמ,,,יח,8.20,ל 100 גרם,false,1,18.90,2.30,false,1,
7290108509755,false,גבינת חלומי 250  גר` 23% שומן,ג.וילי פוד בעמ,,,יח,2.50,ל 100 גרם,false,1,23.90,9.56,false,1,
7290108509960,false,שלישית  נתחי טונה בהירה  בשמן זית,ג.וילי פוד בעמ,,,יח,2.40,ל 100 גרם,false,1,14.90,6.21,false,1,
7290108559651,false,"מחבת יציקת  שיש קוטר20 ס""מ",מ.י.ד גוליאן בעמ,,,יח,1,,false,1,69.90,69.90,false,1,
7290108559675,false,"מחבת יציקת  שיש קוטר24  ס""מ",מ.י.ד גוליאן בעמ,,,יח,1,,false,1,72.90,72.90,false,1,
7290108559699,false,"מחבת  יציקת  שיש  קוטר 28 ס""מ",מ.י.ד גוליאן בעמ,,,יח,1,,false,1,79.90,79.90,false,1,
7290108832617,false,פטיש לשניצל אלומניום,י.סולומון חוויה שבכלי בעמ,,,יח,1,,false,1,19.90,19.90,false,1,
7290108833737,false,[מרכולית סט מלח פלפל דגם מרכולית,י.סולומון חוויה שבכלי בעמ,,,יח,1,,false,1,12.90,12.90,false,1,
7290108834222,false,מרכולית צנצנת סבתא מעוצבת 500,י.סולומון חוויה שבכלי בעמ,,,יח,1,,false,1,11.90,11.90,false,1,
7290108835205,false,סט 10 שקיות זילוף 36 סמ,י.סולומון חוויה שבכלי בעמ,,,יח,1,,false,1,6.90,6.90,false,1,
7290108835212,false,סט 10 שקיות זילוף,י.סולומון חוויה שבכלי בעמ,,,יח,1,,false,1,11.90,11.90,false,1,
7290108835748,false,מחבת טפלון מיני בצורות,י.סולומון חוויה שבכלי בעמ,,,יח,1,,false,1,14.90,14.90,false,1,
7290108835816,false,מברשת לעוגה סיליקון,י.סולומון חוויה שבכלי בעמ,,,יח,1,,false,1,7.90,7.90,false,1,
7290108835946,false,מצקת  דגם טרופיקנה,י.סולומון חוויה שבכלי בעמ,,,יח,1,,false,1,12.90,12.90,false,1,
7290108836127,false,פורס ביצים,י.סולומון חוויה שבכלי בעמ,,,יח,1,,false,1,11.90,11.90,false,1,
7290108836219,false,כוסות מדידה שול דגם טרופיקנה,י.סולומון חוויה שבכלי בעמ,,,יח,1,,false,1,11.90,11.90,false,1,
7290108836486,false,+חותכן לירקות מעוצב   טרופיקנה,י.סולומון חוויה שבכלי בעמ,,,יח,1,,false,1,9.90,9.90,false,1,
7290108836561,false,מקלף תמר דגם  טרופיקנה,י.סולומון חוויה שבכלי בעמ,,,יח,1,,false,1,9.90,9.90,false,1,
7290108838374,false,"מלחייה זכוכית 80 מ""ל",י.סולומון חוויה שבכלי בעמ,,,יח,1,,false,1,3.90,3.90,false,1,
7290108962024,false,סט  6  כפיות  נירוסטה  151106,מ.י.ד גוליאן בעמ,,,יח,1,,false,1,12.90,12.90,false,1,
7290109351025,false,חומוס טחינה צבר   400 גר`,קבוצת אוסם סחר שותפות מוגבלת,,,יח,4,ל 100 גרם,false,1,13.90,3.48,true,1,
7290109351957,false,פיטנס  פרכיות גדולות שוקולד,קבוצת אוסם סחר שותפות מוגבלת,,,יח,1,ל 100 גרם,false,1,8.50,8.50,false,1,
7290109351971,false,פיטנס בר  פרכיות שוקולד חלב,קבוצת אוסם סחר שותפות מוגבלת,,,יח,0.84,יח,false,1,14.50,17.26,true,1,
7290109352916,false,פיטנס בר  פרכיות שוקולד  לבן,קבוצת אוסם סחר שותפות מוגבלת,,,יח,0.84,יח,false,1,14.50,17.26,true,1,
7290109353272,false,פרפקטו ספגטי  עתיר סיבים,קבוצת אוסם סחר שותפות מוגבלת,,,יח,5,ל 100 גרם,false,1,6.90,1.38,false,1,
7290109354101,false,לחמית  ללא גלוטן 200,קבוצת אוסם סחר שותפות מוגבלת,,,יח,2,ל 100 גרם,false,1,10.90,5.45,true,1,
7290109354996,false,פתי בר ללא גלוטן  שוקו   200 גר`,קבוצת אוסם סחר שותפות מוגבלת,,,יח,2,ל 100 גרם,false,1,10.90,5.45,false,1,
7290109358260,false,טבעול  נקנקיות עם חלבון 600 גרם,קבוצת אוסם סחר שותפות מוגבלת,,,יח,6,ל 100 גרם,false,1,29.90,4.98,true,1,
7290109358284,false,טבעול  שניצל תירס עם חלבון,קבוצת אוסם סחר שותפות מוגבלת,,,יח,6.6440,ל 100 גרם,false,1,29.90,4.50,true,1,
7290109358765,false,"קרנץ רולס נוגט בד""ץ.",קבוצת אוסם סחר שותפות מוגבלת,,,יח,4.80,ל 100 גרם,false,1,21.90,4.56,true,1,
7290109490762,false,שעון קיר 30 FLY,סקטור אפיקים בעמ,,,יח,10,יח,false,1,39.90,3.99,false,1,
7290109495798,false,קרש חיתוך שיש 40*24.5.,סקטור אפיקים בעמ,,,יח,1,,false,1,29.90,29.90,false,1,
7290109498409,false,שמיכת פוך יחיד,סקטור אפיקים בעמ,,,יח,10,יח,false,1,89.90,8.99,false,1,
7290109498416,false,שמיכת פוך זוגי,סקטור אפיקים בעמ,,,יח,10,יח,false,1,119,11.90,false,1,
7290109499352,false,סט 3 סירים נירוסטה,סקטור אפיקים בעמ,,,יח,1,,false,1,115,115,false,1,
7290109580012,false,בורגר  אנטריקוט  קלאסי  זוגלובק,זוגלובק שיווק בעמ,,,יח,3.60,ל 100 גרם,false,1,24.90,6.92,true,1,
7290109580043,false,"שניצל  תירס 1.75 ק""ג זוגלובק",זוגלובק שיווק בעמ,,,יח,1.75,ל 100 גרם,false,1,49.90,28.51,true,1,
7290109580111,false,צלעות אסדו מעושנות פרימיום 120 גר`,זוגלובק שיווק בעמ,,,יח,1.20,ל 100 גרם,false,1,24.90,20.75,false,1,
7290109580142,false,"נקנקיות מן הצומח  1.75 ק""ג זוגלובק",זוגלובק שיווק בעמ,,,יח,1.75,ל 100 גרם,false,1,49.90,28.51,false,1,
7290109580159,false,פסטרמה פרימיום בנוסח טוסקנה,זוגלובק שיווק בעמ,,,יח,1.80,ל 100 גרם,false,1,25.90,14.39,false,1,
7290109580241,false,נאגטס מן הצומח 500  גר`,זוגלובק שיווק בעמ,,,יח,5,ל 100 גרם,false,1,22.90,4.58,false,1,
7290109580302,false,זוגות -700  גרם-בדצ בית יוסף-זוגלובק,זוגלובק שיווק בעמ,,,יח,7,ל 100 גרם,false,1,26.90,3.84,false,1,
7290109580326,false,נקנקיות 800 גר בית יוסף-זוגלובק,זוגלובק שיווק בעמ,,,יח,8,ל 100 גרם,false,1,19.90,2.49,false,1,
7290109580357,false,צמד 600- בדצ בית יוסף-זוגלובק,זוגלובק שיווק בעמ,,,יח,6,ל 100 גרם,false,1,26.90,4.48,false,1,
7290109580449,false,סלמי  בטעם כמהין פרימיום  זוגלובק,זוגלובק שיווק בעמ,,,יח,10,ל 100 גרם,false,1,24.90,2.49,false,1,
7290109920603,false,אסטוניש  קרם  מטבח,"יעקב יעקבי ובניו בע""מ",,,יח,5.50,"ל100 מ""ל",false,1,11.90,2.16,false,1,
7290109920658,false,אסטוניש מרסס  אנטי בקטראילי למטבח,"יעקב יעקבי ובניו בע""מ",,,יח,7.50,"ל100 מ""ל",false,1,11.90,1.59,false,1,
7290109920849,false,אסטוניש מרסס תפוז לניקוי רב תכליתי,"יעקב יעקבי ובניו בע""מ",,,יח,7.50,"ל100 מ""ל",false,1,11.90,1.59,false,1,
7290109920917,false,הפי  ניקוי אסלה עם כלור,"יעקב יעקבי ובניו בע""מ",,,יח,0.75,"ל100 מ""ל",false,1,9.90,13.20,true,1,
7290109921129,false,מרכך כביסה הפי  סופר מרוכז סיגליות,"יעקב יעקבי ובניו בע""מ",,,יח,10,"ל100 ס""מ",false,1,12.90,1.29,false,1,
7290109921334,false,אידיאל דפי כביסה פרוטקט,"יעקב יעקבי ובניו בע""מ",,,יח,1,,false,1,15.90,15.90,false,1,
7290109921686,false,מטלית ניקוי רהיטים פוליבוי,"יעקב יעקבי ובניו בע""מ",,,יח,24,למארז,false,1,11.90,0.50,false,1,
7290109921853,false,אסטונייש  משחת  פרמיום עם עוצמה,"יעקב יעקבי ובניו בע""מ",,,יח,0.75,"ל100 מ""ל",false,1,17.90,23.87,false,1,
7290109922867,false,ג`ל  כביסה  עם מרכך יעקובי,"יעקב יעקבי ובניו בע""מ",,,יח,10,"ל100 ס""מ",false,1,24.90,2.49,false,1,
7290109922911,false,דזיטול  חיטוי נעליים מפטריות וריחות,"יעקב יעקבי ובניו בע""מ",,,יח,1.50,"ל100 מ""ל",false,1,19.90,13.27,false,1,
7290109923024,false,אסטונייש  מרסס פרימיום ארומטיק למטבח,"יעקב יעקבי ובניו בע""מ",,,יח,0.75,"ל100 מ""ל",false,1,14.90,19.87,false,1,
7290109923062,false,הפי מטלית ג`ילדה לניקוי הבית.,"יעקב יעקבי ובניו בע""מ",,,יח,3,"ל100 ס""מ",false,1,11.90,3.97,false,1,
7290109923109,false,סבון אסלה  5 צדפות + אקונומיקה  2 עי`,"יעקב יעקבי ובניו בע""מ",,,יח,1,,false,1,12.90,12.90,false,1,
7290110110277,false,סומרסבי רבעיה  330 מל`,החברה המרכזית להפצת משקאות בע,,,יח,10,"ל100 מ""ל",false,1,31.90,3.07,false,1,
7290110110369,false,קלסברג  לומה שישיה,החברה המרכזית להפצת משקאות בע,,,יח,20,"ל100 מ""ל",false,1,39.90,1.91,true,1,
7290110110574,false,"קולה זירו 330 מ""ל לימון",החברה המרכזית להפצת משקאות בע,,,יח,3.30,"ל100 מ""ל",false,1,5.50,1.58,true,1,
7290110113490,false,תה אפרסק   19 קל  FUZE T  חצי ליטר,החברה המרכזית להפצת משקאות בע,,,יח,5,"ל100 מ""ל",false,1,6.90,1.32,false,1,
7290110114787,false,נביעות 1.5 תפוח ק,החברה המרכזית להפצת משקאות בע,,,יח,15,"ל100 מ""ל",false,1,8.90,0.57,false,1,
7290110114794,false,נביעות 1.5 אפרסק,החברה המרכזית להפצת משקאות בע,,,יח,1.50,לליטר,false,1,8.90,5.73,false,1,
7290110114800,false,נביעות 1.5 ענבים,החברה המרכזית להפצת משקאות בע,,,יח,1.50,לליטר,false,1,8.90,5.73,false,1,
7290110114855,false,מים נביעות שישיה 1.5 ל`,החברה המרכזית להפצת משקאות בע,,,יח,90,"ל100 מ""ל",false,1,13.70,0.13,false,1,
7290110114893,false,סחוט תפוזים 2 ליטר,החברה המרכזית טלהפצת משקאות בע,,,יח,2,לליטר,false,1,28.90,14.30,true,1,
7290110114916,false,סחוט  לימונענע  2 ליטר,החברה המרכזית טלהפצת משקאות בע,,,יח,2,לליטר,false,1,28.90,14.30,true,1,
7290110114954,false,פריגת 100% תפוזים מתקתק,החברה המרכזית טלהפצת משקאות בע,,,יח,20,"ל100 מ""ל",false,1,23.90,1.18,true,1,
7290110114961,false,פריגת תפוזים 1.5 ליטר,החברה המרכזית להפצת משקאות בע,,,יח,15,"ל100 מ""ל",false,1,8.90,0.57,false,1,
7290110114985,false,פריגת אשכוליות 1.5 ליטר,החברה המרכזית להפצת משקאות בע,,,יח,15,"ל100 מ""ל",false,1,8.90,0.57,false,1,
7290110114992,false,דיאט פריגת 1.5 ליטר,החברה המרכזית להפצת משקאות בע,,,יח,15,"ל100 מ""ל",false,1,8.90,0.57,false,1,
7290110115005,false,פריגת ענבים  1.5 ליטר,החברה המרכזית להפצת משקאות בע,,,יח,15,"ל100 מ""ל",false,1,8.90,0.57,false,1,
7290110115036,false,משקה מנגו פריגת 1.5 ליטר,החברה המרכזית להפצת משקאות בע,,,יח,15,"ל100 מ""ל",false,1,8.90,0.57,false,1,
7290110115043,false,פריגת  משקה  לימונענע 1.5 ליר,החברה המרכזית להפצת משקאות בע,,,יח,1.50,לליטר,false,1,8.90,5.73,false,1,
7290110115050,false,מיקס תות-בננה 1.5 ליטר,החברה המרכזית להפצת משקאות בע,,,יח,15,"ל100 מ""ל",false,1,8.90,0.57,false,1,
7290110115081,false,פריגת  צלול ענבים 1.5 ליטר,החברה המרכזית להפצת משקאות בע,,,יח,15,"ל100 מ""ל",false,1,8.90,0.57,false,1,
7290110115128,false,פריגת  צלול לימונענע  1.5 ליטר,החברה המרכזית להפצת משקאות בע,,,יח,15,"ל100 מ""ל",false,1,8.90,0.57,false,1,
7290110115180,false,נביעות  1.5,החברה המרכזית להפצת משקאות בע,,,יח,15,"ל100 מ""ל",false,1,2.90,0.17,false,1,
7290110115203,false,קולה 1.5 ק,החברה המרכזית להפצת משקאות בע,,,יח,15,"ל100 מ""ל",false,1,8.90,0.57,false,1,
7290110115210,false,דיאט קוקה קולה 1.5 ליטר,החברה המרכזית להפצת משקאות בע,,,יח,1.50,לליטר,false,1,8.90,5.73,false,1,
7290110115227,false,קולה ZIRO 1.50 ק,החברה המרכזית להפצת משקאות בע,,,יח,15,"ל100 מ""ל",false,1,8.90,0.57,false,1,
7290110115234,false,קולה ZIRO 1.50 נטול,החברה המרכזית להפצת משקאות בע,,,יח,15,"ל100 מ""ל",false,1,8.90,0.57,false,1,
7290110115241,false,קולה ZIRO 1.50 לימון,החברה המרכזית להפצת משקאות בע,,,יח,15,"ל100 מ""ל",false,1,8.90,0.57,false,1,
7290110115265,false,ספרייט 1.5  חדש ליטר,החברה המרכזית להפצת משקאות בע,,,יח,15,"ל100 מ""ל",false,1,8.90,0.57,true,1,
7290110115272,false,ספרייט זירו  1.5 ליטר,החברה המרכזית להפצת משקאות בע,,,יח,15,"ל100 מ""ל",false,1,8.90,0.57,true,1,
7290110115289,false,ספרייט לימון נענע 1.50 ליטר,החברה המרכזית להפצת משקאות בע,,,יח,15,"ל100 מ""ל",false,1,8.90,0.57,true,1,
7290110115296,false,|פאנטה אורנג 1.5,החברה המרכזית להפצת משקאות בע,,,יח,15,"ל100 מ""ל",false,1,8.90,0.57,false,1,
7290110115302,false,פאנטה   אורנג`ZE    1.5,החברה המרכזית להפצת משקאות בע,,,יח,15,"ל100 מ""ל",false,1,8.90,0.57,false,1,
7290110115319,false,פאנטה אקזוטי 1.5,החברה המרכזית להפצת משקאות בע,,,יח,15,"ל100 מ""ל",false,1,8.90,0.57,false,1,
7290110115333,false,פאנטה  תות  1.5,החברה המרכזית להפצת משקאות בע,,,יח,15,"ל100 מ""ל",false,1,8.90,0.57,false,1,
7290110115340,false,פאנטה ענבים 1.5,החברה המרכזית להפצת משקאות בע,,,יח,1.50,לליטר,false,1,8.90,5.73,false,1,
7290110115357,false,סודה 1.5 ליטר  ק,החברה המרכזית להפצת משקאות בע,,,יח,1.50,לליטר,false,1,3.30,2,false,1,
7290110115364,false,קוקה קולה שישיות 1.5 ליטר .,החברה המרכזית להפצת משקאות בע,,,יח,6,למארז,false,1,49.90,8.02,false,1,
7290110115388,false,ספרייט  חדש  1.5 ליטר שישייה,החברה המרכזית להפצת משקאות בע,,,יח,90,"ל100 מ""ל",false,1,49.90,0.53,false,1,
7290110115395,false,ספרייט זירו  שישיות 1.5ליטר,החברה המרכזית להפצת משקאות בע,,,יח,90,"ל100 מ""ל",false,1,49.90,0.53,false,1,
7290110115401,false,שישית  סודה קינלי,החברה המרכזית להפצת משקאות בע,,,יח,90,"ל100 מ""ל",false,1,15.90,0.16,false,1,
7290110115418,false,קוקה קולה ZIRO שישיה 1.50 ק,החברה המרכזית להפצת משקאות בע,,,יח,90,"ל100 מ""ל",false,1,49.90,0.53,false,1,
7290110115425,false,תה גריין לימון  1.5  FUZE T,החברה המרכזית להפצת משקאות בע,,,יח,15,"ל100 מ""ל",false,1,8.90,0.57,false,1,
7290110115449,false,תה מנגו אננס   1.5 ליטר FUZE T,החברה המרכזית להפצת משקאות בע,,,יח,15,"ל100 מ""ל",false,1,8.90,0.57,false,1,
7290110115456,false,תה אפרסק    19 קלו  1.5  FUZE T,החברה המרכזית להפצת משקאות בע,,,יח,15,"ל100 מ""ל",false,1,8.90,0.57,false,1,
7290110115463,false,תה אפרסק     1.5  FUZE T,החברה המרכזית להפצת משקאות בע,,,יח,15,"ל100 מ""ל",false,1,8.90,0.57,false,1,
7290110115487,false,רבעית פיוז תי אפרסק 1.5,החברה המרכזית להפצת משקאות בע,,,יח,6,"ל100 ס""מ",false,1,34.90,5.62,false,1,
7290110115494,false,תה ענבים    1.5  FUZE T,החברה המרכזית להפצת משקאות בע,,,יח,1.50,לליטר,false,1,8.90,5.73,false,1,
7290110115586,false,פריגת תפוזים  19  קל`1.5,החברה המרכזית להפצת משקאות בע,,,יח,15,"ל100 מ""ל",false,1,8.90,0.57,false,1,
7290110115593,false,פריגת  אשכוליות   19  קל`1.5 ליטר,החברה המרכזית להפצת משקאות בע,,,יח,15,"ל100 מ""ל",false,1,8.90,0.57,false,1,
7290110115616,false,פיוז טי זירו גרין אננס 1.5 ליטר,החברה המרכזית להפצת משקאות בע,,,יח,15,"ל100 מ""ל",false,1,8.90,0.57,false,1,
7290110115623,false,תה אפרסק     1.5  FUZE T,החברה המרכזית להפצת משקאות בע,,,יח,15,"ל100 מ""ל",false,1,8.90,0.57,false,1,
7290110115661,false,תה אפרסק 0.5 ליטר FUZE T,החברה המרכזית להפצת משקאות בע,,,יח,5,"ל100 מ""ל",false,1,6.90,1.32,false,1,
7290110116125,false,"סירופ  טעם פטל  750 מ""ל",החברה המרכזית להפצת משקאות בע,,,יח,7.50,"ל100 מ""ל",false,1,22.90,3.05,false,1,
7290110116132,false,"סירופ  טעם לימון 750 מ""ל.",החברה המרכזית להפצת משקאות בע,,,יח,7.50,"ל100 מ""ל",false,1,22.90,3.05,false,1,
7290110116194,false,נביעות+ לימון ליים 0 קלוריות   1.5 לי,החברה המרכזית להפצת משקאות בע,,,יח,15,"ל100 מ""ל",false,1,9.40,0.61,false,1,
7290110116217,false,נביעות+ אשכוליות  0 קלוריות   1.5 לי,החברה המרכזית להפצת משקאות בע,,,יח,15,"ל100 מ""ל",false,1,9.40,0.61,false,1,
7290110116385,false,קוקה קולה פח 330 אבטיח תות,החברה המרכזית להפצת משקאות בע,,,יח,3.30,"ל100 מ""ל",false,1,4.90,1.39,true,1,
7290110116392,false,"סירופ  טעם תפוזים   750 מ""ל",החברה המרכזית להפצת משקאות בע,,,יח,7.50,"ל100 מ""ל",false,1,22.90,3.05,false,1,
7290110116552,false,ספרייט 1.5 לימון היט  חדש ליטר.,החברה המרכזית להפצת משקאות בע,,,יח,15,"ל100 מ""ל",false,1,8.90,0.57,true,1,
7290110116569,false,ספרייט זירו  לימון היט 1.5 ליטר,החברה המרכזית להפצת משקאות בע,,,יח,15,"ל100 מ""ל",false,1,8.90,0.57,true,1,
7290110116576,false,ספרייט זירו לימון היט  בקבוק  0.5,החברה המרכזית להפצת משקאות בע,,,יח,5,"ל100 מ""ל",false,1,7.90,1.52,false,1,
7290110297954,false,מצת גז שדגם אש,י.סולומון חוויה שבכלי בעמ,,,יח,1,,false,1,6.90,6.90,false,1,
7290110320850,false,פתיתי עמק  200,תנובה -חלב,,,יח,2,ל 100 גרם,false,1,14.30,7.15,false,1,
7290110320867,false,פתיתי עמק למאפים 28%  500 גר`,תנובה -חלב,,,יח,2,ל 100 גרם,false,1,28.90,14.45,false,1,
7290110320935,false,פרוסות מוצרלה 150 גר`,תנובה -חלב,,,יח,0.15,ל 100 גרם,false,1,15.90,106,false,1,
7290110321277,false,קוטג בקטנה 5%. 100 גרם מהדרין תנובה,תנובה -חלב,,,יח,1,ל 100 גרם,false,1,2.50,2.50,false,1,
7290110321284,false,קוטג בקטנה 9%  מהדרין,תנובה -חלב,,,יח,1,ל 100 גרם,false,1,2.50,2.50,false,1,
7290110321680,false,יופלה  גו תות,תנובה -חלב,,,יח,0.20,"ל100 מ""ל",false,1,5.90,29.50,false,1,
7290110321697,false,יופלה  גו  אפרסק,תנובה -חלב,,,יח,0.20,"ל100 מ""ל",false,1,5.90,29.50,false,1,
7290110321703,false,יופלה גו פירות יער,תנובה -חלב,,,יח,1,ל 100 גרם,false,1,5.50,5.50,false,1,
7290110322014,false,טופו טבעי תנובה 300 גר`,תנובה -חלב,,,יח,0.30,ל 100 גרם,false,1,12.90,43,false,1,
7290110322021,false,טופו בזיליקום  תנובה 300 גר`,תנובה -חלב,,,יח,0.30,ל 100 גרם,false,1,11.90,39.67,false,1,
7290110322038,false,טופו פיקנטי   תנובה 300 גר`,תנובה -חלב,,,יח,0.30,ל 100 גרם,false,1,11.90,39.67,false,1,
7290110322946,false,יופלה  טיוב יוגורט ט. תות בננה,תנובה -חלב,,,יח,0.3480,"ל100 מ""ל",false,1,11.90,34.20,false,1,
7290110323073,false,משקה יוגורט עם תות ופטל 1%,תנובה -חלב,,,יח,0.25,"ל100 מ""ל",false,1,5.90,23.60,false,1,
7290110323301,false,גבינת  טל העמק  32% שומן,תנובה -חלב,,,יח,2,ל 100 גרם,false,1,17.90,8.95,false,1,
7290110323585,false,יופלה גו עם דובדבן מופחת קלוריות,תנובה -חלב,,,יח,0.20,"ל100 מ""ל",false,1,5.50,27.50,false,1,
7290110323592,false,יופלה גו עם אפרסק מופחת קלוריות,תנובה -חלב,,,יח,0.20,"ל100 מ""ל",false,1,5.50,27.50,false,1,
7290110323714,false,משקה  קוקוס שקדים,תנובה -חלב,,,יח,10,לליטר,false,1,11.90,1.19,false,1,
7290110324353,false,יופלה גו  לייט  טעם אננס,תנובה -חלב,,,יח,0.17,"ל100 מ""ל",false,1,5.50,32.35,false,1,
7290110324551,false,יופלה  טיוב יוגורט ט. תות,תנובה -חלב,,,יח,3.48,"ל100 מ""ל",false,1,11.90,3.42,false,1,
7290110324711,false,ממרח סויה 9% בטעם טבעי,תנובה -חלב,,,יח,2.50,ל 100 גרם,false,1,7.90,3.16,false,1,
7290110324728,false,ממרח סויה בסגנון   שום שמיר,תנובה -חלב,,,יח,2.50,ל 100 גרם,false,1,7.90,3.16,false,1,
7290110324841,false,מעדן שקדים עם שוקולד מריר,תנובה -חלב,,,יח,1.25,ל 100 גרם,false,1,3.90,3.12,false,1,
7290110324858,false,מעדן שקדים בטעם אגוזי לוז,תנובה -חלב,,,יח,1.25,ל 100 גרם,false,1,3.90,3.12,false,1,
7290110324926,false,סויה  ללא תוספת סוכר,תנובה -חלב,,,יח,1,לליטר,false,1,9.90,9.90,false,1,
7290110325084,false,קרלו שמניה מיני  שוניל,תנובה -חלב,,,יח,8,"ל100 מ""ל",false,1,13.90,1.74,false,1,
7290110325169,false,פרוסות גאודה  170  גר`,תנובה -חלב,,,יח,1.70,"ל100 מ""ל",false,1,18.90,11.12,false,1,
7290110325305,false,מעדן סויה גו מתיקות מ עודנת,תנובה -חלב,,,יח,2,"ל100 מ""ל",false,1,5.50,2.75,false,1,
7290110325312,false,מעדן סויה גו  בטעם תות,תנובה -חלב,,,יח,2,"ל100 מ""ל",false,1,5.50,2.75,false,1,
7290110325510,false,יופלה טיוב יוגורט מרקם חלק,תנובה -חלב,,,יח,3.48,"ל100 מ""ל",false,1,9.90,2.84,false,1,
7290110325619,false,משקה שיבולת שועל,תנובה -חלב,,,יח,10,"ל100 מ""ל",false,1,11.90,1.19,false,1,
7290110325879,false,פתיתי גאודה 200  גר`,תנובה -חלב,,,יח,2,"ל100 מ""ל",false,1,15.90,7.95,false,1,
7290110325893,false,"אייס קפה גו 340 מ""ל",תנובה -חלב,,,יח,3.40,"ל100 מ""ל",false,1,7.30,2.15,false,1,
7290110326210,false,יופלה  און טופ פיצפוצים,תנובה -חלב,,,יח,1.57,"ל100 מ""ל",false,1,4.90,3.12,false,1,
7290110326227,false,יופלה  און טופ  קורנפלקס,תנובה -חלב,,,יח,1.57,"ל100 מ""ל",false,1,4.90,3.12,false,1,
7290110326234,false,יופלה  און טופ  כוכבים,תנובה -חלב,,,יח,1.57,"ל100 מ""ל",false,1,4.90,3.12,false,1,
7290110326333,false,פרוסות גבינה סקנדנבית,תנובה -חלב,,,יח,1.70,ל 100 גרם,false,1,16.90,9.94,false,1,
7290110327033,false,משקה  סויה תנובה גו,תנובה -חלב,,,יח,10,לליטר,false,1,11.90,1.19,false,1,
7290110327064,false,משקה קפה  שיבולת שועל,תנובה -חלב,,,יח,10,"ל100 מ""ל",false,1,12.90,1.29,false,1,
7290110327514,false,משקה שיבולת שועל בטעם אגוזי לוז,תנובה -חלב,,,יח,10,"ל100 מ""ל",false,1,11.90,1.19,false,1,
7290110327545,false,יופלה  און טופ  בטעם תות בתוספת פיצפוצים,תנובה -חלב,,,יח,1.57,"ל100 מ""ל",false,1,4.90,3.12,false,1,
7290110327798,false,חטיף חלבון גו  ט. שוקולד  60גר`.,שקד תבל בעמ,,,יח,0.60,ל 100 גרם,false,1,11.90,19.83,false,1,
7290110327804,false,חטיף חלבון גו  ט. בצק עוגיות   60 גר`.,שקד תבל בעמ,,,יח,0.60,ל 100 גרם,false,1,11.90,19.83,false,1,
7290110328092,false,פיראוס פטה  יוונית קוביות 21% שומן,תנובה -חלב,,,יח,1.50,ל 100 גרם,false,1,17.90,11.93,false,1,
7290110328221,false,יוגורט תנובה  נטול לקטוז,תנובה -חלב,,,יח,2,"ל100 מ""ל",false,1,3.70,1.85,false,1,
7290110328481,false,פתיתי פרמג`יאנו רג`אנו,תנובה -חלב,,,יח,1,ל 100 גרם,false,1,14.90,14.90,false,1,
7290110328504,false,טריו גבינה מיקס מוצרלה . סקנדנבית,תנובה -חלב,,,יח,3,ל 100 גרם,false,1,23.90,7.97,false,1,
7290110328627,false,יוגורט גו סמיך 0%  בננה קרמל,תנובה -חלב,,,יח,2,"ל100 מ""ל",false,1,5.50,2.75,false,1,
7290110328764,false,יוגורט גו סמיך 0%  תות,תנובה -חלב,,,יח,2,"ל100 מ""ל",false,1,5.50,2.75,false,1,
7290110328771,false,יוגורט גו סמיך 0%  פ. יער,תנובה -חלב,,,יח,2,"ל100 מ""ל",false,1,5.50,2.75,false,1,
7290110328788,false,יוגורט גו סמיך 0% אפרסק,תנובה -חלב,,,יח,2,"ל100 מ""ל",false,1,5.50,2.75,false,1,
7290110328887,false,חלב  3% שומן מהדרין בקבוק,תנובה -חלב,,,יח,10,"ל100 מ""ל",false,1,6.23,0.62,false,1,
7290110329136,false,מעדן  חלב גו  טעם  וקולד  12 גר`,תנובה -חלב,,,יח,1.20,"ל100 מ""ל",false,1,4.50,3.75,false,1,
7290110329143,false,מעדן  חלב גו  טעם וניל 12 גר`,תנובה -חלב,,,יח,1.20,"ל100 מ""ל",false,1,4.50,3.75,false,1,
7290110329266,false,יוגורט תנובה מחלב עיזים מלא,תנובה -חלב,,,יח,1.40,"ל100 מ""ל",false,1,5.20,3.71,false,1,
7290110329303,false,פרוסות  טעם גבינה צהובה קלאסית 200,תנובה -חלב,,,ל 100 גרם,2,ל 100 גרם,false,1,19.90,9.95,false,1,
7290110329433,false,טופו  טבעי 250  גר`עם רוטב סצואן,תנובה -חלב,,,יח,2.50,ל 100 גרם,false,1,12.90,5.16,false,1,
7290110329686,false,"משקה  חלב גוט. עוגיות  340 מ""ל",תנובה -חלב,,,יח,3.40,"ל100 מ""ל",false,1,7.30,2.15,false,1,
7290110329716,false,משקה קפה קר  בטעם קפוצ`ינו,תנובה -חלב,,,יח,2.30,"ל100 מ""ל",false,1,6.90,3,false,1,
7290110329723,false,משקה קפה קר  בטעם  לאטה,תנובה -חלב,,,יח,2.30,"ל100 מ""ל",false,1,6.90,3,false,1,
7290110329730,false,משקה  חלב עם שוקולד וקפה,תנובה -חלב,,,יח,2.30,"ל100 מ""ל",false,1,6.90,3,false,1,
7290110329792,false,מעדן סויה אפרסק  בגביע,תנובה -חלב,,,יח,1.50,"ל100 מ""ל",false,1,4.30,2.87,false,1,
7290110329808,false,מעדן סויה  תות בגביע,תנובה -חלב,,,יח,1.50,"ל100 מ""ל",false,1,4.30,2.87,false,1,
7290110329815,false,מעדן סויה  במתיקות מעודנת,תנובה -חלב,,,יח,1.50,"ל100 מ""ל",false,1,4.30,2.87,false,1,
7290110329822,false,מעדן סויה  ביו פירות יער,תנובה -חלב,,,יח,1.50,"ל100 מ""ל",false,1,4.30,2.87,false,1,
7290110329839,false,פרוסות  טעם גבינה צהובה זיתים  200,תנובה -חלב,,,ל 100 גרם,2,ל 100 גרם,false,1,19.90,9.95,false,1,
7290110329846,false,מעדן סויה טבעי   בגביע,תנובה -חלב,,,יח,1.50,"ל100 מ""ל",false,1,4.30,2.87,false,1,
7290110550219,false,מטבעות שוקולד לבן לאפיה,שטראוס גרופ בעמ,,,יח,4,ל 100 גרם,false,1,29.90,7.48,false,1,
7290110550370,false,פרכיות משולשות קינואה ופלפל,שטראוס גרופ בעמ,,,יח,0.65,ל 100 גרם,false,1,9.90,15.23,true,1,
7290110552121,false,היוגורט  הראשון שלי,שטראוס גרופ בעמ (ח),,,יח,1,ל 100 גרם,false,1,2.30,2.30,false,1,
7290110552220,false,דנונה פרו 20 גר ללס תות,שטראוס גרופ בעמ (ח),,,יח,1.55,"ל100 מ""ל",false,1,5.90,3.81,false,1,
7290110552237,false,דנונה פרו 20 גר ללס אפרסק מנגו,שטראוס גרופ בעמ (ח),,,יח,1.55,"ל100 מ""ל",false,1,5.90,3.81,false,1,
7290110553029,false,פרכיות  חלבון קייל חומוס,שטראוס גרופ בעמ,,,יח,0.60,ל 100 גרם,false,1,9.90,16.50,true,1,
7290110553180,false,אנרג`י פרכיות בטעם תפוח קינמון,שטראוס גרופ בעמ,,,יח,4,ל 100 גרם,false,1,6.90,1.73,true,1,
7290110553210,false,סבבה הוט באפלו  50 גר`,שטראוס פריטו ליי בעמ,,,יח,0.50,ל 100 גרם,false,1,2,4,false,1,
7290110553623,false,ציטוס קראנץ    80 גרם,שטראוס פריטו ליי בעמ,,,יח,0.80,יח,false,1,4.50,5.63,false,1,
7290110554262,false,חלבית 350 גרם,שטראוס גרופ בעמ,,,יח,3.50,ל 100 גרם,false,1,19.90,5.69,false,1,
7290110554422,false,רוטב עגבניות  ןפלפלים לשושקה,שטראוס גרופ בעמ,,,יח,3.50,ל 100 גרם,false,1,10.90,3.11,true,1,
7290110554460,false,צ יטוס  קרנץ צ`דר חלפיניו,שטראוס פריטו ליי בעמ,,,יח,0.65,ל 100 גרם,false,1,3.90,6,false,1,
7290110554583,false,מארז צ`יטוס פאםס גבינה,שטראוס פריטו ליי בעמ,,,יח,2,ל 100 גרם,false,1,12.90,6.45,false,1,
7290110554729,false,קפסולות אספרסו מס `04 למכונת אספרס,שטראוס גרופ בעמ,,,ל 100 גרם,0.50,ל 100 גרם,false,1,15.90,31.80,true,1,
7290110556242,false,"שוק.חלב 100 ג""",שטראוס גרופ בעמ,,,יח,1,ל 100 גרם,false,1,4.90,4.90,false,1,
7290110557027,false,חומוס  50%  טחינה,שטראוס גרופ בעמ (ח),,,יח,4,ל 100 גרם,false,1,13.90,3.48,false,1,
7290110557102,false,מעדן חלב טעם שוקולד מעושר בחלבון,שטראוס גרופ בעמ (ח),,,יח,1.50,"ל100 מ""ל",false,1,4.90,3.27,true,1,
7290110557133,false,מעדן הגולן  וניל,שטראוס גרופ בעמ (ח),,,יח,1.25,"ל100 מ""ל",false,1,2.90,2.32,true,1,
7290110557317,false,היוגורט  הראשון שלי,שטראוס גרופ בעמ (ח),,,יח,1,ל 100 גרם,false,1,2.30,2.30,false,1,
7290110557478,false,חומוס  גלילי אחלה,שטראוס גרופ בעמ (ח),,,יח,6,ל 100 גרם,false,1,12.90,2.15,false,1,
7290110558130,false,אקטיביה עם שיבולת שועל ודבש,שטראוס גרופ בעמ (ח),,,יח,1.50,"ל100 מ""ל",false,1,4.50,3,true,1,
7290110558154,false,דנונה  לייט אנד פריי  עוגת תפוחים,שטראוס גרופ בעמ (ח),,,יח,1.50,"ל100 מ""ל",false,1,4.70,3.13,true,1,
7290110558222,false,דנונה  פרו WOW,שטראוס גרופ בעמ (ח),,,יח,1.50,"ל100 מ""ל",false,1,4.70,3.13,true,1,
7290110558253,false,דנונה ריפרש  בננה אננס,שטראוס גרופ בעמ (ח),,,יח,2.50,"ל100 מ""ל",false,1,5.90,2.36,false,1,
7290110558284,false,דנונה ביו מולטי 200 גר`,שטראוס גרופ בעמ (ח),,,יח,2,ל 100 גרם,false,1,4.20,2.10,false,1,
7290110558314,false,דנונה פרו 20 גר טעם פיסטוק,שטראוס גרופ בעמ (ח),,,יח,0.20,"ל100 מ""ל",false,1,6.50,32.50,false,1,
7290110558666,false,דניאלה טעם תפוח,שטראוס גרופ בעמ (ח),,,יח,1.50,"ל100 מ""ל",false,1,3.90,2.60,false,1,
7290110559014,false,שעועית  שחורה   380 גר`,שטראוס גרופ בעמ,,,יח,3.80,ל 100 גרם,false,1,7.90,2.08,true,1,
7290110560300,false,פרכיות   משולשת-  פלפל שחור,שטראוס גרופ בעמ,,,יח,0.30,ל 100 גרם,false,1,4.90,16.33,false,1,
7290110560317,false,פרכיות   משולשת- מלח ים,שטראוס גרופ בעמ,,,יח,0.30,ל 100 גרם,false,1,4.90,16.33,false,1,
7290110560324,false,פרכיות   משולשת- אפונה ירוקה,שטראוס גרופ בעמ,,,יח,0.30,ל 100 גרם,false,1,4.90,16.33,false,1,
7290110561352,false,דנונה דל לקטוז 200 גר`,שטראוס גרופ בעמ (ח),,,יח,2,"ל100 מ""ל",false,1,3.50,1.75,false,1,
7290110561604,false,גמדים   תות  בננה דיסני  שמניה,שטראוס גרופ בעמ (ח),,,יח,8,ל 100 גרם,false,1,17.90,2.24,false,1,
7290110563431,false,משקה יטבתה קפה קר קלאסי,שטראוס גרופ בעמ (ח),,,יח,2.30,"ל100 מ""ל",false,1,7.90,3.43,true,1,
7290110563448,false,משקה יטבתה קפה קר מעודן,שטראוס גרופ בעמ (ח),,,יח,2.30,"ל100 מ""ל",false,1,7.90,3.43,true,1,
7290110563462,false,חלב נטול לקטוז 2% יטבתה,שטראוס גרופ בעמ (ח),,,יח,1,לליטר,false,1,8.50,8.50,false,1,
7290110564339,false,חומוס  אחלה 30% בטחינה,שטראוס גרופ בעמ (ח),,,יח,4,ל 100 גרם,false,1,13.90,3.48,false,1,
7290110564360,false,חומוס  אחלה עשיר בטחינה,שטראוס גרופ בעמ (ח),,,יח,4,ל 100 גרם,false,1,13.90,3.48,false,1,
7290110564742,false,משקה יטבתה קפה קר חזק,שטראוס גרופ בעמ (ח),,,יח,2.30,"ל100 מ""ל",false,1,7.90,3.43,true,1,
7290110564919,false,דנונה מעודנת,שטראוס גרופ בעמ (ח),,,יח,1.50,"ל100 מ""ל",false,1,3.90,2.60,false,1,
7290110565435,false,לימבו פטל קו חלבי,שטראוס גרופ בעמ (ח),,,יח,1.25,ל 100 גרם,false,1,2.10,1.68,true,1,
7290110565527,false,דנונה  פרו 20 גרם חלבון,שטראוס גרופ בעמ (ח),,,יח,1.50,"ל100 מ""ל",false,1,5.90,3.93,false,1,
7290110565572,false,מארז טורקי  לדרך עם הל,שטראוס גרופ בעמ,,,יח,1.40,ל 100 גרם,false,1,18.90,13.50,false,1,
7290110566623,false,קפסולות  קולומביה 08  למכונת אספרסו,שטראוס גרופ בעמ,,,ל 100 גרם,0.50,ל 100 גרם,false,1,15.90,31.80,true,1,
7290110566975,false,דנונה פרו 20 גר+תות,שטראוס גרופ בעמ (ח),,,יח,1.55,"ל100 מ""ל",false,1,5.90,3.81,false,1,
7290110567057,false,צנצנת  מאסט מנטה אקליפטוס,שטראוס גרופ בעמ,,,יח,0.58,ל 100 גרם,false,1,9.90,17.07,true,1,
7290110568238,false,קצפת  צמחית  21% שומן,שטראוס גרופ בעמ (ח),,,יח,2.50,"ל100 מ""ל",false,1,8.30,3.32,false,1,
7290110568276,false,"משקה  יטבתה פרו   וניל 350 מ""ל",שטראוס גרופ בעמ (ח),,,יח,0.35,"ל100 מ""ל",false,1,6.50,18.57,false,1,
7290110568559,false,מארז דוריטוס  חריף  10 יח`,שטראוס פריטו ליי בעמ,,,יח,0.25,ל 100 גרם,false,1,13.90,55.60,false,1,
7290110570224,false,משקה יטבתה קפה קר עוגיות,שטראוס גרופ בעמ (ח),,,יח,2.30,"ל100 מ""ל",false,1,7.90,3.43,true,1,
7290110571382,false,מעדן חלב טעם וניל מעושר בחלבון,שטראוס גרופ בעמ (ח),,,יח,1.50,"ל100 מ""ל",false,1,4.90,3.27,true,1,
7290110572976,false,כיף כף פצפצים קרם לבן 135 גרק,שטראוס גרופ בעמ,,,יח,1.35,ל 100 גרם,false,1,9.90,7.33,false,1,
7290110576318,false,מאגדת שלישית אגוז לבן,שטראוס גרופ בעמ,,,יח,3,ל 100 גרם,false,1,23.90,7.97,false,1,
7290110576363,false,שוקולד ספינדיד  מריר אוגנדה,שטראוס גרופ בעמ,,,יח,1,ל 100 גרם,false,1,8.50,8.50,true,1,
7290110576370,false,מאגדת שלישית אגוז  מריר,שטראוס גרופ בעמ,,,יח,3,ל 100 גרם,false,1,23.90,7.97,false,1,
7290110576387,false,מאגדת שלישית אגוז  חלב,שטראוס גרופ בעמ,,,יח,3,ל 100 גרם,false,1,23.90,7.97,false,1,
7290110576868,false,מארז גמדים רבעיה סלט פירות,שטראוס גרופ בעמ (ח),,,יח,4,"ל100 מ""ל",false,1,11.30,2.83,true,1,
7290111092985,false,מגבונים בייביסיטר רביעיה מהדורה מעוצבת,שקד תבל בעמ,,,יח,1,,false,1,16.90,16.90,true,1,
7290111093005,false,מגבון ג`ל להסרת איפור 25 ייח`,שקד תבל בעמ,,,יח,1,,false,1,7.90,7.90,false,1,
7290111093470,false,קוויק  מסיר הפלה ספוגית,שקד תבל בעמ,,,יח,3,למארז,false,1,10.90,3.63,true,1,
7290111093760,false,קוויק   מג`לניקוי רצפות  בריח מרכך,שקד תבל בעמ,,,יח,0,יח,false,1,10.90,10.90,true,1,
7290111096921,false,קוויק   מג`לניקוי כללי  חומץ ומלח לימו,שקד תבל בעמ,,,יח,1,,false,1,8.90,8.90,false,1,
7290111097546,false,קוויק   מג`לניקוי כללי  בריח מרכך 50,שקד תבל בעמ,,,יח,50,למארז,false,1,8.90,0.18,true,1,
7290111340178,false,מטלית לחה לניקוי כללי ריח מרכך,קימברלי קלארק ישראל שיווק בעמ,,,יח,1,,false,1,11.90,11.90,false,1,
7290111341984,false,נייר טואלט  לח 40*4,קימברלי קלארק ישראל שיווק בעמ,,,יח,26.04,ל 100 גרם,false,1,22.90,0.88,false,1,
7290111342042,false,כריות יפניות אנטיבקטריאליות ניקול,קימברלי קלארק ישראל שיווק בעמ,,,יח,1,,false,1,10.90,10.90,false,1,
7290111342059,false,מטליות לחות אנטיבקטריאלי ניקול,קימברלי קלארק ישראל שיווק בעמ,,,יח,1,,false,1,10.90,10.90,false,1,
7290111342073,false,מטליות מיקרופייבר אנטיבקטריאלי ניקול,קימברלי קלארק ישראל שיווק בעמ,,,יח,1,,false,1,15.90,15.90,false,1,
7290111343803,false,מטליות   לחות לחיטוי אסלות,קימברלי קלארק ישראל שיווק בעמ,,,יח,1,,false,1,13.90,13.90,false,1,
7290111343858,false,מטליות  לחות לריצפנ,קימברלי קלארק ישראל שיווק בעמ,,,יח,1,,false,1,13.90,13.90,false,1,
7290111344206,false,מגבוני האגיס רבעיה,קימברלי קלארק ישראל שיווק בעמ,,,יח,1,,false,1,18.90,18.90,false,1,
7290111344527,false,שקיות אשפה ענקיות לפחים שחור,קימברלי קלארק ישראל שיווק בעמ,,,יח,1,,false,1,24.90,24.90,false,1,
7290111344619,false,ניקול מטליות למשטחים וצעצועים,קימברלי קלארק ישראל שיווק בעמ,,,יח,1,,false,1,12.90,12.90,false,1,
7290111344701,false,שקיות אוכל סנדוויצון,קימברלי קלארק ישראל שיווק בעמ,,,יח,1,,false,1,12.90,12.90,false,1,
7290111344855,false,מגן תחתון קוטקס  נורמל קוקו,קימברלי קלארק ישראל שיווק בעמ,,,יח,1,,false,1,18.90,18.90,false,1,
7290111345043,false,מטלית מיקרופייבר  למשטחים דו צדדי,קימברלי קלארק ישראל שיווק בעמ,,,יח,1,,false,1,14.90,14.90,false,1,
7290111345760,false,תחבושת קוטקס כותנה  סופר,קימברלי קלארק ישראל שיווק בעמ,,,יח,1,,false,1,19.90,19.90,false,1,
7290111345999,false,מארז זוג מטליות לחות לריצפה,קימברלי קלארק ישראל שיווק בעמ,,,יח,1,,false,1,21.90,21.90,false,1,
7290111346347,false,קליניקס  אורגינל חמשיה,קימברלי קלארק ישראל שיווק בעמ,,,יח,1,,false,1,15.90,15.90,false,1,
7290111350092,false,המיטב של ואקר,ליימן שליסל בעמ,,,יח,1,ל 100 גרם,false,1,21.90,21.90,false,1,
7290111350726,false,נאצוס הוטפופ בסגנון  מקסיקני,ליימן שליסל בעמ,,,יח,3,"ל100 מ""ל",false,1,15.90,5.30,true,1,
7290111352430,false,ממרח  תמרים טבעי 440 גר`,ליימן שליסל בעמ,,,יח,4.40,ל 100 גרם,false,1,11.90,2.70,false,1,
7290111352508,false,סילאן  טבעי לחיץ 840 גר`,ליימן שליסל בעמ,,,יח,8.40,ל 100 גרם,false,1,19.90,2.37,false,1,
7290111352966,false,סוכריות יוגטה ממולאות,ליימן שליסל בעמ,,,יח,2.50,ל 100 גרם,false,1,5.90,2.36,false,1,
7290111352973,false,קוביות חמוצות 220 גר`,ליימן שליסל בעמ,,,יח,2.20,ל 100 גרם,false,1,5.90,2.68,false,1,
7290111353055,false,סוכריות  גומי דובונים  200  גר`יוגטה,ליימן שליסל בעמ,,,יח,0.20,ל 100 גרם,false,1,7.90,39.50,false,1,
7290111353239,false,סוכריות  גומי ט פירות  200  גר`יוגטה,ליימן שליסל בעמ,,,יח,0.20,ל 100 גרם,false,1,7.90,39.50,false,1,
7290111353376,false,שקית  מנטוס  שמחות 100 סוכריות,ליימן שליסל בעמ,,,יח,1.28,ל 100 גרם,false,1,12.90,10.08,false,1,
7290111353383,false,שקית  מנטוס  שמחות 100 ט. תות,ליימן שליסל בעמ,,,יח,1.28,ל 100 גרם,false,1,12.90,10.08,false,1,
7290111353475,false,סוכריות ממולאות חמוצות,ליימן שליסל בעמ,,,יח,2,ל 100 גרם,false,1,7.90,3.95,false,1,
7290111353482,false,סוכריות ממולאות חמוצות,ליימן שליסל בעמ,,,יח,2,ל 100 גרם,false,1,5.90,2.95,false,1,
7290111353550,false,חמאת בוטנים טבעית 300 גר,ליימן שליסל בעמ,,,יח,38,ל 100 גרם,false,1,13.90,0.37,false,1,
7290111353567,false,חמאת בוטנים טבעית 300 גר,ליימן שליסל בעמ,,,יח,3,ל 100 גרם,false,1,30.90,10.30,false,1,
7290111354038,false,מארז עגבניות  חתוכות דק 3*400,ליימן שליסל בעמ,,,יח,1.20,ל 100 גרם,false,1,16.90,14.08,true,1,
7290111354045,false,מארז עגבניות  קצוצות 3*400,ליימן שליסל בעמ,,,יח,1.20,ל 100 גרם,false,1,16.90,14.08,true,1,
7290111354137,false,ממרח  פקאן מסוכר  200גר`,ליימן שליסל בעמ,,,יח,2,ל 100 גרם,false,1,18.90,9.45,false,1,
7290111534010,false,By .gbina and blueberry 850 - Kapulski,קפולסקי אדל בעמ,,,יח,4.50,ל 100 גרם,false,1,39.90,8.87,false,1,
7290111564277,false,פיטנס פרכוניות 3 דגנים,קבוצת אוסם סחר שותפות מוגבלת,,,יח,1.20,ל 100 גרם,false,1,10.90,9.08,true,1,
7290111564727,false,קרמוגית  במילוי קרם אגוזים,קבוצת אוסם סחר שותפות מוגבלת,,,יח,2,ל 100 גרם,false,1,10.90,5.45,true,1,
7290111564956,false,בסלי  במבה מיקס  200 גר`,קבוצת אוסם סחר שותפות מוגבלת,,,יח,2,ל 100 גרם,false,1,10,5,true,1,
7290111565038,false,לה קרמריה  וניל קוקילידה,נגה גלידות שותפות מוגבלת,,,,1.40,ל 100 גרם,false,1,21.90,15.64,false,1,
7290111566103,false,טבעול  פלפאל מרכיבים טבעיים 590 גרם,קבוצת אוסם סחר שותפות מוגבלת,,,יח,5,ל 100 גרם,false,1,29.90,5.98,true,1,
7290111566240,false,טבעול  שניצל  דק  צ`ילי חריף 564 גרם,קבוצת אוסם סחר שותפות מוגבלת,,,יח,5.64,ל 100 גרם,false,1,29.90,5.30,true,1,
7290111566271,false,טבעול  חטיפי תירס 657 גרם,קבוצת אוסם סחר שותפות מוגבלת,,,יח,6.57,ל 100 גרם,false,1,30.90,4.70,true,1,
7290111566318,false,טבעול  שניצל  דק מן הצומח,קבוצת אוסם סחר שותפות מוגבלת,,,יח,0.5640,ל 100 גרם,false,1,29.90,53.01,true,1,
7290111566332,false,טבעול נקנקיות וניר  צמחונית,קבוצת אוסם סחר שותפות מוגבלת,,,יח,6.80,ל 100 גרם,false,1,30.90,4.54,true,1,
7290111566561,false,טבעול  שניצל ברוקולי מופחת שומן,קבוצת אוסם סחר שותפות מוגבלת,,,יח,5.60,ל 100 גרם,false,1,30.90,5.52,true,1,
7290111566585,false,טבעול  שניצל מופחת שומן 650 גרם,קבוצת אוסם סחר שותפות מוגבלת,,,יח,6.50,ל 100 גרם,false,1,30.90,4.75,true,1,
7290111566714,false,טבעול  המבורגר מן הצומח,קבוצת אוסם סחר שותפות מוגבלת,,,יח,6,ל 100 גרם,false,1,30.90,5.15,true,1,
7290111566752,false,טבעול  שניצל תירס לייט 693 גרם,קבוצת אוסם סחר שותפות מוגבלת,,,יח,6.93,ל 100 גרם,false,1,30.90,4.46,true,1,
7290111566776,false,טבעול נקנקיות  קוקטיל,קבוצת אוסם סחר שותפות מוגבלת,,,יח,6.80,ל 100 גרם,false,1,30.90,4.54,true,1,
7290111568206,false,בסלי  פארטי מיקס 150 גר`,קבוצת אוסם סחר שותפות מוגבלת,,,יח,0.15,ל 100 גרם,false,1,8.90,59.33,true,1,
7290111568275,false,נודלס איטריות אורז רחבות,קבוצת אוסם סחר שותפות מוגבלת,,,יח,3,ל 100 גרם,false,1,8.90,2.97,false,1,
7290111568299,false,נודלס איטריות  עם תרד 300 גר`,קבוצת אוסם סחר שותפות מוגבלת,,,יח,3,ל 100 גרם,false,1,8.90,2.97,false,1,
7290111568466,false,רוטב  אסיתי למוקפץ 360 גר,קבוצת אוסם סחר שותפות מוגבלת,,,יח,2.90,"ל100 מ""ל",false,1,12.90,4.45,true,1,
7290111733833,false,גרבי  צבא,ליאור יבוא ושיווק מוצרי הלבשה,,,יח,1,,false,1,24.90,24.90,false,1,
7290111930799,false,קרנצ`וס בצל  55גר`,ש.שסטוביץ בעמ,,,יח,0.55,ל 100 גרם,false,1,2.20,4,false,1,
7290111930805,false,קרנצ`וס  ברבקיו  55 גר`,ש.שסטוביץ בעמ,,,יח,0.55,ל 100 גרם,false,1,2.20,4,false,1,
7290111930850,false,קרנצ`וס  פיצה    55 גר`,ש.שסטוביץ בעמ,,,יח,0.55,ל 100 גרם,false,1,2.20,4,false,1,
7290111930898,false,פוף כוכבים גריל אמרקאי  40 גר`,ש.שסטוביץ בעמ,,,יח,0.40,יח,false,1,3.30,8.25,true,1,
7290111930904,false,פוף כוכבים בצל   40 גר`,ש.שסטוביץ בעמ,,,יח,0.40,יח,false,1,3.30,8.25,true,1,
7290111930911,false,פוף לבבות קלאסי 40 גר`,ש.שסטוביץ בעמ,,,יח,0.40,יח,false,1,3.30,8.25,true,1,
7290111930928,false,פוף לבבות  גריל  40 גר`,ש.שסטוביץ בעמ,,,יח,0.40,יח,false,1,3.30,8.25,true,1,
7290111930935,false,פוף  טבעות קלאסי   40 גר`,ש.שסטוביץ בעמ,,,יח,0.40,יח,false,1,3.30,8.25,true,1,
7290111933462,false,מאסטר שף  רוטב צ`ילי מתוק,ש.שסטוביץ בעמ,,,יח,0.30,ל 100 גרם,false,1,9.90,33,false,1,
7290111935961,false,מאסטר שף  מחית עגבניות,ש.שסטוביץ בעמ,,,יח,6.90,ל 100 גרם,false,1,8.90,1.29,false,1,
7290111936203,false,ליידי  ספייד סטייק דרמה ספריי,ש.שסטוביץ בעמ,,,יח,1.50,ל 100 גרם,false,1,14.90,9.93,true,1,
7290111936296,false,פלמוליב ארומה סנשיין  750,ש.שסטוביץ בעמ,,,יח,7.50,"ל100 מ""ל",false,1,19.90,2.65,true,1,
7290111936784,false,\פרי מארז  חטיפים  תמרים ואגוזי לוז,ש.שסטוביץ בעמ,,,יח,1.25,ל 100 גרם,false,1,14.90,11.92,false,1,
7290111937248,false,פרי מארז  חטיפים  תמרים וקשיו,ש.שסטוביץ בעמ,,,יח,1.25,ל 100 גרם,false,1,14.90,11.92,false,1,
7290111937262,false,פרי מארז  חטיפים  תמרים ושברי קקאו,ש.שסטוביץ בעמ,,,יח,1.25,ל 100 גרם,false,1,14.90,11.92,false,1,
7290111938481,false,רוטב סויה בהירה מסטר סף,ש.שסטוביץ בעמ,,,יח,3,"ל100 מ""ל",false,1,9.90,3.30,false,1,
7290111977855,false,שטיח שניל  50/80,סקטור אפיקים בעמ,,,יח,10,יח,false,1,29.90,2.99,false,1,
7290111977862,false,שטיח שניל 40/60,סקטור אפיקים בעמ,,,יח,1,,false,1,15.90,15.90,false,1,
7290111978371,false,סכומון 2 תאים,סקטור אפיקים בעמ,,,יח,10,ל 100 גרם,false,1,29.90,2.99,false,1,
7290111978920,false,קוצץ  מזון משיכה,סקטור אפיקים בעמ,,,יח,10,ל 100 גרם,false,1,59.90,5.99,false,1,
7290111979378,false,שלישית מגבות מטבח משובצות,סקטור אפיקים בעמ,,,יח,10,יח,false,1,9.90,0.99,false,1,
7290111979385,false,שלישית מגבות מטבח רומא,סקטור אפיקים בעמ,,,יח,10,יח,false,1,12.90,1.29,false,1,
7290112001221,false,קולון  מנקה מכונה,רקיט בנקיסר (ניר איסט),,,יח,2.50,ל 100 גרם,false,1,14.90,5.96,false,1,
7290112001238,false,|קולון  מנקה מכונה לימון,רקיט בנקיסר (ניר איסט),,,יח,2.50,ל 100 גרם,false,1,14.90,5.96,false,1,
7290112001436,false,פיניש מנקה ומחדש לימון,רקיט בנקיסר (ניר איסט),,,יח,2.50,"ל100 מ""ל",false,1,14.90,5.96,false,1,
7290112002099,false,קולון  ג`ל 2.5 ל  רגיל כחול,רקיט בנקיסר (ניר איסט),,,יח,25,"ל100 מ""ל",false,1,24.90,1,true,1,
7290112002136,false,קולון  ג`ל 4 לי  רגיל כחול,רקיט בנקיסר (ניר איסט),,,יח,40,"ל100 מ""ל",false,1,34.90,0.87,false,1,
7290112003959,false,ויניש  מסיר כתמים לכביסה  צבעונית,רקיט בנקיסר (ניר איסט),,,יח,4.70,ל 100 גרם,false,1,19.90,4.23,false,1,
7290112003966,false,ויניש  מסיר כתמים לכביסה לבנה,רקיט בנקיסר (ניר איסט),,,יח,4.70,ל 100 גרם,false,1,19.90,4.23,false,1,
7290112004192,false,פיניש  טבליות למדיח אקולוגי,רקיט בנקיסר (ניר איסט),,,יח,1.2020,"ל100 מ""ל",false,1,54.90,45.67,false,1,
7290112004208,false,פיניש  טבליות למדיח הכל ב1 50 יח`,רקיט בנקיסר (ניר איסט),,,יח,8.76,"ל100 מ""ל",false,1,39.90,4.55,true,1,
7290112004703,false,"וינש  ג`ל שקוף  ורוד 750 מ""ל",רקיט בנקיסר (ניר איסט),,,יח,7.50,"ל100 מ""ל",false,1,19.90,2.65,false,1,
7290112004710,false,"וינש  ג`ל שקוף  לבן 750 מ""ל",רקיט בנקיסר (ניר איסט),,,יח,7.50,"ל100 מ""ל",false,1,19.90,2.65,false,1,
7290112004963,false,פיניש   אולטימייט 25,רקיט בנקיסר (ניר איסט),,,יח,1,,false,1,39.90,39.90,true,1,
7290112004970,false,פיניש   אולטימייט 50,רקיט בנקיסר (ניר איסט),,,יח,1,,false,1,59.90,59.90,false,1,
7290112005052,false,ויניש  אבקה לכביסה לבנה 1500 גר,רקיט בנקיסר (ניר איסט),,,יח,1.50,ל 100 גרם,false,1,39.90,26.60,false,1,
7290112005083,false,ויניש  אבקה לכביסה  צבעונית  1500 גר,רקיט בנקיסר (ניר איסט),,,יח,1.50,ל 100 גרם,false,1,39.90,26.60,false,1,
7290112192578,false,"פרדונטקס הגנה   75 מ""ל",גורי ע.ע.ע בעמ,,,יח,0.75,"ל100 מ""ל",false,1,34.90,46.53,true,1,
7290112192875,false,סנסודיין רגישות וחנכיים,גורי ע.ע.ע בעמ,,,יח,1.50,ל 100 גרם,false,1,29.90,19.93,true,1,
7290112330352,false,דנונה פרו 20  גר`וניל,שטראוס גרופ בעמ (ח),,,יח,2,"ל100 מ""ל",false,1,5.90,2.95,false,1,
7290112330390,false,דנונה פרו  פירות יער 0%,שטראוס גרופ בעמ (ח),,,יח,2,"ל100 מ""ל",false,1,5.90,2.95,false,1,
7290112332691,false,עוגיות קרם פסק זמן אגוזים,שטראוס גרופ בעמ,,,יח,2,ל 100 גרם,false,1,9.90,4.95,false,1,
7290112334749,false,קפה עלית 200 גר,שטראוס גרופ בעמ,,,יח,2.40,ל 100 גרם,false,1,15.90,6.63,false,1,
7290112335043,false,מרשמלו   150  גר`בטעם בזוקה,שטראוס גרופ בעמ,,,יח,1.50,ל 100 גרם,false,1,5.90,3.93,false,1,
7290112335111,false,מאסט  קוביות טעם בזוקה,שטראוס גרופ בעמ,,,יח,0.86,ל 100 גרם,false,1,12.90,15,false,1,
7290112335487,false,פרכיות  הטעימות קצח ודגנים,שטראוס גרופ בעמ,,,יח,1.35,ל 100 גרם,false,1,10.90,8.07,false,1,
7290112335494,false,פרכיות  הטעימות  פוטטוס,שטראוס גרופ בעמ,,,יח,1.35,ל 100 גרם,false,1,10.90,8.07,false,1,
7290112335500,false,פרכיות  הטעימות 3 חלבון,שטראוס גרופ בעמ,,,יח,1.35,ל 100 גרם,false,1,10.90,8.07,false,1,
7290112336613,false,עד חצות סנדוויץ עלית,שטראוס גרופ בעמ,,,יח,1.25,ל 100 גרם,false,1,10.90,8.72,false,1,
7290112336637,false,"סוכריות לל""ס יוגורט תות אוכמניות",שטראוס גרופ בעמ,,,יח,0.80,ל 100 גרם,false,1,7.90,9.88,false,1,
7290112336644,false,"סוכריות לל""ס  לימון  80גר`",שטראוס גרופ בעמ,,,יח,0.80,ל 100 גרם,false,1,7.90,9.88,false,1,
7290112336651,false,"סוכריות לל""ס  ריבת חלב  80 גר`",שטראוס גרופ בעמ,,,יח,0.80,ל 100 גרם,false,1,7.90,9.88,false,1,
7290112336712,false,דנונה  פרו 21גרם חלבון..,שטראוס גרופ בעמ (ח),,,יח,2,"ל100 מ""ל",false,1,5.90,2.95,false,1,
7290112337474,false,"סוכריות לל""ס פטל לימון  80גר`",שטראוס גרופ בעמ,,,יח,0.80,ל 100 גרם,false,1,7.90,9.88,false,1,
7290112337481,false,"סוכריות לל""ס  קפוצינו 80 גר`",שטראוס גרופ בעמ,,,יח,0.80,ל 100 גרם,false,1,7.90,9.88,false,1,
7290112339362,false,דנונה  לייט טעם קפוצינו,שטראוס גרופ בעמ (ח),,,יח,1.50,"ל100 מ""ל",false,1,4.50,3,true,1,
7290112339867,false,גמדים סקוויז בודד תות 100 ג`,שטראוס גרופ בעמ (ח),,,יח,1,"ל100 מ""ל",false,1,5.90,5.90,false,1,
7290112339874,false,גמדים סקוויז בודד תות בננה 100 ג`,שטראוס גרופ בעמ (ח),,,יח,1,"ל100 מ""ל",false,1,5.90,5.90,false,1,
7290112340122,false,פרכיות  הטעימות 3 דגנים,שטראוס גרופ בעמ,,,יח,1.35,ל 100 גרם,false,1,10.90,8.07,false,1,
7290112340245,false,צנצנת  מאסט  מגדים דובדבן,שטראוס גרופ בעמ,,,יח,0.58,ל 100 גרם,false,1,9.90,17.07,true,1,
7290112340276,false,עוגיות קרם נס קפה,שטראוס גרופ בעמ,,,יח,2,ל 100 גרם,false,1,9.90,4.95,false,1,
7290112341556,false,אקטיביה עם צ`יה ותות,שטראוס גרופ בעמ (ח),,,יח,1.50,"ל100 מ""ל",false,1,4.70,3.13,false,1,
7290112341679,false,אקטיביה  200  גר` 3%,שטראוס גרופ בעמ (ח),,,יח,2,"ל100 מ""ל",false,1,3.90,1.95,false,1,
7290112341686,false,מארז  אקטיביה 3%,שטראוס גרופ בעמ (ח),,,יח,1.20,יח,false,1,19.90,16.58,false,1,
7290112342102,false,סימפוניה   בצל מקורמל,שטראוס גרופ בעמ (ח),,,יח,2,ל 100 גרם,false,1,11.20,5.60,false,1,
7290112342270,false,פלאטינום  אינסטנט 10%,שטראוס גרופ בעמ,,,יח,1.25,ל 100 גרם,false,1,17.90,14.32,false,1,
7290112342515,false,דוריטוס  ציזי טוויסט  55 גרם,שטראוס פריטו ליי בעמ,,,יח,0.55,ל 100 גרם,false,1,2.90,5.27,true,1,
7290112343260,false,רוטב שמנת  קלאסי 260 גר`,שטראוס גרופ בעמ (ח),,,יח,2.60,"ל100 מ""ל",false,1,10.90,4.19,true,1,
7290112343420,false,"יטבתה  פרו ארוחת בוקר 350 מ""ל",שטראוס גרופ בעמ (ח),,,יח,3.50,ל 100 גרם,false,1,7.90,2.26,false,1,
7290112343499,false,צ יטוס 55  גר`PUFFS  ט. גבינה,שטראוס פריטו ליי בעמ,,,יח,0.55,ל 100 גרם,false,1,3.50,6.36,false,1,
7290112343512,false,ציטוס  ט. גבינה 160 גר`,שטראוס פריטו ליי בעמ,,,יח,1.80,ל 100 גרם,false,1,7.40,4.11,false,1,
7290112344724,false,מילקי בטעם שוקולד בלונדי,שטראוס גרופ בעמ (ח),,,יח,1.70,"ל100 מ""ל",false,1,3.40,2,false,1,
7290112344755,false,מילקי  עפ 26% פחות סוכר,שטראוס גרופ בעמ (ח),,,יח,1.35,ל 100 גרם,false,1,2.90,2.15,false,1,
7290112344786,false,קפה פלטינום  קלאסיק 200 ג`,שטראוס גרופ בעמ,,,יח,2,ל 100 גרם,false,1,21.90,10.95,true,1,
7290112344991,false,דנונה לייט אנד פריי תות,שטראוס גרופ בעמ (ח),,,יח,1.50,"ל100 מ""ל",false,1,4.50,3,true,1,
7290112346360,false,בפלות אחת אחת בציפוי שוקולד חלב,שטראוס גרופ בעמ,,,יח,1.80,ל 100 גרם,false,1,13.90,7.72,false,1,
7290112346537,false,פינוקיות בטעם טורטית,שטראוס גרופ בעמ,,,יח,2,ל 100 גרם,false,1,9.90,4.95,false,1,
7290112346629,false,יוגורט עם קרונפלקס מצופה,שטראוס גרופ בעמ (ח),,,יח,1.83,"ל100 מ""ל",false,1,4.50,2.46,false,1,
7290112346773,false,דנונה לייט אנד פריי  וניל עם חלבון,שטראוס גרופ בעמ (ח),,,יח,1.50,"ל100 מ""ל",false,1,4.50,3,true,1,
7290112347008,false,גמדים ארוחת בוקר   תות סקוויז  100 ג`,שטראוס גרופ בעמ (ח),,,יח,1,"ל100 מ""ל",false,1,5.90,5.90,false,1,
7290112347473,false,מארז  דנונה לייט תות אפרסק,שטראוס גרופ בעמ (ח),,,יח,1.20,ל 100 גרם,false,1,26.90,22.42,false,1,
7290112348616,false,קפה נמס  אגוזי לוז  100 גר`,שטראוס גרופ בעמ,,,יח,1,ל 100 גרם,false,1,14.90,14.90,true,1,
7290112349606,false,דניאלה  תות בננה,שטראוס גרופ בעמ (ח),,,יח,0.88,"ל100 מ""ל",false,1,3.90,4.43,false,1,
7290112349705,false,רוטב עגבניות לפסטה קלאסי  350יד מרדכ,שטראוס גרופ בעמ,,,יח,3.50,ל 100 גרם,false,1,10.90,3.11,true,1,
7290112349736,false,רוטב עגבניות לפסטה בזיליקום 350יד מרדכ,שטראוס גרופ בעמ,,,יח,3.50,ל 100 גרם,false,1,10.90,3.11,true,1,
7290112349743,false,רוטב עגבניות לפסטה 350יד מרדכי,שטראוס גרופ בעמ,,,יח,3.50,ל 100 גרם,false,1,10.90,3.11,true,1,
7290112349750,false,רוטב עגבניות לפיצה 350יד מרדכי,שטראוס גרופ בעמ,,,יח,3.50,ל 100 גרם,false,1,10.90,3.11,true,1,
7290112350589,false,צ`יקו 65  גר` 2020,שטראוס גרופ בעמ,,,יח,0.65,ל 100 גרם,false,1,11.90,18.31,false,1,
7290112351258,false,פינוקיות שחור לבן,שטראוס גרופ בעמ,,,יח,2,ל 100 גרם,false,1,9.90,4.95,false,1,
7290112351463,false,שלישית מאסט  סוכריות  פטל לימון,שטראוס גרופ בעמ,,,יח,1,יח,false,1,8.90,8.90,false,1,
7290112351470,false,שלישית מאסט   רימון תות,שטראוס גרופ בעמ,,,יח,1,יח,false,1,8.90,8.90,false,1,
7290112353887,false,משקה יטבתה קפה קר בטעם אגוזים,שטראוס גרופ בעמ (ח),,,יח,2.30,"ל100 מ""ל",false,1,7.90,3.43,true,1,
7290112354211,false,דלישס- פיצה מרגריטה,קפוא זן תעשיות מזון בעמ,,,יח,4,ל 100 גרם,false,1,24.90,6.23,false,1,
7290112354945,false,תפוציפס  WAVY טבעי היתר מכירה,שטראוס פריטו ליי בעמ,,,יח,0.50,ל 100 גרם,false,1,3.80,7.60,false,1,
7290112354952,false,תפוציפס  WAVY  פפריקה  היתר מכירה,שטראוס פריטו ליי בעמ,,,יח,0.50,ל 100 גרם,false,1,3.80,7.60,false,1,
7290112354969,false,תפוצי`פס WAVY טבעי  200 ג,שטראוס פריטו ליי בעמ,,,יח,2,ל 100 גרם,false,1,9.90,4.95,true,1,
7290112355027,false,דנונה פרו 20  גר`בטעם קרמל,שטראוס גרופ בעמ (ח),,,יח,2,"ל100 מ""ל",false,1,5.90,2.95,false,1,
7290112355102,false,גמדים  פאוץ סלט פירות,שטראוס גרופ בעמ (ח),,,יח,1,"ל100 מ""ל",false,1,5.90,5.90,false,1,
7290112357076,false,קוביות עגבניות איטלקיות  390 גר`,שטראוס גרופ בעמ,,,יח,3.90,ל 100 גרם,false,1,6.90,1.77,true,1,
7290112357083,false,אפונת גינה 380  גר`,שטראוס גרופ בעמ,,,יח,3.40,ל 100 גרם,false,1,6.90,2.03,true,1,
7290112357106,false,שעועית אדומה 380 גר`,שטראוס גרופ בעמ,,,יח,3.80,ל 100 גרם,false,1,7.90,2.08,true,1,
7290112357113,false,גרגרי חומוס  380,שטראוס גרופ בעמ,,,יח,3.81,ל 100 גרם,false,1,6.90,1.81,true,1,
7290112357892,false,שלישית מאסט  סוכריות מנטה,שטראוס גרופ בעמ,,,יח,1,יח,false,1,8.90,8.90,false,1,
7290112358004,false,פסק זמן חלב,שטראוס גרופ בעמ,,,יח,0.45,ל 100 גרם,false,1,4.90,10.89,false,1,
7290112358127,false,דנונה פרו  עם  מגנזיום  20 גר`,שטראוס גרופ בעמ (ח),,,יח,0.20,"ל100 מ""ל",false,1,6.50,32.50,false,1,
7290112358233,false,רוטב  צ`ילי   חריף 300 גר`,שטראוס גרופ בעמ,,,יח,3,"ל100 מ""ל",false,1,12.90,4.30,false,1,
7290112358257,false,רוטב  לעוף עם שזיפים   יד מרדכי,שטראוס גרופ בעמ,,,יח,3,"ל100 מ""ל",false,1,12.90,4.30,false,1,
7290112358554,false,מארז  נמס  לדרך,שטראוס גרופ בעמ,,,יח,50.40,ל 100 גרם,false,1,9.90,0.20,false,1,
7290112358561,false,פלטיניום קלאסי  47 גר`,שטראוס גרופ בעמ,,,יח,0.47,ל 100 גרם,false,1,6.90,14.68,false,1,
7290112359353,false,קפה אלדין 200ג שקית  עלית*,שטראוס גרופ בעמ,,,יח,2,ל 100 גרם,false,1,20.90,10.45,false,1,
7290112359384,false,קפה נמס  אלפחורס ריבת חלב   100 גר`,שטראוס גרופ בעמ,,,יח,1,ל 100 גרם,false,1,14.90,14.90,true,1,
7290112462220,false,מלחיה ופלפליה זכוכית,י.סולומון חוויה שבכלי בעמ,,,יח,1,,false,1,6.90,6.90,false,1,
7290112490032,false,KNORR NAMES BACOS PLUS TOMATO VITALITY,"יוניליוור ישראלשיווק בע""מ",,,יח,0.64,ל 100 גרם,false,1,6.50,10.16,false,1,
7290112490117,false,KLIK MILK WITH COOKIES & MULTIFORSA 85G,"יוניליוור ישראלשיווק בע""מ",,,יח,1,ל 100 גרם,false,1,4.90,4.90,false,1,
7290112490209,false,KNORR NAMES BACOS PLUS TOMATO VITALITY,"יוניליוור ישראלשיווק בע""מ",,,יח,0.56,ל 100 גרם,false,1,6.50,11.61,false,1,
7290112490216,false,KNORR NAMES BACOS PLUS TOMATO VITALITY,"יוניליוור ישראלשיווק בע""מ",,,יח,0.48,ל 100 גרם,false,12,6.50,13.54,false,1,
7290112490230,false,KNORR NAMES BACOS PLUS TOMATO VITALITY,"יוניליוור ישראלשיווק בע""מ",,,יח,0.64,ל 100 גרם,false,1,6.50,10.16,false,1,
7290112490582,false,חרדל דיזון  צרפתי*,"יוניליוור ישראלשיווק בע""מ",,,יח,0.54,ל 100 גרם,false,1,11.90,22.04,false,1,
7290112490599,false,חרדל צרפתי עם גרגרים  שלמים*,"יוניליוור ישראלשיווק בע""מ",,,יח,0.54,ל 100 גרם,false,1,11.90,22.04,false,1,
7290112490650,false,קונפיטורת  תות שדה 340 גר`*,"יוניליוור ישראלשיווק בע""מ",,,יח,3.40,ל 100 גרם,false,1,11.90,3.50,false,1,
7290112490667,false,קונפ משמש  340 גר`*,"יוניליוור ישראלשיווק בע""מ",,,יח,3.40,ל 100 גרם,false,1,11.90,3.50,false,1,
7290112490698,false,קונפיטורת תות לייט 260  גר` *,"יוניליוור ישראלשיווק בע""מ",,,יח,0.90,ל 100 גרם,false,1,11.90,13.22,false,1,
7290112491558,false,מאגדת שישייה מריר  פרווה*,"יוניליוור ישראלשיווק בע""מ",,,יח,1,,false,1,17.90,17.90,false,1,
7290112491695,false,778 BLACKBERRY LIGHT 8X300GR,"יוניליוור ישראלשיווק בע""מ",,,יח,3,ל 100 גרם,false,1,11.90,3.97,false,1,
7290112491770,false,B&B PRETZEL DAKIM SALT 12X300G,"יוניליוור ישראלשיווק בע""מ",,,יח,3,ל 100 גרם,false,1,8.90,2.97,false,1,
7290112491794,false,דקים דקים שמנת בצל 300 גרם*,"יוניליוור ישראלשיווק בע""מ",,,יח,3,ל 100 גרם,false,1,8.90,2.97,false,1,
7290112492456,false,PINUK SHAMPOO DRY 700-09,"יוניליוור ישראלשיווק בע""מ",,,יח,7,"ל100 מ""ל",false,1,11.90,1.70,false,1,
7290112492463,false,"פינוק 2 ב -1רגיל 700 מ""ל  *","יוניליוור ישראלשיווק בע""מ",,,יח,7,"ל100 מ""ל",false,1,11.90,1.70,false,1,
7290112492470,false,PINUK DRY 2IN1 700 - 2009,"יוניליוור ישראלשיווק בע""מ",,,יח,7,"ל100 מ""ל",false,1,11.90,1.70,false,1,
7290112492500,false,PINUK SHAMPOO DRY 700-09,"יוניליוור ישראלשיווק בע""מ",,,יח,7,"ל100 מ""ל",false,1,11.90,1.70,false,1,
7290112492531,false,PINUK SHAMPOO REGULAR 700-09,"יוניליוור ישראלשיווק בע""מ",,,יח,7,"ל100 מ""ל",false,1,11.90,1.70,false,1,
7290112492548,false,PINUK SHAMPOO REGULAR 700-09,"יוניליוור ישראלשיווק בע""מ",,,יח,7,"ל100 מ""ל",false,1,11.90,1.70,false,1,
7290112492579,false,"פינוק מרכך שמן קוקוס 700  מ""ל*","יוניליוור ישראלשיווק בע""מ",,,יח,7,"ל100 מ""ל",false,1,11.90,1.70,false,1,
7290112492593,false,"פינוק תחליב קלאסי  700  מ""ל*","יוניליוור ישראלשיווק בע""מ",,,יח,7,"ל100 מ""ל",false,1,10.90,1.56,false,1,
7290112492609,false,PINUK LIQUID LAVENDER VANILLA 12X700 ML,"יוניליוור ישראלשיווק בע""מ",,,יח,7,"ל100 מ""ל",false,1,10.90,1.56,false,1,
7290112492647,false,"פינוק 3 ב -1לגבר ספורט 700 מ""ל","יוניליוור ישראלשיווק בע""מ",,,יח,7,"ל100 מ""ל",false,1,11.90,1.70,false,1,
7290112492678,false,PINUK SHAMPOO KERATIN 12X700ML,"יוניליוור ישראלשיווק בע""מ",,,יח,1,ל 100 גרם,false,1,4.90,4.90,false,1,
7290112492685,false,PINUK SHAMPOO KERATIN 12X700ML,"יוניליוור ישראלשיווק בע""מ",,,יח,1,ל 100 גרם,false,1,4.90,4.90,false,1,
7290112492692,false,PINUK SHAMPOO KERATIN 12X700ML,"יוניליוור ישראלשיווק בע""מ",,,יח,1,ל 100 גרם,false,1,4.90,4.90,false,1,
7290112492746,false,PINUK KIDS COND. 700G,"יוניליוור ישראלשיווק בע""מ",,,יח,7,"ל100 מ""ל",false,1,11.90,1.70,false,1,
7290112492838,false,CIF WC THICK BLEACH FINE 750ML,"יוניליוור ישראלשיווק בע""מ",,,יח,1,יח,false,1,9.90,9.90,false,1,
7290112492944,false,מרק עוף אמיתי 400ג  ADRE,"יוניליוור ישראלשיווק בע""מ",,,יח,4,ל 100 גרם,false,1,21.90,5.48,false,1,
7290112492982,false,KNORR ANI REAL CHICKEN SAVVY 6X400G,"יוניליוור ישראלשיווק בע""מ",,,יח,4,ל 100 גרם,false,1,19.90,4.98,false,1,
7290112492999,false,KNORR CHICKEN FLV BADATZ SAVVY 6X400G,"יוניליוור ישראלשיווק בע""מ",,,יח,4,ל 100 גרם,false,1,13.90,3.48,false,1,
7290112493088,false,KNORR NAMES BACOS PLUS TOMATO VITALITY,"יוניליוור ישראלשיווק בע""מ",,,יח,0.64,ל 100 גרם,false,1,6.50,10.16,false,1,
7290112493095,false,KNORR NAMES BACOS PLUS TOMATO VITALITY,"יוניליוור ישראלשיווק בע""מ",,,יח,0.64,ל 100 גרם,false,1,6.50,10.16,false,1,
7290112493293,false,KNORR NAMES BACOS PLUS TOMATO VITALITY,"יוניליוור ישראלשיווק בע""מ",,,יח,0.44,ל 100 גרם,false,1,6.50,14.77,false,1,
7290112493903,false,"ממסים יחידתי בד""צ","גלידת שטראוס בע""מ",,,יח,1,,false,1,7.90,7.90,true,1,
7290112493927,false,קרמיסימו  קפוא ט. ריבת חלב,"גלידת שטראוס בע""מ",,,יח,1.33,לליטר,false,1,18.90,14.21,false,1,
7290112493934,false,קרמיסימו  קפוא ט.וניל צרפתי,"גלידת שטראוס בע""מ",,,יח,1.33,לליטר,false,1,18.90,14.21,false,1,
7290112494016,false,TELMA CANOLA OIL REAL MAYONNAISE,"יוניליוור ישראלשיווק בע""מ",,,יח,5,ל 100 גרם,false,1,9.90,1.98,false,1,
7290112494153,false,KNORR CUBITONS ROAST FLAVOR 12X12X72G,"יוניליוור ישראלשיווק בע""מ",,,יח,0.72,ל 100 גרם,false,1,7.90,10.97,false,1,
7290112494313,false,KLIK MILK 75G X 12,"יוניליוור ישראלשיווק בע""מ",,,יח,0.65,ל 100 גרם,false,1,4.90,7.54,false,1,
7290112494351,false,TELMA CORNFALKES BADATZ - BP 8X750GR,"יוניליוור ישראלשיווק בע""מ",,,יח,8.50,ל 100 גרם,false,1,16.90,1.99,false,1,
7290112494382,false,KNORR POTATO PUREE BDZ 24X260G,"יוניליוור ישראלשיווק בע""מ",,,יח,2.60,ל 100 גרם,false,1,13.90,5.35,false,1,
7290112494795,false,בדין ג`ל כביסה  כחול*,"יוניליוור ישראלשיווק בע""מ",,,יח,25,"ל100 מ""ל",false,1,27.90,1.12,false,1,
7290112494801,false,בדין ג`ל כביסה  ורוד*,"יוניליוור ישראלשיווק בע""מ",,,יח,25,"ל100 מ""ל",false,1,27.90,1.12,false,1,
7290112494832,false,DOVE FACIAL WASH REGULAR 12X180 GR,"יוניליוור ישראלשיווק בע""מ",,,יח,1.80,"ל100 מ""ל",false,1,14.90,8.28,false,1,
7290112494993,false,TELMA CCMANGRAIN PITSPUTSIM BDZ 12X500G,"יוניליוור ישראלשיווק בע""מ",,,יח,6.86,ל 100 גרם,false,1,22.90,3.34,false,1,
7290112495006,false,TELMA CCMANGRAIN PITSPUTSIM BDZ 12X500G,"יוניליוור ישראלשיווק בע""מ",,,יח,6.86,ל 100 גרם,false,1,24.90,3.63,false,1,
7290112495020,false,TELMA CCMANGRAIN PITSPUTSIM BDZ 12X500G,"יוניליוור ישראלשיווק בע""מ",,,יח,6.86,ל 100 גרם,false,1,22.90,3.34,false,1,
7290112495037,false,TELMA CCMANGRAIN PITSPUTSIM BDZ 12X500G,"יוניליוור ישראלשיווק בע""מ",,,יח,3.75,ל 100 גרם,false,1,19.90,5.31,false,1,
7290112495044,false,TELMA CCMANGRAIN PITSPUTSIM BDZ 12X500G,"יוניליוור ישראלשיווק בע""מ",,,יח,3.75,ל 100 גרם,false,1,19.90,5.31,false,1,
7290112495105,false,נשנושים  שמנת בצל 260  גר`*,"יוניליוור ישראלשיווק בע""מ",,,יח,2.60,ל 100 גרם,false,1,10.90,4.19,false,1,
7290112495112,false,נשנושים  זעתר  260 גר`*,"יוניליוור ישראלשיווק בע""מ",,,יח,2.60,ל 100 גרם,false,12,10.90,4.19,false,1,
7290112495143,false,B&B NISH NASH SALT POUND 350G,"יוניליוור ישראלשיווק בע""מ",,,יח,3,ל 100 גרם,false,1,10.90,3.63,false,1,
7290112495150,false,B&B NISH NASH SALT POUND 350G,"יוניליוור ישראלשיווק בע""מ",,,יח,3,ל 100 גרם,false,1,10.90,3.63,false,1,
7290112495167,false,B&B NISH NASH SALT POUND 350G,"יוניליוור ישראלשיווק בע""מ",,,יח,3,ל 100 גרם,false,1,10.90,3.63,false,1,
7290112495174,false,B&B NISH NASH SALT POUND 350G,"יוניליוור ישראלשיווק בע""מ",,,יח,3,ל 100 גרם,false,1,10.90,3.63,false,1,
7290112495228,false,TELMA BRANFLAKES 8X750G BADAZ,"יוניליוור ישראלשיווק בע""מ",,,יח,4.45,ל 100 גרם,false,1,17.90,4.02,false,1,
7290112495556,false,קליק  חטיף נוגט שלישיות,"יוניליוור ישראלשיווק בע""מ",,,יח,105,ל 100 גרם,false,1,9.90,0.09,false,1,
7290112495594,false,B&B BIG BIG SESAME WHOLE WHEAT 150G,"יוניליוור ישראלשיווק בע""מ",,,יח,4,ל 100 גרם,false,1,12.90,3.23,false,1,
7290112495648,false,BNB SALTY CRACKER 12X120 GR,"יוניליוור ישראלשיווק בע""מ",,,יח,1.20,ל 100 גרם,false,1,5.90,4.92,false,1,
7290112495662,false,BNB SALTY CRACKER 12X120 GR,"יוניליוור ישראלשיווק בע""מ",,,יח,1.20,ל 100 גרם,false,1,8.90,7.42,false,1,
7290112495754,false,HELLAMNN`S FOR SALADS 1000ISLANDS LITE,"יוניליוור ישראלשיווק בע""מ",,,יח,3.05,ל 100 גרם,false,1,9.90,3.25,false,1,
7290112495761,false,HELLAMNN`S FOR SALADS 1000ISLANDS LITE,"יוניליוור ישראלשיווק בע""מ",,,יח,3.05,ל 100 גרם,false,1,9.90,3.25,false,1,
7290112495785,false,HELLAMNN`S FOR SALADS 1000ISLANDS LITE,"יוניליוור ישראלשיווק בע""מ",,,יח,3,ל 100 גרם,false,1,9.90,3.30,false,1,
7290112495792,false,HELLAMNN`S FOR SALADS 1000ISLANDS LITE,"יוניליוור ישראלשיווק בע""מ",,,יח,3.05,ל 100 גרם,false,1,9.90,3.25,false,1,
7290112495808,false,HELLAMNN`S FOR SALADS 1000ISLANDS LITE,"יוניליוור ישראלשיווק בע""מ",,,יח,3.05,ל 100 גרם,false,1,9.90,3.25,false,1,
7290112495976,false,פרכיות אורז מצופה שוקולד חלב,"יוניליוור ישראלשיווק בע""מ",,,יח,1,"ל100 מ""ל",false,1,3.90,3.90,false,1,
7290112495983,false,פרכיות אורז מצופה שוקולד קרמל מלוח,"יוניליוור ישראלשיווק בע""מ",,,יח,1,"ל100 מ""ל",false,1,3.90,3.90,false,1,
7290112496027,false,סירופ שוקולד אפיכל 580 ג`*,"יוניליוור ישראלשיווק בע""מ",,,יח,5.80,"ל100 מ""ל",false,1,11.90,2.05,false,1,
7290112496034,false,סירופ מייפל אפיכל 580ג`*,"יוניליוור ישראלשיווק בע""מ",,,יח,5.80,"ל100 מ""ל",false,1,11.90,2.05,false,1,
7290112496195,false,אקס בושם כיס בלאק,"יוניליוור ישראלשיווק בע""מ",,,יח,0.1730,ל 100 גרם,false,1,15.90,91.91,false,1,
7290112496218,false,KNORR CIS BBQ SOY&HONEY BDZ 8X310G,"יוניליוור ישראלשיווק בע""מ",,,יח,3.40,ל 100 גרם,false,1,9.90,2.91,false,1,
7290112496287,false,PATIT WHOLE WHEAT BDZ NEW 24X250GR,"יוניליוור ישראלשיווק בע""מ",,,יח,0.21,ל 100 גרם,false,1,3.90,18.57,false,1,
7290112496294,false,PATIT WHOLE WHEAT BDZ NEW 24X250GR,"יוניליוור ישראלשיווק בע""מ",,,יח,0.21,ל 100 גרם,false,1,3.90,18.57,false,1,
7290112496331,false,TELMA BRANFLAKES 8X750G BADAZ,"יוניליוור ישראלשיווק בע""מ",,,יח,4.45,ל 100 גרם,false,1,19.90,4.47,false,1,
7290112496430,false,KNORR CAS EXTRA VEGETABLES 120X35 GR,"יוניליוור ישראלשיווק בע""מ",,,יח,0.35,ל 100 גרם,false,1,3.90,11.14,false,1,
7290112497000,false,CIF GPC 1L 2011 12X1KG,"יוניליוור ישראלשיווק בע""מ",,,יח,10,"ל100 מ""ל",false,1,9.90,0.99,false,1,
7290112497499,false,KLIK MILK WITH COOKIES & MULTIFORSA 85G,"יוניליוור ישראלשיווק בע""מ",,,יח,1,ל 100 גרם,false,1,4.90,4.90,false,1,
7290112497710,false,"פינוק שמפו אל דמע בייבי 700  מ""ל*","יוניליוור ישראלשיווק בע""מ",,,יח,9,"ל100 מ""ל",false,1,18.90,2.10,false,1,
7290112497994,false,גרנולה פרוטאין בתוספת  חלבון*,"יוניליוור ישראלשיווק בע""מ",,,יח,3,ל 100 גרם,false,1,17.90,5.97,false,1,
7290112498090,false,PINUK SHAMPOO KERATIN 12X700ML,"יוניליוור ישראלשיווק בע""מ",,,יח,7,ל 100 גרם,false,1,11.90,1.70,false,1,
7290112498267,false,KLIK MILK WITH COOKIES & MULTIFORSA 85G,"יוניליוור ישראלשיווק בע""מ",,,יח,0.95,ל 100 גרם,false,1,11.90,12.53,false,1,
7290112498281,false,KLIK IN OUT BAR FILLED WITH MILK CREAM,"יוניליוור ישראלשיווק בע""מ",,,יח,9.50,ל 100 גרם,false,1,11.90,1.25,false,1,
7290112498298,false,KLIK IN OUT BAR FILLED WITH MILK CREAM,"יוניליוור ישראלשיווק בע""מ",,,יח,1,ל 100 גרם,false,1,11.90,11.90,false,1,
7290112498441,false,רוטב קנור אסייאתי למוקפץ 370ג*,"יוניליוור ישראלשיווק בע""מ",,,יח,3.70,ל 100 גרם,false,1,9.90,2.68,false,1,
7290112498526,false,חטיף פתית צ`יפס בטטה 22 גרם*,"יוניליוור ישראלשיווק בע""מ",,,יח,0.22,ל 100 גרם,false,1,3.90,17.73,false,1,
7290112498748,false,מאגדת  סולרו  תות,"גלידת שטראוס בע""מ",,,יח,3.54,ל 100 גרם,false,1,22.90,6.47,false,1,
7290112498915,false,מאגדת  מיני מגנום  שקדים מובחרים,"גלידת שטראוס בע""מ",,,יח,2.50,ל 100 גרם,false,1,26.90,10.76,false,1,
7290112498922,false,מאגדת  מיני מגנום  לבן,"גלידת שטראוס בע""מ",,,יח,2.50,ל 100 גרם,false,1,26.90,10.76,false,1,
7290112498939,false,שלגון בומבה שטראוס,"גלידת שטראוס בע""מ",,,יח,1,,false,1,8.50,8.50,true,1,
7290112498946,false,שלגון קשת בענן,"גלידת שטראוס בע""מ",,,יח,0.47,ל 100 גרם,false,1,5.90,12.55,true,1,
7290112499103,false,קואנטו קליק  וניל עוגיות,"גלידת שטראוס בע""מ",,,יח,72,ל 100 גרם,false,1,6.50,0.09,true,1,
7290112499110,false,טילון קליק שוקולד,"גלידת שטראוס בע""מ",,,יח,0.70,ל 100 גרם,false,1,6.90,9.86,true,1,
7290112499127,false,מגנום  שוקולד לבן ותות,"גלידת שטראוס בע""מ",,,יח,0.77,ל 100 גרם,false,1,9.90,12.86,true,1,
7290112499141,false,שלגון  סולרו  וניל תפול,"גלידת שטראוס בע""מ",,,יח,0.76,ל 100 גרם,false,1,6.90,9.08,true,1,
7290112499189,false,קרמיסמו 1.33 ליטר  חד קרן,"גלידת שטראוס בע""מ",,,יח,1.33,לליטר,false,1,18.90,14.21,false,1,
7290112499219,false,מאגדת  גודיז  פיסטוק ושוקולד מאגדת 5 י,"גלידת שטראוס בע""מ",,,יח,2.35,"ל100 מ""ל",false,1,27.90,11.87,false,1,
7290112499462,false,"פינוק תחליב  שמן קוקוס   700  מ""ל*","יוניליוור ישראלשיווק בע""מ",,,יח,7,"ל100 מ""ל",false,1,10.90,1.56,false,1,
7290112499622,false,גלידה פרווה שוקו עוגיות וניל,"גלידת שטראוס בע""מ",,,יח,2,לליטר,false,1,22.90,11.45,false,1,
7290112499639,false,A.hgigh pulled - Kapulski,"גלידת שטראוס בע""מ",,,יח,1,,false,1,9.90,9.90,true,1,
7290112499646,false,קורנטו סופר פקאן,"גלידת שטראוס בע""מ",,,יח,1,,false,1,9.90,9.90,true,1,
7290112499677,false,שלגון מגנום לבן(אימפאלס  ),"גלידת שטראוס בע""מ",,,יח,0.85,ל 100 גרם,false,1,9.90,11.65,true,1,
7290112499738,false,קרחון שרבט בטעם מלון פרווה,"גלידת שטראוס בע""מ",,,יח,1,,false,1,4.90,4.90,true,1,
7290112499776,false,מאגדת  גודיז מאגדת 5 יח`,"גלידת שטראוס בע""מ",,,יח,2.40,"ל100 מ""ל",false,1,27.90,11.63,false,1,
7290112499813,false,קרחון שרבט  פרווה ט. אבטיח,"גלידת שטראוס בע""מ",,,יח,1,,false,1,2.50,2.50,false,1,
7290112499837,false,מגנום   דאבל שוקולד עם נוגט,"גלידת שטראוס בע""מ",,,יח,9,ל 100 גרם,false,1,9.90,1.10,true,1,
7290112499844,false,מאגדת  מיני מגנום שוקולד עם דואט,"גלידת שטראוס בע""מ",,,יח,3.10,ל 100 גרם,false,1,26.90,8.68,false,1,
7290112499905,false,קואנטו קליק בטעם  מרשמלו,"גלידת שטראוס בע""מ",,,יח,72,ל 100 גרם,false,1,6.50,0.09,true,1,
7290112499929,false,מגנום שוקולד,"גלידת שטראוס בע""מ",,,יח,1,,false,1,9.90,9.90,true,1,
7290112499936,false,מגנום שקדים מובחרים,"גלידת שטראוס בע""מ",,,יח,1,,false,1,9.90,9.90,true,1,
7290112499943,false,מיני מגנום  קלאסיק שוקולד,"גלידת שטראוס בע""מ",,,יח,2.50,ל 100 גרם,false,1,26.90,10.76,false,1,
7290112635921,false,כסא כתר ישראל,אוהב ציון בעמ,,,יח,1,,false,1,35.90,35.90,true,1,
7290112706362,false,שלשיית ביצי שוקולד מפרץ,שמחה זה אנחנו בעמ,,,יח,1,,false,1,12.90,12.90,false,1,
7290112961266,false,בייגלה  כפיות פיזור  איטלקי,קבוצת אוסם סחר שותפות מוגבלת,,,יח,3,ל 100 גרם,false,1,9.90,3.30,false,1,
7290112961327,false,בייגלה אוסם כפיות פיזור,קבוצת אוסם סחר שותפות מוגבלת,,,יח,3,ל 100 גרם,false,1,9.90,3.30,false,1,
7290112961372,false,פיטנס חטיפי פרכיות  דקות קינמון,קבוצת אוסם סחר שותפות מוגבלת,,,יח,0.60,ל 100 גרם,false,1,8.90,14.83,true,1,
7290112961440,false,פיטנס בר  פרכיות שוקולד מריר,קבוצת אוסם סחר שותפות מוגבלת,,,יח,0.84,יח,false,1,14.50,17.26,true,1,
7290112961464,false,פיטנס חטיפי פרכיות  דקות  מתובלות,קבוצת אוסם סחר שותפות מוגבלת,,,יח,0.60,ל 100 גרם,false,1,8.90,14.83,true,1,
7290112962287,false,טבעול שווארמה טבעונית 450 ג`,קבוצת אוסם סחר שותפות מוגבלת,,,יח,4.50,ל 100 גרם,false,1,29.90,6.64,true,1,
7290112962737,false,טבעול  שניצל מן הצומח 664 גרם,קבוצת אוסם סחר שותפות מוגבלת,,,יח,6,ל 100 גרם,false,1,29.90,4.98,true,1,
7290112963321,false,גרפיטי בייגלה  שטוח  ללא גלוטן,קבוצת אוסם סחר שותפות מוגבלת,,,יח,3,ל 100 גרם,false,1,11.90,3.97,false,1,
7290112963918,false,פיטנס קרקר דק  רוזמרין,קבוצת אוסם סחר שותפות מוגבלת,,,יח,1.40,ל 100 גרם,false,1,11.90,8.50,true,1,
7290112964052,false,פרפקטו  קנלוני  500 גר`,קבוצת אוסם סחר שותפות מוגבלת,,,יח,5,ל 100 גרם,false,1,11.50,2.30,false,1,
7290112964410,false,רוטב אלף האיים לסלט,קבוצת אוסם סחר שותפות מוגבלת,,,יח,2.90,"ל100 מ""ל",false,1,10.90,3.76,true,1,
7290112964434,false,רוטב קיסר לסלט 290 גרם אסם,קבוצת אוסם סחר שותפות מוגבלת,,,יח,2.90,"ל100 מ""ל",false,1,10.90,3.76,true,1,
7290112964458,false,רוטב ויניגרט לסלט 295 גרם אסם,קבוצת אוסם סחר שותפות מוגבלת,,,יח,2.90,"ל100 מ""ל",false,1,10.90,3.76,true,1,
7290112964472,false,רוטב שום לסלט 290 גרם אסם,קבוצת אוסם סחר שותפות מוגבלת,,,יח,2.90,"ל100 מ""ל",false,1,10.90,3.76,true,1,
7290112964502,false,רוטב אלף האיים  לסלט,קבוצת אוסם סחר שותפות מוגבלת,,,יח,6,"ל100 מ""ל",false,1,17.90,2.98,false,1,
7290112964564,false,רוטב אלף האיים לייט לסלט,קבוצת אוסם סחר שותפות מוגבלת,,,יח,2.90,"ל100 מ""ל",false,1,10.90,3.76,true,1,
7290112964625,false,רוטב שום  לייטלסלט 290 גרם אסם,קבוצת אוסם סחר שותפות מוגבלת,,,יח,2.90,"ל100 מ""ל",false,1,10.90,3.76,true,1,
7290112964724,false,טבעול  המבורגר  טבעוני 580 גר`.,קבוצת אוסם סחר שותפות מוגבלת,,,יח,5.80,ל 100 גרם,false,1,29.90,5.16,true,1,
7290112965165,false,זוג מרק נמס פטריות  אוסם,קבוצת אוסם סחר שותפות מוגבלת,,,יח,0.52,ל 100 גרם,false,1,5.50,10.58,false,1,
7290112965240,false,זוג מרק נמס עגבניות   אוסם,קבוצת אוסם סחר שותפות מוגבלת,,,יח,1.20,ל 100 גרם,false,1,5.50,4.58,false,1,
7290112965264,false,זוג מרק נמס אפונה  אוסם,קבוצת אוסם סחר שותפות מוגבלת,,,יח,0.52,ל 100 גרם,false,1,5.50,10.58,false,1,
7290112965288,false,זוג מרק נמס ירקות אוסם,קבוצת אוסם סחר שותפות מוגבלת,,,יח,0.52,ל 100 גרם,false,1,5.50,10.58,false,1,
7290112965301,false,מרק נמס טעם עוף,קבוצת אוסם סחר שותפות מוגבלת,,,יח,0.52,ל 100 גרם,false,1,5.50,10.58,false,1,
7290112965660,false,פיטנס חטיף מולטיגריין מלח פלפל,קבוצת אוסם סחר שותפות מוגבלת,,,יח,0.25,ל 100 גרם,false,1,4.90,19.60,true,1,
7290112965684,false,פיטנס חטיף מולטיגריין  ע. תיבול,קבוצת אוסם סחר שותפות מוגבלת,,,יח,0.25,ל 100 גרם,false,1,4.90,19.60,true,1,
7290112965707,false,פיטנס חטיף מולטיגריין צ`ילי  מעודן,קבוצת אוסם סחר שותפות מוגבלת,,,יח,0.25,ל 100 גרם,false,1,4.90,19.60,true,1,
7290112965868,false,קרם קרקר במליחות מעודנת 250 גר,קבוצת אוסם סחר שותפות מוגבלת,,,יח,2.50,ל 100 גרם,false,1,9.90,3.96,true,1,
7290112965905,false,בייגלה שמניות מליחות מעודנת 400 ג,קבוצת אוסם סחר שותפות מוגבלת,,,יח,3,ל 100 גרם,false,1,10.90,3.63,false,1,
7290112965967,false,טבעול נאגטס ירקות כתומים,קבוצת אוסם סחר שותפות מוגבלת,,,יח,0.5640,ל 100 גרם,false,1,29.90,53.01,true,1,
7290112966094,false,עוגת הביתתפוז מופחת סוכר,קבוצת אוסם סחר שותפות מוגבלת,,,יח,4,ל 100 גרם,false,1,11.90,2.98,false,1,
7290112966247,false,לחמית  כוסמין  200,קבוצת אוסם סחר שותפות מוגבלת,,,יח,2,ל 100 גרם,false,1,10.90,5.45,true,1,
7290112966445,false,במבה  מתוקה  גדולה,קבוצת אוסם סחר שותפות מוגבלת,,,יח,1,ל 100 גרם,false,1,8.90,8.90,true,1,
7290112966803,false,פודינג אינסטנס שוקולד 88 גרם*חדש,קבוצת אוסם סחר שותפות מוגבלת,,,יח,0.80,ל 100 גרם,false,1,5.10,6.38,true,1,
7290112966841,false,פודינג ט.שוקולד מריר 90 גרם*חדש,קבוצת אוסם סחר שותפות מוגבלת,,,יח,0.90,ל 100 גרם,false,1,5.10,5.67,true,1,
7290112967114,false,פיטנס חטיפי פרכיות קטניות ופלפל,קבוצת אוסם סחר שותפות מוגבלת,,,יח,0.60,ל 100 גרם,false,1,8.90,14.83,true,1,
7290112967138,false,בייגלה  שמניות ללא גלוטן,קבוצת אוסם סחר שותפות מוגבלת,,,יח,2.50,ל 100 גרם,false,1,9.90,3.96,false,1,
7290112967299,false,מרק  ירקות יעודי.,קבוצת אוסם סחר שותפות מוגבלת,,,יח,0.52,ל 100 גרם,false,1,4.80,9.23,false,1,
7290112967381,false,פיטנס חטיפי פרכיות,קבוצת אוסם סחר שותפות מוגבלת,,,יח,0.60,ל 100 גרם,false,1,8.90,14.83,true,1,
7290112967572,false,רוטב ברבקיו,קבוצת אוסם סחר שותפות מוגבלת,,,יח,2.90,ל 100 גרם,false,1,9.90,3.41,true,1,
7290112967749,false,פרפקטו פסטה נוציאולה 600 גר,קבוצת אוסם סחר שותפות מוגבלת,,,יח,5,ל 100 גרם,false,1,6.90,1.38,false,1,
7290112967848,false,גלי תות מופחת סוכר  90 גרם*חדש,קבוצת אוסם סחר שותפות מוגבלת,,,יח,0.90,ל 100 גרם,false,1,6.50,7.22,false,1,
7290112968203,false,צבר טחינה בלאדי   250 ג`,קבוצת אוסם סחר שותפות מוגבלת,,,יח,2.50,ל 100 גרם,false,1,11.90,4.76,false,1,
7290112968708,false,טבעול  שניצל תירס 1.3 העדה החרדית,קבוצת אוסם סחר שותפות מוגבלת,,,יח,1.30,ל 100 גרם,false,1,44.90,34.54,true,1,
7290112968722,false,נקניקיות מן הצומח העדה החרדית,קבוצת אוסם סחר שותפות מוגבלת,,,יח,1.20,ל 100 גרם,false,1,39.90,33.25,false,1,
7290112968807,false,פיטנס קרקר דק  סלק,קבוצת אוסם סחר שותפות מוגבלת,,,יח,1.50,ל 100 גרם,false,1,11.90,7.93,true,1,
7290112968821,false,פיטנס קרקר דק  בטטה,קבוצת אוסם סחר שותפות מוגבלת,,,יח,1.50,ל 100 גרם,false,1,11.90,7.93,true,1,
7290112969071,false,פרפקטו פסטה  רדיאטורי 500 גר`,קבוצת אוסם סחר שותפות מוגבלת,,,יח,5,ל 100 גרם,false,1,11.50,2.30,false,1,
7290113175815,false,"איחסונית 430 מ""ל",סירב בעמ,,,יח,1,,false,1,10.90,10.90,false,1,
7290113175822,false,"איחסונית  זכוכית 830  מ""ל",סירב בעמ,,,יח,1,,false,1,13.90,13.90,false,1,
7290113176096,false,מחבת שקשוקה 18 אלומניום,סירב בעמ,,,יח,1,,false,1,18.90,18.90,false,1,
7290113176386,false,צנצנת בורוסליקט  טרמיגלס  1.4 ליטר,סירב בעמ,,,יח,1,,false,1,29.90,29.90,false,1,
7290113176393,false,צנצנת בורוסליקט  טרמיגלס  1.1 ליטר,סירב בעמ,,,יח,1,,false,1,23.90,23.90,false,1,
7290113176430,false,"צנצנת בורוסליקט  טרמיגלס 480 מ""ל",סירב בעמ,,,יח,1,,false,1,16.90,16.90,false,1,
7290113176478,false,פינג`אן נירוסטה תחתית נחושת,סירב בעמ,,,יח,1,,false,1,26.90,26.90,false,1,
7290113177178,false,צנצנת בורוסליקט  +800 מכסה זהב,סירב בעמ,,,יח,1,,false,1,17.90,17.90,false,1,
7290113177413,false,זוג  כוסות דופן כפולה מודפסות אנגלית,סירב בעמ,,,יח,1,,false,1,33.90,33.90,false,1,
7290113192300,false,חרוזית זית מושחר בית השיטה,קבוצת אוסם סחר שותפות מוגבלת,,,יח,2.75,ל 100 גרם,false,1,9.90,3.60,true,1,
7290113192317,false,טבעות זיתים מושחרים בית השיטה,קבוצת אוסם סחר שותפות מוגבלת,,,יח,2.80,ל 100 גרם,false,1,10.90,3.89,false,1,
7290113192331,false,זית מנזלינו  .15-17 בית השיטה,קבוצת אוסם סחר שותפות מוגבלת,,,יח,3.40,ל 100 גרם,false,1,9.90,2.91,false,1,
7290113192355,false,חרוזית בית השיטה.,קבוצת אוסם סחר שותפות מוגבלת,,,יח,2.75,ל 100 גרם,false,1,9.90,3.60,true,1,
7290113192362,false,טבעות זיתים ירוקים בית השיטה,קבוצת אוסם סחר שותפות מוגבלת,,,יח,5.60,ל 100 גרם,false,1,9.90,1.77,false,1,
7290113192386,false,זית סורי מבוקע בית השיטה,קבוצת אוסם סחר שותפות מוגבלת,,,יח,3.40,ל 100 גרם,false,1,10.90,3.21,false,1,
7290113192393,false,קוקטיל זיתים בית השיטה,קבוצת אוסם סחר שותפות מוגבלת,,,יח,3.36,ל 100 גרם,false,1,11.90,3.54,false,1,
7290113192478,false,מלפפון 10-12 מלח בית השיטה,קבוצת אוסם סחר שותפות מוגבלת,,,יח,3.20,ל 100 גרם,false,1,7.50,2.34,false,1,
7290113192485,false,מלפפון חומץ\מלח 10-12 בית השיטה,קבוצת אוסם סחר שותפות מוגבלת,,,יח,2.90,ל 100 גרם,false,1,7.50,2.59,false,1,
7290113192492,false,מלפפון 13/17 חומץ בית השיטה,קבוצת אוסם סחר שותפות מוגבלת,,,יח,2.90,ל 100 גרם,false,1,10.90,3.76,false,1,
7290113192508,false,מלפפון במלח .3-17 בית השיטה,קבוצת אוסם סחר שותפות מוגבלת,,,יח,3.20,ל 100 גרם,false,1,9.90,3.09,false,1,
7290113192515,false,מלפפון  18-25 מלח. בית השיטה,קבוצת אוסם סחר שותפות מוגבלת,,,יח,3.20,ל 100 גרם,false,1,10.90,3.41,false,1,
7290113192522,false,מלפפון  בחומץ .18-25 בית השיטה,קבוצת אוסם סחר שותפות מוגבלת,,,יח,2.90,ל 100 גרם,false,1,10.90,3.76,false,1,
7290113192539,false,מלפפון במלח 7-9 בית השיטה,קבוצת אוסם סחר שותפות מוגבלת,,,יח,3.20,ל 100 גרם,false,1,5.90,1.84,false,1,
7290113192546,false,מלפפון 7-9 בחומץ בית השיטה,קבוצת אוסם סחר שותפות מוגבלת,,,יח,5.60,ל 100 גרם,false,1,6.30,1.13,false,1,
7290113192560,false,שיפקה  A2 בית השיטה,קבוצת אוסם סחר שותפות מוגבלת,,,יח,2.30,ל 100 גרם,false,1,6.90,3,true,1,
7290113192577,false,כרוב לבן כבוש A2 בית השיטה,קבוצת אוסם סחר שותפות מוגבלת,,,יח,4.30,ל 100 גרם,false,1,7.90,1.84,false,1,
7290113192997,false,זית מרוקאי בית השיטה,קבוצת אוסם סחר שותפות מוגבלת,,,יח,3.40,ל 100 גרם,false,1,12.90,3.79,false,1,
7290113193000,false,פלפל שיפקונית בית השיטה,קבוצת אוסם סחר שותפות מוגבלת,,,יח,2.30,ל 100 גרם,false,1,9.90,4.30,false,1,
7290113193017,false,קוקטיל זיתים בית השיטה,קבוצת אוסם סחר שותפות מוגבלת,,,יח,2.75,ל 100 גרם,false,1,14.90,5.42,false,1,
7290113193031,false,חרוזית קלמנטה בית השיטה,קבוצת אוסם סחר שותפות מוגבלת,,,יח,2.75,ל 100 גרם,false,1,14.90,5.42,false,1,
7290113193321,false,שמן זית כתית בית השיטה,קבוצת אוסם סחר שותפות מוגבלת,,,יח,7.50,ל 100 גרם,false,1,33.90,4.52,false,1,
7290113193369,false,תרסיס שמן קנולה מזוכך,קבוצת אוסם סחר שותפות מוגבלת,,,יח,1.48,"ל100 מ""ל",false,1,13.90,9.39,false,1,
7290113193406,false,טבעות קוקטיל זיתים בית השיטה,קבוצת אוסם סחר שותפות מוגבלת,,,יח,2.80,ל 100 גרם,false,1,14.90,5.32,false,1,
7290113193888,false,חצילים מוחמצים  בית השיטה,קבוצת אוסם סחר שותפות מוגבלת,,,יח,2.30,ל 100 גרם,false,1,12.90,5.61,true,1,
7290113194090,false,טבעות קלמנטה בית השיטה,קבוצת אוסם סחר שותפות מוגבלת,,,יח,2.80,ל 100 גרם,false,1,14.90,5.32,false,1,
7290113194298,false,רצועות סלק חמוץ 2.15 בית השיטה,קבוצת אוסם סחר שותפות מוגבלת,,,יח,2.15,ל 100 גרם,false,1,9.90,4.60,false,1,
7290113194649,false,מלפפונים במלח קוביות בית השיטה,קבוצת אוסם סחר שותפות מוגבלת,,,יח,3.20,ל 100 גרם,false,1,10.90,3.41,false,1,
7290113195929,false,רצועות  גזר בתחמיץ בית השיטה,קבוצת אוסם סחר שותפות מוגבלת,,,יח,2.15,ל 100 גרם,false,1,9.90,4.60,false,1,
7290113197800,false,פלפל  קלוי בית  השיטה,קבוצת אוסם סחר שותפות מוגבלת,,,יח,4,ל 100 גרם,false,1,14.90,3.73,false,1,
7290113197817,false,חציל קלוי בית  השיטה,קבוצת אוסם סחר שותפות מוגבלת,,,יח,6.70,ל 100 גרם,false,1,13.90,2.07,false,1,
7290113285095,false,"כפפות לטקס ללא אבקה ""S פרפקט"" כשל""פ*",ווינפאק סחר בעמ,,,יח,100,יח,false,1,21.90,0.22,false,1,
7290113285101,false,"כפפות לטקס ללא אבקה M  ""פרפקט"" כשל""פ*",ווינפאק סחר בעמ,,,יח,100,יח,false,1,21.90,0.22,false,1,
7290113285118,false,"כפפות לטקס ללא אבקה L  ""פרפקט"" כשל""פ*",ווינפאק סחר בעמ,,,יח,100,יח,false,1,21.90,0.22,false,1,
7290113285125,false,"כפפות לטקס ללא אבקה XL  ""פרפקט"" כשל""פ*",ווינפאק סחר בעמ,,,יח,100,יח,false,1,21.90,0.22,false,1,
7290113285293,false,כפפות ניטריל כחול S ארוז 100 PERFECT*,ווינפאק סחר בעמ,,,יח,100,יח,false,1,24.90,0.25,false,1,
7290113285309,false,כפפות ניטריל כחול M ארוז 100 PERFECTZZ,ווינפאק סחר בעמ,,,יח,100,יח,false,1,24.90,0.25,false,1,
7290113286559,false,כפפות ניטריל שחור S ארוז 100 PERFECT*,ווינפאק סחר בעמ,,,יח,100,יח,false,1,24.90,0.25,false,1,
7290113560055,false,"מי פה פרדונטקס 559 מ""ל",גורי ע.ע.ע בעמ,,,יח,5.59,ל 100 גרם,false,1,29.90,5.35,true,1,
7290113861480,false,גביע קידוש  זכוכית+ תחתית,שונים,,,יח,1,,false,1,14.90,14.90,false,1,
7290114290890,false,שולחן מתקפל  1.80,*31760,,,יח,1,,false,1,139,139,false,1,
7290114310215,false,"שמנת מתוקה 38%-250 מ""ל",החברה המרכזית טלהפצת משקאות בע,,,יח,2.50,"ל100 מ""ל",false,1,6.47,2.59,false,1,
7290114310345,false,מעדן יוגורט טעם תות,החברה המרכזית טלהפצת משקאות בע,,,יח,5,ל 100 גרם,false,1,2.90,0.58,true,1,
7290114310536,false,מולר  אקטיב לייט 25 גר` 0% ט. וניל,החברה המרכזית טלהפצת משקאות בע,,,יח,2.50,"ל100 מ""ל",false,1,5.90,2.36,true,1,
7290114310611,false,"משקה חלב בננה  250 מ""ל בקבוק",החברה המרכזית טלהפצת משקאות בע,,,יח,0.25,"ל100 מ""ל",false,1,5.90,23.60,false,1,
7290114310628,false,משקה חלב וניל עוגיות  1ליטר  בקבוק,החברה המרכזית טלהפצת משקאות בע,,,יח,10,"ל100 מ""ל",false,1,12.90,1.29,true,1,
7290114311014,false,"משקה חלב אייס  קפוצינו פקק 250 מ""ל",החברה המרכזית טלהפצת משקאות בע,,,יח,0.25,"ל100 מ""ל",false,1,5.90,23.60,false,1,
7290114311021,false,"משקה חלב וניל עוגיות  פקק 250 מ""ל",החברה המרכזית טלהפצת משקאות בע,,,יח,0.25,"ל100 מ""ל",false,1,5.90,23.60,false,1,
7290114311038,false,"שמנת מתוקה 250 מ""ל 32%  בד""צ",החברה המרכזית טלהפצת משקאות בע,,,יח,2.50,"ל100 מ""ל",false,1,7.50,3,false,1,
7290114311069,false,מולר  אקטיב חלבון 0% שומן לבן,החברה המרכזית טלהפצת משקאות בע,,,יח,0.25,"ל100 מ""ל",false,1,5.90,23.60,true,1,
7290114311076,false,חמאה מולר צהובה עם שום 200,החברה המרכזית טלהפצת משקאות בע,,,יח,2,ל 100 גרם,false,1,11.90,5.95,false,1,
7290114311298,false,"קציפת  תות  בננה מלון 150מ""ל  טרה",החברה המרכזית טלהפצת משקאות בע,,,יח,1.50,"ל100 מ""ל",false,1,4.90,3.27,true,1,
7290114311328,false,חלב נטול לקטוז  1 ל`,החברה המרכזית טלהפצת משקאות בע,,,יח,10,ל 100 גרם,false,1,7.90,0.79,false,1,
7290114311359,false,"קציפת  מנגו 3%  150מ""ל  טרה",החברה המרכזית טלהפצת משקאות בע,,,יח,1.50,"ל100 מ""ל",false,1,4.90,3.27,true,1,
7290114600996,false,"רוטב שום 250 מ""ל מאסטר שף",ש.שסטוביץ בעמ,,,יח,2.50,ל 100 גרם,false,1,9.90,3.96,false,1,
7290114602778,false,פרי  סלייסים צ`יפס  ירקות שורש 90 גר`,ש.שסטוביץ בעמ,,,יח,0.90,ל 100 גרם,false,1,14.90,16.56,false,1,
7290114603034,false,פרי גרנולה אגוזים וצימוקים,ש.שסטוביץ בעמ,,,יח,3,ל 100 גרם,false,1,13.90,4.63,false,1,
7290114603041,false,פרי גרנולה אגוזים  וקוקוס,ש.שסטוביץ בעמ,,,יח,3,ל 100 גרם,false,1,13.90,4.63,false,1,
7290114603768,false,"אג קס  שירותים 750מ"" מארז זוגות",ש.שסטוביץ בעמ,,,יח,15,"ל100 מ""ל",false,1,24.90,1.66,false,1,
7290114604895,false,ממרח ספייסי לחיץ  מאסטר שף,ש.שסטוביץ בעמ,,,יח,4.46,ל 100 גרם,false,1,14.90,3.34,true,1,
7290114604901,false,ממרח שום  לחיץ  מאסטר שף,ש.שסטוביץ בעמ,,,יח,4.46,ל 100 גרם,false,1,14.90,3.34,true,1,
7290114604932,false,רוטב ברבקיו דבש  מאסטר שף,ש.שסטוביץ בעמ,,,יח,5.24,ל 100 גרם,false,1,13.90,2.65,true,1,
7290114604949,false,רוטב ברבקיו מאסטר שף,ש.שסטוביץ בעמ,,,יח,5.24,ל 100 גרם,false,1,13.90,2.65,true,1,
7290114605342,false,רפידות הנקה  פיריסט סמייל  מדיום,ש.שסטוביץ בעמ,,,יח,1,,false,1,26.90,26.90,true,1,
7290114605359,false,רפידות הנקה  פיריסט סמייל   לארג`,ש.שסטוביץ בעמ,,,יח,1,,false,1,26.90,26.90,true,1,
7290114606547,false,מיונז עם פטריות כמהין  מאסטר שף,ש.שסטוביץ בעמ,,,יח,2.42,ל 100 גרם,false,1,14.90,6.16,true,1,
7290114606554,false,מיונז לייט לחיץ   מאסטר שף,ש.שסטוביץ בעמ,,,יח,4.70,ל 100 גרם,false,1,14.90,3.17,true,1,
7290114606578,false,מאסטר שף  שקדי מרק  400,ש.שסטוביץ בעמ,,,יח,4,ל 100 גרם,false,1,9.90,2.48,false,1,
7290114608121,false,מינינס קרקר פריך  מעדשים כתומות,ש.שסטוביץ בעמ,,,יח,0,ל 100 גרם,false,1,10.90,10.90,true,1,
7290114750820,false,דאו` ג`ילט  קליר ג`ל  מארז זוג,דיפלומט מפיצים {1968}בעמ,,,יח,2.50,ל 100 גרם,false,1,29.90,11.96,false,1,
7290115120967,false,חבל נשיכה דנטלי לכלב,נאמן לאורך זמן בעמ,,,יח,1,,false,1,11.90,11.90,false,1,
7290115200003,false,פתי בר אוסם פינוקיו וניל,קבוצת אוסם סחר שותפות מוגבלת,,,יח,2.20,ל 100 גרם,false,1,10.90,4.95,true,1,
7290115200027,false,פתי בר אוסם פינוקיו  שוקו,קבוצת אוסם סחר שותפות מוגבלת,,,יח,2.20,ל 100 גרם,false,1,10.90,4.95,true,1,
7290115200676,false,קרמוגית קרמל מלוח,קבוצת אוסם סחר שותפות מוגבלת,,,יח,2,ל 100 גרם,false,1,10.90,5.45,true,1,
7290115200713,false,במבה 50 ג אריזה משפחת,קבוצת אוסם סחר שותפות מוגבלת,,,יח,2.50,ל 100 גרם,false,1,13.90,5.56,true,1,
7290115200881,false,בייגלה שטוחים  שומשום צ,קבוצת אוסם סחר שותפות מוגבלת,,,יח,3,ל 100 גרם,false,1,9.90,3.30,false,1,
7290115201031,false,פתי בר אוסם דובי שוקולד,קבוצת אוסם סחר שותפות מוגבלת,,,יח,2.20,ל 100 גרם,false,1,12.90,5.86,true,1,
7290115201680,false,ביסלי ברביקיו,קבוצת אוסם סחר שותפות מוגבלת,,,יח,0.70,ל 100 גרם,false,1,3.90,5.57,true,1,
7290115201703,false,בסלי ברביקיו גדול,קבוצת אוסם סחר שותפות מוגבלת,,,יח,2,ל 100 גרם,false,1,6.90,3.45,true,1,
7290115201727,false,בסלי בצל גדול,קבוצת אוסם סחר שותפות מוגבלת,,,יח,2,ל 100 גרם,false,1,6.90,3.45,true,1,
7290115202762,false,פרפקטו  מיני  500 גר`,קבוצת אוסם סחר שותפות מוגבלת,,,יח,5,ל 100 גרם,false,1,13.90,2.78,false,1,
7290115202786,false,מנה  חמה   פאוצ`נודלס,קבוצת אוסם סחר שותפות מוגבלת,,,יח,0.70,ל 100 גרם,false,1,4.90,7,false,1,
7290115202816,false,מנה  חמה   פאוצ`נדלס ט. עוף,קבוצת אוסם סחר שותפות מוגבלת,,,יח,0.70,ל 100 גרם,false,1,4.90,7,false,1,
7290115202847,false,מנה  חמה   פאוצ`נדלס ט.ספייסי,קבוצת אוסם סחר שותפות מוגבלת,,,יח,0.70,ל 100 גרם,false,1,4.90,7,false,1,
7290115202939,false,מנה חמה  רייס נודלס עוף פטריות,קבוצת אוסם סחר שותפות מוגבלת,,,יח,0.50,ל 100 גרם,false,1,8.90,17.80,false,1,
7290115203134,false,פופקו  פופקורן במבה,קבוצת אוסם סחר שותפות מוגבלת,,,יח,0.80,ל 100 גרם,false,1,4.90,6.13,true,1,
7290115203172,false,במבה פרו 40 80 גר,קבוצת אוסם סחר שותפות מוגבלת,,,יח,0.80,ל 100 גרם,false,1,4.20,5.25,true,1,
7290115203349,false,פתיתים  אוסם עם  עדשים  400 גר`,קבוצת אוסם סחר שותפות מוגבלת,,,יח,4,ל 100 גרם,false,1,7.90,1.98,true,1,
7290115203486,false,פירורית בטעם ביסלי גריל,קבוצת אוסם סחר שותפות מוגבלת,,,יח,2,ל 100 גרם,false,1,6.30,3.15,false,1,
7290115204056,false,"קטשופ  פחות סוכר כשל""פ",קבוצת אוסם סחר שותפות מוגבלת,,,יח,6.90,ל 100 גרם,false,1,9.90,1.43,false,1,
7290115204131,false,סחוג ירוק   190  גר`  צבר,קבוצת אוסם סחר שותפות מוגבלת,,,יח,1.90,ל 100 גרם,false,1,12.90,6.79,false,1,
7290115204186,false,פסטו 190  גר`  צבר,קבוצת אוסם סחר שותפות מוגבלת,,,יח,2.20,ל 100 גרם,false,1,16.90,7.68,false,1,
7290115204247,false,עגבניות מיובשות  190  גר`  צבר,קבוצת אוסם סחר שותפות מוגבלת,,,יח,2.20,ל 100 גרם,false,1,16.90,7.68,false,1,
7290115204261,false,אריסה    190  גר`  צבר,קבוצת אוסם סחר שותפות מוגבלת,,,יח,1.90,ל 100 גרם,false,1,12.90,6.79,false,1,
7290115204957,false,לחמית  איטלקית כפרית ק,קבוצת אוסם סחר שותפות מוגבלת,,,יח,1.60,ל 100 גרם,false,1,9.90,6.19,true,1,
7290115204995,false,לחמית  ים תיכונית,קבוצת אוסם סחר שותפות מוגבלת,,,יח,1.60,ל 100 גרם,false,1,9.90,6.19,true,1,
7290115205176,false,פיטנס קרקר כפרי,קבוצת אוסם סחר שותפות מוגבלת,,,יח,1.40,ל 100 גרם,false,1,11.90,8.50,true,1,
7290115205251,false,פיטנס בר  פרכיות  קרמל מלוח,קבוצת אוסם סחר שותפות מוגבלת,,,יח,0.84,יח,false,1,14.50,17.26,true,1,
7290115205312,false,פיטנס קרקר  זיתים,קבוצת אוסם סחר שותפות מוגבלת,,,יח,1.40,ל 100 גרם,false,1,11.90,8.50,true,1,
7290115205527,false,פיטנס חטיף מולטיגריין ע. עדשים,קבוצת אוסם סחר שותפות מוגבלת,,,יח,0.25,ל 100 גרם,false,1,4.90,19.60,true,1,
7290115205541,false,פיטנס חטיף מולטיגריין ע. חומוס,קבוצת אוסם סחר שותפות מוגבלת,,,יח,0.25,ל 100 גרם,false,1,4.90,19.60,true,1,
7290115205619,false,פתי בר אוסם ד\פינוקי עוגת גבינה,קבוצת אוסם סחר שותפות מוגבלת,,,יח,2.20,ל 100 גרם,false,1,12.90,5.86,true,1,
7290115205978,false,אוסם פתיבר אצבעות שוקולד,קבוצת אוסם סחר שותפות מוגבלת,,,יח,1.80,ל 100 גרם,false,1,12.90,7.17,true,1,
7290115206173,false,פתיבר פטל  500 ג,קבוצת אוסם סחר שותפות מוגבלת,,,יח,5,ל 100 גרם,false,1,13.90,2.78,true,1,
7290115207361,false,פתיבר פיסטוק   500 ג,קבוצת אוסם סחר שותפות מוגבלת,,,יח,5,ל 100 גרם,false,1,13.90,2.78,true,1,
7290115207507,false,סלט טורקי צבר  היתר 360 גר`,קבוצת אוסם סחר שותפות מוגבלת,,,יח,3.60,ל 100 גרם,false,1,15.90,4.42,true,1,
7290115207620,false,רוטב סויה קלאסי  טבעי 330 גר,קבוצת אוסם סחר שותפות מוגבלת,,,יח,2.90,"ל100 מ""ל",false,1,14.90,5.14,true,1,
7290115207682,false,רוטב סויה בסגנון  סויה סיני,קבוצת אוסם סחר שותפות מוגבלת,,,יח,2.90,"ל100 מ""ל",false,1,9.90,3.41,true,1,
7290115207798,false,טבעול  בורגר חריף  טבעוני,קבוצת אוסם סחר שותפות מוגבלת,,,יח,4.20,"לק""ג",false,1,31.90,7.60,true,1,
7290115207880,false,ויטמינצ יק  פטל    2ליטר,קבוצת אוסם סחר שותפות מוגבלת,,,יח,2,לליטר,false,1,39.90,19.95,false,1,
7290115207941,false,ויטמינצי ק אננס 1 ליטר,קבוצת אוסם סחר שותפות מוגבלת,,,יח,1,לליטר,false,1,19.90,19.90,false,1,
7290115207989,false,ויטמינצי ק אננס 1 ליטר,קבוצת אוסם סחר שותפות מוגבלת,,,יח,1,לליטר,false,1,19.90,19.90,false,1,
7290115208009,false,ויטמינציק  ענבים  1 ליטר,קבוצת אוסם סחר שותפות מוגבלת,,,יח,1,לליטר,false,1,19.90,19.90,false,1,
7290115208047,false,ויטמינצי פטל 1  ליטר,קבוצת אוסם סחר שותפות מוגבלת,,,יח,1,לליטר,false,1,19.90,19.90,false,1,
7290115208061,false,ויטמינצי  תפוח 1 ליטר,קבוצת אוסם סחר שותפות מוגבלת,,,יח,1,לליטר,false,1,19.90,19.90,false,1,
7290115208344,false,בייגלה כפיות שמנת בצל,קבוצת אוסם סחר שותפות מוגבלת,,,יח,3,ל 100 גרם,false,1,9.90,3.30,false,1,
7290115208597,false,אוסם  עוגיות מיני קרמל מלוח,קבוצת אוסם סחר שותפות מוגבלת,,,יח,2,ל 100 גרם,false,1,10.90,5.45,true,1,
7290115208801,false,לחמית  דבש ואגוזים,קבוצת אוסם סחר שותפות מוגבלת,,,יח,1.90,ל 100 גרם,false,1,9.90,5.21,true,1,
7290115209136,false,"טבעול  חטיפי עוף צמחי 1.2 ק""ג",קבוצת אוסם סחר שותפות מוגבלת,,,יח,1.20,ל 100 גרם,false,1,44.90,37.42,true,1,
7290115209198,false,במבה  אוורירית 80 גר,קבוצת אוסם סחר שותפות מוגבלת,,,יח,0.80,ל 100 גרם,false,1,4.20,5.25,true,1,
7290115209235,false,פתיבר קפה  500 ג,קבוצת אוסם סחר שותפות מוגבלת,,,יח,5,ל 100 גרם,false,1,13.10,2.62,true,1,
7290115292466,false,"שמפו  לשיער רגיל עד יבש   750 מ""ל",פארמה דיל שיווק והפצה בעמ,,,יח,7.50,ל 100 גרם,false,1,22.90,3.05,false,1,
7290115292480,false,קרם לחות לשיער  מתולתל,פארמה דיל שיווק והפצה בעמ,,,יח,5,ל 100 גרם,false,1,19.90,3.98,false,1,
7290115292503,false,"מסיכה לשיער צבוע ופגום 500 מ""ל",פארמה דיל שיווק והפצה בעמ,,,יח,5,ל 100 גרם,false,1,30,6,false,1,
7290115403282,false,עוגיות פיצפוצי שוקו 500 ג*,שיבולים ייצור מוצרי מאפה בעמ,,,יח,5,ל 100 גרם,false,1,12.50,2.50,true,1,
7290115403299,false,עוגיות פרפריות  500 ג*,שיבולים ייצור מוצרי מאפה בעמ,,,יח,5,ל 100 גרם,false,1,12.50,2.50,true,1,
7290115403312,false,עוגיות מלוחות קריספי עגול  500 ג*,שיבולים ייצור מוצרי מאפה בעמ,,,יח,5,ל 100 גרם,false,1,12.50,2.50,true,1,
7290115403367,false,עוגיות קוואקר פריכות  500ג,שיבולים ייצור מוצרי מאפה בעמ,,,יח,5,ל 100 גרם,false,1,12.50,2.50,true,1,
7290115403411,false,עוגיות עינוגים קרם אגוזים  500 ג*,שיבולים ייצור מוצרי מאפה בעמ,,,יח,5,ל 100 גרם,false,1,12.50,2.50,true,1,
7290115403435,false,עוגיות מעמול תמר  500 ג*,שיבולים ייצור מוצרי מאפה בעמ,,,יח,5,ל 100 גרם,false,1,12.50,2.50,true,1,
7290115403459,false,עוגיות נסיכה בטעם תות  500 ג*,שיבולים ייצור מוצרי מאפה בעמ,,,יח,5,ל 100 גרם,false,1,12.50,2.50,true,1,
7290115403473,false,עוגיות עינוגי שוקולד 500 ג*,שיבולים ייצור מוצרי מאפה בעמ,,,יח,5,ל 100 גרם,false,1,12.50,2.50,true,1,
7290115403480,false,עוגיות בסגנון מרוקאי מיני 500 ג*,שיבולים ייצור מוצרי מאפה בעמ,,,יח,5,ל 100 גרם,false,1,12.50,2.50,true,1,
7290115403503,false,עוגיות פרסה תמרים 500ג,שיבולים ייצור מוצרי מאפה בעמ,,,יח,5,ל 100 גרם,false,1,12.50,2.50,true,1,
7290115403510,false,עוגיות מגולגלות תמרים 500 ג*,שיבולים ייצור מוצרי מאפה בעמ,,,יח,5,ל 100 גרם,false,1,12.50,2.50,true,1,
7290115403527,false,עוגיות עינוגי תמרים 500ג,שיבולים ייצור מוצרי מאפה בעמ,,,יח,5,ל 100 גרם,false,1,12.50,2.50,true,1,
7290115403565,false,עוגיות קיפל וניל 500ג,שיבולים ייצור מוצרי מאפה בעמ,,,יח,5,ל 100 גרם,false,1,12.50,2.50,true,1,
7290115405118,false,A.tort pulled vanilla chocolate - Kapuls,קפולסקי אדל בעמ,,,יח,2,ל 100 גרם,false,1,14.90,7.45,false,1,
7290115405774,false,Case Rabia Mini Sabrina - Kapulski,קפולסקי אדל בעמ,,,יח,1.80,ל 100 גרם,false,1,13.90,7.72,false,1,
7290115405804,false,Case Rabia Mini Sabrina - Kapulski,קפולסקי אדל בעמ,,,יח,1.80,ל 100 גרם,false,1,13.90,7.72,false,1,
7290115405828,false,A.tort pulled vanilla chocolate - Kapuls,קפולסקי אדל בעמ,,,יח,2,ל 100 גרם,false,1,14.90,7.45,false,1,
7290115670691,false,גרנולה  פירות  יער   400 גר`,שטראוס גרופ בעמ,,,יח,4,ל 100 גרם,false,1,13.90,3.48,false,1,
7290115670707,false,גרנולה  שוקולד ןאגוזים   400 גר`,שטראוס גרופ בעמ,,,יח,4,ל 100 גרם,false,1,13.90,3.48,false,1,
7290115671155,false,שלישית סוכריות פרש בטעם בזוקה,שטראוס גרופ בעמ,,,יח,0.45,ל 100 גרם,false,1,8.90,19.78,false,1,
7290115671223,false,מאסט פאן אבטיח מנגו 58 גר`,שטראוס גרופ בעמ,,,יח,1,ל 100 גרם,false,1,9.90,9.90,true,1,
7290115671339,false,מיני פינוקיות בראונייז בייגל 180 גר`,שטראוס גרופ בעמ,,,יח,1.80,ל 100 גרם,false,1,10.90,6.06,false,1,
7290115671346,false,מיני פינוקיות  טופי קרמל 180 גר`,שטראוס גרופ בעמ,,,יח,1.80,ל 100 גרם,false,1,10.90,6.06,false,1,
7290115671353,false,מיני פינוקיות שחור לבן  180 גר`,שטראוס גרופ בעמ,,,יח,1.80,ל 100 גרם,false,1,10.90,6.06,false,1,
7290115675719,false,קואקר  CRUASLI  ש. שועל  375גר`,שטראוס פריטו ליי בעמ,,,יח,3.75,ל 100 גרם,false,1,20.90,5.57,false,1,
7290115675986,false,דנונה בר עם אגוזים מקורמלים,שטראוס גרופ בעמ (ח),,,יח,1,"ל100 מ""ל",false,1,4.50,4.50,false,1,
7290115676037,false,אקטימל  ריפרש  תות דומדומיות,שטראוס גרופ בעמ (ח),,,יח,2.50,"ל100 מ""ל",false,1,5.90,2.36,false,1,
7290115676051,false,משקה אקטביה   עם מתיקות מעודנת,שטראוס גרופ בעמ (ח),,,יח,1.20,"ל100 מ""ל",false,1,4.90,4.08,false,1,
7290115676082,false,דנונה פרו משקה  פרו תות 20,שטראוס גרופ בעמ (ח),,,יח,2.55,"ל100 מ""ל",false,1,6.90,2.71,false,1,
7290115676099,false,דנונה פרו משקה  פרו וניל 20,שטראוס גרופ בעמ (ח),,,יח,2.55,"ל100 מ""ל",false,1,6.90,2.71,false,1,
7290115677089,false,קונפיטורה תפוח  וקינמון,שטראוס גרופ בעמ,,,יח,3.40,ל 100 גרם,false,1,12.90,3.79,false,1,
7290115677140,false,תפוצי`פס WAVY  פפריקה   200 ג,שטראוס פריטו ליי בעמ,,,יח,2,ל 100 גרם,false,1,9.90,4.95,true,1,
7290115677966,false,ממרח אבוקדו,שטראוס גרופ בעמ (ח),,,יח,2,ל 100 גרם,false,1,14.90,7.45,false,1,
7290115678376,false,מעדן הגולן שוקולד,שטראוס גרופ בעמ (ח),,,יח,1.25,"ל100 מ""ל",false,1,2.90,2.32,true,1,
7290115678383,false,מעדן הגולן שוקולד מריר,שטראוס גרופ בעמ (ח),,,יח,1.25,"ל100 מ""ל",false,1,2.90,2.32,true,1,
7290115678642,false,נשנוש  גבינה 16%,שטראוס גרופ בעמ (ח),,,יח,0.67,ל 100 גרם,false,1,10.90,16.27,true,1,
7290115774122,false,מחצלת גודל 40*60 דגם חבל,י.סולומון חוויה שבכלי בעמ,,,יח,1,,false,1,28.90,28.90,false,1,
7290115774467,false,מרקיה דגם  נחת צבעוני,י.סולומון חוויה שבכלי בעמ,,,יח,1,,false,1,7.90,7.90,false,1,
7290115774627,false,תרמוס 1 ליטר דמוי שיש,י.סולומון חוויה שבכלי בעמ,,,יח,1,,false,1,35.90,35.90,false,1,
7290115775136,false,קרש  חיתוך/ הגשה  מלבני מעץ חור לתליה,י.סולומון חוויה שבכלי בעמ,,,יח,1,,false,1,24.90,24.90,false,1,
7290115775747,false,קרש חיתוך רטרו 37/23,י.סולומון חוויה שבכלי בעמ,,,יח,1,,false,1,18.90,18.90,false,1,
7290115777208,false,מאג  זכוכית+ידית 500ML,י.סולומון חוויה שבכלי בעמ,,,יח,1,,false,1,7.90,7.90,false,1,
7290115777307,false,"קערית לבנה עגולה 5.5*1.52 ס""מ",י.סולומון חוויה שבכלי בעמ,,,יח,1,,false,1,6.90,6.90,false,1,
7290115777314,false,"צלחת לבנה עגולה 18.8 2 ס""מ בינונית",י.סולומון חוויה שבכלי בעמ,,,יח,1,,false,1,6.90,6.90,false,1,
7290115777321,false,"צלחת לבנה עמוקה 22.8 ס""מ",י.סולומון חוויה שבכלי בעמ,,,יח,1,,false,1,7.90,7.90,false,1,
7290115777338,false,"צלחת לבנה עגולה 25.40  25 ס""מ בינונית",י.סולומון חוויה שבכלי בעמ,,,יח,1,,false,1,8.90,8.90,false,1,
7290115777918,false,מיכל סבון  נוזלי עמית,י.סולומון חוויה שבכלי בעמ,,,יח,1,,false,1,17.90,17.90,false,1,
7290115777925,false,כוס למברשת שיניים עמית,י.סולומון חוויה שבכלי בעמ,,,יח,1,,false,1,12.90,12.90,false,1,
7290115779141,false,סיר אמייל מעוצב שחור,י.סולומון חוויה שבכלי בעמ,,,יח,1,,false,1,36.90,36.90,false,1,
7290115779158,false,סיר אמייל 2 ליטר  מעוצב שחור,י.סולומון חוויה שבכלי בעמ,,,יח,1,,false,1,42.90,42.90,false,1,
7290115779196,false,קלחת אמייל מעוצבת 1.1,י.סולומון חוויה שבכלי בעמ,,,יח,1,,false,1,30.90,30.90,false,1,
7290115779202,false,קלחת אמייל מעוצבת 1.5,י.סולומון חוויה שבכלי בעמ,,,יח,1,,false,1,36.90,36.90,false,1,
7290116530000,false,DOVE FACIAL WASH REGULAR 12X180 GR,"יוניליוור ישראלשיווק בע""מ",,,יח,1.80,"ל100 מ""ל",false,1,14.90,8.28,false,1,
7290116530062,false,HELLAMNN`S FOR SALADS 1000ISLANDS LITE,"יוניליוור ישראלשיווק בע""מ",,,יח,2.95,ל 100 גרם,false,1,9.90,3.36,false,1,
7290116530161,false,PINUK LIQUID LAVENDER VANILLA 12X700 ML,"יוניליוור ישראלשיווק בע""מ",,,יח,7,"ל100 מ""ל",false,1,10.90,1.56,false,1,
7290116530215,false,AXE APOLLO STICK 12X76GR,"יוניליוור ישראלשיווק בע""מ",,,יח,0.76,"ל100 מ""ל",false,1,21.90,28.82,false,1,
7290116530239,false,AXE APOLLO STICK 12X76GR,"יוניליוור ישראלשיווק בע""מ",,,יח,77,"ל100 מ""ל",false,1,21.90,0.28,false,1,
7290116530482,false,מאגדת קורנפלקס אלופים5*30ג`*,"יוניליוור ישראלשיווק בע""מ",,,יח,1.50,ל 100 גרם,false,1,10.90,7.27,false,1,
7290116530871,false,נשנושים מיקס 240ג  *,"יוניליוור ישראלשיווק בע""מ",,,יח,2.40,ל 100 גרם,false,1,10.90,4.54,false,1,
7290116530888,false,בדין ג`ל כביסה  פינוק קלאסי*,"יוניליוור ישראלשיווק בע""מ",,,יח,25,"ל100 מ""ל",false,6,27.90,1.12,false,1,
7290116530895,false,Spray for dryer sheets 500ml-Blue,"יוניליוור ישראלשיווק בע""מ",,,יח,5,"ל100 מ""ל",false,12,14.90,2.98,false,1,
7290116531090,false,דג דג במליחות מעודנת 250 גרם*,"יוניליוור ישראלשיווק בע""מ",,,יח,2.50,ל 100 גרם,false,1,7.90,3.16,false,1,
7290116531496,false,TELMA CCMANGRAIN PITSPUTSIM BDZ 12X500G,"יוניליוור ישראלשיווק בע""מ",,,יח,3.75,ל 100 גרם,false,1,19.90,5.31,false,1,
7290116531557,false,BADIN WHITE 4L 2003 LAUNCH,"יוניליוור ישראלשיווק בע""מ",,,יח,40,"ל100 מ""ל",false,1,9.90,0.25,false,1,
7290116531564,false,BADIN WHITE 4L 2003 LAUNCH,"יוניליוור ישראלשיווק בע""מ",,,יח,40,"ל100 מ""ל",false,1,9.90,0.25,false,1,
7290116531762,false,BADIN DRYER SHEETS - BLUE (40S,"יוניליוור ישראלשיווק בע""מ",,,יח,1,יח,false,1,16.90,16.90,false,1,
7290116531779,false,BADIN DRYER SHEETS - BLUE (40S,"יוניליוור ישראלשיווק בע""מ",,,יח,1,יח,false,1,16.90,16.90,false,1,
7290116531793,false,HELLAMNN`S FOR SALADS 1000ISLANDS LITE,"יוניליוור ישראלשיווק בע""מ",,,יח,2.95,ל 100 גרם,false,1,9.90,3.36,false,1,
7290116532011,false,KLIK IN OUT BAR FILLED WITH MILK CREAM,"יוניליוור ישראלשיווק בע""מ",,,יח,0.35,ל 100 גרם,false,1,3.90,11.14,false,1,
7290116532219,false,TELMA BRANFLAKES 8X750G BADAZ,"יוניליוור ישראלשיווק בע""מ",,,יח,4.45,ל 100 גרם,false,1,19.90,4.47,false,1,
7290116532240,false,KLIK OK 35 GR X24 UNIT PESHA,"יוניליוור ישראלשיווק בע""מ",,,יח,0.35,ל 100 גרם,false,1,3.90,11.14,false,1,
7290116532264,false,מאגדת  גודיז לייט אפרסק  מאגדת 5 יח`,"גלידת שטראוס בע""מ",,,יח,2.40,"ל100 מ""ל",false,1,27.90,11.63,false,1,
7290116532271,false,גודייז סנדוויץ שוקולד וניל ר,"גלידת שטראוס בע""מ",,,יח,2.70,ל 100 גרם,false,1,27.90,10.33,false,1,
7290116532462,false,גלידה קליק מלא כדורים,"גלידת שטראוס בע""מ",,,יח,5.20,לליטר,false,1,19.90,3.83,false,1,
7290116532486,false,גלידה קליק מלא כדורים,"גלידת שטראוס בע""מ",,,יח,5.20,לליטר,false,1,19.90,3.83,false,1,
7290116532585,false,TELMA CORNFALKES BADATZ - BP 8X750GR,"יוניליוור ישראלשיווק בע""מ",,,יח,8.50,ל 100 גרם,false,1,19.90,2.34,false,1,
7290116532622,false,PINUK SHAMPOO DRY 700-09,"יוניליוור ישראלשיווק בע""מ",,,יח,7,"ל100 מ""ל",false,1,11.90,1.70,false,1,
7290116532721,false,HELLAMNN`S FOR SALADS 1000ISLANDS LITE,"יוניליוור ישראלשיווק בע""מ",,,יח,3.05,ל 100 גרם,false,1,9.90,3.25,false,1,
7290116532738,false,HELLAMNN`S FOR SALADS 1000ISLANDS LITE,"יוניליוור ישראלשיווק בע""מ",,,יח,3.05,ל 100 גרם,false,1,9.90,3.25,false,1,
7290116532769,false,גרנולה פרוטאין תפוח קינמון*,"יוניליוור ישראלשיווק בע""מ",,,יח,3,ל 100 גרם,false,1,17.90,5.97,false,1,
7290116532868,false,"פינוק שמפו בייבי 900  מ""ל*","יוניליוור ישראלשיווק בע""מ",,,יח,9,"ל100 מ""ל",false,1,18.90,2.10,false,1,
7290116532875,false,"פינוק סבון נוזלי בייבי 900  מ""ל*","יוניליוור ישראלשיווק בע""מ",,,יח,9,"ל100 מ""ל",false,1,18.90,2.10,false,1,
7290116532882,false,נשנושים אייר ביס בצל 155 גר`*,"יוניליוור ישראלשיווק בע""מ",,,יח,2.60,ל 100 גרם,false,1,10.90,4.19,false,1,
7290116532899,false,נשנושים אייר ביס פלאפל 155 גר`*,"יוניליוור ישראלשיווק בע""מ",,,יח,2.60,ל 100 גרם,false,1,10.90,4.19,false,1,
7290116532905,false,נשנושים אייר ביס ברביקיו 155 גר`*,"יוניליוור ישראלשיווק בע""מ",,,יח,2.60,ל 100 גרם,false,1,10.90,4.19,false,1,
7290116533100,false,PINUK SHAMPOO DRY 700-09,"יוניליוור ישראלשיווק בע""מ",,,יח,7,"ל100 מ""ל",false,1,11.90,1.70,false,1,
7290116780245,false,שמיכה 150/200,סקטור אפיקים בעמ,,,יח,1,יח,false,1,39.90,39.90,false,1,
7290116780283,false,שמיכה  200/200,סקטור אפיקים בעמ,,,יח,1,יח,false,1,59.90,59.90,false,1,
7290116782706,false,קוצץ מזון 3 1,סקטור אפיקים בעמ,,,יח,10,יח,false,1,64.90,6.49,false,1,
7290116783390,false,מגב 35+ מקל טלסקופ,סקטור אפיקים בעמ,,,יח,10,יח,false,1,23.90,2.39,false,1,
7290116783550,false,קולפן פטנט,סקטור אפיקים בעמ,,,יח,1,,false,1,12.90,12.90,false,1,
7290116783710,false,מתלה  כפול במבוק,סקטור אפיקים בעמ,,,יח,1,,false,1,13.90,13.90,false,1,
7290116783727,false,מתלה  שלישיה  במבוק,סקטור אפיקים בעמ,,,יח,1,,false,1,21.90,21.90,false,1,
7290116930015,false,חטיף חלבון גו  קריספי  .,שקד תבל בעמ,,,יח,0.60,ל 100 גרם,false,1,11.90,19.83,false,1,
7290116930244,false,"מארז יוגורט תנובה 1.5% בד""צ",תנובה -חלב,,,יח,8,למארז,false,1,16.10,2.01,false,1,
7290116930282,false,ארוחה בקטנה לאבנה עם קרקרים,תנובה -חלב,,,יח,1.50,"ל100 מ""ל",false,1,7.20,4.80,false,1,
7290116930435,false,יוגורט גו סמיך 0%  דובדבן,תנובה -חלב,,,יח,2,"ל100 מ""ל",false,1,5.50,2.75,false,1,
7290116930442,false,יופלה  SHAKE  בננה מנגו . תפוז,תנובה -חלב,,,יח,2.30,"ל100 מ""ל",false,1,7.60,3.30,false,1,
7290116930459,false,יופלה  SHAKE  . בננה . אננס . קוקוס,תנובה -חלב,,,יח,2.30,"ל100 מ""ל",false,1,7.60,3.30,false,1,
7290116930480,false,יופלה  SHAKE  בננה . קיווי . תפוח,תנובה -חלב,,,יח,2.30,"ל100 מ""ל",false,1,7.60,3.30,false,1,
7290116930626,false,ארוחה בקטנה ציזיקי  עם קרקרים,תנובה -חלב,,,יח,1.50,"ל100 מ""ל",false,1,7.20,4.80,false,1,
7290116930657,false,משקה  חלב גו טעם בננה תמר ת. שיבולת,תנובה -חלב,,,יח,3.40,"ל100 מ""ל",false,1,7.30,2.15,false,1,
7290116930701,false,מעדן  חלב גו  טעם   קרמל מלוח 120 גר`,תנובה -חלב,,,יח,1.20,"ל100 מ""ל",false,1,4.50,3.75,false,1,
7290116930718,false,קרלו מעדן תנובה דיאט  קרמל מלוח,תנובה -חלב,,,יח,1.50,"ל100 מ""ל",false,1,3.90,2.60,false,1,
7290116930954,false,יופלה בטעם פאי תפוחים 3%,תנובה -חלב,,,יח,1.50,"ל100 מ""ל",false,1,4.90,3.27,false,1,
7290116931012,false,יופלה דיאט 0% שומן  תפוח וקינמון,תנובה -חלב,,,יח,1.50,"ל100 מ""ל",false,1,4.90,3.27,false,1,
7290116931074,false,פרוסות טל העמק 32% 300 גר`,תנובה -חלב,,,יח,3,ל 100 גרם,false,1,24.90,8.30,false,1,
7290116931159,false,יופלה דיאט 0% שומן  תות בננה,תנובה -חלב,,,יח,1.50,"ל100 מ""ל",false,1,4.90,3.27,false,1,
7290117030080,false,"מגש מרובע שטוח גדול""האומן""לבן+כסף  *",ווינפאק סחר בעמ,,,יח,1,יח,false,25,12.90,12.90,false,1,
7290117030110,false,"מגש מרובע שטוח גדול""האומן""שחור+זהב  שו",ווינפאק סחר בעמ,,,יח,1,יח,false,1,12.90,12.90,false,1,
7290117030172,false,"צלחת גדול ""9 האומן""  לבן+זהב""שווה""*",ווינפאק סחר בעמ,,,יח,10,יח,false,1,22.90,2.29,false,1,
7290117030196,false,"צלחת גדול ""9 האומן""  שחור+זהב""שווה""*",ווינפאק סחר בעמ,,,יח,10,יח,false,10,22.90,2.29,false,1,
7290117030219,false,"צלחת ענק ""10.25 האומן""  לבן+זהב""שווה""*",ווינפאק סחר בעמ,,,יח,10,יח,false,1,26.90,2.69,false,1,
7290117030356,false,"קערית  אובלית""האומן"" 10יח שחור+זהב""שו",ווינפאק סחר בעמ,,,יח,50,יח,false,10,10.90,0.22,false,1,
7290117030363,false,"כוסות מעוטרות ""האומן"" 40יח  ""שווה""*",ווינפאק סחר בעמ,,,יח,40,יח,false,1,8.90,0.22,true,1,
7290117030608,false,6 תבניות זהב ומכסים פאי אישי ALU42 שוו,ווינפאק סחר בעמ,,,יח,6,יח,false,24,12.90,2.15,true,1,
7290117030615,false,4 תבניות שחור זהב אינגליש גבוהה SW9709,ווינפאק סחר בעמ,,,יח,4,יח,false,30,12.90,3.23,true,1,
7290117030745,false,ניירות אפייה מתאים לתבנית אינגליש 20 י,ווינפאק סחר בעמ,,,יח,20,יח,false,24,7.90,0.40,false,1,
7290117030752,false,תבניות ארוז *7  (R31/105) מרובעות שווה,אופל אריזות בעמ,,,יח,10,יח,false,1,6.20,0.62,true,1,
7290117030769,false,תבניות ארוז (R2/90)*7 מלבן ארוך שווה ח,ווינפאק סחר בעמ,,,יח,7,יח,false,1,6.20,0.89,true,1,
7290117030776,false,תבניות ארוז מלבן עמוק *7 (R64/80A) שוו,ווינפאק סחר בעמ,,,יח,7,יח,false,1,6.20,0.89,true,1,
7290117030790,false,תבניות ארוז *10  R88  אינגליש שווה חדש,ווינפאק סחר בעמ,,,יח,10,יח,false,1,6.20,0.62,true,1,
7290117030806,false,תבניות ארוז *10 טוסטר (R29 B8) שווה חד,ווינפאק סחר בעמ,,,יח,10,יח,false,1,6.20,0.62,true,1,
7290117030813,false,תבניות ארוז *4 C60 עגול עמוק  שווה חדש,ווינפאק סחר בעמ,,,יח,4,יח,false,1,6.20,1.55,true,1,
7290117030820,false,תבניות ארוז *4  C10 עגול גדול שווה חדש,ווינפאק סחר בעמ,,,יח,4,יח,false,1,6.20,1.55,true,1,
7290117030837,false,תבניות ארוז *10 אינגליש קצר שווה חדש*,ווינפאק סחר בעמ,,,יח,10,יח,false,1,6.20,0.62,true,1,
7290117031001,false,כפפות ניטריל סינטטי S כחול 80יח  שווה*,חביב את פרנק בעמ (לוגיסטי ),,,יח,80,יח,false,10,18.90,0.24,false,1,
7290117031032,false,כפפות ניטריל סינטטי XL שחור 80יח שווה*,חביב את פרנק בעמ (לוגיסטי ),,,יח,80,יח,false,10,18.90,0.24,false,1,
7290117031049,false,צלחות דקל מרובעות ענקיות 10  יח`שווה*,אפולו נציגויות בעמ,,,יח,10,יח,false,12,17.90,1.79,true,1,
7290117031056,false,צלחות דקל מרובעות גדולות 10  יח`שווה*,אפולו נציגויות בעמ,,,יח,10,יח,false,1,14.90,1.49,true,1,
7290117031063,false,צלחות דקל מרובעות קטנות 10  יח`שווה*,אפולו נציגויות בעמ,,,יח,10,יח,false,12,10.90,1.09,true,1,
7290117031070,false,צלחות מלבניות עלי  דקל 10  יח`שווה*,אפולו נציגויות בעמ,,,יח,10,יח,false,12,17.90,1.79,true,1,
7290117031148,false,"צלחות ענקיות 10"" חושן מעלי דקל 10יח שו",ווינפאק סחר בעמ,,,יח,10,יח,false,1,18.90,1.89,true,1,
7290117031179,false,"מרקיות 7"" חושן מעלי דקל 10  יח`""שווה""*",ווינפאק סחר בעמ,,,יח,10,יח,false,1,13.90,1.39,true,1,
7290117031223,false,"צלחות בינוני 7"" תפארת מתכלה 12 יח שווה",ווינפאק סחר בעמ,,,יח,12,יח,false,1,8.90,0.74,true,1,
7290117031230,false,"צלחות גדול 9"" תפארת מתכלה 12 יח שווה",ווינפאק סחר בעמ,,,יח,12,למארז,false,1,13.90,1.16,true,1,
7290117031254,false,"מגשים אובלי 10"" תפארת מתכלה 12 יח שווה",ווינפאק סחר בעמ,,,יח,12,למארז,false,1,13.90,1.16,true,1,
7290117031469,false,"כיסוי ניילון למזון   ""שווה""*",HUBEI G YOUNG CO LTD,,,יח,1,למארז,false,1,10.90,10.90,false,1,
7290117031476,false,"זוג כפות מעץ    ""שווה""*",HUBEI G YOUNG CO LTD,,,יח,1,למארז,false,1,10.90,10.90,false,1,
7290117031483,false,"ספוגית הפלא נירוסטה 4 יח`  ""שווה""*",HUBEI G YOUNG CO LTD,,,יח,1,למארז,false,1,10.90,10.90,false,1,
7290117031506,false,כוסות נייר 40  יחי` 8B שרול שקוף (25בק,GG.M ENTERPRISE,,,יח,40,יח,false,1,6.90,0.17,true,1,
7290117031513,false,כוסות נייר גודל 10 שווה 40 יח (25 בקרט,GG.M ENTERPRISE,,,יח,40,יח,false,1,11.90,0.30,false,1,
7290117031520,false,כוסות נייר גודל 12 שווה 40 יח (25 בקר,GG.M ENTERPRISE,,,יח,40,יח,false,1,13.90,0.35,false,1,
7290117031537,false,כוסות נייר גודל 16 שווה 40 יח (25 בקר,GG.M ENTERPRISE,,,יח,40,יח,false,1,17.90,0.45,false,1,
7290117031544,false,כוסות נייר גודל 4 שווה 40 יח (25 בקר,GG.M ENTERPRISE,,,יח,40,יח,false,1,5.90,0.15,false,1,
7290117031551,false,כוסות נייר גודל 2.5 שווה 40 יח (25 בקר,GG.M ENTERPRISE,,,יח,40,יח,false,1,4.90,0.12,false,1,
7290117031568,false,כוסות נייר גודל 9OZ איכותית 40  יח`שוו,ווינפאק סחר בעמ,,,יח,40,יח,false,20,11.90,0.30,false,1,
7290117031728,false,"מרקיה  ""חושן"" 8 יח שחור  שווה*",ווינפאק סחר בעמ,,,יח,8,למארז,false,1,12.90,1.61,false,1,
7290117031735,false,"קערית  אובלית""חושן"" 8יח לבן  שווה  חדש",ווינפאק סחר בעמ,,,יח,8,למארז,false,1,7.90,0.99,false,1,
7290117031742,false,"קערית  אובלית""חושן"" 8יח שקוף שווה חדש",ווינפאק סחר בעמ,,,יח,8,למארז,false,1,7.90,0.99,false,1,
7290117031759,false,"קערית  אובלית""חושן"" 8יח פנינה שווה  *",ווינפאק סחר בעמ,,,יח,8,למארז,false,1,7.90,0.99,false,1,
7290117031766,false,"קערית  אובלית""חושן"" 8יח שחור שווה  *",ווינפאק סחר בעמ,,,יח,8,למארז,false,1,7.90,0.99,false,1,
7290117031810,false,"צלחת  גדולה""חושן"" 8יח לבן שווה  חדש*",ווינפאק סחר בעמ,,,יח,8,למארז,false,1,14.90,1.86,false,1,
7290117031834,false,"צלחת  גדולה""חושן"" 8יח פנינה שווה  חדש*",ווינפאק סחר בעמ,,,יח,8,למארז,false,1,14.90,1.86,false,1,
7290117031841,false,"צלחת  גדולה""חושן"" 8יח שחור שווה  חדש*",ווינפאק סחר בעמ,,,יח,8,למארז,false,1,14.90,1.86,false,1,
7290117031858,false,"צלחת  ענקית""חושן"" 8יח לבן  שווה  חדש*",ווינפאק סחר בעמ,,,יח,8,למארז,false,1,19.90,2.49,false,1,
7290117031865,false,"צלחת  ענקית""חושן"" 8יח שקוף שווה חדש*",ווינפאק סחר בעמ,,,יח,8,למארז,false,1,19.90,2.49,false,1,
7290117031872,false,"צלחת  ענקית""חושן"" 8יח פנינה שווה  חדש*",ווינפאק סחר בעמ,,,יח,8,למארז,false,1,19.90,2.49,false,1,
7290117031889,false,"צלחת  ענקית""חושן"" 8יח שחור שווה  חדש*",ווינפאק סחר בעמ,,,יח,8,למארז,false,12,19.90,2.49,false,1,
7290117032008,false,מזלגות איכותים 40יח קרם  שווה*,ווינפאק סחר בעמ,,,יח,40,יח,false,1,5.90,0.15,false,1,
7290117032015,false,מזלגות איכותים 40יח שקוף שווה  *,ווינפאק סחר בעמ,,,יח,40,יח,false,1,5.90,0.15,false,1,
7290117032022,false,מזלגות איכותים 40יח צבעוני  שווה*,ווינפאק סחר בעמ,,,יח,40,יח,false,1,5.90,0.15,false,1,
7290117032039,false,סכינים איכותיות 40יח קרם  שווה*,ווינפאק סחר בעמ,,,יח,40,יח,false,1,5.90,0.15,false,1,
7290117032046,false,סכינים איכותיות 40יח שקוף  שווה*,ווינפאק סחר בעמ,,,יח,40,יח,false,1,5.90,0.15,false,1,
7290117032060,false,כפות איכותיות 40יח קרם  שווה*,ווינפאק סחר בעמ,,,יח,50,יח,false,1,5.90,0.12,false,1,
7290117032077,false,כפות איכותיות 40יח שקוף  שווה*,ווינפאק סחר בעמ,,,יח,40,יח,false,1,5.90,0.15,false,1,
7290117032091,false,כפיות איכותיות 40יח קרם  שווה*,ווינפאק סחר בעמ,,,יח,40,יח,false,1,5.90,0.15,false,1,
7290117032107,false,כפיות איכותיות 40יח שקוף  שווה*,ווינפאק סחר בעמ,,,יח,40,יח,false,1,5.90,0.15,false,1,
7290117032503,false,לפתניות לבן אריזה משפחתית  115יח  שווה,ווינפאק סחר בעמ,,,יח,115,למארז,false,1,17.90,0.16,false,1,
7290117032510,false,לפתניות קרם אריזה משפחתית  115יח  שווה,ווינפאק סחר בעמ,,,יח,115,למארז,false,1,17.90,0.16,false,1,
7290117032527,false,ק.אובלית לבן אריזה משפחתית  105יח  שוו,ווינפאק סחר בעמ,,,יח,105,יח,false,1,17.90,0.17,false,1,
7290117032534,false,ק.אובלית קרם אריזה משפחתית  105יח  שוו,ווינפאק סחר בעמ,,,יח,105,יח,false,1,17.90,0.17,false,1,
7290117032541,false,צלחת קטנה משפחתי 75יח לבן  שווה*,ווינפאק סחר בעמ,,,יח,75,למארז,false,1,18.90,0.25,false,1,
7290117032558,false,צלחת קטנה משפחתי 75יח קרם  שווה*,ווינפאק סחר בעמ,,,יח,75,למארז,false,1,18.90,0.25,false,1,
7290117032565,false,מרקיות לבן אריזה משפחתית  70יח  שווה*,ווינפאק סחר בעמ,,,יח,75,למארז,false,1,19.90,0.27,false,1,
7290117032572,false,מרקיות קרם אריזה משפחתית  70יח  שווה*,ווינפאק סחר בעמ,,,יח,70,יח,false,1,19.90,0.28,false,1,
7290117032589,false,"צלחת גדול  60יח  לבן""שווה""  אריזה משפח",ווינפאק סחר בעמ,,,יח,60,יח,false,1,19.90,0.33,false,1,
7290117032596,false,"צלחת גדול קרם  60 יח""שווה"" אריזה משפחת",ווינפאק סחר בעמ,,,יח,60,יח,false,1,19.90,0.33,false,1,
7290117032602,false,צלחת ענקית משפחתי 35יח לבן שווה *,ווינפאק סחר בעמ,,,יח,35,למארז,false,1,19.90,0.57,true,1,
7290117032619,false,צלחת ענקית משפחתי 35יח קרם שווה *,ווינפאק סחר בעמ,,,יח,35,למארז,false,1,19.90,0.57,true,1,
7290117033005,false,מארז פופקורן למיקרו מלח 5*100 ג`שווה*,AST Popcorn Ltd,,,יח,5,ל 100 גרם,false,1,10.90,2.18,true,1,
7290117033012,false,מארז פופקורן למיקרו חמאה 5*100 ג`שווה*,AST Popcorn Ltd,,,יח,5,ל 100 גרם,false,1,10.90,2.18,true,1,
7290117033029,false,מארז פופקורן למיקרו לייט 5*85 ג`שווה*,AST Popcorn Ltd,,,יח,4.25,ל 100 גרם,false,1,10.90,2.56,true,1,
7290117033036,false,"דלי לפופקורן 2.8ליטר   ""שווה""*",HUBEI G YOUNG CO LTD,,,יח,1,למארז,false,1,10.90,10.90,false,1,
7290117091302,false,כיסוי  לפלטה אפור  לשבת,אבי מתנות בעמ,,,יח,1,,false,1,59.90,59.90,false,1,
7290117091371,false,כיסוי  לפלטה  לשבת,אבי מתנות בעמ,,,יח,1,,false,1,59.90,59.90,false,1,
7290117260074,false,שעועית ירוקה חתוכה מוקפאת 800 גר`,ג.וילי פוד בעמ,,,יח,8,ל 100 גרם,false,1,6.40,0.80,false,1,
7290117260227,false,קפה טורקי אמיתי 100 גר`,ג.וילי פוד בעמ,,,יח,1,ל 100 גרם,false,1,4.90,4.90,false,1,
7290117260449,false,גבינה  בולגרית מעודנת למריחה ט. טבעי 5,ג.וילי פוד בעמ,,,יח,2,ל 100 גרם,false,1,9.90,4.95,false,1,
7290117260456,false,גבינה  בולגרית מעודנת למריחה  זיתים,ג.וילי פוד בעמ,,,יח,2,ל 100 גרם,false,1,9.90,4.95,false,1,
7290117260487,false,"ניוקי  תפו""א  מצונן 500 גר",ג.וילי פוד בעמ,,,יח,5,ל 100 גרם,false,1,9.90,1.98,false,1,
7290117260494,false,"ניוקי  תפו""א 3 צבעים  מצונן 500 גר",ג.וילי פוד בעמ,,,יח,5,ל 100 גרם,false,1,9.90,1.98,false,1,
7290117260562,false,חמאה  בגביע 225 גר`,ג.וילי פוד בעמ,,,יח,2.25,ל 100 גרם,false,1,16.90,7.51,false,1,
7290117261088,false,בוראטה גבינת מוצרלה רכה 18% שומן,ג.וילי פוד בעמ,,,יח,1.25,ל 100 גרם,false,1,19.90,15.92,false,1,
7290117261163,false,פיתה יוונית מוקפאת 750 גר,ג.וילי פוד בעמ,,,יח,7.50,ל 100 גרם,false,1,14.50,1.93,true,1,
7290117261354,false,גבינה  ריקוטה 200 גר`5%,ג.וילי פוד בעמ,,,יח,2,ל 100 גרם,false,1,9.90,4.95,true,1,
7290117261378,false,גבינת קשקבל לייט 250 גר 8%,ג.וילי פוד בעמ,,,יח,2.50,ל 100 גרם,false,1,14.90,5.96,false,1,
7290117261385,false,גבינת פטה לייט 500 גר 8%,ג.וילי פוד בעמ,,,יח,5,ל 100 גרם,false,1,24.90,4.98,false,1,
7290117261392,false,גבינה  מסקרפונה 200 גר`35%,ג.וילי פוד בעמ,,,יח,2,ל 100 גרם,false,1,14.90,7.45,true,1,
7290117261514,false,סלמון אטלנטי  בשמן קנולה ולימון 120 גר,ג.וילי פוד בעמ,,,יח,1.20,ל 100 גרם,false,1,11.50,9.58,true,1,
7290117261521,false,סלמון אטלנטי  בשמן קנולה 120 גר`,ג.וילי פוד בעמ,,,יח,1.20,ל 100 גרם,false,1,11.50,9.58,true,1,
7290117261569,false,סלמון אטלנטי מעושן בשמן קנולה,ג.וילי פוד בעמ,,,יח,1.20,ל 100 גרם,false,1,11.50,9.58,true,1,
7290117261576,false,סרדינים בריסלינג מעושנים  ברוטב עגבניו,ג.וילי פוד בעמ,,,יח,1.20,ל 100 גרם,false,1,13.90,11.58,false,1,
7290117261583,false,סרדינים בריסלינג מעושנים ב. קנולה,ג.וילי פוד בעמ,,,יח,1.20,ל 100 גרם,false,1,13.90,11.58,false,1,
7290117261590,false,סרדינים בריסלינג מעושנים  בשמן זית,ג.וילי פוד בעמ,,,יח,1.20,ל 100 גרם,false,1,13.90,11.58,false,1,
7290117261774,false,כדורי גבינתבייבי מוצרלה 14% שומן,ג.וילי פוד בעמ,,,יח,1.50,ל 100 גרם,false,1,14.90,9.93,false,1,
7290117262214,false,משקה יוגורט פרוביוטי טבעי 200 גר`,ג.וילי פוד בעמ,,,יח,2,"ל100 מ""ל",false,1,4.90,2.45,false,1,
7290117262221,false,משקה יוגורט פרוביוטי עם אננס,ג.וילי פוד בעמ,,,יח,2,"ל100 מ""ל",false,1,5.50,2.75,false,1,
7290117262238,false,משקה יוגורט פרוביוטי עם תות שדה 2.3%,ג.וילי פוד בעמ,,,יח,2,"ל100 מ""ל",false,1,5.50,2.75,false,1,
7290117262245,false,משקה יוגורט פרוביוטי עם אפרסק ומשמש,ג.וילי פוד בעמ,,,יח,2,"ל100 מ""ל",false,1,5.50,2.75,false,1,
7290117262252,false,קוביות בטעם אפרסק מצופות שוקולד  חלב,ג.וילי פוד בעמ,,,יח,1.25,ל 100 גרם,false,1,11.90,9.52,false,1,
7290117262269,false,קוביות בטעם דובדבן  מצופות שוקולד  חלב,ג.וילי פוד בעמ,,,יח,1.25,ל 100 גרם,false,1,11.90,9.52,false,1,
7290117262276,false,קוביות בטעם תות שדה  מצופות שוקולד  ח,ג.וילי פוד בעמ,,,יח,1.25,ל 100 גרם,false,1,11.90,9.52,false,1,
7290117262290,false,פרלינים אגוזים במילוי פצפוצי  דגנים,ג.וילי פוד בעמ,,,יח,0.50,ל 100 גרם,false,1,4.90,9.80,false,1,
7290117262306,false,קורנפלקס מצופים שוקולד חלב,ג.וילי פוד בעמ,,,יח,0.50,ל 100 גרם,false,1,4.90,9.80,false,1,
7290117262313,false,פיצפוצי דגנים פריכים מצופים שוקולד  חל,ג.וילי פוד בעמ,,,יח,0.50,ל 100 גרם,false,1,4.90,9.80,false,1,
7290117262320,false,בסקוויט  מצופה  שוקולד חלב,ג.וילי פוד בעמ,,,יח,0.40,ל 100 גרם,false,1,4.90,12.25,false,1,
7290117380178,false,סוויט פוף שוקולד חלב,ש.שסטוביץ בעמ,,,יח,0.50,ל 100 גרם,false,1,5.90,11.80,false,1,
7290117380185,false,סוויט פוף שוקולד חלב ולבן,ש.שסטוביץ בעמ,,,יח,0.50,ל 100 גרם,false,1,5.90,11.80,false,1,
7290117380864,false,סלים דליס  פייבר עוגות בראוניס ט. שוקולד,ש.שסטוביץ בעמ,,,יח,12,ל 100 גרם,false,1,9.90,0.83,false,1,
7290117380871,false,סלים דליס   פייבר- עוגות אישיות ט. אוכ,ש.שסטוביץ בעמ,,,יח,1.25,ל 100 גרם,false,1,9.90,7.92,false,1,
7290117381243,false,פוף  פרכיות  מצופות שוקולד חלב ותות,ש.שסטוביץ בעמ,,,יח,7,ל 100 גרם,false,1,8.90,1.27,true,1,
7290117382318,false,סלים דליס   חטיף  חלבון  מצופה ש. מריר,ש.שסטוביץ בעמ,,,יח,0.60,ל 100 גרם,false,1,11.90,19.83,false,1,
7290117760833,false,כפפות ניטריל כחול L פרפקטמדיק 100 יח*,ווינפאק סחר בעמ,,,יח,100,יח,false,1,24.90,0.25,false,1,
7290118820062,false,שישליק טלה טרי 6 שיפודים,אחים דובקין בעמ,,,יח,2.10,יח,false,1,55,26.19,false,1,
7290118820079,false,שישליק טלה טרי 4 שיפודים,אחים דובקין בעמ,,,יח,1.40,יח,false,1,39,27.86,false,1,
7290118820086,false,שיפודי  שייטל+שומן 4 שיפודים,אחים דובקין בעמ,,,יח,2.30,יח,false,1,49,21.30,false,1,
7290118820123,false,שיפודי  פילה בקר טרי 4 שיפודים,אחים דובקין בעמ,,,יח,2.60,יח,false,1,89,34.23,false,1,
7290118820130,false,שיפודי סושי בשר 5  יח`במארז,אחים דובקין בעמ,,,יח,3,יח,false,1,79,26.33,false,1,
7290118820338,false,נתח קצבים משופד טרי 6 שיפודים,אחים דובקין בעמ,,,יח,3,יח,false,1,79,26.33,false,1,
7290118820413,false,דנבר סטייק אנגוס בקר טרי,אחים דובקין בעמ,,,יח,2.50,יח,false,1,49,19.60,false,1,
7290118820550,false,שיפודי אנטריקוט עגלה 4 שיפודים,אחים דובקין בעמ,,,יח,2,יח,false,1,59,29.50,false,1,
7290118820574,false,נשנושי אסאדו עגלה טרי,אחים דובקין בעמ,,,יח,3.50,יח,false,1,39,11.14,false,1,
7290118820697,false,שיפודי סושי בשר 3  יח`במארז,אחים דובקין בעמ,,,יח,1.80,יח,false,1,49,27.22,false,1,
7290118820710,false,אנטריקוט עגלה 2  סטייק,אחים דובקין בעמ,,,יח,4,יח,false,1,95,23.75,false,1,
7290118820734,false,נתח קצבים משופד טרי 4 שיפודים,אחים דובקין בעמ,,,יח,2,יח,false,1,59,29.50,false,1,
7290118820765,false,"סטייק""פריים   רייב"" עגלה מיושן 600 גר",אחים דובקין בעמ,,,יח,6,יח,false,1,115,19.17,false,1,
7290118820772,false,"סטייק""פריים   רייב"" עגלה מיושן",אחים דובקין בעמ,,,יח,5,יח,false,1,99,19.80,false,1,
7290118820796,false,סטייק פקנייה אנגוס  2 יחידה,אחים דובקין בעמ,,,יח,3,יח,false,1,69,23,false,1,
7290118820819,false,סינטה עגלה 2 סטקים,אחים דובקין בעמ,,,יח,2,יח,false,1,69,34.50,false,1,
7291044041279,false,מפזר חום לאמבטיה2000W,סמיקום לקסיס בעמ,,,יח,1,יח,false,1,129,129,false,1,
7291044045826,false,פלטת שבת 6סירים 70*45,סמיקום לקסיס בעמ,,,יח,1,יח,false,1,220,220,false,1,
7291044061581,false,סדין חשמלי  בודד 160*75,סמיקום לקסיס בעמ,,,יח,1,יח,false,1,119,119,false,1,
7291044061598,false,סדין חשמלי כפול 160*140,סמיקום לקסיס בעמ,,,יח,1,יח,false,1,169.90,169.90,false,1,
7291044066296,false,טוסטר לחיצה ל2 פרוסות גריל,סמיקום לקסיס בעמ,,,יח,1,יח,false,1,110,110,false,1,
7291044077674,false,מפזר חום לאמבטיה,סמיקום לקסיס בעמ,,,יח,1,יח,false,1,189,189,false,1,
7291044084948,false,פטרית חימום 3000W,סמיקום לקסיס בעמ,,,יח,1,יח,false,1,839,839,false,1,
7291044091304,false,מיקסר יד חשמל 250W,סמיקום לקסיס בעמ,,,יח,1,יח,false,1,120,120,false,1,
7291044093155,false,תנור  קוורץ יונדאי  1600 W,סמיקום לקסיס בעמ,,,יח,1,יח,false,1,129,129,false,1,
7291044097054,false,מצנם ל2 פרוסות יונדאי לבן,סמיקום לקסיס בעמ,,,יח,1,יח,false,1,79,79,false,1,
7291044101478,false,תנור קיר לאמבט 3 דרגות חום 1500W,סמיקום לקסיס בעמ,,,יח,1,יח,false,1,69.90,69.90,false,1,
7291044109214,false,סוטז חשמלאי לבישול  וצליה,סמיקום לקסיס בעמ,,,יח,1,יח,false,1,189,189,false,1,
7291044125078,false,"פנס קיר 12W סאן 120 לדים 585 מ""מ",סמיקום לקסיס בעמ,,,יח,1,יח,false,1,89.90,89.90,false,1,
7291044125085,false,"פנס קיר W6 סאן 60  לדים393 מ""ח",סמיקום לקסיס בעמ,,,יח,1,יח,false,1,55.90,55.90,false,1,
7291044125948,false,רדיאטור 9 צלעות W2000 יונדאי,סמיקום לקסיס בעמ,,,יח,1,יח,false,1,279,279,false,1,
7291044125955,false,רדיאטור 7 צלעות 1500W יונדאי,סמיקום לקסיס בעמ,,,יח,1,יח,false,1,289,289,false,1,
7291044125962,false,רדיאטור 11 צלעות 2500W יונדאי,סמיקום לקסיס בעמ,,,יח,1,יח,false,1,319,319,false,1,
7291044126112,false,תנור עמוד קוורץ X3 2000W,סמיקום לקסיס בעמ,,,יח,1,יח,false,1,289,289,false,1,
7292019120265,false,שטיחון  שקוף 1.5,אושר מחסני 1/2 חינם,,,יח,1,,false,1,12.90,12.90,false,1,
7296021025426,false,"מחבת המבורגר 27 ס""מ פרפקטו",אקסטרה ריטייל גרופ בעמ,,,יח,1,,false,1,129.90,129.90,false,1,
7296021116322,false,ספל  טרמי  R 40 נעמן,אקסטרה ריטייל גרופ בעמ,,,יח,1,,false,1,16.90,16.90,false,1,
7296021131394,false,"סכין מולטי 14 ס""מ",אקסטרה ריטייל גרופ בעמ,,,יח,1,,false,1,9.90,9.90,false,1,
7296021133657,false,גלגלת דו  ראשית לפיצה   נעמן,אקסטרה ריטייל גרופ בעמ,,,יח,1,,false,1,12.90,12.90,false,1,
7296021133725,false,סכין גבינות ידית שחורה   נעמן,אקסטרה ריטייל גרופ בעמ,,,יח,1,,false,1,9.90,9.90,false,1,
7296021170669,false,פותחן  יין  נירוסטה נעמן,אקסטרה ריטייל גרופ בעמ,,,יח,1,,false,1,22.90,22.90,false,1,
7296021229510,false,מיכל איחסון לעוגיות 2 ליטר,אקסטרה ריטייל גרופ בעמ,,,יח,1,,false,1,59.90,59.90,false,1,
7296021256783,false,"מחבת פנקייק יציקה 27 ס""מ",אקסטרה ריטייל גרופ בעמ,,,יח,1,,false,1,129,129,false,1,
7296021265990,false,"סיר 20 ס""מ 3 ליטר",אקסטרה ריטייל גרופ בעמ,,,יח,1,,false,1,69.90,69.90,false,1,
7296021266874,false,כף  הגשה קטנה ידית אפורה,אקסטרה ריטייל גרופ בעמ,,,יח,1,,false,1,12.90,12.90,false,1,
7296021266881,false,כף מסננת  ידית אפורה,אקסטרה ריטייל גרופ בעמ,,,יח,1,,false,1,15.90,15.90,false,1,
7296021266911,false,כף  מסננת קטנה ידית אפורה,אקסטרה ריטייל גרופ בעמ,,,יח,1,,false,1,12.90,12.90,false,1,
7296021266959,false,"מטעף תפו""א ידית  אפורה",אקסטרה ריטייל גרופ בעמ,,,יח,1,,false,1,12.90,12.90,false,1,
7296021266973,false,תרווד נירוסטה ידית  אפורה,אקסטרה ריטייל גרופ בעמ,,,יח,1,,false,1,12.90,12.90,false,1,
7296021266980,false,מגרדת  ידית  אפורה,אקסטרה ריטייל גרופ בעמ,,,יח,1,,false,1,7.90,7.90,false,1,
7296021271861,false,"מערכת אוכל 18 חלק 24 ס""מ",אקסטרה ריטייל גרופ בעמ,,,יח,1,,false,1,79.90,79.90,false,1,
7296021271892,false,רשת צליה וסינון שמן,אקסטרה ריטייל גרופ בעמ,,,יח,1,,false,1,76.90,76.90,true,1,
7296021667343,false,"צלחת שטוחה 20 ס""מ  רטרו זכוכית",אקסטרה ריטייל גרופ בעמ,,,יח,1,,false,1,6.90,6.90,false,1,
7296021667350,false,"צלחת שטוחה 23 ס""מ  רטרו זכוכית",אקסטרה ריטייל גרופ בעמ,,,יח,1,,false,1,7.90,7.90,false,1,
7296021667374,false,"צלחת שטוחה 29 ס""מ  רטרו זכוכית",אקסטרה ריטייל גרופ בעמ,,,יח,1,,false,1,13.90,13.90,false,1,
7296021667435,false,"קערית 17 ס""מ  רטרו זכוכית",אקסטרה ריטייל גרופ בעמ,,,יח,1,,false,1,8.90,8.90,false,1,
7296049014679,false,"בקבוק שתיה אודם 600 מ""ל",אוהב ציון בעמ,,,יח,1,,false,1,12.90,12.90,false,1,
7296049015348,false,"לקיטשן בקבוק רטבים עגול 500 מ""ל",אוהב ציון בעמ,,,יח,1,,false,1,8.90,8.90,false,1,
7296049015362,false,"לקיטשן בקבוק  רטבים עגול 700 מ""ל",אוהב ציון בעמ,,,יח,1,,false,1,10.90,10.90,false,1,
7296049015751,false,פנס  נטען,אוהב ציון בעמ,,,יח,1,,false,1,22.90,22.90,false,1,
7296049016116,false,לקיטשן  במבוק תרווד שטוח 30/6,אוהב ציון בעמ,,,יח,1,,false,1,8.90,8.90,false,1,
7296049017526,false,קוברה מצית גז ידית מעוגלת,אוהב ציון בעמ,,,יח,1,,false,1,9.90,9.90,false,1,
7296049018219,false,מלמין שיש קערה,אוהב ציון בעמ,,,יח,1,,false,1,18.90,18.90,false,1,
7296049018318,false,מלמין רוסטיק קערה,אוהב ציון בעמ,,,יח,1,,false,1,15.90,15.90,false,1,
7296049018349,false,מלמין רוסטיק קערה מרובעת,אוהב ציון בעמ,,,יח,1,,false,1,9.90,9.90,false,1,
7296049225655,false,"לקיטשן  טריו מועך תפו""א",אוהב ציון בעמ,,,יח,1,,false,1,16.90,16.90,false,1,
7296049225709,false,לקיטשן טריו קולפן ידית שחורה,אוהב ציון בעמ,,,יח,1,,false,1,11.90,11.90,false,1,
7296049226980,false,לקיטשן  מאג זכוכית,אוהב ציון בעמ,,,יח,1,,false,1,5.90,5.90,false,1,
7296049258400,false,דן סלסלת כל בו קטנה  30*20*11,אוהב ציון בעמ,,,יח,1,,false,1,3.90,3.90,false,1,
7296049258639,false,דן  כד חלב,אוהב ציון בעמ,,,יח,1,,false,1,4.50,4.50,false,1,
7296049258813,false,דן  משולש כיור,אוהב ציון בעמ,,,יח,1,,false,1,5.50,5.50,false,1,
7296049258929,false,"דן  נטלה 13*13.5 ס""מ",אוהב ציון בעמ,,,יח,1,,false,1,3.90,3.90,false,1,
7296049258967,false,דן  זוג תבניות לקוביות קרח,אוהב ציון בעמ,,,יח,1,,false,1,8.90,8.90,false,1,
7296049259063,false,דן סט 6 קולבים,אוהב ציון בעמ,,,יח,1,,false,1,12.90,12.90,false,1,
7296049259100,false,"דן  סט 3 קופסאות מהודרות 800 ס""מק",אוהב ציון בעמ,,,יח,1,,false,1,9.90,9.90,false,1,
7296049259117,false,דן סט 3  קופסאות מהודרות,אוהב ציון בעמ,,,יח,1,,false,1,9.90,9.90,false,1,
7296049259162,false,דן קופסא לעוגה מלבנית,אוהב ציון בעמ,,,יח,1,,false,1,12.90,12.90,false,1,
7296058110010,false,פרכיות אורז 110ג  פרח*,פרח תעשיות מזוןבעמ,,,יח,1,,false,1,4.50,4.50,true,1,
7296102061855,false,מטאטא  ביאנקו,מ.א ייצור ויבו*מטליות בעמ,,,יח,1,,false,1,18.90,18.90,false,1,
7296102061862,false,מטאטא הרמוניה,מ.א ייצור ויבו*מטליות בעמ,,,יח,1,,false,1,21.90,21.90,false,1,
7296102191248,false,סט 4 סכינים  חלבי,אושר א.א יבוא ושיווק כלי בית ב,,,יח,1,,false,1,11.90,11.90,false,1,
7296102191255,false,סט 4 סכינים בשר,אושר א.א יבוא ושיווק כלי בית ב,,,יח,1,,false,1,11.90,11.90,false,1,
7296102191262,false,סט 4 סכינים פרווה,אושר א.א יבוא ושיווק כלי בית ב,,,יח,1,,false,1,11.90,11.90,false,1,
7296146077775,false,פתילונים משושים*,מיכאל עודד,,,יח,1,,false,1,3.50,3.50,false,1,
7296155034561,false,לוח חיתוך גדול,אושר מחסני 1/2 חינם,,,יח,1,,false,1,19.90,19.90,false,1,
7296155149784,false,נפה משי 26+ מנעולה,אוהב ציון בעמ,,,יח,1,,false,1,33.90,33.90,false,1,
7296155149791,false,נפה לקוסקוס 26,אושר א.א יבוא ושיווק כלי בית ב,,,יח,1,,false,1,29.90,29.90,false,1,
7296155149883,false,נפה לקוסקוס 36,אושר א.א יבוא ושיווק כלי בית ב,,,יח,1,,false,1,54.90,54.90,false,1,
7296155150025,false,מלחיה דוקרן347,אושר א.א יבוא ושיווק כלי בית ב,,,יח,1,,false,1,7.90,7.90,false,1,
7297070000051,false,גרבי ברך דינמו,אחים וייס י.ש.י.ייצור ושווק בע,,,יח,1,,false,1,12.90,12.90,false,1,
7297070000327,false,גרבי דונה 20 ירך נשים,אחים וייס י.ש.י.ייצור ושווק בע,,,יח,1,,false,1,12.90,12.90,false,1,
7297070000334,false,גרבי לונג דונה ירך,אחים וייס י.ש.י.ייצור ושווק בע,,,יח,1,,false,1,14.90,14.90,false,1,
7297070000389,false,גרביון  קלודיה נשים 40 דנייר,אחים וייס י.ש.י.ייצור ושווק בע,,,יח,1,,false,1,19.90,19.90,false,1,
7297070001232,false,ג`יסיקה  גרבי מכנס  נשים,אחים וייס י.ש.י.ייצור ושווק בע,,,יח,1,,false,1,13.90,13.90,false,1,
7297070001249,false,ויאולה   גרבי מכנס  נשים,אחים וייס י.ש.י.ייצור ושווק בע,,,יח,1,,false,1,14.90,14.90,false,1,
7297094104179,false,זוג צפיות כותנה לכרית50/70  שחור,רומנטקס בעמ,,,יח,1,,false,1,22.90,22.90,false,1,
7297114010367,false,בוקסר חלק לגבר,ג.שטיינברג בעמ,,,יח,1,,false,1,12.90,12.90,false,1,
7297114207309,false,תחתון גבר פתח,ג.שטיינברג בעמ,,,יח,1,,false,1,17.90,17.90,false,1,
7297114208054,false,תחתון מקסי בייסיק,ג.שטיינברג בעמ,,,יח,1,,false,1,14.90,14.90,false,1,
7297114226034,false,זוג גרבי גבר,שונים,,,יח,1,,false,1,18.90,18.90,false,1,
7297114231212,false,גרבי נשים,ג.שטיינברג בעמ,,,יח,1,,false,1,16.90,16.90,false,1,
7297114231410,false,קרסולית  גבר סריגמיש 3 כותנה,ג.שטיינברג בעמ,,,יח,1,,false,1,16.90,16.90,false,1,
7297114231588,false,קרסוליות  ילדים   סריגמיש 3,ג.שטיינברג בעמ,,,יח,1,,false,1,15.90,15.90,false,1,
7297114231724,false,גרבי  גבר 3  כותנה לייקרה,ג.שטיינברג בעמ,,,יח,1,,false,1,16.90,16.90,false,1,
7297114232745,false,גרבי תינוק  סריגמיש 3,ג.שטיינברג בעמ,,,יח,1,,false,1,10.90,10.90,false,1,
7297114233155,false,חתון בנות 5  מודפס,ג.שטיינברג בעמ,,,יח,0,יח,false,1,23.90,23.90,false,1,
7297114233476,false,תחתון בנים) (5 מודפס,ג.שטיינברג בעמ,,,יח,1,,false,1,23.90,23.90,false,1,
7297114235302,false,גרבי גבר  5 יח`,ג.שטיינברג בעמ,,,יח,1,,false,1,18.90,18.90,false,1,
7297114236897,false,בוקסר נוער 2 ליקרה,ג.שטיינברג בעמ,,,יח,1,,false,1,23.90,23.90,false,1,
7297114266085,false,בוקסר גבר,ג.שטיינברג בעמ,,,יח,1,,false,1,25.90,25.90,false,1,
7297114274028,false,בוקסר גבר,ג.שטיינברג בעמ,,,יח,1,,false,1,29.90,29.90,false,1,
7297114275711,false,תחתון גבר רוברטו,ג.שטיינברג בעמ,,,יח,1,,false,1,29.90,29.90,false,1,
7297174000025,false,סופר זיץ  מלבין ומחדש צמר,אריסטוקרט מ.ב.ליבוא שווק בעמ,,,יח,1,,false,1,12.90,12.90,false,1,
7297395000026,false,בדי בדיקה  שלישיות,חן המעיין בעמ,,,יח,1,,false,1,13.90,13.90,false,1,
7297395000040,false,טהרה סריג גמיש,חן המעיין בעמ,,,יח,1,,false,1,6.90,6.90,false,1,
7297429004136,false,קרסוליות נשים,ג.שטיינברג בעמ,,,יח,0,יח,false,1,10.90,10.90,false,1,
7297464269118,false,מברשת  שיער,שבלולים בעמ,,,יח,1,,false,1,5.90,5.90,false,1,
7297488099760,false,עוגיות  בטעם  חלבה ללא גלוטן,נטורפוד בעמ,,,יח,2.50,ל 100 גרם,false,1,24.90,9.96,false,1,
7297488099906,false,משומשו- פרוסות בסגנון קלאסי,קפוא זן תעשיות מזון בעמ,,,יח,2,ל 100 גרם,false,1,17.90,8.95,false,1,
7297488199682,false,קמח כוסמת 500  גר`ללא גלוטן,נטורפוד בעמ,,,יח,5,ל 100 גרם,false,1,13.90,2.78,false,1,
7297494000453,false,סט קיץ כותנה יחיד,עירוני טקסטיל תעשיות בעמ,,,יח,1,,false,1,69.90,69.90,false,1,
7297494005847,false,מגבת  מטבח צבעוני,עירוני טקסטיל תעשיות בעמ,,,יח,1,,false,1,9.90,9.90,false,1,
7297494006806,false,מגבת גוף 70/140,עירוני טקסטיל תעשיות בעמ,,,יח,1,,false,1,46.90,46.90,false,1,
7297494009357,false,מגבת גוף שירן  70/140,עירוני טקסטיל תעשיות בעמ,,,יח,1,,false,1,46.90,46.90,false,1,
7297494038340,false,מגן מזרן 90/200,עירוני טקסטיל תעשיות בעמ,,,יח,1,,false,1,53.90,53.90,false,1,
7297494038364,false,מגן מזרן  140/200,עירוני טקסטיל תעשיות בעמ,,,יח,1,,false,1,75.90,75.90,false,1,
7297494038418,false,זוג מגיני כריות,עירוני טקסטיל תעשיות בעמ,,,יח,1,,false,1,44.90,44.90,false,1,
7297494045423,false,מגבת גוף 70/130 ריקמת פרחים,עירוני טקסטיל תעשיות בעמ,,,יח,1,,false,1,51.90,51.90,false,1,
7297494045430,false,מגבת גוף 70/130 ריקמת פרחים,עירוני טקסטיל תעשיות בעמ,,,יח,1,,false,1,51.90,51.90,false,1,
7297494046956,false,מגבת ידיים 40/60 רקמת פרחים,עירוני טקסטיל תעשיות בעמ,,,יח,1,,false,1,19.90,19.90,false,1,
7297594035409,false,"צלחת עמוקה  פורצלן 350 מ""ל זהב",מ.י.ד גוליאן בעמ,,,יח,1,,false,1,8.90,8.90,false,1,
7297594035539,false,שטיח  סף קוקוס 40*60,מ.י.ד גוליאן בעמ,,,יח,1,,false,1,29.90,29.90,false,1,
7297594040540,false,מחבת גריל יציקת שיש 28*28,מ.י.ד גוליאן בעמ,,,יח,1,,false,1,99,99,false,1,
7297594054691,false,"קערית  פורצלן 350 מ""ל זהב",מ.י.ד גוליאן בעמ,,,יח,1,,false,1,7.90,7.90,false,1,
7297594057975,false,"סט  6 גביעיי יין  240 מ""ל",מ.י.ד גוליאן בעמ,,,יח,1,,false,1,99,99,false,1,
7297594060005,false,קנקן תרמוס נירוסטה שכבת בידוד,מ.י.ד גוליאן בעמ,,,יח,1,,false,1,68.90,68.90,false,1,
7297594060135,false,זוג מאגים  זכוכית כהה  שכבה כפולה,מ.י.ד גוליאן בעמ,,,יח,1,,false,1,48.90,48.90,false,1,
7297594061934,false,עציץ ורדים בכלי קרמיקה,מ.י.ד גוליאן בעמ,,,יח,1,,false,1,21.90,21.90,false,1,
7297594068452,false,חנוכית  קריסטל רגל מתכת זהב,מ.י.ד גוליאן בעמ,,,יח,1,,false,1,79.90,79.90,false,1,
7297594068490,false,חנוכית  קריסטל רגל מתכת זהב,מ.י.ד גוליאן בעמ,,,יח,1,,false,1,66.90,66.90,false,1,
7297594069657,false,בית חנוכיה H  45.5*12*41,מ.י.ד גוליאן בעמ,,,יח,1,,false,1,149,149,false,1,
7297594069893,false,עשישית נירוסטה זהב) (201459,מ.י.ד גוליאן בעמ,,,יח,1,,false,1,369,369,false,1,
7297594070462,false,|צנצנת זכוכית מכסה מתכת,מ.י.ד גוליאן בעמ,,,יח,1,,false,1,20.90,20.90,false,1,
7297594070479,false,|צנצנת זכוכית מכסה מתכת,מ.י.ד גוליאן בעמ,,,יח,1,,false,1,23.90,23.90,false,1,
7297594074828,false,פמוט זוגי  קריסטל  עם סדר הדלקה,מ.י.ד גוליאן בעמ,,,יח,1,,false,1,149,149,false,1,
7297594078512,false,חנוכיה מתכת בציפוי כרום כסןף)(202925,מ.י.ד גוליאן בעמ,,,יח,1,,false,1,389,389,false,1,
7297594078529,false,חנוכית  מתכת בציפוי כרום  מוזהב (20292,מ.י.ד גוליאן בעמ,,,יח,1,,false,1,399,399,false,1,
7297594078536,false,חנוכית  מתכת בציפוי  כרום כסןף (202927,מ.י.ד גוליאן בעמ,,,יח,1,,false,1,449,449,false,1,
7298171180000,false,מטריה  מותגים,י. נ כהן בעמ,,,יח,1,,false,1,12.90,12.90,false,1,
7309900154374,false,בלון סודה קטן 30 ליטר,א.א צ יקו שיווק והפצה,,,יח,1,,false,1,74.90,74.90,false,1,
7312040017683,false,וודקה אבסלוט 700,טמפו משקאות בעמ,,,יח,7,"ל100 מ""ל",false,1,69.90,9.94,true,1,
7394376615825,false,אוטלי משקה  שיבולת שועל  מועושר בויטמיני,ש.שסטוביץ בעמ,,,יח,6,"ל100 מ""ל",false,1,13.90,2.32,false,1,
7501013122053,false,ג`ומקס נקטר אפרסק נקטר,טמפו משקאות בעמ,,,יח,10,"ל100 מ""ל",false,1,9.20,0.89,false,1,
7501013122114,false,ג`ומקס נקטר אננס   נקטר,טמפו משקאות בעמ,,,יח,10,"ל100 מ""ל",false,1,9.20,0.89,false,1,
7501064191466,false,"שישית בירה קרונה 355 מ""ל",תימקו בירה בעמ,,,יח,20,"ל100 מ""ל",false,1,36.90,1.76,true,1,
7509546057545,false,ספיד סטייק סטיק  פרו,ש.שסטוביץ בעמ,,,יח,1.50,ל 100 גרם,false,1,19.90,13.27,true,1,
7509546061665,false,ספיד סטיק  אקסטרים אינסטנט ג`ל,ש.שסטוביץ בעמ,,,יח,0.85,ל 100 גרם,false,1,19.90,23.41,true,1,
7509546061672,false,ספיד סטיק אקסטרים,ש.שסטוביץ בעמ,,,יח,0.50,ל 100 גרם,false,1,19.90,39.80,true,1,
7509546063515,false,ליידי 24/7  ספריי פרו,ש.שסטוביץ בעמ,,,יח,1.50,ל 100 גרם,false,1,14.90,9.93,true,1,
7509546663265,false,קולגיט זירו  משחת שיניים נענ ע,ש.שסטוביץ בעמ,,,יח,0.98,ל 100 גרם,false,1,14.90,15.20,false,1,
7509546666846,false,קולגייט  טואטאל  פחם  75 גר`,ש.שסטוביץ בעמ,,,יח,0.75,ל 100 גרם,false,1,19.90,26.53,false,1,
7509546678702,false,קולגייט טוטל משחת שיניים אנטי טרטר,ש.שסטוביץ בעמ,,,יח,1,"ל100 מ""ל",false,1,16.90,16.90,true,1,
7610100034084,false,מיונז טומי 265 גר`,ליימן שליסל בעמ,,,יח,2.65,ל 100 גרם,false,1,9.90,3.74,false,1,
7610243004463,false,"דורגול מרסס 500 מ""ל","יעקב יעקבי ובניו בע""מ",,,יח,5,"ל100 מ""ל",false,1,21.90,4.38,false,1,
7613030979647,false,טריקס  480גר`,קבוצת אוסם סחר שותפות מוגבלת,,,יח,4.80,ל 100 גרם,false,1,23.90,4.98,true,1,
7613031608850,false,פינטס דגנים 625,קבוצת אוסם סחר שותפות מוגבלת,,,יח,6.25,ל 100 גרם,false,1,31.90,5.10,false,1,
7613032045753,false,פיטנס שוקולד 375,קבוצת אוסם סחר שותפות מוגבלת,,,יח,3.75,ל 100 גרם,false,1,19.90,5.31,true,1,
7613033548192,false,פינטס  שוקולד מריר ק,קבוצת אוסם סחר שותפות מוגבלת,,,יח,3.75,ל 100 גרם,false,1,19.90,5.31,true,1,
7613035378643,false,דנטלייף  גזע  גדול   1.42 גר`,קבוצת אוסם סחר שותפות מוגבלת,,,יח,1.42,ל 100 גרם,false,1,14.90,10.49,false,1,
7613035758834,false,פיטנס גרנולה  חמוציות,קבוצת אוסם סחר שותפות מוגבלת,,,יח,3,ל 100 גרם,false,1,15.90,5.30,false,1,
7613035807778,false,פרפקטו  רוטב עגבניות לבלונז,קבוצת אוסם סחר שותפות מוגבלת,,,ל 100 גרם,4,ל 100 גרם,false,1,9.90,2.48,true,1,
7613035809109,false,פרפקטו רוטב לעגבניות  ובזיליקום,קבוצת אוסם סחר שותפות מוגבלת,,,ל 100 גרם,4,ל 100 גרם,false,1,9.90,2.48,true,1,
7613035809123,false,פרפקטו רוטב לעגבניות  ופלפלים,קבוצת אוסם סחר שותפות מוגבלת,,,ל 100 גרם,4,ל 100 גרם,false,1,9.90,2.48,true,1,
7613035809857,false,פרפקטו רוטב לעגבניות  לפסטה,קבוצת אוסם סחר שותפות מוגבלת,,,ל 100 גרם,4,ל 100 גרם,false,1,9.90,2.48,true,1,
7613036105545,false,דוגלי גזע קטן  3 קג,קבוצת אוסם סחר שותפות מוגבלת,,,יח,30,ל 100 גרם,false,1,47.90,1.60,false,1,
7613036105576,false,דוגלי  בשר  ועוף,קבוצת אוסם סחר שותפות מוגבלת,,,יח,30,ל 100 גרם,false,1,47.90,1.60,false,1,
7613036737623,false,קרנץ מקס 410 גר`,קבוצת אוסם סחר שותפות מוגבלת,,,יח,4.80,ל 100 גרם,false,1,21.90,4.56,true,1,
7613036760195,false,קפסולות נס קפה דולצ`ה גוסטו  אספרסו,קבוצת אוסם סחר שותפות מוגבלת,,,יח,2.16,ל 100 גרם,false,1,28.90,13.38,false,1,
7613036867870,false,נס קפה דולצ`ה גוסטו  בריסטה,קבוצת אוסם סחר שותפות מוגבלת,,,יח,2.16,ל 100 גרם,false,1,28.90,13.38,false,1,
7613036880534,false,גרגר מחית מרק ירקות,קבוצת אוסם סחר שותפות מוגבלת,,,יח,1.90,ל 100 גרם,false,1,7.90,4.16,true,1,
7613037686906,false,פיטנס שקדים ודבש,קבוצת אוסם סחר שותפות מוגבלת,,,יח,3.35,ל 100 גרם,false,1,19.90,5.94,true,1,
7613037687132,false,פיטנס שקדים ודבש,קבוצת אוסם סחר שותפות מוגבלת,,,יח,3.35,ל 100 גרם,false,1,29.90,8.93,true,1,
7613038268262,false,דגני ציריוס מופחת סוכר 410 ג`,קבוצת אוסם סחר שותפות מוגבלת,,,יח,4.10,ל 100 גרם,false,1,19.90,4.85,true,1,
7613039547632,false,גרבר  מחית תפוח בננה פאוץ,קבוצת אוסם סחר שותפות מוגבלת,,,יח,0.90,ל 100 גרם,false,1,5.90,6.56,true,1,
7613039547731,false,גרבר  מחית תפוח  משמש  פאוץ,קבוצת אוסם סחר שותפות מוגבלת,,,יח,0.90,ל 100 גרם,false,1,5.70,6.33,true,1,
7613039547922,false,גרבר  מחית פאוץ,קבוצת אוסם סחר שותפות מוגבלת,,,יח,0.90,ל 100 גרם,false,1,5.90,6.56,true,1,
7613039879382,false,גרבר מחית תפוח עץ,קבוצת אוסם סחר שותפות מוגבלת,,,יח,1.90,ל 100 גרם,false,1,5.90,3.11,true,1,
7613287121783,false,סמרטיס מיני 187 גר`,קבוצת אוסם סחר שותפות מוגבלת,,,יח,1.87,ל 100 גרם,false,1,13.90,7.43,false,1,
7613287155832,false,גרבר  מחית פאוץ,קבוצת אוסם סחר שותפות מוגבלת,,,יח,0.90,ל 100 גרם,false,1,5.90,6.56,true,1,
7613287155863,false,גרבר  מחית פאוץ אגס,קבוצת אוסם סחר שותפות מוגבלת,,,יח,0.90,ל 100 גרם,false,1,5.90,6.56,true,1,
7613287155894,false,גרבר  מחית פאוץ,קבוצת אוסם סחר שותפות מוגבלת,,,יח,0.90,ל 100 גרם,false,1,5.90,6.56,true,1,
7613287155924,false,גרבר  מחית פאוץ תפוח גזר,קבוצת אוסם סחר שותפות מוגבלת,,,יח,0.90,ל 100 גרם,false,1,5.90,6.56,true,1,
7613287302373,false,קפסולות  סטארבקס   איטליאן,קבוצת אוסם סחר שותפות מוגבלת,,,ל 100 גרם,6.84,ל 100 גרם,false,1,22.90,3.35,true,1,
7613287325808,false,רוטב  איולי שום ליץ אוסם,קבוצת אוסם סחר שותפות מוגבלת,,,יח,2.95,"ל100 מ""ל",false,1,15.90,5.39,true,1,
7613287325822,false,רוטב  מיקס  לחיץ  אוסם,קבוצת אוסם סחר שותפות מוגבלת,,,יח,2.95,"ל100 מ""ל",false,1,15.90,5.39,true,1,
7613287476678,false,סינימיניס  צ`וריוס 360 גר,קבוצת אוסם סחר שותפות מוגבלת,,,יח,4.80,ל 100 גרם,false,1,23.90,4.98,true,1,
7613287821348,false,טבעול נתחוני עוף טבעוני,קבוצת אוסם סחר שותפות מוגבלת,,,יח,3.50,ל 100 גרם,false,1,32.90,9.40,true,1,
7622010001858,false,"אוראו וניל 176 גר  בד""צ*",דיפלומט מפיצים {1968}בעמ,,,יח,1.76,יח,false,1,8.90,5.06,true,1,
7622201050757,false,מילקה  שוקולד  עם אגוזים,דיפלומט מפיצים {1968}בעמ,,,ל 100 גרם,1,ל 100 גרם,false,1,6.90,6.90,true,1,
7622201137052,false,מילקה  מיני קוקיז 110 גר`,דיפלומט מפיצים {1968}בעמ,,,יח,110,ל 100 גרם,false,1,8.90,0.08,true,1,
7622201139278,false,פילדלפיה שמנה 27%,נטו מילנדה סחר בעמ*,,,יח,1.50,ל 100 גרם,false,1,12.90,8.60,true,1,
7622201401900,false,עוגיות  מילקה  סנסיישן אוראו,דיפלומט מפיצים {1968}בעמ,,,יח,1.56,ל 100 גרם,false,1,12.90,8.27,true,1,
7622201521493,false,פילדלפיה שום ועשבי תיבול,נטו מילנדה סחר בעמ*,,,יח,1.50,ל 100 גרם,false,1,12.90,8.60,true,1,
7622201798154,false,פילדלפיה  לייט 150 גר`,נטו מילנדה סחר בעמ*,,,יח,1.50,ל 100 גרם,false,1,13.90,9.27,true,1,
7622201801809,false,מילקה  שוקולד חלב עם אגוזים,דיפלומט מפיצים {1968}בעמ,,,יח,1,ל 100 גרם,false,1,6.90,6.90,true,1,
7622201802363,false,מילקה  שוקולד חלב עם  צימוקים,דיפלומט מפיצים {1968}בעמ,,,יח,1,ל 100 גרם,false,1,6.90,6.90,true,1,
7622201802394,false,מילקה  שוקולד חלב,דיפלומט מפיצים {1968}בעמ,,,יח,1,ל 100 גרם,false,1,6.90,6.90,true,1,
7622201809188,false,מילקה  ביסקויט 150 גר`,דיפלומט מפיצים {1968}בעמ,,,יח,1.50,ל 100 גרם,false,1,12.90,8.60,true,1,
7622201813390,false,מילקה   וופל מילוי קרם קקאו,דיפלומט מפיצים {1968}בעמ,,,יח,2,ל 100 גרם,false,1,12.90,6.45,true,1,
7622210078131,false,מילקה  שוקולד  עם דאיים,דיפלומט מפיצים {1968}בעמ,,,ל 100 גרם,1,ל 100 גרם,false,1,6.90,6.90,true,1,
7622210137234,false,אוראו  עם דאבל קרם וניל,דיפלומט מפיצים {1968}בעמ,,,יח,1.76,ל 100 גרם,false,1,8.90,5.06,true,1,
7622210163899,false,מילקה  שוקולד חלב עם עדשים,דיפלומט מפיצים {1968}בעמ,,,ל 100 גרם,1,ל 100 גרם,false,1,6.90,6.90,true,1,
7622210453327,false,עוגיות מילקה סנסיישן 156 גר`,דיפלומט מפיצים {1968}בעמ,,,יח,1.56,ל 100 גרם,false,1,12.90,8.27,true,1,
7622210638021,false,אוראו ביס קראנצ`י  בציפוי שוקולד,דיפלומט מפיצים {1968}בעמ,,,יח,1.10,ל 100 גרם,false,1,8.50,7.73,true,1,
7622210664150,false,עוגיות  אוראו וניל ן,דיפלומט מפיצים {1968}בעמ,,,יח,3.96,ל 100 גרם,false,1,14.90,3.76,false,1,
7622210826053,false,שוקלד מילקה  אוראו סנדביץ 92 גר`,דיפלומט מפיצים {1968}בעמ,,,יח,1,ל 100 גרם,false,1,6.90,6.90,true,1,
7622300270506,false,מילקה  ריינס  עוגיות  מצופות,דיפלומט מפיצים {1968}בעמ,,,יח,1.68,ל 100 גרם,false,1,12.90,7.68,true,1,
7622300441715,false,עוגיות מילקה שוקומני,דיפלומט מפיצים {1968}בעמ,,,יח,2,ל 100 גרם,false,1,12.90,6.45,false,1,
7622300489434,false,עוגיות אוראו בציפוי שוקולד  חלב,דיפלומט מפיצים {1968}בעמ,,,יח,0.2460,ל 100 גרם,false,1,17.90,72.76,true,1,
7622300495046,false,מילקה אקסטרא קקאו,דיפלומט מפיצים {1968}בעמ,,,יח,1,,false,1,6.90,6.90,true,1,
7622300503079,false,מילקה  מוו 200 דר`,דיפלומט מפיצים {1968}בעמ,,,יח,2,ל 100 גרם,false,1,12.90,6.45,true,1,
7622300617820,false,שוקלד מילקה  אוראו,דיפלומט מפיצים {1968}בעמ,,,יח,1,ל 100 גרם,false,1,6.90,6.90,true,1,
7622300761363,false,עוגיות מיני אוראו שוקו 67 גר`,דיפלומט מפיצים {1968}בעמ,,,יח,0.67,ל 100 גרם,false,1,6.50,9.70,true,1,
7622400005190,false,"מילקה כשל""פ",דיפלומט מפיצים {1968}בעמ,,,יח,1,ל 100 גרם,false,1,6.90,6.90,true,1,
7630311507016,false,קפסולות  סטארבקס  סאני די,קבוצת אוסם סחר שותפות מוגבלת,,,ל 100 גרם,6.84,ל 100 גרם,false,1,22.90,3.35,true,1,
7630477891639,false,קפסולות  סטארבקס  ורונה,קבוצת אוסם סחר שותפות מוגבלת,,,ל 100 גרם,6.84,ל 100 גרם,false,1,22.90,3.35,true,1,
7630477891677,false,קפסולות  סטארבקס  פייק פלייס,קבוצת אוסם סחר שותפות מוגבלת,,,ל 100 גרם,6.84,ל 100 גרם,false,1,22.90,3.35,true,1,
7630477891691,false,קפסולות  סטארבקס  קולומביה,קבוצת אוסם סחר שותפות מוגבלת,,,ל 100 גרם,6.84,ל 100 גרם,false,1,22.90,3.35,true,1,
7630477891738,false,קפסולות  סטארבקס  אספרסו בלונד,קבוצת אוסם סחר שותפות מוגבלת,,,ל 100 גרם,6.84,ל 100 גרם,false,1,22.90,3.35,true,1,
7702024074625,false,פיטנס  חטיפי קרקר חיטה מלאה,קבוצת אוסם סחר שותפות מוגבלת,,,יח,0.2340,ל 100 גרם,false,1,11.90,50.85,false,1,
7702024258322,false,פיטנס  חטיפי קרקר  צ`ה,קבוצת אוסם סחר שותפות מוגבלת,,,יח,0.2340,ל 100 גרם,false,1,11.90,50.85,false,1,
7702174066631,false,לקקן יוגטה טעם  פירות,ליימן שליסל בעמ,,,יח,1.80,ל 100 גרם,false,1,8.90,4.94,false,1,
7702174068826,false,לקקן יוגטה,ליימן שליסל בעמ,,,יח,2.16,ל 100 גרם,false,1,9.90,4.58,false,1,
7702174068833,false,לקקן יוגטה טעם גלידה,ליימן שליסל בעמ,,,יח,2.16,ל 100 גרם,false,1,9.90,4.58,false,1,
7702174070201,false,לקקן  יוגטה  מג`יק,ליימן שליסל בעמ,,,יח,2.16,ל 100 גרם,false,1,9.90,4.58,false,1,
7702174073783,false,לקקן פין פופ 10 יח`ט. קולה,ליימן שליסל בעמ,,,יח,1,,false,1,8.90,8.90,false,1,
7702174073844,false,לקקן פין פופ  48 יח` פירות,ליימן שליסל בעמ,,,יח,1,,false,1,19.90,19.90,false,1,
7790580108489,false,בון בון ממרח בוטנים 290 גר`,לירון קרביץ יבוא שיווק וסחר,,,יח,1,,false,1,10.90,10.90,false,1,
7790580109646,false,וופל בון בון 45 גר`,לירון קרביץ יבוא שיווק וסחר,,,יח,9.59,ל 100 גרם,false,1,3,0.31,false,1,
7790580315979,false,סוכ  ממולאות פירות 470,לירון קרביץ יבוא שיווק וסחר,,,יח,1,,false,1,14.90,14.90,false,1,
7790580315986,false,סוכ  ממולאות תות 470 גר,לירון קרביץ יבוא שיווק וסחר,,,יח,1,,false,1,13.90,13.90,false,1,
7790580415556,false,קונפיטורה  משמש  454 גר,לירון קרביץ יבוא שיווק וסחר,,,יח,4.54,ל 100 גרם,false,1,10.90,2.40,false,1,
7790580421663,false,בון בון 228  גר`ריבת חלב וקרמל,לירון קרביץ יבוא שיווק וסחר,,,יח,2.28,ל 100 גרם,false,1,19.90,8.73,false,1,
7798378440018,false,אוכמניות ארוז-,"בכורי השדה צפון1994 ג.ד. בע""מ",,,יח,1,,false,1,19.90,19.90,false,1,
7870681161498,false,סט 5 קערות,אושר א.א יבוא ושיווק כלי בית ב,,,יח,1,,false,1,23.90,23.90,false,1,
7891024030974,false,"קולגייט  טריפל אקשן 75 מ""ל",ש.שסטוביץ בעמ,,,יח,0.75,ל 100 גרם,false,1,5.90,7.87,false,1,
7891024124826,false,"קולגיט  משחת  אופטיק וייט 75 מ""ל",ש.שסטוביץ בעמ,,,יח,0.75,ל 100 גרם,false,1,19.90,26.53,false,1,
8000215204219,false,משקה אורז אורגני,נטורפוד בעמ,,,יח,10,"ל100 מ""ל",false,1,12.90,1.29,false,1,
8000215204394,false,משקה  אגוזי לוז  ואורז  אורגני,נטורפוד בעמ,,,יח,10,"ל100 מ""ל",false,1,14.90,1.49,false,1,
8000380003723,false,וופל גרנד פסטרי אגוז,ליימן שליסל בעמ,,,יח,1,ל 100 גרם,false,1,12.90,12.90,true,1,
8000380003761,false,וופל פסטרי קוקוס,ליימן שליסל בעמ,,,יח,1,ל 100 גרם,false,1,12.90,12.90,true,1,
8000380004669,false,לואקר טעם קקאו 200 גר`,ליימן שליסל בעמ,,,יח,2,ל 100 גרם,false,1,11.90,5.95,true,1,
8000380004676,false,וופל וניל 200 גר,ליימן שליסל בעמ,,,יח,2,ל 100 גרם,false,1,11.90,5.95,true,1,
8000380004881,false,קודראטיני טרמיסו,ליימן שליסל בעמ,,,יח,2.20,ל 100 גרם,false,1,13.90,6.32,false,1,
8000380004911,false,וופל לואקר 250 ג,ליימן שליסל בעמ,,,יח,2.50,ל 100 גרם,false,1,13.90,5.56,false,1,
8000380004966,false,ופלים לואקר 250,ליימן שליסל בעמ,,,יח,2.50,ל 100 גרם,false,1,13.90,5.56,false,1,
8000380005598,false,טורטיה 1/6  אורגינל מריר,ליימן שליסל בעמ,,,יח,1.25,ל 100 גרם,false,1,16.90,13.52,false,1,
8000380007219,false,לואקר אגוז,ליימן שליסל בעמ,,,יח,1.75,ל 100 גרם,false,1,10.90,6.23,false,1,
8000380007257,false,וופל 200 ג רדנה,ליימן שליסל בעמ,,,יח,2,ל 100 גרם,false,1,13.90,6.95,true,1,
8000380007264,false,לואקר קקאו 175,ליימן שליסל בעמ,,,יח,1.75,ל 100 גרם,false,1,10.90,6.23,false,1,
8000380007271,false,לואקר חלב 175 גר,ליימן שליסל בעמ,,,יח,1.75,ל 100 גרם,false,1,10.90,6.23,false,1,
8000380106028,false,טורטיה 1/6  אורגינל,ליימן שליסל בעמ,,,יח,1.25,ל 100 גרם,false,1,15.90,12.72,false,1,
8000380152728,false,מארז חטיפי אצבעות ג`רדנה  שוקולד,ליימן שליסל בעמ,,,יח,1.25,ל 100 גרם,false,1,13.90,11.12,true,1,
8000380153534,false,טורטינה 1/6 לבן,ליימן שליסל בעמ,,,יח,1.25,יח,false,1,15.90,12.72,false,1,
8000380156825,false,לואקר  שוקולד חלב  87 גר`,ליימן שליסל בעמ,,,יח,0.87,ל 100 גרם,false,1,7.90,9.08,false,1,
8000380156856,false,לואקר  שוקולד לבן  87 גר`,ליימן שליסל בעמ,,,יח,0.87,ל 100 גרם,false,1,7.90,9.08,false,1,
8000380157440,false,לואקר  ממולא אגוזי לוז,ליימן שליסל בעמ,,,יח,0.87,ל 100 גרם,false,1,6.90,7.93,false,1,
8000380180721,false,לואקר  קלאסיק 175  גר`שוקו חלב,ליימן שליסל בעמ,,,יח,1.75,ל 100 גרם,false,1,10.90,6.23,false,1,
8000380180745,false,קוארדטיני  250  גר`שוקו חלב,ליימן שליסל בעמ,,,יח,2.50,ל 100 גרם,false,1,13.90,5.56,false,1,
8000380180837,false,וופל פסטרי קוקוס לבן,ליימן שליסל בעמ,,,יח,1,ל 100 גרם,false,1,12.90,12.90,true,1,
8000380184644,false,לואקר מיניס  בטעמים שונים,ליימן שליסל בעמ,,,יח,1.50,ל 100 גרם,false,1,13.90,9.27,true,1,
8000380187249,false,עוגיות  שקדים   לואקר  100 גר`,ליימן שליסל בעמ,,,יח,1,ל 100 גרם,false,1,11.90,11.90,false,1,
8000380189281,false,מארז לואקר מיני מיקס  210 גר`,ליימן שליסל בעמ,,,יח,2.10,ל 100 גרם,false,1,22.90,10.90,false,1,
8000380192243,false,לואקר מקסי  וופל מלבני אגוז,ליימן שליסל בעמ,,,יח,2,ל 100 גרם,false,1,11.90,5.95,false,1,
8000380201396,false,טורטיה 1/6  אורגינל,ליימן שליסל בעמ,,,יח,1.25,ל 100 גרם,false,1,15.90,12.72,false,1,
8000380201525,false,וופל גרנד  פטיסרי אגוז  126 גר`,ליימן שליסל בעמ,,,יח,1.26,ל 100 גרם,false,1,17.90,14.21,false,1,
8000380201549,false,וופל גרנד  פטיסרי קוקוס 126 גר`,ליימן שליסל בעמ,,,יח,1.26,ל 100 גרם,false,1,17.90,14.21,false,1,
8000380205400,false,קואדרטיני חמאת בוטנים,ליימן שליסל בעמ,,,יח,2.50,ל 100 גרם,false,1,13.90,5.56,false,1,
8000380205523,false,לואקר  קלאסיק 175  גר`חמאת בוטנים,ליימן שליסל בעמ,,,יח,1.75,ל 100 גרם,false,1,10.90,6.23,false,1,
8000380206896,false,גרדנה חמאת בוטנים,ליימן שליסל בעמ,,,יח,2,ל 100 גרם,false,1,13.90,6.95,true,1,
8000380207183,false,טורטיה  חמאת בוטנים,ליימן שליסל בעמ,,,יח,1.26,ל 100 גרם,false,1,15.90,12.62,false,1,
8000500009673,false,בונבונירה רושר 300,פרימיום חברה לדברי מ.,,,יח,3,ל 100 גרם,false,1,45.90,15.30,false,1,
8000500023624,false,וופל קרם הפי היפוי 5 יח,פרימיום חברה לדברי מ.,,,יח,1.30,ל 100 גרם,false,1,12.90,9.92,false,1,
8000500023976,false,רפאלו 150 גרם,פרימיום חברה לדברי מ.,,,יח,1.50,ל 100 גרם,false,1,16.90,11.27,false,1,
8000500026731,false,קינדר ביצי הפתעה שלישייה,פרימיום חברה לדברי מ.,,,יח,0.60,ל 100 גרם,false,1,14.90,24.83,false,1,
8000500029350,false,קינדר בואנו  3יחד,פרימיום חברה לדברי מ.,,,יח,1.29,ל 100 גרם,false,1,10.90,8.45,true,1,
8000500032237,false,רושר בונ  375,פרימיום חברה לדברי מ.,,,יח,3.75,ל 100 גרם,false,1,44.90,11.97,false,1,
8000500037874,false,רושר בונ  200 גר,פרימיום חברה לדברי מ.,,,יח,2,ל 100 גרם,false,1,23.90,11.95,false,1,
8000500071083,false,קינדר שוקולד 200ג,פרימיום חברה לדברי מ.,,,יח,2,ל 100 גרם,false,1,11.90,5.95,false,1,
8000500127728,false,קינדר מלייק סלייס ע. ספוג במילוי ק. חלבי,תנובה -חלב,,,יח,112,ל 100 גרם,false,1,11.90,0.11,false,1,
8000500172810,false,טיק טק תות  4,פרימיום חברה לדברי מ.,,,יח,2.50,ל 100 גרם,false,1,9.90,3.96,false,1,
8000500227848,false,וופל נוטלה מלוח,פרימיום חברה לדברי מ.,,,יח,1.32,ל 100 גרם,false,1,10.90,8.26,false,1,
8000500249352,false,קינדר בואנו  מיני מיקס,פרימיום חברה לדברי מ.,,,יח,1,,false,1,17.90,17.90,false,1,
8000500256213,false,קינדר שוקולד חלב במילוי קרם חלבי,פרימיום חברה לדברי מ.,,,יח,1.20,ל 100 גרם,false,1,10.90,9.08,false,1,
8000500267103,false,עוגת קינדר ספוג קקאו,פרימיום חברה לדברי מ.,,,יח,0.35,ל 100 גרם,false,1,19.90,56.86,false,1,
8000500269169,false,עוגיות קינדר קארדס 128 גרם,פרימיום חברה לדברי מ.,,,יח,1.28,ל 100 גרם,false,1,12.90,10.08,false,1,
8000577010602,false,גרביון נשים קריסטי,ג.שטיינברג בעמ,,,יח,1,,false,1,10.90,10.90,false,1,
8000577013672,false,גרביון   דנאס קריסטי,ג.שטיינברג בעמ,,,יח,1,,false,1,10.90,10.90,false,1,
8000798000307,false,מברשת מגהץ,אוהב ציון בעמ,,,יח,1,,false,1,5.90,5.90,false,1,
8000798085014,false,"מטאטא  ונציה שחור לבן 28 ס""מ",אוהב ציון בעמ,,,יח,1,,false,1,12.90,12.90,false,1,
8000798085052,false,מטאטא    איטלקי,מ.א ייצור ויבו*מטליות בעמ,,,יח,1,,false,1,14.90,14.90,false,1,
8001003100164,false,סוכריות  ג`לי יוגטה 450 גר`,ליימן שליסל בעמ,,,יח,0.45,ל 100 גרם,false,1,9.90,22,false,1,
8001003100218,false,סוכריות  גומי,ליימן שליסל בעמ,,,יח,8,ל 100 גרם,false,1,15.90,1.99,false,1,
8001003202028,false,יוגטה  ג`לי בטעם  מנטה,ליימן שליסל בעמ,,,יח,0.80,ל 100 גרם,false,1,4.50,5.63,false,1,
8001003202035,false,יוגטה  ג`לי בטעם פירות,ליימן שליסל בעמ,,,יח,0.80,ל 100 גרם,false,1,4.50,5.63,false,1,
8001090033512,false,"טייד  8 ק""ג",דיפלומט מפיצים {1968}בעמ,,,יח,5,"לק""ג",false,1,41.90,8.38,false,1,
8001090222428,false,הרבל אסנס שמפו חלב קוקוס,דיפלומט מפיצים {1968}בעמ,,,יח,4,"ל100 מ""ל",false,1,18.90,4.73,false,1,
8001090336354,false,פמפרס בייבי דריי מידה 2 46 יח`,דיפלומט מפיצים {1968}בעמ,,,יח,1,,false,1,30.90,30.90,false,1,
8001090458353,false,פיירי  אנטי בקטראלי כחול,דיפלומט מפיצים {1968}בעמ,,,יח,5.15,"ל100 מ""ל",false,1,10.90,2.12,false,1,
8001090493637,false,הד שולדרס  שמפו אולטרא,דיפלומט מפיצים {1968}בעמ,,,יח,5,"ל100 מ""ל",false,1,17.90,3.58,false,1,
8001090802385,false,טייד קפסולות ג`ל בניחוח לנור(ק),דיפלומט מפיצים {1968}בעמ,,,יח,4.50,ל 100 גרם,false,1,29.90,6.64,false,1,
8001090832450,false,פנטן  שמפו  נוסחה קלאסית,דיפלומט מפיצים {1968}בעמ,,,יח,6.60,"ל100 מ""ל",false,1,18.90,2.86,false,1,
8001090832535,false,פנטן  שמפו  שמן מרוקאי,דיפלומט מפיצים {1968}בעמ,,,יח,6.60,"ל100 מ""ל",false,1,18.90,2.86,false,1,
8001090832573,false,פנטן  שמפו  לחות מוגברת,דיפלומט מפיצים {1968}בעמ,,,יח,6.60,"ל100 מ""ל",false,1,18.90,2.86,false,1,
8001090832610,false,פנטן  שמפו  רך כמשי,דיפלומט מפיצים {1968}בעמ,,,יח,6.60,"ל100 מ""ל",false,1,18.90,2.86,false,1,
8001090832696,false,פנטן  שמפו  לתלתלים מושלמים,דיפלומט מפיצים {1968}בעמ,,,יח,6.60,"ל100 מ""ל",false,1,18.90,2.86,false,1,
8001090832771,false,פנטן  שמפו הזנת קרטין,דיפלומט מפיצים {1968}בעמ,,,יח,6.60,"ל100 מ""ל",false,1,18.90,2.86,false,1,
8001090832818,false,פנטן  מרכך נוסחה קלאסית,דיפלומט מפיצים {1968}בעמ,,,יח,6.60,"ל100 מ""ל",false,1,18.90,2.86,false,1,
8001090832856,false,פנטן  מרכך  מרוקאי משקם,דיפלומט מפיצים {1968}בעמ,,,יח,6.60,"ל100 מ""ל",false,1,18.90,2.86,false,1,
8001090832894,false,פנטן  מרכך  לחות מוגברת,דיפלומט מפיצים {1968}בעמ,,,יח,6.60,"ל100 מ""ל",false,1,18.90,2.86,false,1,
8001090832931,false,פנטן  מרכך  למגע רך כמשי,דיפלומט מפיצים {1968}בעמ,,,יח,6.60,"ל100 מ""ל",false,1,18.90,2.86,false,1,
8001090832979,false,פנטן  מרכך לתלתלים מושלמים,דיפלומט מפיצים {1968}בעמ,,,יח,6.60,"ל100 מ""ל",false,1,18.90,2.86,false,1,
8001090833051,false,פנטן  מרכך  הזנת קרטין,דיפלומט מפיצים {1968}בעמ,,,יח,6.60,"ל100 מ""ל",false,1,18.90,2.86,false,1,
8001090833136,false,אריאל  ג`ל  בייבי  2.255,דיפלומט מפיצים {1968}בעמ,,,יח,2.2250,"ל100 מ""ל",false,1,31.90,14.34,false,1,
8001090886385,false,לנור כדוריות  בניחוח רען 210 גר`,דיפלומט מפיצים {1968}בעמ,,,יח,2.10,ל 100 גרם,false,1,17.90,8.52,false,1,
8001090899194,false,תחבושות  אולוויז פלטניום נורמל 24 יח`,דיפלומט מפיצים {1968}בעמ,,,יח,1,,false,1,19.90,19.90,false,1,
8001090899224,false,תחבושות  אולוויז פלטניום  לונג 20`,דיפלומט מפיצים {1968}בעמ,,,יח,1,,false,1,19.90,19.90,false,1,
8001090899255,false,תחבושות  אולוויז פלטניום  ליליה 16,דיפלומט מפיצים {1968}בעמ,,,יח,1,,false,1,19.90,19.90,false,1,
8001090899286,false,תחבושות  אולוויז פלטניום  לילה 14,דיפלומט מפיצים {1968}בעמ,,,יח,1,,false,1,19.90,19.90,false,1,
8001090943095,false,פיירי אנטיבקטריאלי 1.01 ליטר,דיפלומט מפיצים {1968}בעמ,,,יח,1.24,"ל100 מ""ל",false,1,14.80,11.94,true,1,
8001090988362,false,"שמפו פאנטן  לחות מוגברת 500 מ""ל",דיפלומט מפיצים {1968}בעמ,,,יח,0.50,"ל100 מ""ל",false,1,17.90,35.80,false,1,
8001244002555,false,מייבש כביסה מלניום איכותי,סקטור אפיקים בעמ,,,יח,1,,false,1,59.90,59.90,false,1,
8001244003422,false,מייבש כביסה פלסטיק,סקטור אפיקים בעמ,,,יח,0,ל 100 גרם,false,1,135,135,false,1,
8001620011935,false,שישית סאן בנדטו מוגז עדין,טמפו משקאות בעמ,,,יח,1,,false,1,13.70,13.70,false,1,
8001620017456,false,"שישית מים סן בנדטו 500 מ""ל",טמפו משקאות בעמ,,,יח,30,"ל100 מ""ל",false,1,13.70,0.40,false,1,
8001841427126,false,מגן תחתון אולדייז  מגה   פק נורמל 64,דיפלומט מפיצים {1968}בעמ,,,יח,1,,false,1,19.90,19.90,false,1,
8001841623061,false,חיתולי  פמפרס  בייבי גריי  מידה 1,דיפלומט מפיצים {1968}בעמ,,,יח,1,,false,1,15.90,15.90,false,1,
8001841625188,false,"פיירי  פלטיניום לימון 515 מ""ל",דיפלומט מפיצים {1968}בעמ,,,יח,5.15,"ל100 מ""ל",false,1,10.90,2.12,false,1,
8001841669465,false,אריאל  קפסולות 24 יח`,דיפלומט מפיצים {1968}בעמ,,,יח,1,ל 100 גרם,false,1,32.90,32.90,false,1,
8001841669519,false,אריאל  קפסולות לכביסה 55 יח`,דיפלומט מפיצים {1968}בעמ,,,יח,55,יח,false,1,54.90,1,false,1,
8001841958460,false,פיירי טבליות למדיח 48 יח`,דיפלומט מפיצים {1968}בעמ,,,יח,1,,false,1,34.90,34.90,false,1,
8001895084603,false,קולפן 84/60 פלסטי,ברוך רוזנשטין בעמ,,,יח,1,,false,1,12.90,12.90,false,1,
8001931120944,false,פסטה  קן לציפור דק   500 גר`,נאמן לאורך זמן בעמ,,,יח,5,ל 100 גרם,false,1,7.50,1.50,false,1,
8001931121002,false,פסטה  קן לציפור עבה   500 גר`,נאמן לאורך זמן בעמ,,,יח,5,ל 100 גרם,false,1,7.50,1.50,false,1,
8002267015263,false,ביצית  הפתעה  מאשה והדוב  שלישיה,ש.שסטוביץ בעמ,,,יח,0.60,ל 100 גרם,false,1,12.90,21.50,false,1,
8002270236792,false,סן פלגרינו אסנזה לימון שישיה,טמפו משקאות בעמ,,,יח,30,"ל100 מ""ל",false,1,29.90,0.94,false,1,
8002270256790,false,סן פלגרינו אסנזה תפוז אדום  שישיה,טמפו משקאות בעמ,,,יח,30,"ל100 מ""ל",false,1,29.90,0.94,false,1,
8002910043476,false,ויט רצועות שעווה  לקו בקיני,רקיט בנקיסר (ניר איסט),,,יח,1,,false,1,24.90,24.90,true,1,
8003440997710,false,צ`ופה מסטיק ט. קולה לימון   20 יח`,ליימן שליסל בעמ,,,יח,0.2760,ל 100 גרם,false,1,2.90,10.51,true,1,
8003440997741,false,ביג באבול ט. תפוח  20 יח`,ליימן שליסל בעמ,,,יח,0.2760,ל 100 גרם,false,1,2.90,10.51,true,1,
8003440997772,false,ביג באבול ט. פטל צובע   20 יח`,ליימן שליסל בעמ,,,יח,0.2760,ל 100 גרם,false,1,2.90,10.51,true,1,
8003440997871,false,מנטוס   פיורש תות שדה,ליימן שליסל בעמ,,,יח,1.28,ל 100 גרם,false,1,19.90,15.55,false,1,
8003576901865,false,מברשת שירותים שחורה פיור,ברוך רוזנשטין בעמ,,,יח,1,,false,1,21.90,21.90,false,1,
8003576901902,false,כוס ליאופרד אפור,אוהב ציון בעמ,,,יח,1,,false,1,9.90,9.90,false,1,
8003576901926,false,מתקן אפור למברשת שיניים,אוהב ציון בעמ,,,יח,1,,false,1,11.90,11.90,false,1,
8003576911253,false,"בקבוק לחיץ פלסטי 480 מ""ל",ברוך רוזנשטין בעמ,,,יח,1,,false,1,5.90,5.90,false,1,
8003576931985,false,אלמוגית לבנה 370,ברוך רוזנשטין בעמ,,,יח,1,,false,1,10.90,10.90,false,1,
8004030177000,false,טונה מריו שמן זית דיפלומט,ש.שסטוביץ בעמ,,,יח,2.40,ל 100 גרם,false,1,29.90,12.46,false,1,
8004030344938,false,שלישית טונה מריו שמן זית דיפלומט,ש.שסטוביץ בעמ,,,יח,2.40,ל 100 גרם,false,1,29.90,12.46,false,1,
8004800004819,false,לאגו פלאסיר גלילי ופל במילוי  א. לוז,תה ויסוצקי (ישראל)בעמ,,,יח,1.10,ל 100 גרם,false,1,9.90,9,false,1,
8004800004826,false,לאגו פלאסיר גלילי ופל במילוי ק. קוקוס,תה ויסוצקי (ישראל)בעמ,,,יח,0.98,ל 100 גרם,false,1,9.90,10.10,false,1,
8005200256587,false,נסטי  טעם אפרסק 1.5 ליטר,טמפו משקאות בעמ,,,יח,15,"ל100 מ""ל",false,1,7.90,0.51,false,1,
8005200286584,false,נסטי  טעם  מנגו  אננס 1.5 ליטר,טמפו משקאות בעמ,,,יח,15,"ל100 מ""ל",false,1,7.90,0.51,false,1,
8005200316588,false,נסטי  טעם אפרסק 1.5 ליטר,טמפו משקאות בעמ,,,יח,15,"ל100 מ""ל",false,1,7.90,0.51,false,1,
8005803010357,false,גרסיני קלאסי,ליימן שליסל בעמ,,,יח,1.25,יח,false,1,5.90,4.72,false,1,
8005803010371,false,גרסיני  רוזמרין,ליימן שליסל בעמ,,,יח,1.25,יח,false,1,5.90,4.72,false,1,
8005803010586,false,גרסיני  פיצה,ליימן שליסל בעמ,,,יח,1.25,יח,false,1,5.90,4.72,false,1,
8005803010661,false,גרסיני  שומשום,ליימן שליסל בעמ,,,יח,1.25,יח,false,1,5.90,4.72,false,1,
8006540091906,false,לנור  כדוריות  ניחוח אריאל,דיפלומט מפיצים {1968}בעמ,,,יח,1.40,ל 100 גרם,false,1,17.90,12.79,false,1,
8006540112793,false,"לנור מרכך מרוכז בניחוח יסמין  900 מ""",דיפלומט מפיצים {1968}בעמ,,,יח,0.90,לליטר,false,1,14.90,16.56,false,1,
8006540112823,false,לנור מרכך מרוכז בניחוח  האוקינוס  900,דיפלומט מפיצים {1968}בעמ,,,יח,0.90,לליטר,false,1,14.90,16.56,false,1,
8006540112854,false,"לנור מרכך מרוכז בניחוח סחלב  900 מ""",דיפלומט מפיצים {1968}בעמ,,,יח,0.90,לליטר,false,1,14.90,16.56,false,1,
8006540425930,false,אריאל  קפסולות  לכתמים קשים24 יח`,דיפלומט מפיצים {1968}בעמ,,,יח,1,ל 100 גרם,false,1,32.90,32.90,false,1,
8006540428368,false,פמפרס בייבי דריי מידה  1  40 יח`,דיפלומט מפיצים {1968}בעמ,,,יח,1,,false,1,30.90,30.90,false,1,
8006540495186,false,"לנור    מרכך כביסה בייבי 900 מ""ל",דיפלומט מפיצים {1968}בעמ,,,יח,1,לליטר,false,1,14.90,14.90,false,1,
8006540495247,false,"לנור  מרכך כביסה פ. בר  900 מ""ל",דיפלומט מפיצים {1968}בעמ,,,יח,1,לליטר,false,1,14.90,14.90,false,1,
8008660210021,false,מעדן דובדבן  300 גר`,תה ויסוצקי (ישראל)בעמ,,,יח,3,ל 100 גרם,false,1,15.90,5.30,false,1,
8008660210038,false,מעדן  תות שדה   300 גר`,תה ויסוצקי (ישראל)בעמ,,,יח,3,ל 100 גרם,false,1,15.90,5.30,false,1,
8008912010034,false,ספגטי  מס`3,תה ויסוצקי (ישראל)בעמ,,,ל 100 גרם,2.50,ל 100 גרם,false,1,7.90,3.16,true,1,
8008912010317,false,פסטה פוזלי   מס`31,תה ויסוצקי (ישראל)בעמ,,,ל 100 גרם,2.50,ל 100 גרם,false,1,7.90,3.16,true,1,
8008912010423,false,פסטה פנה ריגטה    מס`42,תה ויסוצקי (ישראל)בעמ,,,ל 100 גרם,2.50,ל 100 גרם,false,1,7.90,3.16,true,1,
8008920990243,false,יין מבעבע לבן חצי מתוק,יורוסטנדרט בעמ,,,יח,7.50,"ל100 מ""ל",false,1,21.90,2.88,false,1,
8009470009096,false,סימבה  חתול  415  גר`שימורי  דג,נאמן לאורך זמן בעמ,,,יח,4.15,ל 100 גרם,false,1,4,0.96,false,1,
8009470009546,false,סימבה  חתול  415  גר`שימורי  כבש,נאמן לאורך זמן בעמ,,,יח,4.15,ל 100 גרם,false,1,4,0.96,false,1,
8014595220240,false,"מקל מתכת 140 ס""מ חביב*",חביב את פרנק בעמ (לוגיסטי ),,,יח,1,,false,1,5.90,5.90,false,1,
8014601026354,false,"קמח  פיצה השף קאפוטו 1 ק""ג",דיפלומט מפיצים {1968}בעמ,,,יח,1,ל 100 גרם,false,1,12.90,12.90,false,1,
8014601028747,false,"קמח  אקסטרא  קאפוטו 1 ק""ג",דיפלומט מפיצים {1968}בעמ,,,יח,1,ל 100 גרם,false,1,12.90,12.90,false,1,
8014601999870,false,"קמח  סמולינה  קאפוטו 1 ק""ג",דיפלומט מפיצים {1968}בעמ,,,יח,1,ל 100 גרם,false,1,12.90,12.90,false,1,
8025358603248,false,מברשת ביצה 26ס|מ קיטשן,ברוך רוזנשטין בעמ,,,יח,1,,false,1,17.90,17.90,false,1,
8025358603262,false,לקקן 28 סילי קיטשן,ברוך רוזנשטין בעמ,,,יח,1,,false,1,17.90,17.90,false,1,
8025358611274,false,כף שטוחה   במבוק טרמוס 1/2 ליטר,ברוך רוזנשטין בעמ,,,יח,1,,false,1,5.90,5.90,false,1,
8025358620313,false,"בקבוק טרמוס 500 מ""ל נירוסטה",ברוך רוזנשטין בעמ,,,יח,1,,false,1,34.90,34.90,false,1,
8025358628692,false,מצקת  23  נירוסטה,ברוך רוזנשטין בעמ,,,יח,1,,false,1,6.90,6.90,false,1,
8025358629019,false,מחבת שקשוקה  נירוסטה 18/6 גולן,ברוך רוזנשטין בעמ,,,יח,1,,false,1,59.90,59.90,false,1,
8025358629385,false,מחבת שקשוקה  נירוסטה 20*6 גולן,ברוך רוזנשטין בעמ,,,יח,1,,false,1,68.90,68.90,false,1,
8025358630695,false,אלמוגית  פסים  כפולה,ברוך רוזנשטין בעמ,,,יח,1,,false,1,17.90,17.90,false,1,
8025358630824,false,+רולר לבצק  פיקולו 3265,ברוך רוזנשטין בעמ,,,יח,1,,false,1,14.90,14.90,false,1,
8025358633962,false,נטלה 1 ליטר +2 ידיות,ברוך רוזנשטין בעמ,,,יח,1,,false,1,14.90,14.90,false,1,
8025358634068,false,סט 3 כפות  מדריד,ברוך רוזנשטין בעמ,,,יח,1,,false,1,10.90,10.90,false,1,
8025358638448,false,קומקום דקוטה 110,ברוך רוזנשטין בעמ,,,יח,1,,false,1,39.90,39.90,false,1,
8032880800243,false,פיקניק הפתעה 50 גר,ליימן שליסל בעמ,,,יח,0.50,ל 100 גרם,false,1,6.90,13.80,false,1,
8076800195033,false,ספגטי מס  3,ש.שסטוביץ בעמ,,,יח,5,ל 100 גרם,false,1,6.90,1.38,true,1,
8076800195057,false,פסטה ברילה ספגנט,ש.שסטוביץ בעמ,,,יח,5,ל 100 גרם,false,1,6.90,1.38,true,1,
8076800315097,false,פסטה ברילה ספגטי,ש.שסטוביץ בעמ,,,יח,5,ל 100 גרם,false,1,6.90,1.38,true,1,
8076802085738,false,פסטה ברילה פנה ר,ש.שסטוביץ בעמ,,,יח,5,ל 100 גרם,false,1,6.90,1.38,true,1,
8076802085837,false,ברילה טורטליוני,ש.שסטוביץ בעמ,,,יח,5,ל 100 גרם,false,1,6.90,1.38,true,1,
8076802085936,false,פסטה ברילה קונציליאה,ש.שסטוביץ בעמ,,,יח,5,ל 100 גרם,false,1,6.90,1.38,true,1,
8076802085981,false,פתיתים ברילה,ש.שסטוביץ בעמ,,,יח,5,ל 100 גרם,false,1,6.90,1.38,true,1,
8076808060654,false,ספגטי ברילה פרפל,ש.שסטוביץ בעמ,,,יח,5,ל 100 גרם,false,1,6.90,1.38,true,1,
8076808150072,false,ברילה ספגטי 7,ש.שסטוביץ בעמ,,,יח,5,ל 100 גרם,false,1,6.90,1.38,true,1,
8076809512268,false,גירנדולה מס  34,ש.שסטוביץ בעמ,,,יח,5,ל 100 גרם,false,1,6.90,1.38,true,1,
8076809513395,false,רוטב פומדור,ש.שסטוביץ בעמ,,,יח,4,ל 100 גרם,false,1,13.90,3.48,false,1,
8076809513692,false,רוטב נפוליטנה,ש.שסטוביץ בעמ,,,יח,4,ל 100 גרם,false,1,13.90,3.48,false,1,
8076809523714,false,ברילה,ש.שסטוביץ בעמ,,,יח,5,ל 100 גרם,false,1,25.90,5.18,false,1,
8076809529433,false,פנטה  חיטה מלאה,ש.שסטוביץ בעמ,,,יח,5,ל 100 גרם,false,1,14.90,2.98,false,1,
8121300206946,false,טרוביה - סטיביה ממתיק 80 שקיקים,גורי ע.ע.ע בעמ,,,יח,0.80,ל 100 גרם,false,1,19.90,24.88,false,1,
8202184912944,false,פמוט אקווריום 2 קנים,אבי מתנות בעמ,,,יח,1,,false,1,46.90,46.90,false,1,
8202184913045,false,מלחיה  קריסטל פתוחה,אבי מתנות בעמ,,,יח,1,,false,1,34.90,34.90,false,1,
8231326549511,false,סיר דגים אלומיניום 40,א. דינצי ובניו בעמ,,,יח,1,,false,1,75,75,false,1,
8410076600622,false,חטיף קרנצ`י שבבי שוקולד מריר,ליימן שליסל בעמ,,,יח,2.10,ל 100 גרם,false,1,15.90,7.57,true,1,
8410076610379,false,ניישטר ואלי פרוטאין בוטנים ללר גלוטן,ליימן שליסל בעמ,,,יח,2.10,ל 100 גרם,false,1,22.90,10.90,false,1,
8410076610492,false,חטיף   צואי  חמאת בוטנים,ליימן שליסל בעמ,,,יח,2.10,ל 100 גרם,false,1,15.90,7.57,true,1,
8410076610508,false,חטיף   צואי שוקולד מריר,ליימן שליסל בעמ,,,יח,2.10,ל 100 גרם,false,1,15.90,7.57,true,1,
8410076621009,false,חטיף  פייבר  קרמל מלוח,ליימן שליסל בעמ,,,יח,1.20,ל 100 גרם,false,1,14.90,12.42,true,1,
8410076621047,false,חטיף   פייבר  שוקולד מריר,ליימן שליסל בעמ,,,יח,2.10,ל 100 גרם,false,1,14.90,7.10,true,1,
8410104039134,false,פיניש מנקה ומחדש,רקיט בנקיסר (ניר איסט),,,יח,2.50,"ל100 מ""ל",false,1,19.90,7.96,false,1,
8410104045111,false,מלח למדיח פיניש בודד,רקיט בנקיסר (ניר איסט),,,יח,0,יח,false,1,14.90,14.90,false,1,
8410104437268,false,פיניש ציטרופפרש  מנטה,רקיט בנקיסר (ניר איסט),,,יח,0.27,ל 100 גרם,false,1,14.90,55.19,false,1,
8410104511340,false,ויט רצועות שעווה יבש,רקיט בנקיסר (ניר איסט),,,יח,1,,false,1,24.90,24.90,true,1,
8410128768324,false,משקה סויה שקדים   1 ליטר,טמפו משקאות בעמ,,,יח,10,"ל100 מ""ל",false,1,10.90,1.09,false,1,
8410128768355,false,משקה סויה 1 ליטר,טמפו משקאות בעמ,,,יח,10,"ל100 מ""ל",false,1,10.20,0.99,false,1,
8410128783587,false,משקה סויה 1 שיבולת שועל 1 ליטר,טמפו משקאות בעמ,,,יח,10,"ל100 מ""ל",false,1,11.20,1.09,false,1,
8410793263834,false,בירה דאורה דאם ללא גלוטן  שישיה,החברה המרכזית להפצת משקאות בע,,,יח,21.60,"ל100 מ""ל",false,1,59.90,2.69,false,1,
8412168002529,false,מחייה 13  לימונים,אגודת הכורמים בעמ,,,יח,7,"ל100 מ""ל",false,1,54.90,7.80,true,1,
8412497565122,false,צלחת פולי לבנה,שמחה זה אנחנו בעמ,,,יח,1,,false,1,11,11,false,1,
8423207206488,false,סלים דליס חלב  חטיף בריאות,ש.שסטוביץ בעמ,,,יח,1.20,ל 100 גרם,false,1,9.90,8.25,false,1,
8423207206495,false,סלים דליס  מריר  חטיף בריאות,ש.שסטוביץ בעמ,,,יח,1.20,ל 100 גרם,false,1,9.90,8.25,false,1,
8423207207362,false,סלים דליס  חטיף בריאות ש. לבן,ש.שסטוביץ בעמ,,,יח,1.20,ל 100 גרם,false,1,9.90,8.25,false,1,
8423207208697,false,סלים דליס לילדים עם שוקולד לבן,ש.שסטוביץ בעמ,,,יח,78,ל 100 גרם,false,1,9.90,0.13,false,1,
8423207208871,false,פרכיות  תירס בטעם  טבעי,גורי מוצרי צריכה 1991 בעמ,,,יח,1.30,ל 100 גרם,false,1,8.90,6.85,false,1,
8423207208895,false,פרכיות  תירס בטעם  זיתים ועירית,גורי מוצרי צריכה 1991 בעמ,,,יח,1.30,ל 100 גרם,false,1,8.90,6.85,false,1,
8423207210287,false,סלים דליס  חטיף בריאות ש. חלב,ש.שסטוביץ בעמ,,,יח,12,ל 100 גרם,false,1,9.90,0.83,false,1,
8423207210928,false,סלים דליס  טופינג אגוזי לוז,ש.שסטוביץ בעמ,,,יח,0.90,ל 100 גרם,false,1,9.90,11,false,1,
8435495805106,false,"ביומט  משב מרענן  5ק""ג ק",ליימן שליסל בעמ,,,יח,50,ל 100 גרם,false,1,29.90,0.60,false,1,
8435495805199,false,"תינוקלין 3 ק""ג",ליימן שליסל בעמ,,,יח,30,ל 100 גרם,false,1,43.90,1.46,false,1,
8435495807605,false,תינוקלין מרכך כביסה 1 ליטר,ליימן שליסל בעמ,,,יח,10,,false,1,17.90,1.79,false,1,
8435495807636,false,תינוקלין  ג`ל כביסה 2 ליטר,ליימן שליסל בעמ,,,יח,20,"ל100 מ""ל",false,1,29.90,1.50,false,1,
8680838527102,false,בלונים לשבור את הקרח 12 יח,הבלון הפורח,,,יח,1,למארז,false,1,9.90,9.90,false,1,
8680838527188,false,בלונים ספיידרמן 12 יח,הבלון הפורח,,,יח,1,למארז,false,1,9.90,9.90,false,1,
8681554540727,false,מצעי ג`רסי  מיטה וחצי  קומפלט,סקטור אפיקים בעמ,,,יח,10,יח,false,1,79.90,7.99,false,1,
8682376710435,false,נייר טואלט בלינו 32  יח* (3 במארז),ווינפאק סחר בעמ,,,יח,32,יח,false,1,25.90,0.81,false,1,
8683130008355,false,HELLMANNS REAL SQUEEZED BDZ 12X0.385KG,"יוניליוור ישראלשיווק בע""מ",,,יח,4,ל 100 גרם,false,1,11.90,2.98,false,1,
8683130008935,false,קטשופ מיונז הלמנס,"יוניליוור ישראלשיווק בע""מ",,,יח,4.25,ל 100 גרם,false,1,11.90,2.80,false,1,
8683130012666,false,מגנום דאבל  לבן עוגיות,"גלידת שטראוס בע""מ",,,יח,0.85,ל 100 גרם,false,1,9.90,11.65,true,1,
8683130025574,false,BADIN RC CONC LIQUID WHITE 16X960ML,"יוניליוור ישראלשיווק בע""מ",,,יח,96,"ל100 ס""מ",false,1,15.90,0.17,false,1,
8683323063024,false,סוכריות טעם תותי פרוטי,ליימן שליסל בעמ,,,יח,2.20,ל 100 גרם,false,1,5.90,2.68,false,1,
8686868600037,false,אביזרי  שיער טל טל,אל האופק שיווק וסחר,,,יח,0,יח,false,1,5.90,5.90,false,1,
8686868600051,false,אביזרי  שיער טל טל,אל האופק שיווק וסחר,,,יח,0,יח,false,1,7.90,7.90,false,1,
8686868600068,false,אביזרי  שיער טל טל,אל האופק שיווק וסחר,,,יח,0,יח,false,1,8.90,8.90,false,1,
8686868600075,false,אביזרי  שיער טל טל,אל האופק שיווק וסחר,,,יח,0,יח,false,1,9.90,9.90,false,1,
8686868600099,false,אביזרי  שיער טל טל,אל האופק שיווק וסחר,,,יח,0,יח,false,1,11.90,11.90,false,1,
8686868600105,false,אביזרי  שיער טל טל,אל האופק שיווק וסחר,,,יח,0,יח,false,1,12.90,12.90,false,1,
8686868600112,false,אביזרי  שיער טל טל,אל האופק שיווק וסחר,,,יח,0,יח,false,1,13.90,13.90,false,1,
8686868600129,false,אביזרי  שיער טל טל,אל האופק שיווק וסחר,,,יח,0,יח,false,1,14.90,14.90,false,1,
8686868600136,false,אביזרי  שיער טל טל,אל האופק שיווק וסחר,,,יח,0,יח,false,1,15.90,15.90,false,1,
8686868600150,false,אביזרי  שיער טל טל,אל האופק שיווק וסחר,,,יח,0,יח,false,1,17.90,17.90,false,1,
8686868600174,false,תיק רחצה  טל טל,אל האופק שיווק וסחר,,,יח,0,יח,false,1,19.90,19.90,false,1,
8686868600204,false,אביזרי מניקור   טל טל,אל האופק שיווק וסחר,,,יח,0,יח,false,1,9.90,9.90,false,1,
8686868600211,false,מטרייה ילדים,אל האופק שיווק וסחר,,,יח,0,יח,false,1,19.90,19.90,false,1,
8686868600235,false,אביזרי מניקור   טל טל,אל האופק שיווק וסחר,,,יח,0,יח,false,1,12.90,12.90,false,1,
8686868600259,false,מטריה טל טל,אל האופק שיווק וסחר,,,יח,0,יח,false,1,29.90,29.90,false,1,
8690030014119,false,"קופסאת איחסון  מרובעת 425 מ""ל",אוהב ציון בעמ,,,יח,1,,false,1,12.90,12.90,false,1,
8690451096079,false,דומינו קופסא,צעצועי דניאל בעמ,,,יח,1,,false,1,15.90,15.90,false,1,
8690526019147,false,וופל   במילוי קרם אגוזי לוז,גורי ע.ע.ע בעמ,,,יח,1.42,ל 100 גרם,false,1,7.90,5.56,false,1,
8690526019154,false,וופל  קקאו במילוי קרם קקאו 142 גר`,גורי ע.ע.ע בעמ,,,יח,1.42,ל 100 גרם,false,1,7.90,5.56,false,1,
8690637007705,false,שלגון מעדן קפוא וניל ומסטיק,"גלידת שטראוס בע""מ",,,יח,0.80,ל 100 גרם,false,1,5.90,7.38,true,1,
8690637073434,false,LIPTON EARL GREY 100 SERVICE 6X200G,"יוניליוור ישראלשיווק בע""מ",,,יח,2,ל 100 גרם,false,1,19.90,9.95,false,1,
8690637503856,false,HELLMANNS REAL SQUEEZED BDZ 12X0.385KG,"יוניליוור ישראלשיווק בע""מ",,,יח,3.55,ל 100 גרם,false,8,11.90,3.35,false,1,
8690637504426,false,CIF LEMON CREAM 16X500 ML,"יוניליוור ישראלשיווק בע""מ",,,יח,5,"ל100 מ""ל",false,1,10.90,2.18,false,1,
8690637505607,false,BADIN RC CONC LIQUID BLUE 16X960ML,"יוניליוור ישראלשיווק בע""מ",,,יח,96,"ל100 ס""מ",false,16,15.90,0.17,false,1,
8690637555084,false,BADIN RC CONC LIQUID WHITE 16X960ML,"יוניליוור ישראלשיווק בע""מ",,,יח,96,"ל100 ס""מ",false,1,15.90,0.17,false,1,
8690637704277,false,דאב שמפו יום יומי 2 ב -1600מל*,"יוניליוור ישראלשיווק בע""מ",,,יח,6,"ל100 מ""ל",false,1,15.90,2.65,false,1,
8690637704291,false,דאב שמפו משקם 600מל*,"יוניליוור ישראלשיווק בע""מ",,,יח,6,"ל100 מ""ל",false,1,15.90,2.65,false,1,
8690637704376,false,דאב שמפו יום יומי 600מל*,"יוניליוור ישראלשיווק בע""מ",,,יח,6,"ל100 מ""ל",false,1,15.90,2.65,false,1,
8690637704413,false,דאב מרכך משקם 600מל*,"יוניליוור ישראלשיווק בע""מ",,,יח,6,"ל100 מ""ל",false,1,15.90,2.65,false,1,
8690637835643,false,ליפטון תה ירוק  לואיזה ולימונית *,"יוניליוור ישראלשיווק בע""מ",,,יח,32,ל 100 גרם,false,1,15.90,0.50,false,1,
8690637842382,false,מגנום דאבל פרי יער,"גלידת שטראוס בע""מ",,,יח,0.85,ל 100 גרם,false,1,9.90,11.65,true,1,
8690637858734,false,CIF WC THICK BLEACH LIQUID 750ML,"יוניליוור ישראלשיווק בע""מ",,,יח,7.50,"ל100 מ""ל",false,1,9.90,1.32,false,1,
8690637858741,false,CIF CONC. BLEACH OCEAN BREEZE 20X750ML,"יוניליוור ישראלשיווק בע""מ",,,יח,7.50,"ל100 מ""ל",false,1,9.90,1.32,false,1,
8690637866654,false,ליפטון  ירוק מעטפות קלאסי*,"יוניליוור ישראלשיווק בע""מ",,,יח,32,ל 100 גרם,false,1,24.90,0.78,false,1,
8690637871047,false,"דאב שמפו שמן קוקוס וכורכום  600  מ""ל*","יוניליוור ישראלשיווק בע""מ",,,יח,6,"ל100 מ""ל",false,1,15.90,2.65,false,1,
8690637871061,false,"דאב שמפו עם שמן אבוקדו 600 מ""ל","יוניליוור ישראלשיווק בע""מ",,,יח,6,"ל100 מ""ל",false,1,15.90,2.65,false,1,
8690637871108,false,HELLAMNN`S FOR SALADS 1000 ISLANDS,"יוניליוור ישראלשיווק בע""מ",,,יח,2.85,"ל100 מ""ל",false,1,11.90,4.18,false,1,
8690637871245,false,HELLMANNS REAL SQUEEZED BDZ 12X0.385KG,"יוניליוור ישראלשיווק בע""מ",,,יח,3.95,ל 100 גרם,false,1,11.90,3.01,false,1,
8690637890666,false,מגנום  מיני מארז דאבל,"גלידת שטראוס בע""מ",,,יח,1,,false,1,35.90,35.90,false,1,
8690637946318,false,"בדין  בייבי טאלק  960  מ""ל*","יוניליוור ישראלשיווק בע""מ",,,יח,9.60,ל 100 גרם,false,1,16.90,1.76,false,1,
8690637971310,false,BADIN RC CONC LIQUID WHITE 16X960ML,"יוניליוור ישראלשיווק בע""מ",,,יח,96,"ל100 ס""מ",false,1,15.90,0.17,false,1,
8690637976995,false,BADIN RC CONC LIQUID WHITE 16X960ML,"יוניליוור ישראלשיווק בע""מ",,,יח,96,"ל100 ס""מ",false,1,15.90,0.17,false,1,
8690637987298,false,ספריי ניקוי כללי ללא  אקונומיקה*,"יוניליוור ישראלשיווק בע""מ",,,יח,7.53,"ל100 מ""ל",false,1,13.90,1.85,false,1,
8690637989612,false,מגנום  מיני מארז,"גלידת שטראוס בע""מ",,,יח,1,,false,1,35.90,35.90,false,1,
8690637989629,false,מגנום דאבל דולצ`ה,"גלידת שטראוס בע""מ",,,יח,0.85,ל 100 גרם,false,1,9.90,11.65,true,1,
8690758011025,false,צמר גפן לוקס 100 ג`*,פלסטו פוליש (ברקן)בעמ,,,יח,1,,false,1,3.90,3.90,false,1,
8690766156367,false,שוקולד  חלב מעולה,תה ויסוצקי (ישראל)בעמ,,,יח,0.90,ל 100 גרם,false,1,14.90,16.56,true,1,
8690766156381,false,שוקולד מריר 90%,תה ויסוצקי (ישראל)בעמ,,,יח,0.90,ל 100 גרם,false,1,14.90,16.56,true,1,
8690777203012,false,פלפל לא חריף כבוש 600ג ויליפוד*,ג.וילי פוד בעמ,,,יח,6,ל 100 גרם,false,1,10.90,1.82,false,1,
8690777204071,false,פלפל חריף 640ג   ויליפוד  *,ג.וילי פוד בעמ,,,יח,6.40,ל 100 גרם,false,1,10.90,1.70,false,1,
8690777206051,false,חציל קלוי 650ג   ויליפוד*,ג.וילי פוד בעמ,,,יח,6.50,ל 100 גרם,false,1,10.90,1.68,false,1,
8690777221405,false,פלפל אדום קלוי 650ג  ויליפוד*,ג.וילי פוד בעמ,,,יח,6.50,ל 100 גרם,false,1,10.90,1.68,false,1,
8690784516440,false,טואלט דאק  נוזל לבנדר   בודד,"דנשר (1963) בע,מ",,,יח,7.50,"ל100 מ""ל",false,1,10.90,1.45,true,1,
8690784616775,false,דאק  סבון  מ וצק אקווה בלו 4ב-1,"דנשר (1963) בע,מ",,,יח,3,"ל100 מ""ל",false,1,10.90,3.63,false,1,
8690784711777,false,דאק  סבון ניקוי  לאסלה אקונוניקה מקציפה,"דנשר (1963) בע,מ",,,יח,3,"ל100 מ""ל",false,1,6.90,2.30,true,1,
8690828120015,false,"פסטה ספגטי 400ג  OBA בד""ץ (20 בקר`)ZZ",מיקי עוז עסקים בעמ,,,יח,4,ל 100 גרם,false,1,3.90,0.98,true,1,
8691459105013,false,פח דוושה צר 10 לבן,סקטור אפיקים בעמ,,,יח,1,,false,1,32.90,32.90,false,1,
8691459105044,false,פח דוושה  צר 10 אפור,סקטור אפיקים בעמ,,,יח,1,,false,1,32.90,32.90,false,1,
8691459106508,false,קופסא 2000 LOCKFIT,סקטור אפיקים בעמ,,,יח,10,יח,false,1,12.90,1.29,false,1,
8691459106607,false,קופסא מלבנית 4000 אןקסן,סקטור אפיקים בעמ,,,יח,1,,false,1,19.90,19.90,false,1,
8691459142001,false,קופסא לקונפלקס 1750,סקטור אפיקים בעמ,,,יח,1,,false,1,12.90,12.90,false,1,
8691459804008,false,פעמון עוגה,סקטור אפיקים בעמ,,,יח,10,יח,false,1,35,3.50,false,1,
8691913500194,false,מייבש כביסה מלניום איכותי,סקטור אפיקים בעמ,,,יח,1,,false,1,64.90,64.90,false,1,
8692952200274,false,כוס מים מעוטר 3,אקסטרה ריטייל גרופ בעמ,,,יח,1,,false,1,11.90,11.90,false,1,
8692952200298,false,כוס לונג  מעוטר 3,אקסטרה ריטייל גרופ בעמ,,,יח,1,,false,1,12.90,12.90,false,1,
8693323085100,false,יוגטה  שטיחים חמוצים   100  גר`,ליימן שליסל בעמ,,,יח,1,ל 100 גרם,false,1,4.90,4.90,false,1,
8693357092518,false,סט כוסות מים 200,אקסטרה ריטייל גרופ בעמ,,,יח,1,,false,1,10.90,10.90,false,1,
8693357192881,false,סט פיירקס עגול 3 יח`,אקסטרה ריטייל גרופ בעמ,,,יח,1,,false,1,85.90,85.90,false,1,
8693395002777,false,צנצנת לתבלינים פלסטיק,סקטור אפיקים בעמ,,,יח,1,יח,false,1,4.90,4.90,false,1,
8693395008007,false,ארגונית למטבח,סקטור אפיקים בעמ,,,יח,10,יח,false,1,7.90,0.79,false,1,
8693395008113,false,מגש איחסון ביצים,סקטור אפיקים בעמ,,,יח,10,יח,false,1,14.90,1.49,false,1,
8693395008458,false,"אירגונית  לסכו""ם סקטור",סקטור אפיקים בעמ,,,יח,10,יח,false,1,18.90,1.89,false,1,
8693395008861,false,קופסאת איחסון שקופה מקסי,סקטור אפיקים בעמ,,,יח,10,יח,false,1,14.90,1.49,false,1,
8693495051255,false,מברשת  קולגייט סלים סופט גולד זוג,ש.שסטוביץ בעמ,,,יח,1,,false,1,29.90,29.90,false,1,
8693609131866,false,"קרש גיהוץ 38/120  ס""מ",אוהב ציון בעמ,,,יח,1,,false,1,129,129,false,1,
8693609179622,false,קרש גיהוץ קיטור 120/38,אוהב ציון בעמ,,,יח,1,,false,1,189,189,false,1,
8694313000912,false,.פח אשפה  פרפר 50 ליטר,צעצועי דניאל בעמ,,,יח,1,,false,1,54.90,54.90,false,1,
8694313000936,false,פח אשפה  פרפר 20 ליטר,צעצועי דניאל בעמ,,,יח,1,,false,1,29.90,29.90,false,1,
8696219348723,false,מכסה למיקרו גל,צעצועי דניאל בעמ,,,יח,1,,false,1,6.90,6.90,false,1,
8696601040754,false,מפיץ ריח  חגיגת פרחים,סקטור אפיקים בעמ,,,יח,1,,false,1,17.90,17.90,false,1,
8697404111511,false,פח אשפה 20 ליטר,אוהב ציון בעמ,,,יח,1,,false,1,46.90,46.90,false,1,
8697404114246,false,קערת פלסטיק שקופה,צעצועי דניאל בעמ,,,יח,1,,false,1,9.90,9.90,false,1,
8697404115700,false,קופסאת איחסון 2.4 ליטר,צעצועי דניאל בעמ,,,יח,1,,false,1,10.90,10.90,false,1,
8697425880090,false,מגב שיש סיליקון,אושר א.א יבוא ושיווק כלי בית ב,,,יח,1,,false,1,6.90,6.90,false,1,
8697480580744,false,"מעמד לסכו""ם",צעצועי דניאל בעמ,,,יח,1,,false,1,10,10,false,1,
8697633820062,false,סלסלת פירות 5 ליטר,ברוך רוזנשטין בעמ,,,יח,1,,false,1,8.90,8.90,false,1,
8697633820086,false,סלסלת פירות  5  ליטר,ברוך רוזנשטין בעמ,,,יח,1,,false,1,9.90,9.90,false,1,
8697633820246,false,סלסלת פירות 12 ליטר,ברוך רוזנשטין בעמ,,,יח,1,,false,1,14.90,14.90,false,1,
8697633820284,false,קערת  שטיפה עגולה 3 ליטר,ברוך רוזנשטין בעמ,,,יח,1,,false,1,5.90,5.90,false,1,
8697633820307,false,קערת  שטיפה עגולה 6.5 ליטר,ברוך רוזנשטין בעמ,,,יח,1,,false,1,9.90,9.90,false,1,
8697633820444,false,סלסלת פירות 3   ליטר,ברוך רוזנשטין בעמ,,,יח,1,,false,1,6.90,6.90,false,1,
8697633820475,false,קערת התפחה שקופה עגולה 7.5 ליטר,ברוך רוזנשטין בעמ,,,יח,1,,false,1,19.90,19.90,false,1,
8697633820567,false,קערה עגולה 2 ליטר,ברוך רוזנשטין בעמ,,,יח,1,,false,1,5.90,5.90,false,1,
8697633820581,false,קערה עגולה 5  ליטר,ברוך רוזנשטין בעמ,,,יח,1,,false,1,10.90,10.90,false,1,
8697633820895,false,קערת התפחה שקופה עגולה,ברוך רוזנשטין בעמ,,,יח,1,,false,1,16.90,16.90,false,1,
8697633824183,false,פולי בוקס  מרטבע 2.8 ליטר,ברוך רוזנשטין בעמ,,,יח,1,,false,1,9.90,9.90,false,1,
8697641781348,false,מגב שיש גדול,צעצועי דניאל בעמ,,,יח,1,,false,1,6.90,6.90,false,1,
8697659229825,false,מטהר אויר וניל וסחלב,"יעקב יעקבי ובניו בע""מ",,,יח,2.50,"ל100 ס""מ",false,1,10.90,4.36,true,1,
8697659229832,false,מטהר אויר וניל ועץ פראי,"יעקב יעקבי ובניו בע""מ",,,יח,2.50,"ל100 ס""מ",false,1,10.90,4.36,true,1,
8697853092171,false,מתקן לנייר טואלט כריזמה,ברוך רוזנשטין בעמ,,,יח,1,,false,1,10.90,10.90,false,1,
8697853092362,false,מסחטת לימונים 236,ברוך רוזנשטין בעמ,,,יח,1,,false,1,6.90,6.90,false,1,
8697853093345,false,סוחט לימון 334C,ברוך רוזנשטין בעמ,,,יח,1,,false,1,12.90,12.90,false,1,
8697853094915,false,תבנית ל4 קרטיבים  כפית,ברוך רוזנשטין בעמ,,,יח,1,,false,1,6.90,6.90,false,1,
8697853096377,false,אירגונית 637 5*5 12X7,ברוך רוזנשטין בעמ,,,יח,1,,false,1,3.50,3.50,false,1,
8697853096391,false,אירגונית  639  15.5X11.57.5,ברוך רוזנשטין בעמ,,,יח,1,,false,1,4.90,4.90,false,1,
8697853099835,false,סוחט לימון 334C,ברוך רוזנשטין בעמ,,,יח,1,,false,1,12.90,12.90,false,1,
8697975030525,false,בקבוק ילדים מודפס עם קש,סקטור אפיקים בעמ,,,יח,10,יח,false,1,21.90,2.19,false,1,
8698558610233,false,מטאטא קשיח (12 בקרטון שווה,רוברטו פוד בעמ,,,יח,1,יח,false,12,7.90,7.90,false,1,
8698996000900,false,מגבות  מטבח*ultra Berrak   *12,שונים,,,יח,12,יח,false,1,16.90,1.41,false,1,
8698996001280,false,נייר  טואלט*ultra Berrak   *32,שונים,,,יח,32,יח,false,1,27.90,0.87,false,1,
8699863091205,false,קופסאת איחסון לצעצועים עם דמויות 25,צעצועי דניאל בעמ,,,יח,1,,false,1,23.90,23.90,false,1,
8710428005755,false,סימילאק איזומיל  NG 400,שקד תבל בעמ**,,,יח,4,ל 100 גרם,false,1,44.90,11.23,false,1,
8710447211052,false,"טרזמה שמפו בוטניק  400 מ""ל","יוניליוור ישראלשיווק בע""מ",,,יח,0.40,"ל100 מ""ל",false,1,14.90,37.25,false,1,
8710447224311,false,"טרזמה מרכך  בוטניק  400 מ""ל","יוניליוור ישראלשיווק בע""מ",,,יח,0.40,"ל100 מ""ל",false,1,14.90,37.25,false,1,
8710447224342,false,"טרזמה שמפו  400 מ""ל  קרטין*","יוניליוור ישראלשיווק בע""מ",,,יח,0.40,"ל100 מ""ל",false,1,14.90,37.25,false,1,
8710447284117,false,AXE APOLLO SHOWER GEL 12X400ML,"יוניליוור ישראלשיווק בע""מ",,,יח,4,"ל100 מ""ל",false,12,11.90,2.98,false,1,
8710502060021,false,מרבה פסטרי  עוגיות  מאפין רכות,ש.שסטוביץ בעמ,,,יח,2,ל 100 גרם,false,1,10.90,5.45,false,1,
8710502064814,false,עוגיות שוקוצי פס,ש.שסטוביץ בעמ,,,יח,1.75,ל 100 גרם,false,1,8.90,5.09,false,1,
8710502231018,false,מרבה עוגיות שוקולד צ`יפס,ש.שסטוביץ בעמ,,,יח,1.75,ל 100 גרם,false,1,8.90,5.09,false,1,
8710502279003,false,מרבה פסטרי  עוגיות  שוקולד צ`יפס,ש.שסטוביץ בעמ,,,יח,2,ל 100 גרם,false,1,10.90,5.45,false,1,
8710502279010,false,עוגיות שוקוצי פס מצופות שוקולד,ש.שסטוביץ בעמ,,,יח,2.25,ל 100 גרם,false,1,8.90,3.96,false,1,
8710502405204,false,עוגיות שוקולד צ`יפס ק,ש.שסטוביץ בעמ,,,יח,1.75,ל 100 גרם,false,1,8.90,5.09,false,1,
8710502470028,false,עוגיות שוקול נוגטלי,ש.שסטוביץ בעמ,,,יח,1.60,ל 100 גרם,false,1,8.90,5.56,false,1,
8710502470035,false,מרבה פסטרי  עוגיות  נוגטלי ק. אגוזים,ש.שסטוביץ בעמ,,,יח,2,ל 100 גרם,false,1,10.90,5.45,false,1,
8710800961310,false,מנטוס תות 4 יח,ליימן שליסל בעמ,,,יח,1.50,ל 100 גרם,false,1,10.90,7.27,false,1,
8710847942679,false,"טרזמה שמפו לשיער יבש 400  מ""ל*","יוניליוור ישראלשיווק בע""מ",,,יח,0.40,"ל100 מ""ל",false,6,14.90,37.25,false,1,
8710847973970,false,DOVE BODY WASH FRESH TOUCH 12X750 ML,"יוניליוור ישראלשיווק בע""מ",,,יח,7.50,"ל100 מ""ל",false,1,17.90,2.39,false,1,
8710847995729,false,"רקסונה ספריי דייזי פוואר 150 מ""ל","יוניליוור ישראלשיווק בע""מ",,,יח,1.50,"ל100 מ""ל",false,1,14.90,9.93,false,1,
8710908326691,false,DOVE BODY WASH FRESH TOUCH 12X750 ML,"יוניליוור ישראלשיווק בע""מ",,,יח,7.50,"ל100 מ""ל",false,1,17.90,2.39,false,1,
8711327475663,false,מגנום  פייט וניל,"גלידת שטראוס בע""מ",,,יח,2.60,ל 100 גרם,false,1,16.90,6.50,false,1,
8711700665834,false,DOVE PW BAR FRESH TOUCH 8X600GR,"יוניליוור ישראלשיווק בע""מ",,,יח,6,ל 100 גרם,false,1,21.90,3.65,false,1,
8712000050146,false,בירה הייניקן 0% ללא אלכוהול,טמפו משקאות בעמ,,,יח,5,"ל100 מ""ל",false,1,7.30,1.40,false,1,
8712400802499,false,נוטרילון  שלב  1 800 גר` ק,דיפלומט מפיצים {1968}בעמ,,,יח,8,ל 100 גרם,false,1,59.90,7.49,true,1,
8712400802512,false,נוטרילון  שלב   2 800 גר`,דיפלומט מפיצים {1968}בעמ,,,יח,8,ל 100 גרם,false,1,59.90,7.49,true,1,
8712561594608,false,DOVE BODY WASH FRESH TOUCH 12X750 ML,"יוניליוור ישראלשיווק בע""מ",,,יח,7.50,"ל100 מ""ל",false,1,17.90,2.39,false,1,
8712561611183,false,"דאב ת.רחצה מלפפונים 500  מ""ל*","יוניליוור ישראלשיווק בע""מ",,,יח,5,"ל100 מ""ל",false,1,17.90,3.58,false,1,
8712561611411,false,DOVE BODY WASH FRESH TOUCH 12X750 ML,"יוניליוור ישראלשיווק בע""מ",,,יח,7.50,"ל100 מ""ל",false,1,17.90,2.39,false,1,
8712561626286,false,DOVE BODY WASH FRESH TOUCH 12X750 ML,"יוניליוור ישראלשיווק בע""מ",,,יח,7.50,"ל100 מ""ל",false,1,17.90,2.39,false,1,
8712561631570,false,DOVE BODY WASH FRESH TOUCH 12X750 ML,"יוניליוור ישראלשיווק בע""מ",,,יח,7.50,"ל100 מ""ל",false,1,17.90,2.39,false,1,
8714599412336,false,ג`ייקובס בריסטה אמריקאנו,דיפלומט מפיצים {1968}בעמ,,,יח,1.60,ל 100 גרם,false,1,26.90,16.81,false,1,
8714599513866,false,גיקובס  קרוננג מיובש 200,דיפלומט מפיצים {1968}בעמ,,,יח,2,ל 100 גרם,false,1,21.90,10.95,true,1,
8714789177229,false,מברשות שיניים רבייעיה קולגייט,ש.שסטוביץ בעמ,,,יח,1,,false,1,9.90,9.90,false,1,
8714789218465,false,מב  קולגייט 360 זוג S,ש.שסטוביץ בעמ,,,יח,1,,false,1,24.90,24.90,false,1,
8714789303925,false,מב  קולגייט 360 זוג S,ש.שסטוביץ בעמ,,,יח,1,,false,1,24.90,24.90,false,1,
8714789402918,false,אג קס חגיגת פרחים אדום,ש.שסטוביץ בעמ,,,יח,15,"ל100 מ""ל",false,1,19.90,1.33,false,1,
8714789402932,false,אג קס חגיגת פרחים ורוד,ש.שסטוביץ בעמ,,,יח,1.50,לליטר,false,1,19.90,13.27,false,1,
8714789450315,false,פלמוליב  כלים שקוף 1.5 לימון,ש.שסטוביץ בעמ,,,יח,15,"ל100 מ""ל",false,1,15.90,1.06,false,1,
8714789529561,false,קולגיט סנסנטיב פרו ריליף  הלבנה,ש.שסטוביץ בעמ,,,יח,0.75,ל 100 גרם,false,1,21.90,29.20,false,1,
8714789797786,false,פלמוליב אוקסי כתום 750,ש.שסטוביץ בעמ,,,יח,7.50,"ל100 מ""ל",false,1,11.90,1.59,true,1,
8714789831275,false,קולגייט  מברשת 360 אופטיק וייט זוג,ש.שסטוביץ בעמ,,,יח,1,,false,1,24.90,24.90,false,1,
8714789834467,false,פלמוליב  כלים שקוף 1.5,ש.שסטוביץ בעמ,,,יח,15,"ל100 מ""ל",false,1,15.90,1.06,false,1,
8714789930848,false,"קולגיט  משחת  אופטיק וייט הלבנה  75 מ""",ש.שסטוביץ בעמ,,,יח,0.75,ל 100 גרם,false,1,19.90,26.53,false,1,
8715700110141,false,ממרח צנצנת  היינץ  460 גר`,דיפלומט מפיצים {1968}בעמ,,,יח,4.60,ל 100 גרם,false,1,11.90,2.59,true,1,
8715700110158,false,ממרח צנצנת  לייט  היינץ  460 גר`,דיפלומט מפיצים {1968}בעמ,,,יח,4.60,ל 100 גרם,false,1,11.90,2.59,true,1,
8715700117805,false,"מתבל עגבניות ללא תוספת סוכר 425 מ""ל",דיפלומט מפיצים {1968}בעמ,,,יח,4.25,ל 100 גרם,false,1,10.90,2.56,true,1,
8715700419732,false,קטשופ  הינץ  700 גר`,דיפלומט מפיצים {1968}בעמ,,,יח,7,ל 100 גרם,false,1,9.90,1.41,true,1,
8715700422473,false,ממרח היינץ 395 גר`,דיפלומט מפיצים {1968}בעמ,,,יח,3.95,ל 100 גרם,false,1,15.90,4.03,false,1,
8717163607305,false,DOVE EXFOLATING BARS 4X100 LABELED,"יוניליוור ישראלשיווק בע""מ",,,יח,4,ל 100 גרם,false,1,13.90,3.48,false,1,
8717163628812,false,טרזמה מסכה להחלקה וצבע,"יוניליוור ישראלשיווק בע""מ",,,יח,3,"ל100 מ""ל",false,1,31.90,10.63,false,1,
8717163647226,false,"אקס ספריי שחור בלאק 150 מ""ל*","יוניליוור ישראלשיווק בע""מ",,,יח,1,,false,1,11.90,11.90,false,1,
8717163647240,false,"אקס ספריי שחור שוקולד 150  מ""ל*","יוניליוור ישראלשיווק בע""מ",,,יח,1,,false,1,11.90,11.90,false,1,
8717163655764,false,"רקסונה  ספרי שאוור פרש לאישה 150 מ""ל","יוניליוור ישראלשיווק בע""מ",,,יח,1.50,"ל100 מ""ל",false,6,14.90,9.93,false,1,
8717163655825,false,רקסונה ספריי כותנה לאישה*,"יוניליוור ישראלשיווק בע""מ",,,יח,1.50,"ל100 מ""ל",false,1,14.90,9.93,false,1,
8717163714850,false,DOVE SPRAY ORIGINAL 2012B 12X169ML,"יוניליוור ישראלשיווק בע""מ",,,יח,1.50,"ל100 מ""ל",false,1,14.90,9.93,false,1,
8717163947692,false,"אקס ג`ל רחצה פינק פפר 400 מ""ל*","יוניליוור ישראלשיווק בע""מ",,,יח,4,"ל100 מ""ל",false,1,11.90,2.98,false,1,
8717644390566,false,DOVE BAR CUCUMBER GREEN 09 100*4,"יוניליוור ישראלשיווק בע""מ",,,יח,4,ל 100 גרם,false,1,13.90,3.48,false,1,
8717677336616,false,שוקולד מריר ע. שקדים טוניסי שוקול,ליימן שליסל בעמ,,,יח,1.80,ל 100 גרם,false,1,18.90,10.50,false,1,
8717677336654,false,שוקולד חלב מעולה עם שברי קרמל,ליימן שליסל בעמ,,,יח,1.80,ל 100 גרם,false,1,18.90,10.50,true,1,
8717677336661,false,שוקולד מריר 70% טוניסי שוקול,ליימן שליסל בעמ,,,יח,1.80,ל 100 גרם,false,1,18.90,10.50,false,1,
8718951079205,false,קולגייט סנסטיב פרו ריליף,ש.שסטוביץ בעמ,,,יח,75,"ל100 מ""ל",false,1,21.90,0.29,false,1,
8718951093331,false,מריגול מברשת שיניים זוג  אקסטרא,ש.שסטוביץ בעמ,,,יח,1,יח,false,1,34.90,34.90,false,1,
8718951166288,false,קולגייט  מקס  פרש וייט,ש.שסטוביץ בעמ,,,יח,1.25,"ל100 מ""ל",false,1,17.90,14.32,false,1,
8718951166561,false,קולגייט  מקס  פרש אנטי קלין,ש.שסטוביץ בעמ,,,יח,1.25,"ל100 מ""ל",false,1,17.90,14.32,false,1,
8718951167094,false,פלמוליב צילנדר תפוז וליים 1 ליטר,ש.שסטוביץ בעמ,,,יח,10,"ל100 מ""ל",false,1,12.90,1.29,false,1,
8718951175600,false,"קולגייט טוטל קלין מינט 75 מ""ל",ש.שסטוביץ בעמ,,,יח,0.75,"ל100 מ""ל",false,1,13.90,18.53,true,1,
8718951222779,false,"מרידול פור משחה 75 מ""ל",ש.שסטוביץ בעמ,,,יח,0.75,"ל100 מ""ל",false,1,24.90,33.20,false,1,
8718951236790,false,קולגייט טוטל משחת שיניים ניקוי,ש.שסטוביץ בעמ,,,יח,1,"ל100 מ""ל",false,1,16.90,16.90,true,1,
8718951236806,false,קולגייט טוטל משחת שיניים ניקוי,ש.שסטוביץ בעמ,,,יח,1,"ל100 מ""ל",false,1,16.90,16.90,true,1,
8718951236813,false,קולגייט טוטל משחת שיניים ניקוי,ש.שסטוביץ בעמ,,,יח,1,"ל100 מ""ל",false,1,16.90,16.90,true,1,
8718951240742,false,קולגייט טוטל משחת שיניים  פסים,ש.שסטוביץ בעמ,,,יח,1,"ל100 מ""ל",false,1,16.90,16.90,true,1,
8718951254527,false,קולגיט סנסנטיב פרו ריליף,ש.שסטוביץ בעמ,,,יח,0.75,ל 100 גרם,false,1,19.90,26.53,false,1,
8718951264618,false,קולגיט  אופטיק וויט עם,ש.שסטוביץ בעמ,,,יח,0.75,ל 100 גרם,false,1,29.90,39.87,true,1,
8718951265103,false,קולגיט  מברשת שיניים סופט זוג,ש.שסטוביץ בעמ,,,יח,1,,false,1,29.90,29.90,false,1,
8718951286733,false,קולגיט  אופטיק וויט  ךסטינג,ש.שסטוביץ בעמ,,,יח,0.75,ל 100 גרם,false,1,29.90,39.87,true,1,
8718951289833,false,סבון פלמוליב 4 לומניוס,ש.שסטוביץ בעמ,,,יח,4,ל 100 גרם,false,1,16.90,4.23,false,1,
8718951315303,false,קולגיט  אדומה זוג,ש.שסטוביץ בעמ,,,יח,2,ל 100 גרם,false,1,19.90,9.95,false,1,
8718951329300,false,ספיד סטייק   ספריי לימיטלס,ש.שסטוביץ בעמ,,,יח,1.50,ל 100 גרם,false,1,14.90,9.93,true,1,
8718951334120,false,סופלין  מרכך כביסה    לבנדר,ש.שסטוביץ בעמ,,,יח,6.50,ל 100 גרם,false,1,10.90,1.68,true,1,
8718951345119,false,אג קס לניקוי כלל עוצמה 7,ש.שסטוביץ בעמ,,,יח,20,"ל100 מ""ל",false,1,22.90,1.15,false,1,
8718951354807,false,אג קס  חגיגת פרחים 1.5 ליטר,ש.שסטוביץ בעמ,,,יח,1.50,לליטר,false,1,19.90,13.27,false,1,
8718951370135,false,פלמוליב סבון נוזלי  ארומה ורוד,ש.שסטוביץ בעמ,,,יח,7.50,"ל100 מ""ל",false,1,19.90,2.65,true,1,
8718951377998,false,מברשות שיניים קולגיט זוג,ש.שסטוביץ בעמ,,,יח,1,,false,1,39.90,39.90,false,1,
8718951385290,false,אג קס לניקוי כלל ק,ש.שסטוביץ בעמ,,,יח,20,"ל100 מ""ל",false,1,22.90,1.15,false,1,
8718951391314,false,אג`קס טריגר אנטיבקטריאלי,ש.שסטוביץ בעמ,,,יח,5,לליטר,false,1,14.90,2.98,false,1,
8718951409798,false,מברשת  קולגייט  פחם זוג,ש.שסטוביץ בעמ,,,יח,1,,false,1,24.90,24.90,false,1,
8718951433120,false,"קולגיט  טוטאל ג`וניור 7-12  75 מ""ל",ש.שסטוביץ בעמ,,,יח,1,,false,1,16.90,16.90,true,1,
8718951477384,false,קולגייט  טואטאל  ג`ל  75 גר`,ש.שסטוביץ בעמ,,,יח,0.75,ל 100 גרם,false,1,19.90,26.53,false,1,
8718951509627,false,קולגיט  אופטיק וויט  לאוהבי קפה,ש.שסטוביץ בעמ,,,יח,0.75,ל 100 גרם,false,1,29.90,39.87,true,1,
8719200998001,false,BLUE BAND WITHOUT SALT 60X200,דיפלומט מפיצים #,,,יח,2,ל 100 גרם,false,1,4.50,2.25,false,1,
8719200998018,false,BLUE-BAND MAHMAA 60X200G,דיפלומט מפיצים #,,,יח,2,ל 100 גרם,false,1,4.50,2.25,false,1,
8719200998032,false,MAZOLA GLORY WITH OLIVE OIL,דיפלומט מפיצים #,,,יח,2.50,ל 100 גרם,false,1,10.90,4.36,false,1,
8719200998049,false,MAZOLA GLORY ORIGINAL 48X250G,דיפלומט מפיצים #,,,יח,2.50,ל 100 גרם,false,1,9.60,3.84,false,1,
8719200998094,false,MAZOLA BRICK NATURAL NO SALT 60X200GR,דיפלומט מפיצים #,,,יח,2,ל 100 גרם,false,1,6.60,3.30,false,1,
8719200998100,false,MAZOLA BRICK BUTTERY 60X200GR,דיפלומט מפיצים #,,,יח,2,ל 100 גרם,false,1,6.60,3.30,false,1,
8720181045912,false,"אקס דאורדורנט  ספריי  אפריקה  150 מ""ל*","יוניליוור ישראלשיווק בע""מ",,,יח,1.50,"ל100 מ""ל",false,1,11.90,7.93,false,1,
8720181046605,false,דאב ספריי א.פ אורגינל LLF*,"יוניליוור ישראלשיווק בע""מ",,,יח,1,,false,1,14.90,14.90,false,1,
8720181046612,false,DOVE ROLL-ON ORIGINAL 2012 12X50ML,"יוניליוור ישראלשיווק בע""מ",,,יח,0.50,"ל100 מ""ל",false,1,14.90,29.80,false,1,
8720181090202,false,DOVE BODY WASH FRESH TOUCH 12X750 ML,"יוניליוור ישראלשיווק בע""מ",,,יח,7.50,"ל100 מ""ל",false,1,17.90,2.39,false,1,
8720181090219,false,BADIN PURPLE 2010 6X4L,"יוניליוור ישראלשיווק בע""מ",,,יח,40,"ל100 מ""ל",false,1,17.90,0.45,false,1,
8720608014958,false,ליפטון י.ל 100 פ 150ג  *,"יוניליוור ישראלשיווק בע""מ",,,יח,32,ל 100 גרם,false,1,24.90,0.78,false,1,
8723400756552,false,מנטוס  רבעיה,ליימן שליסל בעמ,,,יח,1.48,ל 100 גרם,false,1,10.90,7.36,false,1,
8723400782544,false,מנטוס סוכריות לעיסה  בטעם מנטה,ליימן שליסל בעמ,,,יח,1.60,ל 100 גרם,false,1,9.90,6.19,false,1,
8801055707966,false,נס קפה  צ`ויס  בריסטה,קבוצת אוסם סחר שותפות מוגבלת,,,יח,1.25,ל 100 גרם,false,1,33.90,27.12,false,1,
8801055709434,false,נס קפה  צ`ויס  קולומביה 100 גר`,קבוצת אוסם סחר שותפות מוגבלת,,,יח,1,ל 100 גרם,false,1,26.90,26.90,true,1,
8801055709458,false,נס קפה קפוצ`ינו קרמל,קבוצת אוסם סחר שותפות מוגבלת,,,יח,1.70,ל 100 גרם,false,1,17.90,10.53,false,1,
8801055709465,false,נס קפה קפוצ`ינו וניל,קבוצת אוסם סחר שותפות מוגבלת,,,יח,1.85,ל 100 גרם,false,1,17.90,9.68,false,1,
8801055709472,false,נס קפה קפוצ`ינו  קלאסיק,קבוצת אוסם סחר שותפות מוגבלת,,,יח,1.25,ל 100 גרם,false,1,17.90,14.32,false,1,
8801055709489,false,נס קפה קפוצ`ינו  אגוזים,קבוצת אוסם סחר שותפות מוגבלת,,,יח,1.80,ל 100 גרם,false,1,17.90,9.94,false,1,
8801055709526,false,נס קפה קפוצ`ינו  שוקולד לבן,קבוצת אוסם סחר שותפות מוגבלת,,,יח,1.70,ל 100 גרם,false,1,17.90,10.53,false,1,
8850180040028,false,טמפורה  500 גר`,מזרח ומערב יבוא ושיווק,,,יח,0.35,"ל100 מ""ל",false,1,10.90,31.14,false,1,
8850206250592,false,רוטב צ`ילי סיראצ`ה 530 גר`,מזרח ומערב יבוא ושיווק,,,יח,5.30,"ל100 מ""ל",false,1,19.90,3.75,false,1,
8850367992164,false,"קרם קוקוס  250 מ""ל",מזרח ומערב יבוא ושיווק,,,יח,2.50,ל 100 גרם,false,1,7.90,3.16,true,1,
8850367992171,false,"קרם קוקוס  1000מ""ל",מזרח ומערב יבוא ושיווק,,,יח,10,ל 100 גרם,false,1,24.90,2.49,false,1,
8850389103159,false,מוגו  מוגו  ליצי עם חתיכות,טמפו משקאות בעמ,,,יח,10,"ל100 מ""ל",false,1,6.90,0.66,true,1,
8850389105825,false,סאפה ענבים  1 ליטר,טמפו משקאות בעמ,,,יח,10,"ל100 מ""ל",false,1,12.90,1.26,false,1,
8850389105832,false,סאפה תפוח  1 ליטר,טמפו משקאות בעמ,,,יח,10,"ל100 מ""ל",false,1,12.90,1.26,false,1,
8850389105849,false,סאפה אפרסק 1 ליטר,טמפו משקאות בעמ,,,יח,10,"ל100 מ""ל",false,1,12.90,1.26,false,1,
8850389111352,false,מוגו  מוגו  מלון  עם חתיכות,טמפו משקאות בעמ,,,יח,10,"ל100 מ""ל",false,1,6.90,0.66,true,1,
8850389115336,false,סאפה מלון  1 ליטר,טמפו משקאות בעמ,,,יח,1,לליטר,false,1,12.90,12.90,false,1,
8850632604259,false,יוגטה ממתק חמוץ בצורת מקלות  תות,ליימן שליסל בעמ,,,יח,1,,false,1,3.90,3.90,false,1,
8850632604266,false,יוגטה ממתק חמוץ בצורת מקלות  קולה,ליימן שליסל בעמ,,,יח,1,,false,1,3.90,3.90,false,1,
8850632604372,false,יוגטה ממתק חמוץ בצורת  שטיח תות,ליימן שליסל בעמ,,,יח,1,,false,1,3.90,3.90,false,1,
8850632604402,false,יוגטה ממתק חמוץ בצורת  שטיח  מעורב,ליימן שליסל בעמ,,,יח,1,,false,1,3.90,3.90,false,1,
8850632605201,false,יוגטה חספוסים בטעם מעורב שטיח,ליימן שליסל בעמ,,,יח,1,,false,1,3.90,3.90,false,1,
8850632606390,false,יוגטה ממתק חמוץ בצורת  אבטיח,ליימן שליסל בעמ,,,יח,1,,false,1,3.90,3.90,false,1,
8851152130686,false,נטלה  אלומניום,אוהב ציון בעמ,,,יח,1,,false,1,22.90,22.90,false,1,
8851613101385,false,"חלב   קוקוס  500  מ""ל",גורי מוצרי צריכה 1991 בעמ,,,יח,5,"ל100 מ""ל",false,1,12.90,2.58,false,1,
8858271002887,false,"רוטב טרייאקי 250  מ""ל מקסצ`אפ",מזרח ומערב יבוא ושיווק,,,יח,2.50,"ל100 מ""ל",false,1,12.90,5.16,true,1,
8858271003020,false,רוטב  סויה  פורמולה   700  גר` מקסצ`אפ,מזרח ומערב יבוא ושיווק,,,יח,7,"ל100 מ""ל",false,1,15.90,2.27,false,1,
8858271003075,false,רוטב  סויה  מתוקה    700  גר` מקסצ`אפ,מזרח ומערב יבוא ושיווק,,,יח,7,"ל100 מ""ל",false,1,17.90,2.56,false,1,
8858271003921,false,רוטב קארי אדום   מקסצ`אפ,מזרח ומערב יבוא ושיווק,,,יח,2.50,"ל100 מ""ל",false,1,12.90,5.16,true,1,
8858271004034,false,"רוטב צ`לי חריף   700 מ""ל מקסצ`אפ",מזרח ומערב יבוא ושיווק,,,יח,7,"ל100 מ""ל",false,1,15.90,2.27,false,1,
8858271004300,false,"רוטב  טרייאקי 70 מ""ל מקסצ`אפ",מזרח ומערב יבוא ושיווק,,,יח,7,ל 100 גרם,false,1,21.90,3.13,false,1,
8858271004799,false,רוטב צ`ילי מתוק 700  גר`מקסצ`אפ,מזרח ומערב יבוא ושיווק,,,יח,7,ל 100 גרם,false,1,12.90,1.84,false,1,
8858271005451,false,"רוטב סויה פורמלה250 מ""ל",מזרח ומערב יבוא ושיווק,,,יח,2.50,ל 100 גרם,false,1,12.90,5.16,true,1,
8888021200256,false,סוללות AA  5 MAX,"דנשר (1963) בע,מ",,,יח,1,,false,1,24.90,24.90,true,1,
8888021200720,false,סוללות אנג יזר 8 AAA,"דנשר (1963) בע,מ",,,יח,1,,false,1,24.90,24.90,true,1,
8888111030053,false,רבעית משקה אננס  פרימיום,בני פוזי שמשום בעמ,,,יח,9.60,"ל100 מ""ל",false,1,14.90,1.43,false,1,
8901537024014,false,"אורז בסמטי 1 ק""ג  ויליפוד  * ק",ג.וילי פוד בעמ,,,יח,1,"לק""ג",false,1,12.90,12.90,false,1,
8928284101218,false,משחק במילוי בלונים,לירון קרביץ יבוא שיווק וסחר,,,יח,1,,false,1,9.90,9.90,false,1,
8934878081811,false,"דפי אורז 22 ס""מ",מזרח ומערב יבוא ושיווק,,,יח,4,ל 100 גרם,false,1,17.90,4.48,true,1,
9000101372878,false,פרסיל דיסקס22 יח`,גורי שיווק בעמ,,,יח,1,,false,1,34.90,34.90,false,1,
9000101417050,false,ברף דלקס סבון אסלה מונפלאור,גורי שיווק בעמ,,,יח,0.50,יח,false,1,7.90,15.80,true,1,
9000101417081,false,ברף דלקס סבון אסלה מנגוליה,גורי שיווק בעמ,,,יח,0.50,יח,false,1,7.90,15.80,true,1,
9005835312640,false,קלרו 80  XXL  טבליות  למדיח ללא פוספטים,"יעקב יעקבי ובניו בע""מ",,,יח,1.25,"ל100 מ""ל",false,1,69.90,55.92,false,1,
9005835312732,false,קלרו נוזל הברקה ומזרז ייבוש,"יעקב יעקבי ובניו בע""מ",,,יח,1.25,"ל100 מ""ל",false,1,14.90,11.92,true,1,
9044400851672,false,דמויות פז  מתחלפות+ 3 מילויים,ר.ב מוצרי דגנים בעמ,,,יח,1,,false,1,11.90,11.90,false,1,
9120025839957,false,חטיף מילקה  מצונן 128 גר,ג.וילי פוד בעמ,,,יח,1.20,ל 100 גרם,false,1,13.90,11.58,false,1,
9310088007015,false,תחבושת פויז סופר,קימברלי קלארק ישראל שיווק בעמ,,,יח,1,,false,1,19.90,19.90,false,1,
9312931720294,false,שיק אינטואישן נשים מכשיר + 2 סכינים,ש.שסטוביץ בעמ,,,יח,1,,false,1,34.90,34.90,false,1,
9715690710511,false,מסננת תה נירוסטה   מס`10ידית סיליקון,אושר א.א יבוא ושיווק כלי בית ב,,,יח,1,,false,1,11.90,11.90,false,1,
9720188060108,false,גבינת טופו בגביע,החברה המרכזית טלהפצת משקאות בע,,,יח,3.40,ל 100 גרם,false,1,21.90,6.44,false,1,
9770793963004,false,עיתון משפחה-חרדי,תפוצה פתרונות שיווק בעמ,,,יח,1,,false,1,25.90,25.90,false,1,
9771565025005,false,מעריב שבת,ג`רוזלם פוסט בעמ,,,יח,1,,false,1,6,6,false,1,
9771565051035,false,ידיעות אחרונות שבת,ידיעות אחרונות בעמ,,,יח,1,,false,1,13.90,13.90,false,1,
9974562584135,false,מספריים עוף קטן,א. דינצי ובניו בעמ,,,יח,1,,false,1,13.90,13.90,false,1,
72900112001030,true,מילוי לייף  סנס למילוי  אוטמטי דובדבן,רקיט בנקיסר (ניר איסט),,,יח,2.50,"ל100 מ""ל",false,1,14.90,5.96,true,1,
72900112002129,true,קולון  ג`ל 2.5 ל  בניחוח מרענן,רקיט בנקיסר (ניר איסט),,,יח,25,"ל100 מ""ל",false,1,24.90,1,true,1,
