code,internal_code,name,manufacturer_name,manufacture_country,manufacturer_item_description,unit_qty,quantity,unit_of_measure,weighted,qty_in_package,price,unit_of_measure_price,allow_discount,status,item_id
28,true,"קרטון קולה 500 מ""ל-2",,,"קרטון קולה 500 מ""ל-2",ליטרים,12.00,ליטר,false,,145.60,12.1333,true,1,1335559
73,true,"10 ק""ג סוכר",,,"10 ק""ג סוכר",יחידה,0.00,יחידה,false,,39.00,0.0000,true,1,1333694
100,true,Temp Item,,,Temp Item,,0.00,,false,,0.00,0.0000,true,1,2216087
110,true,קרטון פחיות קולה 330,,,קרטון פחיות קולה 330,ליטרים,7.92,ליטר,false,,129.60,16.3636,true,1,1335565
126,true,קרטון מי עדן  קטן-24,,,קרטון מי עדן  קטן-24,מיליליטרים,12000.00,"100 מ""ל",false,,45.00,0.0038,true,1,1335567
170,true,בגט בונזור.,,,בגט בונזור.,יחידה,0.00,יחידה,false,,4.40,0.0000,true,1,1305112
172,true,לחם איטלקי טעמים.,,,לחם איטלקי טעמים.,יחידה,0.00,יחידה,false,,6.90,0.0000,true,1,1305114
176,true,חלה מתוקה קלועה בונז,,,חלה מתוקה קלועה בונז,גרמים,560.00,100 גרם,false,,10.90,0.0195,true,1,1305118
177,true,חלה רגילה בונז'ור,,,חלה רגילה בונז'ור,יחידה,0.00,יחידה,false,,9.90,0.0000,true,1,1305119
179,true,מארז 5 יח' ג'בטה,,,מארז 5 יח' ג'בטה,יח',5.00,יח',false,,14.90,2.9800,true,1,1305121
213,true,בגט קראסט שיפון.,,,בגט קראסט שיפון.,יחידה,0.00,יחידה,false,,7.90,0.0000,true,1,1305124
280,true,לחם מחמצת,,,לחם מחמצת,יחידה,0.00,יחידה,false,,16.90,0.0000,true,1,1485974
351,true,קרטון סודה קינלי 250,,,קרטון סודה קינלי 250,ליטרים,6.00,ליטר,false,,60.00,10.0000,true,1,1335570
957,true,מים בורזום טבעיים מא,,,מים בורזום טבעיים מא,ליטרים,4.50,ליטר,false,,39.90,8.8667,true,1,1335469
4444,true,מארז בייגלה 4 יח'.,,,מארז בייגלה 4 יח'.,יח',4.00,יח',false,,14.90,3.7250,true,1,1305135
8092,true,מארז 10 לחמניות פטיט,,,מארז 10 לחמניות פטיט,יח',10.00,יח',false,,10.00,1.0000,true,1,1305137
8880,true,מארז 6 יח' בייבי חלו,,,מארז 6 יח' בייבי חלו,יח',6.00,יח',false,,10.00,1.6667,true,1,1305139
8884,true,מארז חצי בגט 4 יחידו,,,מארז חצי בגט 4 יחידו,יח',4.00,יח',false,,9.90,2.4750,true,1,1305141
8887,true,מארז שליש בגט 5 יחיד,,,מארז שליש בגט 5 יחיד,יח',5.00,יח',false,,9.90,1.9800,true,1,1305142
8888,true,מארז לחמניות 5 יחידו,,,מארז לחמניות 5 יחידו,יח',5.00,יח',false,,9.90,1.9800,true,1,1305143
498393,true,חלה מתוקה עגולה לא א,,,חלה מתוקה עגולה לא א,גרמים,500.00,100 גרם,false,,7.90,0.0158,true,1,2262646
799806,true,Temp Item,,,Temp Item,,0.00,,false,,0.00,0.0000,true,1,2181763
32147230,false,מיץ לימון משומר 200,סידג,CH,"מיץ לימון משומר 200מ""ל",מיליליטרים,200.00,"100 מ""ל",false,,7.90,0.0395,true,1,1353516
40052403,false,וופל קיט-קאט בודד,,,וופל קיט-קאט בודד,גרמים,41.50,100 גרם,false,,3.90,0.0940,true,1,1417111
40084107,false,ביצת הפתעה קינדר.,,,ביצת הפתעה קינדר.,גרמים,20.00,100 גרם,false,,4.90,0.2450,true,1,1326908
40099132,false,מסטיק הובה בובה תות,,,מסטיק הובה בובה תות,גרמים,35.00,100 גרם,false,,2.90,0.0829,true,1,1337365
40111216,false,חטיף באונטי שוקולד.,מרס Mars,NL,57GR 'באונטי חטיף שוק,גרמים,57.00,100 גרם,false,,3.90,0.0684,true,1,1319124
40345123,false,סוכריות ממולא שוקולד,נסטלה,DE,סמרטיס גליל,גרמים,38.00,100 גרם,false,,3.90,0.1026,true,1,1345456
42246640,false,ניוואה דאו רול און ל,,,ניוואה דאו רול און ל,יחידה,1.00,יחידה,false,,13.90,13.9000,true,1,1334135
42299363,false,ניוואה דאו רול און פ,,,ניוואה דאו רול און פ,יחידה,0.00,יחידה,false,,13.90,0.0000,true,1,1474547
50398904,false,קרם חמצן 6%,גדעון קוסמטיקס,IL,"אינדולה קרם חמצן 6% 60 מ""",מיליליטרים,60.00,"100 מ""ל",false,,3.90,0.0650,true,1,1323388
50398911,false,קרם חמצן 9%,,,קרם חמצן 9%,מיליליטרים,60.00,"100 מ""ל",false,,3.90,0.0650,true,1,1323389
54051157,false,אלפרו מעדן סויה רביע,אלפרו Alpro,BE,אלפרו מעדן סויה בטעם שוקו,גרמים,500.00,100 גרם,false,,16.90,0.0338,true,1,1339334
59081630,false,"דאב רולאון 50 מ""ל קו",,,"דאב רולאון 50 מ""ל קו",מיליליטרים,50.00,"100 מ""ל",false,,17.90,0.3580,true,1,2138655
72940754,false,מעדן מילקי וניל.,שטראוס,IL,מילקי וניל,גרמים,135.00,100 גרם,false,,2.80,0.0207,true,1,1342517
72940761,false,מעדן מילקי שוקו.,שטראוס,IL,מילקי שוקולד,גרמים,170.00,100 גרם,false,,2.80,0.0165,true,1,1342518
72940952,false,מעדן מילקי פי 2 קצפת,שטראוס,IL,מילקי אקסטרה קצפת,גרמים,170.00,100 גרם,false,,3.50,0.0206,true,1,1342519
72941041,false,מעדן מילקי מיני שוקו,,,מעדן מילקי מיני שוקו,גרמים,70.00,100 גרם,false,,2.00,0.0286,true,1,1342522
72945308,false,שמרים קוביות 2 *25 ג,פאקא תעשיות,IL,שמרית קוביה,גרמים,50.00,100 גרם,false,,3.20,0.0640,true,1,1342523
72961506,false,מעדן פרילי חלב תנובה,,,מעדן פרילי חלב תנובה,מיליליטרים,125.00,"100 מ""ל",false,,3.20,0.0256,true,1,1340835
72961520,false,מעדן פרילי אננס 125,,,מעדן פרילי אננס 125,מיליליטרים,125.00,"100 מ""ל",false,,3.20,0.0256,true,1,1340837
72961544,false,"מעדן באדי תות 125 מ""",,,"מעדן באדי תות 125 מ""",מיליליטרים,125.00,"100 מ""ל",false,,2.80,0.0224,true,1,1340838
72964422,false,"יוגורט 4.5% 200 מ""ל.",,,"יוגורט 4.5% 200 מ""ל.",מיליליטרים,200.00,"100 מ""ל",false,,2.70,0.0135,true,1,1340844
72986370,false,גלידת וניל בן אנד ג',מוצרי איכות אמריקאיי,IL,"גל.וניל צרפתי 500 מ""ל",מיליליטרים,500.00,"100 מ""ל",false,,24.90,0.0498,true,1,1327468
72986424,false,גלידה קרם עוגיות בן,מוצרי איכות אמריקאיי,IL,"גל.קרם עוגיות 500 מ""ל",מיליליטרים,500.00,"100 מ""ל",false,,24.90,0.0498,true,1,1327469
72986448,false,גלידה בטעם טופי בן א,מוצרי איכות אמריקאיי,IL,"גל.טופי קראנץ 500 מ""ל",מיליליטרים,500.00,"100 מ""ל",false,,24.90,0.0498,true,1,1327470
72986455,false,גלידה בטעם שוקולד עם,מוצרי איכות אמריקאיי,IL,גלידת שוקולד פאגד'אגוזים,מיליליטרים,500.00,"100 מ""ל",false,,24.90,0.0498,true,1,1327471
72986479,false,גלידת וניל אגוזים בן,מוצרי איכות אמריקאיי,IL,"גל.צ'אנקי מאנקי 500 מ""ל",מיליליטרים,500.00,"100 מ""ל",false,,24.90,0.0498,true,1,1327472
72989425,false,גלידת שוקולד בראוניס,מוצרי איכות אמריקאיי,IL,500 גלידה שוקולד בראוניס,מיליליטרים,500.00,"100 מ""ל",false,,24.90,0.0498,true,1,1327473
72991886,false,גלידת ריבת חלב בן אנ,מוצרי איכות אמריקאיי,IL,500 גלידת דולצ'ה דה לצ'ה,מיליליטרים,500.00,"100 מ""ל",false,,24.90,0.0498,true,1,1327474
72993637,false,מעדן דני שטראוס.,שטראוס,IL,דני שוקולד,גרמים,125.00,100 גרם,false,,2.70,0.0216,true,1,1342528
72994061,false,חטיף פסק זמן 36 גרם,SOLEN CIKOLATA GIDA,TR,פסק זמן 2Good,גרמים,36.00,100 גרם,false,,4.90,0.1361,true,1,1691734
80001027,false,עוגיית לואקר טורטינה,לואקר,IT,חטיף טורטינה חלב,גרמים,21.00,100 גרם,false,,3.50,0.1667,true,1,1326911
80001461,false,חטיף וופל גרדנה שוקו,לואקר,IT,חטיף גרדנה מצופה,גרמים,38.00,100 גרם,false,,3.50,0.0921,true,1,1326914
80001485,false,חטיף וופל גרדנה קוקו,לואקר,IT,חטיף גרדנה קוקוס,גרמים,38.00,100 גרם,false,,3.50,0.0921,true,1,1326915
80050025,false,סוכריות טיק טק,,,סוכריות טיק טק,גרמים,16.00,100 גרם,false,,2.90,0.1812,true,1,1326917
80050124,false,סוכריות טיק-טק,,,סוכריות טיק-טק,גרמים,16.00,100 גרם,false,,2.90,0.1812,true,1,1326918
80052760,false,קינדר בואנו שוקולד ב,,,קינדר בואנו שוקולד ב,גרמים,43.00,100 גרם,false,,3.50,0.0814,true,1,1326923
80052883,false,סוכריות טיק טק,,,סוכריות טיק טק,גרמים,16.00,100 גרם,false,,2.90,0.1812,true,1,2217083
80136194,false,הפי היפו חמישייה,,,הפי היפו חמישייה,גרמים,103.50,100 גרם,false,,12.90,0.1246,true,1,1731137
80176732,false,חטיף קינדר היפו שוקו,,,חטיף קינדר היפו שוקו,גרמים,20.50,100 גרם,false,,2.90,0.1415,true,1,1326925
80176800,false,ממרח נוטלה 750 גרם,,,ממרח נוטלה 750 גרם,גרמים,750.00,100 גרם,false,,24.90,0.0332,true,1,1326926
80177173,false,ממרח נוטלה 350 גרם,,,ממרח נוטלה 350 גרם,גרמים,350.00,100 גרם,false,,13.90,0.0397,true,1,1326927
80177180,false,שוקולד קינדר קאנטרי.,,,שוקולד קינדר קאנטרי.,גרמים,23.50,100 גרם,false,,2.00,0.0851,true,1,1326928
80177609,false,שוקולד קינדר אצבעות,,,שוקולד קינדר אצבעות,גרמים,50.00,100 גרם,false,,3.50,0.0700,true,1,1326930
80177616,false,שוקולד קינדר,,,שוקולד קינדר,גרמים,100.00,100 גרם,false,,6.90,0.0690,true,1,1326931
80310549,false,חטיף קינדר היפו שוקו,,,חטיף קינדר היפו שוקו,גרמים,20.50,100 גרם,false,,2.90,0.1415,true,1,1731138
80310891,false,קינדר ג'וי ביצת הפתע,,,קינדר ג'וי ביצת הפתע,גרמים,20.00,100 גרם,false,,4.90,0.2450,true,1,2312648
80761761,false,קינדר בואנו לבן בודד,,,קינדר בואנו לבן בודד,גרמים,39.00,100 גרם,false,,3.50,0.0897,true,1,1326934
80762362,false,מסטיק מנטוס וויט תות,,,מסטיק מנטוס וויט תות,גרמים,60.00,100 גרם,false,,9.90,0.1650,true,1,1563597
80773429,false,מסטיק מנטוס תות 60 ג,,,מסטיק מנטוס תות 60 ג,גרמים,60.00,100 גרם,false,,9.90,0.1650,true,1,1786823
80773443,false,מסטיק מנטוס פירות 60,,,מסטיק מנטוס פירות 60,גרמים,60.00,100 גרם,false,,9.90,0.1650,true,1,1597015
80776307,false,מסטיק מנטוס בטעם פיר,,,מסטיק מנטוס בטעם פיר,גרמים,90.00,100 גרם,false,,10.00,0.1111,true,1,1597016
80790990,false,מסטיק מנטוס פירות,,,מסטיק מנטוס פירות,גרמים,60.00,100 גרם,false,,9.90,0.1650,true,1,1597018
80794233,false,מסטיק מנטוס בטעם מנט,,,מסטיק מנטוס בטעם מנט,גרמים,90.00,100 גרם,false,,10.00,0.1111,true,1,1597019
80831402,false,סוכריות מנטוס מנטה ע,,,סוכריות מנטוס מנטה ע,גרמים,31.00,100 גרם,false,,6.90,0.2226,true,1,2190521
80843184,false,מסטיק מנטוס ענבים,,,מסטיק מנטוס ענבים,גרמים,60.00,100 גרם,false,,9.90,0.1650,true,1,2257948
80850885,false,מסטיק מנטוס וויט מנט,,,מסטיק מנטוס וויט מנט,גרמים,60.00,100 גרם,false,,9.90,0.1650,true,1,1326947
80854753,false,סוכריות מנטוס מנטה ל,,,סוכריות מנטוס מנטה ל,גרמים,31.00,100 גרם,false,,6.90,0.2226,true,1,2190522
80864295,false,מסטיק מנטוס וויט מנט,,,מסטיק מנטוס וויט מנט,גרמים,60.00,100 גרם,false,,9.90,0.1650,true,1,2260405
80896081,false,מסטיק מנטוס אבטיח 60,,,מסטיק מנטוס אבטיח 60,גרמים,60.00,100 גרם,false,,9.90,0.1650,true,1,1786824
80913467,false,מסטיק מנטוס מנטה,,,מסטיק מנטוס מנטה,גרמים,60.00,100 גרם,false,,9.90,0.1650,true,1,1597020
80936848,false,סוכריות טיק-טק,,,סוכריות טיק-טק,גרמים,16.00,100 גרם,false,,2.90,0.1812,true,1,1326953
80974215,false,מסטיק מנטוס בטעם תות,,,מסטיק מנטוס בטעם תות,גרמים,90.00,100 גרם,false,,10.00,0.1111,true,1,1964365
80979128,false,מסטיק מנטוס דובדבן,,,מסטיק מנטוס דובדבן,גרמים,60.00,100 גרם,false,,9.90,0.1650,true,1,2257949
87108538,false,מנטוס תות בודד,,,מנטוס תות בודד,גרמים,37.00,100 גרם,false,,3.00,0.0811,true,1,1326958
87108651,false,מנטוס 1/4 טעם מנטה,,,מנטוס 1/4 טעם מנטה,גרמים,150.00,100 גרם,false,,10.90,0.0727,true,1,1326959
87108712,false,מנטוס 1/4 טעם פירות,,,מנטוס 1/4 טעם פירות,גרמים,150.00,100 גרם,false,,10.90,0.0727,true,1,1326960
87311396,false,מנטוס גליל בודד,,,מנטוס גליל בודד,גרמים,37.50,100 גרם,false,,3.00,0.0800,true,1,1326966
87354041,false,מנטוס דובדבן בודד,,,מנטוס דובדבן בודד,גרמים,37.50,100 גרם,false,,3.00,0.0800,true,1,2259299
88888100,true,מוכרנים - מוצרי חשמל,,,מוכרנים - מוצרי חשמל,,0.00,,false,,0.00,0.0000,true,1,2133009
90087011,false,מיץ תפוחים 100% 1 לי,,,מיץ תפוחים 100% 1 לי,ליטרים,1.00,ליטר,false,,11.90,11.9000,true,1,1340215
90087547,false,מיץ עגבנית 1 ליטר,,,מיץ עגבנית 1 ליטר,ליטרים,1.00,ליטר,false,,11.90,11.9000,true,1,1942961
90087974,false,"חומץ מתפוחים 750 מ""ל",,,"חומץ מתפוחים 750 מ""ל",מיליליטרים,750.00,"100 מ""ל",false,,12.90,0.0172,true,1,1340219
90162602,false,משקה רד-בול אנרגיה.,היינץ,,משקה רד-בול אנרגיה.,מיליליטרים,250.00,"100 מ""ל",false,,5.90,0.0236,true,1,1347690
9800800056,false,ממרח נוטלה אנד גו,,,ממרח נוטלה אנד גו,גרמים,52.00,100 גרם,false,,4.90,0.0942,true,1,1473140
11210000094,false,רוטב טבסקו קטן,מקאילהייני Mc.Ilhenn,US,טבסקו אדום,מיליליטרים,60.00,"100 מ""ל",false,,9.90,0.1650,true,1,1330185
11210000216,false,טבסקו בלאדי מרי מיקס,מקאילהייני Mc.Ilhenn,US,בלאדי מרי,מיליליטרים,946.00,"100 מ""ל",false,,29.90,0.0316,true,1,1330186
11210002500,false,טבסקו באפלו,מקאילהייני Mc.Ilhenn,US,טבסקו באפלו,מיליליטרים,150.00,"100 מ""ל",false,,19.90,0.1327,true,1,1330187
11210009387,false,"טבסקו ירוק 60 מ""ל",מקאילהייני Mc.Ilhenn,US,טבסקו ירוק,מיליליטרים,60.00,"100 מ""ל",false,,9.90,0.1650,true,1,1330190
11210618503,false,טבסקו סקורפיון,,,טבסקו סקורפיון,מיליליטרים,60.00,"100 מ""ל",false,,14.90,0.2483,true,1,2219150
16000185517,false,דגני בוקר פייבר וואן,,,דגני בוקר פייבר וואן,גרמים,555.00,100 גרם,false,,27.90,0.0503,true,1,2274436
16000423534,false,חטיף 1/5 קראנצי נייט,ג'נרל מילס,US,קראנצי שיבולת שועל ושוקול,גרמים,210.00,100 גרם,false,,14.90,0.0710,true,1,1326972
16000548404,false,חטיף 1/5 קראנצי נייט,ג'נרל מילס,ES,קראנצי בטעם שיבולת שועל ו,גרמים,210.00,100 גרם,false,,14.90,0.0710,true,1,1326977
16000548503,false,חטיף 1/5 קראנצי נייט,ג'נרל מילס,ES,קראנצי בטעם מייפל וסוכר ח,גרמים,210.00,100 גרם,false,,14.90,0.0710,true,1,1326978
16000548602,false,חטיף 1/5 קראנצי נייט,ג'נרל מילס,ES,קראנצי בטעם קנמון 210 גר,גרמים,210.00,100 גרם,false,,14.90,0.0710,true,1,1326979
16229924263,false,"קרם קוקוס 250 מ""ל",,,"קרם קוקוס 250 מ""ל",מיליליטרים,250.00,"100 מ""ל",false,,9.90,0.0396,true,1,2216444
18000701223,false,תערובת לעוגת שוקולד,ג'נרל מילס,IL,תערובת לעוגת שוקולד 517 ג,גרמים,500.00,100 גרם,false,,19.90,0.0398,true,1,1326982
22200956949,false,דאודורנט סטיק גל-כתו,COLGATE PALMOLIVE,US,ספיד סטיק 24/7 גל כתום,גרמים,51.00,100 גרם,false,,19.90,0.3902,true,1,1339337
25675120006,false,חמצוצים 4 צבעים טבעי,פאסין,NL,מקלות חמוצים 4 טעמים ללא,גרמים,100.00,100 גרם,false,,6.90,0.0690,true,1,1346821
25675120068,false,מקלות חמוצות,פאסין,NL,מקלות חמוצים קולה,גרמים,100.00,100 גרם,false,,6.90,0.0690,true,1,1346825
25675121027,false,חמצוצים רחב צבעוני,,,חמצוצים רחב צבעוני,גרמים,115.00,100 גרם,false,,6.90,0.0600,true,1,2225833
25675121041,false,חמצוצים רחב בטעם פטל,פאסין,NL,שטיח חמוץ פטל,גרמים,115.00,100 גרם,false,,6.90,0.0600,true,1,1346831
25675121058,false,חמצוצים רחב בטעם תפו,פאסין,NL,שטיח חמוץ תפוח עץ,גרמים,115.00,100 גרם,false,,6.90,0.0600,true,1,1346832
25675301092,false,חמצוצים 4 טעמים טבעי,פאסין,NL,מקלות חמוצים 4 טעמים ללא,גרמים,40.00,100 גרם,false,,4.90,0.1225,true,1,1346839
25675301108,false,מקלות חמוצות 50 גר,פאסין,NL,מקלות חמוצים תות,גרמים,50.00,100 גרם,false,,4.90,0.0980,true,1,1346840
25675301153,false,מקלות חמוצות 50 גרם,פאסין,NL,מקלות חמוצים פטל,גרמים,50.00,100 גרם,false,,4.90,0.0980,true,1,1346841
25675301184,false,מקלות חמוצות 50 גר,פאסין,NL,מקלות חמוצים קולה,גרמים,50.00,100 גרם,false,,4.90,0.0980,true,1,1346842
25700005674,false,שקיות אחסון סליידר ג,,,שקיות אחסון סליידר ג,יח',15.00,יח',false,,15.90,1.0600,true,1,2216809
25700005681,false,שקיות אחסון סליידר ב,,,שקיות אחסון סליידר ב,יח',20.00,יח',false,,15.90,0.7950,true,1,2216810
31290140176,false,שוקולד גודייבה סטיקס,,,שוקולד גודייבה סטיקס,גרמים,90.00,100 גרם,false,,10.90,0.1211,true,1,2218233
33617000026,false,קרקרים ואזה מקמח מלא,,,קרקרים ואזה מקמח מלא,גרמים,260.00,100 גרם,false,,12.90,0.0496,true,1,1391733
33617322616,false,פתית שיפון.,WASA,SE,'ואזה קלה מקמח שיפון 270,גרמים,270.00,100 גרם,false,,12.90,0.0478,true,1,1309149
33617340610,false,פתית שיפון.,WASA,SE,'ואזה מקמח שיפון 275 ג,גרמים,275.00,100 גרם,false,,12.90,0.0469,true,1,1309150
34000148301,false,נטיפים לאפייה שוקולד,,,נטיפים לאפייה שוקולד,גרמים,340.00,100 גרם,false,,18.90,0.0556,true,1,1738913
34000196173,false,טבלת שוקולד הרשיס קו,,,טבלת שוקולד הרשיס קו,גרמים,113.00,100 גרם,false,,7.90,0.0699,true,1,1387033
34000544028,false,ממתק בטעם תות טוויזל,הרשי,US,ממתקי טוויזלרס תות שדה  1,גרמים,198.00,100 גרם,false,,7.90,0.0399,true,1,1326997
37600207188,false,ממרח סקיפי 462 גרם,סקיפי,,ממרח סקיפי 462 גרם,גרמים,462.00,100 גרם,false,,19.90,0.0431,true,1,1306872
37600207256,false,ממרח סקיפי 462 גרם ש,סקיפי,,ממרח סקיפי 462 גרם ש,גרמים,462.00,100 גרם,false,,19.90,0.0431,true,1,1306873
38000138607,false,חטיף פרינגלס חומץ מל,פרינגלס,,חטיף פרינגלס חומץ מל,גרמים,158.00,100 גרם,false,,8.90,0.0563,true,1,2134571
38000138638,false,חטיף פרינגלס 158 גרם,פרינגלס,,חטיף פרינגלס 158 גרם,גרמים,158.00,100 גרם,false,,8.90,0.0563,true,1,1678054
38000138720,false,חטיף פרינגלס 158 גרם,פרינגלס,,חטיף פרינגלס 158 גרם,גרמים,158.00,100 גרם,false,,8.90,0.0563,true,1,1889207
38000183690,false,פרינגלס 71 גרם ברביק,פרינגלס,,פרינגלס 71 גרם ברביק,גרמים,71.00,100 גרם,false,,4.90,0.0690,true,1,1813249
38000197840,false,חטיף פרינגלס 137 בטע,פרינגלס,,חטיף פרינגלס 137 בטע,גרמים,137.00,100 גרם,false,,8.90,0.0650,true,1,2213576
38000232152,false,חטיף פרינגלס 158 גרם,פרינגלס,,חטיף פרינגלס 158 גרם,גרמים,158.00,100 גרם,false,,8.90,0.0563,true,1,2179504
38000232169,false,פרינגלס 67 גרם אורגי,פרינגלס,,פרינגלס 67 גרם אורגי,גרמים,67.00,100 גרם,false,,4.90,0.0731,true,1,2179505
38000232176,false,חטיף פרינגלס 158 גרם,פרינגלס,,חטיף פרינגלס 158 גרם,גרמים,158.00,100 גרם,false,,8.90,0.0563,true,1,2179506
38000845253,false,פרינגלס 71 גרם שמנת,פרינגלס,,פרינגלס 71 גרם שמנת,גרמים,71.00,100 גרם,false,,4.90,0.0690,true,1,1410274
38527591053,false,דגנים מרובעים קינמון,BEVERAGES FOODS & SE,US,קוואקר ריבועים קנמון 411,גרמים,412.00,100 גרם,false,,19.90,0.0483,true,1,1343875
38527591060,false,דגנים בוקר מרובעים ע,BEVERAGES FOODS & SE,US,קוואקר ריבועים סוכר חום 4,גרמים,412.00,100 גרם,false,,19.90,0.0483,true,1,1343876
40000513568,false,חטיף שוקולד m&m אריז,,,חטיף שוקולד m&m אריז,גרמים,156.00,100 גרם,false,,9.90,0.0635,true,1,1704843
40000513629,false,חטיף חמאת בוטנים m&m,,,חטיף חמאת בוטנים m&m,גרמים,156.00,100 גרם,false,,9.90,0.0635,true,1,1704845
40000514480,false,עדשי שוקולד אם אנד א,,,עדשי שוקולד אם אנד א,גרמים,48.00,100 גרם,false,,4.90,0.1021,true,1,1471873
40000514510,false,עדשי שוקולד אם אנד א,,,עדשי שוקולד אם אנד א,גרמים,49.00,100 גרם,false,,4.90,0.1000,true,1,1465493
41390001079,false,רוטב סויה קיקומן 444,ראקוטו קאסיי,,רוטב סויה קיקומן 444,מיליליטרים,444.00,"100 מ""ל",false,,19.90,0.0448,true,1,1306886
41390010309,false,רוטב טריאקי קיקומן 4,ראקוטו קאסיי,,רוטב טריאקי קיקומן 4,מיליליטרים,444.00,"100 מ""ל",false,,19.90,0.0448,true,1,1306888
44164063914,false,פתיל צף מוכן לשימוש,,,פתיל צף מוכן לשימוש,יחידה,0.00,יחידה,false,,4.90,0.0000,true,1,2214043
44164095694,false,פתיל צף עגול גדול שר,,,פתיל צף עגול גדול שר,יחידה,0.00,יחידה,false,,3.20,0.0000,true,1,2214044
44600300580,false,כלורקס קלין אפ פרש 9,,,כלורקס קלין אפ פרש 9,מיליליטרים,946.00,"100 מ""ל",false,,19.90,0.0210,true,1,2216920
46214382259,false,עוגיות בראוניס 200 ג,מרבה Merba,NL,מרבה עוגיות  בראוניס,גרמים,200.00,100 גרם,false,,8.90,0.0445,true,1,1339343
46214731552,false,עוגיות שוקולד ציפס מ,מרבה Merba,NL,מרבה עוגיות  37% שוקולד צ,גרמים,225.00,100 גרם,false,,8.90,0.0396,true,1,1339344
50000015474,false,פריסקיז מעדני הים,,,פריסקיז מעדני הים,קילוגרמים,1.40,"ק""ג",false,,34.90,24.9286,true,1,2241435
50000084500,false,פריסקיז מזון יבש בטע,נסטלה פורינה,US,פורינה פריסקיז עם נתחי בר,קילוגרמים,1.43,"ק""ג",false,,34.90,24.4056,true,1,1305679
50000100347,false,פריסקיז מעדני חתול,נסטלה פורינה,US,פורינה פריסקיז מעדני החתו,קילוגרמים,1.43,"ק""ג",false,,34.90,24.4056,true,1,1305681
50000168583,false,פריסקיז אקסטרא קראנץ,,,פריסקיז אקסטרא קראנץ,קילוגרמים,1.43,"ק""ג",false,,29.90,20.9091,true,1,2237322
50000225224,false,פריסקיז פריים פילה ה,,,פריסקיז פריים פילה ה,גרמים,156.00,100 גרם,false,,4.90,0.0314,true,1,1395433
50000571987,false,פריסקיז נתחי עוף ברו,נסטלה פורינה,US,פורינה פריסקיז נתחי עוף ב,גרמים,156.00,100 גרם,false,,4.90,0.0314,true,1,1305695
50000574414,false,פריסקיז פרטי מיקס פק,,,פריסקיז פרטי מיקס פק,גרמים,60.00,100 גרם,false,,8.90,0.1483,true,1,2304050
50000574438,false,פריסקיז פרטי מיקס מע,,,פריסקיז פרטי מיקס מע,גרמים,60.00,100 גרם,false,,8.90,0.1483,true,1,2304051
50000578238,false,פריסקיז פרטי מיקס קר,,,פריסקיז פרטי מיקס קר,גרמים,60.00,100 גרם,false,,8.90,0.1483,true,1,2304052
54881001779,false,תה 12 סוגים 60 שק',,,תה 12 סוגים 60 שק',גרמים,120.00,100 גרם,false,,29.90,0.2492,true,1,1340223
54881003995,false,תה פירות 20 שק',,,תה פירות 20 שק',גרמים,40.00,100 גרם,false,,9.90,0.2475,true,1,1340225
54881005654,false,תה ירוק יסמין 20 שקי,,,תה ירוק יסמין 20 שקי,גרמים,40.00,100 גרם,false,,9.90,0.2475,true,1,1340230
54881008167,false,תה ברקפסט 100 שקיות,,,תה ברקפסט 100 שקיות,גרמים,200.00,100 גרם,false,,16.90,0.0845,true,1,1340245
54881016001,false,תה 4 סוגי חליטות פרי,,,תה 4 סוגי חליטות פרי,גרמים,35.00,100 גרם,false,,9.90,0.2829,true,1,2173723
55500012046,false,כלורוקס קלין אפ מרסס,CLOROX,US,"קלין אפ מרסס 946מ""ל",מיליליטרים,946.00,"100 מ""ל",false,,19.90,0.0210,true,1,1309160
62558202381,false,סירופ מייפל אמיתי או,,,סירופ מייפל אמיתי או,מיליליטרים,236.00,"100 מ""ל",false,,29.90,0.1267,true,1,1631576
62558212519,false,סירופ מייפל אמיתי 25,les industries berna,CA,סירופ מייפל אמיתי,מיליליטרים,251.00,"100 מ""ל",false,,29.90,0.1191,true,1,1350682
64144090020,false,תרסיס שמן פאם זית,קונגרה,US,ספריי שמן PAM בטעם שמן זי,מיליליטרים,148.00,"100 מ""ל",false,,19.90,0.1345,true,1,1327001
64144090051,false,תרסיס שמן פאם קנולה,קונגרה,US,ספריי שמן PAM קנולה אורגי,מיליליטרים,148.00,"100 מ""ל",false,,19.90,0.1345,true,1,1327002
70080000016,false,חרדל אמריקאי צהוב,,,חרדל אמריקאי צהוב,גרמים,297.00,100 גרם,false,,7.90,0.0266,true,1,1475483
70221011116,false,שוקולד טובלרון חלב 1,קראפט,,שוקולד טובלרון חלב 1,גרמים,100.00,100 גרם,false,,9.90,0.0990,true,1,1306890
73490130359,false,קרם קרקר 250 גרם הדר,אפיפית נצרת,IL,קרם קרקר רגיל 20/0.230 הד,גרמים,250.00,100 גרם,false,,5.90,0.0236,true,1,1348509
76840001774,false,גלידת עוגיות חלב,,,גלידת עוגיות חלב,מיליליטרים,500.00,"100 מ""ל",false,,24.90,0.0498,true,1,2207814
76840100156,false,גלידת בן אנד ג'ריס צ,מוצרי איכות אמריקאיי,IL,גלידה צ'רי גרסיה 500מל,מיליליטרים,473.00,"100 מ""ל",false,,24.90,0.0526,true,1,1327481
76840100583,false,גלידה וניל עם בצק עו,מוצרי איכות אמריקאיי,IL,גלידת וניל עם בצק עוגיות,מיליליטרים,473.00,"100 מ""ל",false,,24.90,0.0526,true,1,1327482
76840400218,false,גלידה עוגת גבינה עם,מוצרי איכות אמריקאיי,IL,420 גל.עוגת גבינה עם תות,מיליליטרים,473.00,"100 מ""ל",false,,24.90,0.0526,true,1,1327494
77245110610,false,סוכריות מאסט ללא סוכ,MIESZKO S.A,PL,כשלפ סוכריות MUST מנטה,גרמים,80.00,100 גרם,false,,7.90,0.0988,true,1,1343245
77343000127,false,נר נשמה 26 שעות בכוס,,,נר נשמה 26 שעות בכוס,יח',1.00,יח',false,,2.90,2.9000,true,1,2251089
77343001100,false,נר נשמה 26 שעות,,,נר נשמה 26 שעות,יחידה,0.00,יחידה,false,,2.00,0.0000,true,1,1353425
77975036976,false,מטבל סלסה בחריפות מע,,,מטבל סלסה בחריפות מע,גרמים,439.00,100 גרם,false,,13.90,0.0317,true,1,2230108
77975093085,false,בייגלה סניידרס מצופה,,,בייגלה סניידרס מצופה,גרמים,141.00,100 גרם,false,,16.90,0.1199,true,1,2305225
77975094631,false,סנדווי'ץ בייגלה במיל,,,סנדווי'ץ בייגלה במיל,גרמים,226.80,100 גרם,false,,16.90,0.0745,true,1,2208031
77975094761,false,שברי בייגלה צדר 340,,,שברי בייגלה צדר 340,גרמים,340.00,100 גרם,false,,16.90,0.0497,true,1,2239299
77975094778,false,שברי בייגלה דבש חרדל,,,שברי בייגלה דבש חרדל,גרמים,340.00,100 גרם,false,,16.90,0.0497,true,1,2244328
305210256712,false,וזלין מיני לשפתיים א,,,וזלין מיני לשפתיים א,גרמים,7.00,100 גרם,false,,9.90,1.4143,true,1,2210896
305210416383,false,תחליב גוף וזלין משקם,,,תחליב גוף וזלין משקם,מיליליטרים,600.00,"100 מ""ל",false,,24.90,0.0415,true,1,1961068
413900010558,false,רוטב קיקומן דל מלח 2,ראקוטו קאסיי,,רוטב קיקומן דל מלח 2,מיליליטרים,296.00,"100 מ""ל",false,,19.90,0.0672,true,1,1306897
638102201010,false,חטיף חלבון זון פרפקט,,,חטיף חלבון זון פרפקט,גרמים,50.00,100 גרם,false,,12.90,0.2580,true,1,2217862
639138527617,false,פילה הרינג ברוטב עגב,,,פילה הרינג ברוטב עגב,גרמים,200.00,100 גרם,false,,10.90,0.0545,true,1,1364009
639138717902,false,מקרל פילה מעושן בשמן,,,מקרל פילה מעושן בשמן,גרמים,190.00,100 גרם,false,,12.90,0.0679,true,1,1364012
645173911427,false,מלפפון ישראלי במלח,,,מלפפון ישראלי במלח,קילוגרמים,1.00,"ק""ג",false,,9.90,9.9000,true,1,1340259
651080161510,false,חוט דנטלי 36 יח פלאק,,,חוט דנטלי 36 יח פלאק,יח',36.00,יח',false,,9.90,0.2750,true,1,1642330
651080647519,false,קיסם עם חוט מנטה ג'ו,,,קיסם עם חוט מנטה ג'ו,יח',36.00,יח',false,,9.90,0.2750,true,1,1636574
728229123811,false,חטיף צ'יפס ירקות מתו,Global Gourmet Produ,IL,טרה מירקות אקזוטיים בנוסח,גרמים,110.00,100 גרם,false,,14.90,0.1355,true,1,1353545
728229130154,false,חטיף צ'יפס ירקות מתו,Global Gourmet Produ,IL,טרה מבטטה וסלק - 110ג'[3],גרמים,110.00,100 גרם,false,,14.90,0.1355,true,1,1353546
768404001640,false,גלידת קפה בן אנד ג'ר,מוצרי איכות אמריקאיי,IL,"גלידה בטעם קפה 500 מ""ל",מיליליטרים,500.00,"100 מ""ל",false,,24.90,0.0498,true,1,1327496
769904000997,false,שקדי מרק ללא גלוטן,משובח,IL,"שקדי מרק דג""ש 200",גרמים,200.00,100 גרם,false,,14.90,0.0745,true,1,1350914
786560002240,false,שייקר פטנט קפיץ,,,שייקר פטנט קפיץ,יח',1.00,יח',false,,15.90,15.9000,true,1,2216023
811250031122,false,ציפוי לשניצל פאנקו,,,ציפוי לשניצל פאנקו,גרמים,260.00,100 גרם,false,,9.90,0.0381,true,1,2197884
811250031344,false,רוטב שזיפים צנצנת,,,רוטב שזיפים צנצנת,גרמים,380.00,100 גרם,false,,12.90,0.0339,true,1,2222473
835811000396,false,נייר אפיה לתבנית מאו,,,נייר אפיה לתבנית מאו,יח',30.00,יח',false,,9.90,0.3300,true,1,2198726
835811001119,false,מיני עדשים 200 גר בצ,,,מיני עדשים 200 גר בצ,גרמים,200.00,100 גרם,false,,12.90,0.0645,true,1,2198679
835811001133,false,קוקוס טחון,,,קוקוס טחון,גרמים,400.00,100 גרם,false,,10.90,0.0273,true,1,2181940
835811001140,false,שומשום מקולף,,,שומשום מקולף,גרמים,400.00,100 גרם,false,,8.90,0.0223,true,1,2183027
835811001232,false,נייר אפיה לתבנית עגו,,,נייר אפיה לתבנית עגו,יח',10.00,יח',false,,10.90,1.0900,true,1,2207096
835811003434,false,כוס רויאל משובחות,,,כוס רויאל משובחות,יח',10.00,יח',false,,10.90,1.0900,true,1,2294928
835811003588,false,צלחות קלאסי גדול לבן,,,צלחות קלאסי גדול לבן,יח',65.00,יח',false,,34.90,0.5369,true,1,2294929
835811003595,false,צלחות קלאסי קטן לבן,,,צלחות קלאסי קטן לבן,יח',65.00,יח',false,,24.90,0.3831,true,1,2294936
835811003601,false,צמרוני תינוק 90 יח,,,צמרוני תינוק 90 יח,יח',90.00,יח',false,,5.90,0.0656,true,1,1963739
835811003700,false,סודה לשתיה,,,סודה לשתיה,גרמים,250.00,100 גרם,false,,5.90,0.0236,true,1,2198687
835811004417,false,ריבת חלב,,,ריבת חלב,גרמים,340.00,100 גרם,false,,9.90,0.0291,true,1,2161540
835811004684,false,גביע אלומיניום לאפיי,,,גביע אלומיניום לאפיי,יח',100.00,יח',false,,7.90,0.0790,true,1,1321966
835811004707,false,פירורי לחם מוזהב.,,,פירורי לחם מוזהב.,גרמים,440.00,100 גרם,false,,6.90,0.0157,true,1,1321968
835811005049,false,נייר אפייה 40 יח מתכ,,,נייר אפייה 40 יח מתכ,יח',14.00,יח',false,,14.90,1.0643,true,1,1321987
835811005339,false,זוג שקיות אוכל,,,זוג שקיות אוכל,יח',300.00,יח',false,,7.90,0.0263,true,1,1322006
835811005667,false,נטיפי צ'יפס בטעם שוק,,,נטיפי צ'יפס בטעם שוק,גרמים,250.00,100 גרם,false,,8.90,0.0356,true,1,1322025
835811005704,false,נייר עטיפה לכריכים,,,נייר עטיפה לכריכים,יח',100.00,יח',false,,7.90,0.0790,true,1,1322028
835811005728,false,עלים לקרמשניט 400 גר,,,עלים לקרמשניט 400 גר,גרמים,400.00,100 גרם,false,,14.90,0.0373,true,1,1322030
835811007432,false,תבנית קרטון משפחתית,,,תבנית קרטון משפחתית,יח',3.00,יח',false,,10.90,3.6333,true,1,1322093
835811007494,false,גלטין טהור 14 גר 2יח,,,גלטין טהור 14 גר 2יח,גרמים,28.00,100 גרם,false,,9.90,0.3536,true,1,1322094
835811007562,false,תבנית קרטון אינגליש,,,תבנית קרטון אינגליש,יח',6.00,יח',false,,9.90,1.6500,true,1,1322097
835811007678,false,שקיות אוכל 200 יח',,,שקיות אוכל 200 יח',יח',200.00,יח',false,,3.90,0.0195,true,1,1322098
835811008347,false,גפרור ארוך מאוד,,,גפרור ארוך מאוד,יח',45.00,יח',false,,4.90,0.1089,true,1,1322108
839762000641,false,מיץ מנגו איילנד ליטר,,,מיץ מנגו איילנד ליטר,ליטרים,1.00,ליטר,false,,10.90,10.9000,true,1,1306404
839762000658,false,מיץ גויאבה איילנד לי,,,מיץ גויאבה איילנד לי,ליטרים,1.00,ליטר,false,,10.90,10.9000,true,1,1306405
851621000050,false,שישיית בירה בלאנק 16,,,שישיית בירה בלאנק 16,ליטרים,1.98,ליטר,false,,39.90,20.1515,true,1,2188715
856591000055,false,עוגיות מזרחיות קריספ,,,עוגיות מזרחיות קריספ,גרמים,400.00,100 גרם,false,,17.90,0.0447,true,1,1459476
856591000062,false,עוגיות מזרחיות מלח ע,עבאדי,IL,ע.מזרחיות  מלח 400 גרם,גרמים,400.00,100 גרם,false,,17.90,0.0447,true,1,1339957
856591000512,false,עוגיות מזרחיות מקלונ,עבאדי,IL,מקלונים פריכים 400 גרם,גרמים,400.00,100 גרם,false,,17.90,0.0447,true,1,1339958
856591000949,false,עוגיות מזרחיות עבאדי,,,עוגיות מזרחיות עבאדי,גרמים,350.00,100 גרם,false,,17.90,0.0511,true,1,2297095
877300000074,false,פלפל שחור גרוס,,,פלפל שחור גרוס,גרמים,100.00,100 גרם,false,,14.90,0.1490,true,1,1487497
877300000081,false,פלפל שחור טחון,,,פלפל שחור טחון,גרמים,100.00,100 גרם,false,,14.90,0.1490,true,1,1487490
877300000210,false,תערובת תיבול טוסקנה,,,תערובת תיבול טוסקנה,גרמים,60.00,100 גרם,false,,4.90,0.0817,true,1,2192659
877300000234,false,פלדלפיה,,,פלדלפיה,גרמים,60.00,100 גרם,false,,4.90,0.0817,true,1,2192650
877300000364,false,אורגנו,,,אורגנו,גרמים,20.00,100 גרם,false,,4.90,0.2450,true,1,2192638
877300001163,false,פריקה חריפה,,,פריקה חריפה,גרמים,150.00,100 גרם,false,,9.90,0.0660,true,1,1354226
877300001170,false,פפריקה מתוקה,,,פפריקה מתוקה,גרמים,150.00,100 גרם,false,,9.90,0.0660,true,1,1354227
877300001200,false,עלי דפנה,,,עלי דפנה,גרמים,20.00,100 גרם,false,,9.90,0.4950,true,1,1354228
877300001385,false,תבלין לפרגיות,,,תבלין לפרגיות,גרמים,150.00,100 גרם,false,,9.90,0.0660,true,1,1354235
877300001866,false,תבלין פילדלפיה,,,תבלין פילדלפיה,גרמים,150.00,100 גרם,false,,9.90,0.0660,true,1,1354247
877300002313,false,תבלין ראס אל חנות,,,תבלין ראס אל חנות,גרמים,150.00,100 גרם,false,,9.90,0.0660,true,1,1354262
877300002504,false,רוטב פיקנטי בטעם עמב,,,רוטב פיקנטי בטעם עמב,גרמים,500.00,100 גרם,false,,12.90,0.0258,true,1,2222474
877300003112,false,ממרח עגבניות,,,ממרח עגבניות,גרמים,180.00,100 גרם,false,,9.90,0.0550,true,1,1617776
877300004256,false,ציפוי לשניצל ירקות ש,,,ציפוי לשניצל ירקות ש,גרמים,400.00,100 גרם,false,,9.90,0.0248,true,1,1730227
877300004416,false,פלפל שחור גרוס דק,,,פלפל שחור גרוס דק,גרמים,50.00,100 גרם,false,,4.90,0.0980,true,1,2221377
877300004584,false,כורכום טחון,,,כורכום טחון,גרמים,80.00,100 גרם,false,,4.90,0.0613,true,1,1487501
877300009558,false,ציפוי לשניצל ירקות א,,,ציפוי לשניצל ירקות א,גרמים,400.00,100 גרם,false,,9.90,0.0248,true,1,1730230
877300009800,false,תבלין טימין,,,תבלין טימין,גרמים,40.00,100 גרם,false,,9.90,0.2475,true,1,2124229
884912102102,false,דגני אוכמניות סלקט,,,דגני אוכמניות סלקט,גרמים,382.00,100 גרם,false,,24.90,0.0652,true,1,1492945
884912359155,false,דגני האני באנצ' רוסט,,,דגני האני באנצ' רוסט,גרמים,411.00,100 גרם,false,,22.90,0.0557,true,1,2295272
884912359162,false,דגני האני באנצ'.,,,דגני האני באנצ'.,גרמים,411.00,100 גרם,false,,22.90,0.0557,true,1,2295273
884912365217,false,דגני בוקר בטעם אוראו,,,דגני בוקר בטעם אוראו,גרמים,311.00,100 גרם,false,,19.90,0.0640,true,1,2256153
3014260022730,false,זוג מברשות שיניים אד,פרוקטר אנד גמבל,IE,אורל בי אדוונטג' זוג 40 מ,יח',2.00,יח',false,,24.90,12.4500,true,1,1307060
3014260022839,false,זוג מברשות שיניים או,פרוקטר אנד גמבל,IN,דליקייט  וויט  זוג  40 רך,יח',2.00,יח',false,,14.90,7.4500,true,1,1307061
3014260023089,false,3 מברשות שיניים אורל,פרוקטר אנד גמבל,IN,קלאסיק שלישיה 40 מדיום,יח',3.00,יח',false,,14.90,4.9667,true,1,1382707
3014260201753,false,סכיני גילוח בלו 5 יח,פרוקטר אנד גמבל,PL,בלו 2*5 (שקית),יח',5.00,יח',false,,12.90,2.5800,true,1,1307063
3014260214692,false,ג'ל גילוח גילט סיריי,פרוקטר אנד גמבל,GB,ג'ל גילוח רגיש GS,מיליליטרים,200.00,"100 מ""ל",false,,17.90,0.0895,true,1,1307065
3014260240226,false,ג'ילט קצף גילוח 200,פרוקטר אנד גמבל,GB,ק.גילוח רגיש,מיליליטרים,200.00,"100 מ""ל",false,,14.90,0.0745,true,1,1307074
3014260258313,false,אפטר שייב ספלאש 100,,,אפטר שייב ספלאש 100,מיליליטרים,100.00,"100 מ""ל",false,,29.90,0.2990,true,1,1307079
3014260274924,false,מאך 3 טורבו שמיניה,פרוקטר אנד גמבל,DE,מאך 3טורבו 8,יח',8.00,יח',false,,89.90,11.2375,true,1,1307087
3014260280772,false,חוט דנטלי אורל בי,פרוקטר אנד גמבל,MX,חוט דנטלי אסנשיאל מנטה עם,מטרים,50.00,מטר,false,,12.90,0.2580,true,1,1307090
3014260289287,false,סכיני גילוח לנשים,פרוקטר אנד גמבל,PL,בלו 2 לנשים 5,יח',5.00,יח',false,,14.90,2.9800,true,1,1307095
3014260833848,false,זוג מברשות שיניים או,,,זוג מברשות שיניים או,יחידה,2.00,יחידה,false,,24.90,12.4500,true,1,2217591
3014409005471,false,פסטיס פרדו,,,פסטיס פרדו,ליטרים,1.00,ליטר,false,,94.90,94.9000,true,1,1775973
3045200760009,false,דזיטול נוזל מחטא בגד,,,דזיטול נוזל מחטא בגד,מיליליטרים,500.00,"100 מ""ל",false,,10.90,0.0218,true,1,2210022
3045201107001,false,מסיר כתמים אידיאל -א,מרקה,ES,אידאל-מסיר כתמים-אדום 009,מיליליטרים,150.00,"100 מ""ל",false,,19.90,0.1327,true,1,1326134
3046920010801,false,שוקולד לינדט אקסלנט,,,שוקולד לינדט אקסלנט,גרמים,100.00,100 גרם,false,,14.90,0.1490,true,1,1793767
3046920016377,false,שוקולד לינדט אקסלנט,,,שוקולד לינדט אקסלנט,גרמים,50.00,100 גרם,false,,14.90,0.2980,true,1,2196731
3046920028004,false,שוקולד לינדט אקסלנט,לינדט Lindt,FR,לינדט אקסלנס 70% 100 גרם,גרמים,100.00,100 גרם,false,,14.90,0.1490,true,1,1319174
3046920028363,false,שוקולד לינדט אקסלנס,לינדט Lindt,FR,לינדט אקסלנס 85% 100 גרם,גרמים,100.00,100 גרם,false,,14.90,0.1490,true,1,1319175
3046920028752,false,שוקולד לינדט אקסלנט,לינדט Lindt,FR,לינדט אקסלנס מינט  100 גר,גרמים,100.00,100 גרם,false,,14.90,0.1490,true,1,1319177
3046920029674,false,שוקולד לינדט אקסלנס,לינדט Lindt,FR,לינדט אקס' סולט 100 גרם,גרמים,100.00,100 גרם,false,,14.90,0.1490,true,1,1319178
3046920029759,false,שוקולד לינדט אקסלנט,לינדט Lindt,FR,לינדט אקסלנס 70% 100 גרם,גרמים,100.00,100 גרם,false,,14.90,0.1490,true,1,1370362
3059943015104,false,מבשם אוויר ובדים פרי,רקיט בנקיזר,PL,איירויק אקווה מיסט פרסיה,מיליליטרים,345.00,"100 מ""ל",false,,19.90,0.0577,true,1,1309335
3059943016507,false,מבשם אוויר ספריי - א,רקיט בנקיזר,GB,א.וייק ספריי לבנדר,מיליליטרים,240.00,"100 מ""ל",false,,9.90,0.0413,true,1,1309337
3059943016569,false,מבשם אוויר ספריי - א,רקיט בנקיזר,GB,איירוויק ספריי פריסיה ויס,מיליליטרים,240.00,"100 מ""ל",false,,9.90,0.0413,true,1,1309339
3073781161663,false,גבינה לוואש קירי 8 י,,,גבינה לוואש קירי 8 י,גרמים,128.00,100 גרם,false,,11.90,0.0930,true,1,2278333
3073781161687,false,גבינה לוואש קירי 16,,,גבינה לוואש קירי 16,גרמים,256.00,100 גרם,false,,21.90,0.0855,true,1,2278334
3073781161700,false,גבינה לוואש קירי 32,,,גבינה לוואש קירי 32,גרמים,480.00,100 גרם,false,,37.90,0.0790,true,1,2278340
3073781162790,false,גבינת בייבי בל אדם 1,,,גבינת בייבי בל אדם 1,גרמים,120.00,100 גרם,false,,16.90,0.1408,true,1,2293600
3141360054405,false,מפיג ריח למדיח פיניש,,,מפיג ריח למדיח פיניש,גרמים,27.00,100 גרם,false,,14.90,0.5519,true,1,1504368
3161911393210,false,חמאה צרפתית נורמנדי,,,חמאה צרפתית נורמנדי,גרמים,200.00,100 גרם,false,,18.90,0.0945,true,1,2300724
3178530407938,false,מיני מדלן שוקו סן מי,,,מיני מדלן שוקו סן מי,גרמים,175.00,100 גרם,false,,10.90,0.0623,true,1,1568501
3179730011017,false,מיים פירייה מוגז 750,NESTLE WATERS,FR,פרייה זכוכית 750מל (ירוק),מיליליטרים,750.00,"100 מ""ל",false,,8.90,0.0119,true,1,1347712
3179730011024,false,מים פרייה בבקבוק 330,NESTLE WATERS,FR,פרייה זכוכית 330מל 6*4,מיליליטרים,330.00,"100 מ""ל",false,,5.90,0.0179,true,1,1347713
3228022910023,false,חמאה פרזידנט 200 גרם,לקטליס,FR,חמאה פרזיגנט 200 ג,גרמים,200.00,100 גרם,false,,14.90,0.0745,true,1,1330143
3387390320244,false,דגני בוקר פיטנס עם פ,נסטלה,FR,פיטנס פירות 375 גרם,גרמים,375.00,100 גרם,false,,19.90,0.0531,true,1,1305702
3387390525960,false,דגני בוקר קראנץ'.,נסטלה,FR,קראנץ' דגני בוקר פריכים ע,גרמים,500.00,100 גרם,false,,21.90,0.0438,true,1,1305703
3387390730852,false,דגני בוקר פיטנס.,נסטלה,FR,פיטנס קלאסי 375 גרם,גרמים,375.00,100 גרם,false,,19.90,0.0531,true,1,1305704
3550190401202,false,מג ורסאי שקוף,,,מג ורסאי שקוף,יחידה,0.00,יחידה,false,,39.90,0.0000,true,1,2183444
3574660089547,false,טמפוני או-בה נורמל 3,CILAG GMBH INTERNATI,GR,אובה קלאסי נורמל 32,יח',32.00,יח',false,,29.90,0.9344,true,1,1339363
3574660514643,false,קרם גוף עשיר ניוטרוג,CILAG GMBH INTERNATI,FR,נוטרוגינה קרם לחות עשיר 3,מיליליטרים,300.00,"100 מ""ל",false,,21.90,0.0730,true,1,1339400
3574661003924,false,מי פה ליסטרין טוטל ק,JOHNSON & JOHNSON,IT,LISTERINE TOTAL CARE 500M,מיליליטרים,500.00,"100 מ""ל",false,,22.90,0.0458,true,1,1306507
3574661098531,false,תחליב גוף לעור יבש ו,,,תחליב גוף לעור יבש ו,מיליליטרים,400.00,"100 מ""ל",false,,21.90,0.0547,true,1,1944394
3574661098937,false,תחליב גוף לעור יבש ע,,,תחליב גוף לעור יבש ע,מיליליטרים,400.00,"100 מ""ל",false,,21.90,0.0547,true,1,1944395
3574661114620,false,מי פה ליסטרין זירו 2,,,מי פה ליסטרין זירו 2,מיליליטרים,250.00,"100 מ""ל",false,,12.90,0.0516,true,1,2044418
3574661114637,false,"מי פה ליסטרין 500 מ""",,,"מי פה ליסטרין 500 מ""",מיליליטרים,500.00,"100 מ""ל",false,,19.90,0.0398,true,1,1306508
3574661200019,false,תחליב גוף עם משאבה 4,,,תחליב גוף עם משאבה 4,מיליליטרים,400.00,"100 מ""ל",false,,21.90,0.0547,true,1,1413381
3574661287201,false,ניוטרוג'ינה הידרובוס,,,ניוטרוג'ינה הידרובוס,מיליליטרים,50.00,"100 מ""ל",false,,50.90,1.0180,true,1,2216119
3574661352275,false,מי פה ליסטרין קידס 2,,,מי פה ליסטרין קידס 2,מיליליטרים,250.00,"100 מ""ל",false,,10.90,0.0436,true,1,2197112
3574661401140,false,ליסטרין נייטלי רייסט,,,ליסטרין נייטלי רייסט,מיליליטרים,400.00,"100 מ""ל",false,,19.90,0.0497,true,1,2115177
3574661425696,false,תחליב גונסון בייבי 5,,,תחליב גונסון בייבי 5,מיליליטרים,500.00,"100 מ""ל",false,,29.90,0.0598,true,1,2094240
3574661487328,false,תחתוניות קרפרי 56 יח,,,תחתוניות קרפרי 56 יח,יח',56.00,יח',false,,16.90,0.3018,true,1,2149375
3574661487335,false,תחתוניות קרפרי מקסי,,,תחתוניות קרפרי מקסי,יח',40.00,יח',false,,16.90,0.4225,true,1,2149381
3574661487618,false,תחתוניות קרפרי מבושם,,,תחתוניות קרפרי מבושם,יח',48.00,יח',false,,16.90,0.3521,true,1,2149382
3574661487625,false,תחתוניות קרפרי מקסי,,,תחתוניות קרפרי מקסי,יח',48.00,יח',false,,16.90,0.3521,true,1,2149399
3574661487632,false,תחתוניות קרפרי לארג',,,תחתוניות קרפרי לארג',יח',64.00,יח',false,,22.90,0.3578,true,1,2166845
3574661491806,false,מי פה ליסטרין עם שטי,,,מי פה ליסטרין עם שטי,מיליליטרים,500.00,"100 מ""ל",false,,22.90,0.0458,true,1,2223013
3574661500355,false,תחתוניות קרפרי מקסי,,,תחתוניות קרפרי מקסי,יח',40.00,יח',false,,16.90,0.4225,true,1,2149383
3574661504162,false,מוס לשטיפה אינטימית,,,מוס לשטיפה אינטימית,מיליליטרים,150.00,"100 מ""ל",false,,16.90,0.1127,true,1,2164185
3574661552576,false,תחתוניות קרפרי טנגה,,,תחתוניות קרפרי טנגה,יח',56.00,יח',false,,16.90,0.3018,true,1,2186235
3574661552804,false,תחתוניות קרפרי אלוור,,,תחתוניות קרפרי אלוור,יח',56.00,יח',false,,16.90,0.3018,true,1,2186236
3574661552811,false,תחתוניות קרפרי אוורי,,,תחתוניות קרפרי אוורי,יח',56.00,יח',false,,16.90,0.3018,true,1,2186237
3574661554877,false,תחתוניות קרפרי מבושם,,,תחתוניות קרפרי מבושם,יח',56.00,יח',false,,16.90,0.3018,true,1,2186238
3574661554884,false,תחתוניות קרפרי מבושם,,,תחתוניות קרפרי מבושם,יח',56.00,יח',false,,16.90,0.3018,true,1,2186239
3574669907682,false,טלק גונסון 500 גר,,,טלק גונסון 500 גר,גרמים,500.00,100 גרם,false,,29.90,0.0598,true,1,2094242
3574669907729,false,גונסונס בייבי שמפו ג,,,גונסונס בייבי שמפו ג,מיליליטרים,750.00,"100 מ""ל",false,,16.90,0.0225,true,1,2296405
3574669908948,false,אל-סבון ג'ונסון בייב,,,אל-סבון ג'ונסון בייב,מיליליטרים,750.00,"100 מ""ל",false,,16.90,0.0225,true,1,2104105
3574669909181,false,שמן תינוקות גונסונס,,,שמן תינוקות גונסונס,מיליליטרים,300.00,"100 מ""ל",false,,22.90,0.0763,true,1,2177722
3600522236450,false,צבע לשיער אקסלנס,,,צבע לשיער אקסלנס,מיליליטרים,180.00,"100 מ""ל",false,,34.90,0.1939,true,1,2170150
3600522344070,false,מסיכת הזנה לשיער אלב,,,מסיכת הזנה לשיער אלב,מיליליטרים,300.00,"100 מ""ל",false,,24.90,0.0830,true,1,1300531
3600522550129,false,אייג' ספשיאליסט קרם,,,אייג' ספשיאליסט קרם,מיליליטרים,50.00,"100 מ""ל",false,,49.90,0.9980,true,1,1469383
3600522550167,false,אייג' ספשיאליסט קרם,,,אייג' ספשיאליסט קרם,מיליליטרים,50.00,"100 מ""ל",false,,49.90,0.9980,true,1,1469384
3600523242641,false,גולדן אייג' קרם לילה,,,גולדן אייג' קרם לילה,מיליליטרים,50.00,"100 מ""ל",false,,99.90,1.9980,true,1,1736683
3600523428663,false,קרם יום LOREAL REVIT,,,קרם יום LOREAL REVIT,יחידה,0.00,יחידה,false,,99.90,0.0000,true,1,1490579
3600523464548,false,אייג' ספשיאליסט קרם,,,אייג' ספשיאליסט קרם,יחידה,0.00,יחידה,false,,49.90,0.0000,true,1,2190082
3600523476619,false,דרמו פרחים גל ניקוי,,,דרמו פרחים גל ניקוי,מיליליטרים,150.00,"100 מ""ל",false,,29.90,0.1993,true,1,2112849
3600523587865,false,אלביב קרם לשיער דרים,,,אלביב קרם לשיער דרים,מיליליטרים,200.00,"100 מ""ל",false,,24.90,0.1245,true,1,2112880
3600523651870,false,שמפו אלביב 6 שמנים,,,שמפו אלביב 6 שמנים,מיליליטרים,550.00,"100 מ""ל",false,,14.90,0.0271,true,1,1820968
3600523651887,false,שמפו אלביב טוטאל,,,שמפו אלביב טוטאל,מיליליטרים,550.00,"100 מ""ל",false,,14.90,0.0271,true,1,1820969
3600523651900,false,מרכך אלביב 6 שמנים,,,מרכך אלביב 6 שמנים,מיליליטרים,550.00,"100 מ""ל",false,,14.90,0.0271,true,1,1820970
3600523652228,false,מרכך אלביב טוטאל,,,מרכך אלביב טוטאל,מיליליטרים,550.00,"100 מ""ל",false,,14.90,0.0271,true,1,1820971
3600523652242,false,שמפו אלביב קולור,,,שמפו אלביב קולור,מיליליטרים,550.00,"100 מ""ל",false,,14.90,0.0271,true,1,1820973
3600523652280,false,שמפו אלביב 6 שמנים,,,שמפו אלביב 6 שמנים,מיליליטרים,550.00,"100 מ""ל",false,,14.90,0.0271,true,1,1820977
3600523652297,false,מרכך אלביב 6 שמנים,,,מרכך אלביב 6 שמנים,מיליליטרים,550.00,"100 מ""ל",false,,14.90,0.0271,true,1,1820978
3600523755806,false,שמפו אלביב קוקוס,,,שמפו אלביב קוקוס,מיליליטרים,550.00,"100 מ""ל",false,,14.90,0.0271,true,1,2163465
3600523756322,false,מרכך אלביב 6 שמנים,,,מרכך אלביב 6 שמנים,מיליליטרים,550.00,"100 מ""ל",false,,14.90,0.0271,true,1,2163459
3600523782567,false,שמפו אלביב דרים לונו,,,שמפו אלביב דרים לונו,מיליליטרים,500.00,"100 מ""ל",false,,14.90,0.0298,true,1,2112857
3600523782581,false,מרכך אלביב דרים לונג,,,מרכך אלביב דרים לונג,מיליליטרים,500.00,"100 מ""ל",false,,14.90,0.0298,true,1,2112859
3600523816699,false,קרם לחות יום לעור רג,,,קרם לחות יום לעור רג,מיליליטרים,50.00,"100 מ""ל",false,,44.90,0.8980,true,1,2161776
3600540928863,false,דאודורנט GARNIER מינ,,,דאודורנט GARNIER מינ,מיליליטרים,50.00,"100 מ""ל",false,,11.90,0.2380,true,1,1300662
3600541253667,false,דאודורנט GARNIER אינ,,,דאודורנט GARNIER אינ,מיליליטרים,150.00,"100 מ""ל",false,,11.90,0.0793,true,1,1300724
3600541402270,false,דאודורנט GARNIER אינ,,,דאודורנט GARNIER אינ,מיליליטרים,150.00,"100 מ""ל",false,,11.90,0.0793,true,1,1300774
3600541928169,false,גל גרגרים פיור פחם ג,,,גל גרגרים פיור פחם ג,מיליליטרים,200.00,"100 מ""ל",false,,29.90,0.1495,true,1,1454417
3600542050579,false,גרנייה בוטניקל מי פנ,,,גרנייה בוטניקל מי פנ,מיליליטרים,200.00,"100 מ""ל",false,,19.90,0.0995,true,1,2319596
3600542052788,false,גרנייה בוטניקל חלב פ,,,גרנייה בוטניקל חלב פ,מיליליטרים,200.00,"100 מ""ל",false,,19.90,0.0995,true,1,2319597
3600542216623,false,דאודורנט GARNIER רול,,,דאודורנט GARNIER רול,מיליליטרים,50.00,"100 מ""ל",false,,11.90,0.2380,true,1,2170156
3600542310444,false,דאודורנט GARNIER ספר,,,דאודורנט GARNIER ספר,מיליליטרים,150.00,"100 מ""ל",false,,11.90,0.0793,true,1,2319573
3600542328647,false,קרם לחות גל אלוורה,,,קרם לחות גל אלוורה,מיליליטרים,50.00,"100 מ""ל",false,,39.90,0.7980,true,1,2319575
3600542365710,false,"ג""ל לניקוי פנים GARN",,,"ג""ל לניקוי פנים GARN",מיליליטרים,200.00,"100 מ""ל",false,,29.90,0.1495,true,1,2190183
3600542365796,false,ג'ל ניקוי לפנים בוטנ,,,ג'ל ניקוי לפנים בוטנ,מיליליטרים,200.00,"100 מ""ל",false,,24.90,0.1245,true,1,2198767
3600542367936,false,גרנייה אלו מי פנים א,,,גרנייה אלו מי פנים א,מיליליטרים,200.00,"100 מ""ל",false,,19.90,0.0995,true,1,2319604
3600542375801,false,גרנייה פיוראקטיב 3 ב,,,גרנייה פיוראקטיב 3 ב,מיליליטרים,150.00,"100 מ""ל",false,,29.90,0.1993,true,1,2238340
3600542380492,false,טישו גרנייה מסכה ויט,,,טישו גרנייה מסכה ויט,גרמים,32.00,100 גרם,false,,11.90,0.3719,true,1,2319616
3600542385091,false,אקשן קונטרול טרמיק 7,,,אקשן קונטרול טרמיק 7,מיליליטרים,50.00,"100 מ""ל",false,,11.90,0.2380,true,1,2238341
3600542385107,false,דאודורנט GARNIER אינ,,,דאודורנט GARNIER אינ,מיליליטרים,50.00,"100 מ""ל",false,,11.90,0.2380,true,1,2238342
3600542385251,false,דאודורנט GARNIER רול,,,דאודורנט GARNIER רול,מיליליטרים,50.00,"100 מ""ל",false,,11.90,0.2380,true,1,2238344
3600542385275,false,דאודורנט GARNIER רול,,,דאודורנט GARNIER רול,מיליליטרים,50.00,"100 מ""ל",false,,11.90,0.2380,true,1,2238352
3600542397926,false,דאודורנט 5 GARNIER פ,,,דאודורנט 5 GARNIER פ,מיליליטרים,150.00,"100 מ""ל",false,,11.90,0.0793,true,1,2238356
3600542431828,false,צבע שיער קולור נטורל,,,צבע שיער קולור נטורל,מיליליטרים,40.00,"100 מ""ל",false,,19.90,0.4975,true,1,2284207
3607343817547,false,דיאודורנט ספריי לגבר,,,דיאודורנט ספריי לגבר,מיליליטרים,150.00,"100 מ""ל",false,,12.90,0.0860,true,1,2207879
3607345265117,false,ספריי גוף פיוז'ן טים,אגריפק אס איי לגרדה,ES,פיוז'ן-ספריי גוף טים פורס,מיליליטרים,150.00,"100 מ""ל",false,,10.90,0.0727,true,1,1353572
3607349687458,false,דיאודורנט ספריי לגבר,,,דיאודורנט ספריי לגבר,מיליליטרים,150.00,"100 מ""ל",false,,12.90,0.0860,true,1,2207885
3608580730248,false,קונפיטורת דובדבן,,,קונפיטורת דובדבן,גרמים,370.00,100 גרם,false,,15.90,0.0430,true,1,1459251
3608580730279,false,קונפיטורת מרמלדת תפו,,,קונפיטורת מרמלדת תפו,גרמים,370.00,100 גרם,false,,15.90,0.0430,true,1,2207090
3614223736003,false,דיאודורנט ספריי לגבר,,,דיאודורנט ספריי לגבר,מיליליטרים,150.00,"100 מ""ל",false,,12.90,0.0860,true,1,2207886
3614223736485,false,דאו ספריי לגבר,,,דאו ספריי לגבר,מיליליטרים,200.00,"100 מ""ל",false,,15.90,0.0795,true,1,1851553
3661163990545,false,דאו ספריי גברים דריי,,,דאו ספריי גברים דריי,מיליליטרים,200.00,"100 מ""ל",false,,15.90,0.0795,true,1,1353592
3800020403631,false,"שוקולד קיט ""קאט חמאת",נסטלה,BG,קיט קאט צ'אנקי חמאת בוטני,גרמים,40.00,100 גרם,false,,3.90,0.0975,true,1,1345459
3800020423578,false,חטיף קיט קאט,נסטלה,BG,קיט קאט צ'אנקי,גרמים,40.00,100 גרם,false,,3.90,0.0975,true,1,1345461
3800020472712,false,חטיף קיט קט צאנקי פו,,,חטיף קיט קט צאנקי פו,גרמים,42.00,100 גרם,false,,3.90,0.0929,true,1,2261879
3838824127200,false,צבע שיער סמי קיט חום,הנקל סוד,DE,פאלטה סמי קיט 3-0 חום כהה,יחידה,1.00,יחידה,false,,22.90,22.9000,true,1,1323401
3838824127583,false,צבע שיער סמי קיט אדו,הנקל סוד,DE,פאלטה סמי קיט 6-88 אדום ב,יחידה,1.00,יחידה,false,,22.90,22.9000,true,1,1323412
3838824193915,false,צבע שיער סמי קיט שחו,הנקל סוד,DE,פאלטה סמי קיט 1-0 שחור,יחידה,1.00,יחידה,false,,22.90,22.9000,true,1,1323433
4000415039707,false,שוקולד שוגטן וניל 10,,,שוקולד שוגטן וניל 10,גרמים,100.00,100 גרם,false,,5.90,0.0590,true,1,1326005
4000415040109,false,שוקולד שוגטן קרמל 10,,,שוקולד שוגטן קרמל 10,גרמים,100.00,100 גרם,false,,5.90,0.0590,true,1,1326006
4000415143800,false,שוקולד שוגטן טרילוגי,,,שוקולד שוגטן טרילוגי,גרמים,100.00,100 גרם,false,,5.90,0.0590,true,1,1326017
4000417019004,false,שוקולד חלב אגוז ריטר,ריטר ספורט,DE,שוקולד RITTER SPORT אגוזי,גרמים,100.00,100 גרם,false,,9.90,0.0990,true,1,1738928
4000417022004,false,שוקולד שקדים חלב,ריטר ספורט,DE,שוקולד RITTER SPORT צימוק,גרמים,100.00,100 גרם,false,,7.90,0.0790,true,1,1327010
4000417025005,false,שוקולד ספורט מרצפן ר,ריטר ספורט,DE,שוקולד RITTER SPORT מרצפן,גרמים,100.00,100 גרם,false,,7.90,0.0790,true,1,1327012
4000417101211,false,גלילי וופל עם קרם אג,,,גלילי וופל עם קרם אג,גרמים,150.00,100 גרם,false,,17.90,0.1193,true,1,2279107
4000417222008,false,שוקולד חלב אגוז ריטר,,,שוקולד חלב אגוז ריטר,גרמים,100.00,100 גרם,false,,7.90,0.0790,true,1,1477504
4000417224002,false,שוקולד מריר עם אגוזי,ריטר ספורט,DE,שוקולד RITTER SPORT מריר,גרמים,100.00,100 גרם,false,,9.90,0.0990,true,1,1327015
4000417707000,false,שוקולד חלב קשיו ריטר,,,שוקולד חלב קשיו ריטר,גרמים,100.00,100 גרם,false,,9.90,0.0990,true,1,2239404
4000539280726,false,שוקולד לינדט אקסלנס,,,שוקולד לינדט אקסלנס,גרמים,100.00,100 גרם,false,,14.90,0.1490,true,1,2305573
4000539363108,false,שוקולד לינדור סטיק 3,,,שוקולד לינדור סטיק 3,גרמים,38.00,100 גרם,false,,5.90,0.1553,true,1,1794641
4000576022969,false,תחתונית קומפורט אלוו,,,תחתונית קומפורט אלוו,יח',58.00,יח',false,,14.90,0.2569,true,1,1974285
4000576030582,false,מגן תחתון 58 יח',,,מגן תחתון 58 יח',יח',62.00,יח',false,,12.90,0.2081,true,1,2186011
4000576399405,false,פדים להסרת איפור רחב,,,פדים להסרת איפור רחב,יח',40.00,יח',false,,8.90,0.2225,true,1,1304983
4000576550226,false,תחבושות נורמל,,,תחבושות נורמל,יח',16.00,יח',false,,9.90,0.6188,true,1,1304989
4000576560164,false,תחבושות סופר,,,תחבושות סופר,יח',16.00,יח',false,,9.90,0.6188,true,1,2223049
4000607850004,false,שוקולד שוגטן חלב 100,,,שוקולד שוגטן חלב 100,גרמים,100.00,100 גרם,false,,5.90,0.0590,true,1,1326028
4000607851001,false,שוקולד שוגטן חלב אגו,,,שוקולד שוגטן חלב אגו,גרמים,100.00,100 גרם,false,,5.90,0.0590,true,1,1326029
4000607852008,false,שוקולד שוגטן מריר 10,,,שוקולד שוגטן מריר 10,גרמים,100.00,100 גרם,false,,5.90,0.0590,true,1,1326030
4000607854705,false,שוקולד שוגטן יוגורט,,,שוקולד שוגטן יוגורט,גרמים,100.00,100 גרם,false,,5.90,0.0590,true,1,1326032
4001507161948,false,פתיתי שיבולת שועל דק,,,פתיתי שיבולת שועל דק,גרמים,500.00,100 גרם,false,,5.90,0.0118,true,1,1491534
4001507161955,false,פתיתי שיבולת שועל עב,,,פתיתי שיבולת שועל עב,גרמים,500.00,100 גרם,false,,5.90,0.0118,true,1,1792629
4002448017684,false,ספריי לניקוי כללי מס,רקיט בנקיזר,PL,סיליט מסיר אבנית שרוול 75,מיליליטרים,750.00,"100 מ""ל",false,,14.90,0.0199,true,1,1309352
4002448019480,false,מסיר שומנים רב שימוש,רקיט בנקיזר,PL,סיליט ספרי שומנים 750 שרו,מיליליטרים,750.00,"100 מ""ל",false,,14.90,0.0199,true,1,1309353
4002590000022,false,סוכריות בטעם פרות יע,קלפני,DE,קלפני פירות אוכמניות 150,גרמים,150.00,100 גרם,false,,8.90,0.0593,true,1,1327025
4002590000039,false,סוכריות בטעם פרי הדר,,,סוכריות בטעם פרי הדר,גרמים,150.00,100 גרם,false,,8.90,0.0593,true,1,1327026
4004666042004,false,מלרוד מרסס נגד עובש,מלרוד,DE,מלרוד מרסס 0.5 ליטר,מיליליטרים,500.00,"100 מ""ל",false,,34.90,0.0698,true,1,1326141
4004666107819,false,מרסס לניקוי וטיהור ה,,,מרסס לניקוי וטיהור ה,מיליליטרים,500.00,"100 מ""ל",false,,22.90,0.0458,true,1,2210040
4004666111656,false,מלרוד ג'ל פעיל להשמד,,,מלרוד ג'ל פעיל להשמד,מיליליטרים,250.00,"100 מ""ל",false,,29.90,0.1196,true,1,2280979
4005808170005,false,ניוואה קצף גילוח,ביירסדורף,DE,קצף גילוח ניוואה,מיליליטרים,200.00,"100 מ""ל",false,,19.90,0.0995,true,1,1334204
4005808222698,false,ניוואה קצף גילוח לעו,ביירסדורף,DE,ניוואה לגבר- קצף גילוח לב,מיליליטרים,200.00,"100 מ""ל",false,,19.90,0.0995,true,1,1334209
4005808588640,false,ניוואה קרם גילוח לעו,ביירסדורף,DE,קרם גילוח לעור רגיש,יחידה,0.00,יחידה,false,,12.90,0.0000,true,1,1334234
4005808698103,false,ניוואה קרם גוף סמוד,,,ניוואה קרם גוף סמוד,מטרים,500.00,100 מ'ל,false,,19.90,0.0398,true,1,2210863
4005808813001,false,ניוואה באלם 100,ביירסדורף,DE,תחליב לחות לאחר גילוח ניו,מיליליטרים,100.00,"100 מ""ל",false,,39.90,0.3990,true,1,1334260
4005808813063,false,ניוואה באלם רגיש 100,ביירסדורף,DE,תחליב לחות לעור רגיש לאחר,מיליליטרים,100.00,"100 מ""ל",false,,39.90,0.3990,true,1,1334261
4005808817306,false,ניוואה גל גילוח רגיל,ביירסדורף,DE,ג'ל גילוח ניוואה,מיליליטרים,200.00,"100 מ""ל",false,,16.90,0.0845,true,1,1334268
4005808817405,false,ניוואה גל גילוח רגיש,ביירסדורף,DE,ג'ל גילוח לעור רגיש ניווא,מיליליטרים,200.00,"100 מ""ל",false,,16.90,0.0845,true,1,1334269
4005808817726,false,ניוואה קרם גילוח,ביירסדורף,DE,קרם גילוח לעור רגיל,מיליליטרים,100.00,"100 מ""ל",false,,12.90,0.1290,true,1,1334271
4005808828838,false,ניוואה קול דאו ספריי,ביירסדורף,DE,DEO AQUA COOL SPRAY 150ML,מיליליטרים,150.00,"100 מ""ל",false,,13.90,0.0927,true,1,1334273
4005808837359,false,ניוואה רון און פרל ב,ביירסדורף,DE,N. DEO PEARL&BEAUTY ROLL-,מיליליטרים,50.00,"100 מ""ל",false,,13.90,0.2780,true,1,1334278
4005808850907,false,שפתון לבלו הידרו קר,,,שפתון לבלו הידרו קר,יחידה,0.00,יחידה,false,,9.90,0.0000,true,1,2208037
4005808851515,false,שפתון לבלו לגבר,,,שפתון לבלו לגבר,יחידה,0.00,יחידה,false,,9.90,0.0000,true,1,2208046
4005808890507,false,ניוואה סופט קרם לחות,ביירסדורף,DE,"קרם סופט 200 מ""ל",מיליליטרים,200.00,"100 מ""ל",false,,19.90,0.0995,true,1,1334293
4005808908585,false,ניוואה דאו ספריי לאש,,,ניוואה דאו ספריי לאש,יחידה,1.00,יחידה,false,,13.90,13.9000,true,1,1334296
4005900036445,false,ניוואה דאו רול און ל,,,ניוואה דאו רול און ל,יחידה,1.00,יחידה,false,,13.90,13.9000,true,1,1334305
4005900036476,false,ניוואה דאו רול און ל,ביירסדורף,DE,NDEO RLL-ON INV BLC&WHT C,מיליליטרים,50.00,"100 מ""ל",false,,13.90,0.2780,true,1,1334306
4005900036483,false,ניוואה דאו ספריי לגב,ביירסדורף,DE,NDEO SPY INV BLC&WHT POWE,מיליליטרים,150.00,"100 מ""ל",false,,13.90,0.0927,true,1,1334307
4005900036568,false,ניוואה דאו ספריי לאש,ביירסדורף,DE,NDEO SPY INV BLC&WHT CLR,מיליליטרים,150.00,"100 מ""ל",false,,13.90,0.0927,true,1,1334309
4005900037909,false,ניוואה דאו ספריי לאש,,,ניוואה דאו ספריי לאש,יחידה,1.00,יחידה,false,,13.90,13.9000,true,1,1334310
4005900138842,false,ניוואה SMOOTHתחליב ר,,,ניוואה SMOOTHתחליב ר,מיליליטרים,750.00,"100 מ""ל",false,,13.90,0.0185,true,1,2250875
4005900431776,false,שפתון לבלו וניל,,,שפתון לבלו וניל,יחידה,0.00,יחידה,false,,9.90,0.0000,true,1,2208038
4005900485243,false,דאודורנט רול און לגב,,,דאודורנט רול און לגב,מיליליטרים,50.00,"100 מ""ל",false,,13.90,0.2780,true,1,2067321
4005900488459,false,דאודורנט רול און לאי,,,דאודורנט רול און לאי,מיליליטרים,50.00,"100 מ""ל",false,,13.90,0.2780,true,1,2067322
4005900494924,false,דאודורנט ספריי לאישה,,,דאודורנט ספריי לאישה,מיליליטרים,150.00,"100 מ""ל",false,,13.90,0.0927,true,1,2067324
4005900521262,false,ג'ל רחצה לגבר דיפ 50,,,ג'ל רחצה לגבר דיפ 50,מיליליטרים,500.00,"100 מ""ל",false,,13.90,0.0278,true,1,1938528
4005900551412,false,שפתון לבלו סאן פרוטק,,,שפתון לבלו סאן פרוטק,יחידה,0.00,יחידה,false,,9.90,0.0000,true,1,2289573
4005900555915,false,תחליב רחצה קוקוס 750,,,תחליב רחצה קוקוס 750,מיליליטרים,750.00,"100 מ""ל",false,,13.90,0.0185,true,1,2221799
4005900683878,false,שפתון לבלו סקראב אלו,,,שפתון לבלו סקראב אלו,יחידה,0.00,יחידה,false,,9.90,0.0000,true,1,2208039
4005900800770,false,רביעיית סבונים מוצקי,,,רביעיית סבונים מוצקי,גרמים,360.00,100 גרם,false,,12.90,0.0358,true,1,2197324
4005900816016,false,ניוואה דאו ספרי אשה,ביירסדורף,DE,פרש ספריי לאישה ניוואה,מיליליטרים,150.00,"100 מ""ל",false,,13.90,0.0927,true,1,1334315
4005900816023,false,ניוואה דאו ספרי גבר,ביירסדורף,DE,ספריי יבש לגבר דאוד' ניוו,מיליליטרים,150.00,"100 מ""ל",false,,13.90,0.0927,true,1,1334316
4005900816108,false,ניוואה דאו רול און ג,ביירסדורף,DE,רול און יבש לגבר ניוואה,מיליליטרים,50.00,"100 מ""ל",false,,13.90,0.2780,true,1,1334318
4005900828088,false,ניוואה דאו רול און ג,ביירסדורף,DE,רול און פרש לגבר ניוואה,מיליליטרים,50.00,"100 מ""ל",false,,13.90,0.2780,true,1,1334323
4005900845702,false,ניוואה דאו רול און ל,,,ניוואה דאו רול און ל,מיליליטרים,50.00,"100 מ""ל",false,,13.90,0.2780,true,1,2255105
4005900845733,false,ניוואה דאו ספרי גבר,,,ניוואה דאו ספרי גבר,מיליליטרים,150.00,"100 מ""ל",false,,13.90,0.0927,true,1,2255106
4005900874931,false,ניוואה מן דאודורנט ס,,,ניוואה מן דאודורנט ס,מיליליטרים,150.00,"100 מ""ל",false,,13.90,0.0927,true,1,2302957
4006508177325,false,מטליות למשקפיים,,,מטליות למשקפיים,יח',30.00,יח',false,,13.90,0.4633,true,1,1330229
4007519050713,false,שקיות אשפה 35 ל,,,שקיות אשפה 35 ל,יח',25.00,יח',false,,9.90,0.3960,true,1,1305004
4007519050720,false,שקיות אשפה 60 ל,,,שקיות אשפה 60 ל,יח',20.00,יח',false,,9.90,0.4950,true,1,1305005
4007519050744,false,שקיות אשפה 120 ל,,,שקיות אשפה 120 ל,יח',10.00,יח',false,,9.90,0.9900,true,1,1305006
4007519086262,false,שקיות אשפה 60 ל ריחנ,,,שקיות אשפה 60 ל ריחנ,יחידה,0.00,יחידה,false,,10.90,0.0000,true,1,1305011
4008287905786,false,בירה קרומבכר,,,בירה קרומבכר,מיליליטרים,500.00,"100 מ""ל",false,,9.90,0.0198,true,1,2241868
4009300522935,false,תה פומפדור עם לימוני,TEEKANNE,DE,פומפדור תה ירוק עם לימוני,גרמים,30.00,100 גרם,false,,14.90,0.4967,true,1,1339420
4009300522966,false,תה פומפדור נענע,TEEKANNE,DE,פומפדור תה ירוק נענע,גרמים,30.00,100 גרם,false,,14.90,0.4967,true,1,1339421
4009300524588,false,חליטת פומפדור חליטת,TEEKANNE,DE,פומפדור חליטת צמחים פירות,גרמים,60.00,100 גרם,false,,11.90,0.1983,true,1,1339422
4009300524625,false,תה פומפדור צ'אי מסאל,TEEKANNE,DE,פומפדור צאי מסאלה,גרמים,40.00,100 גרם,false,,11.90,0.2975,true,1,1339423
4009300525011,false,תה ירוק תפוז גינגר,TEEKANNE,DE,פומפדור תה ירוק תפוז גינג,גרמים,30.00,100 גרם,false,,14.90,0.4967,true,1,1339425
4009300525684,false,חליטת פומפדור לימון,TEEKANNE,DE,פומפדור חליטת צמחים גי'נג,גרמים,35.00,100 גרם,false,,11.90,0.3400,true,1,1339427
4009300526438,false,תה פומפדור ירוק קלאס,TEEKANNE,DE,פומפדור תה ירוק קלאסי 30,גרמים,30.00,100 גרם,false,,14.90,0.4967,true,1,1339429
4009300527909,false,חליטת פומפדור ג'ינג',,,חליטת פומפדור ג'ינג',גרמים,35.00,100 גרם,false,,11.90,0.3400,true,1,1725627
4009300528821,false,תה ירוק פומפדור ג'ינ,,,תה ירוק פומפדור ג'ינ,גרמים,30.00,100 גרם,false,,14.90,0.4967,true,1,2136906
4009300528845,false,תה ירוק פומפדור לימו,,,תה ירוק פומפדור לימו,גרמים,30.00,100 גרם,false,,14.90,0.4967,true,1,2136907
4009300529514,false,פומפדור חליטת פירות,,,פומפדור חליטת פירות,גרמים,50.00,100 גרם,false,,11.90,0.2380,true,1,2303615
4009300529538,false,פומפדור חליטת פירות,,,פומפדור חליטת פירות,גרמים,45.00,100 גרם,false,,11.90,0.2644,true,1,2303616
4009300529576,false,חליטת פומפדור 30 גרם,,,חליטת פומפדור 30 גרם,גרמים,50.00,100 גרם,false,,11.90,0.2380,true,1,2259397
4009300530183,false,תה פומפדור חליטה תפו,,,תה פומפדור חליטה תפו,גרמים,44.00,100 גרם,false,,11.90,0.2705,true,1,2323046
4009300530275,false,תה פומפדור חליטה מנט,,,תה פומפדור חליטה מנט,גרמים,36.00,100 גרם,false,,11.90,0.3306,true,1,2323048
4009300595106,false,חליטת פומפדור קמומיל,,,חליטת פומפדור קמומיל,גרמים,30.00,100 גרם,false,,11.90,0.3967,true,1,2195218
4009300595120,false,חליטת פומפדור ג'ינג',,,חליטת פומפדור ג'ינג',גרמים,30.00,100 גרם,false,,11.90,0.3967,true,1,2195219
4009900013581,false,מסטיק אורביט סטיקס ח,,,מסטיק אורביט סטיקס ח,גרמים,65.00,100 גרם,false,,9.90,0.1523,true,1,1337398
4009900379564,false,מסטיק הובה בובה פירו,,,מסטיק הובה בובה פירו,גרמים,56.00,100 גרם,false,,6.50,0.1161,true,1,1337408
4009900385824,false,מסטיק אורביט סטיקס ח,,,מסטיק אורביט סטיקס ח,גרמים,65.00,100 גרם,false,,9.90,0.1523,true,1,1337411
4009900402965,false,מסטיק אורביט White ב,,,מסטיק אורביט White ב,גרמים,64.00,100 גרם,false,,9.90,0.1547,true,1,1337414
4009900403023,false,מסטיק אורביט בקבוקון,,,מסטיק אורביט בקבוקון,גרמים,64.00,100 גרם,false,,9.90,0.1547,true,1,1337415
4009900420129,false,מסטיק אורביט פפרמינט,,,מסטיק אורביט פפרמינט,גרמים,64.00,100 גרם,false,,9.90,0.1547,true,1,2035594
4009900426039,false,מסטיק איירוויבז בקבו,,,מסטיק איירוויבז בקבו,גרמים,64.00,100 גרם,false,,9.90,0.1547,true,1,1487926
4009900426121,false,מסטיק איירוויבז בקבו,,,מסטיק איירוויבז בקבו,גרמים,64.00,100 גרם,false,,9.90,0.1547,true,1,1487927
4009900455299,false,סוכריות סקיטלס פירות,,,סוכריות סקיטלס פירות,גרמים,174.00,100 גרם,false,,8.90,0.0511,true,1,1337426
4009900465304,false,סוכריות סקיטלס חמוצי,,,סוכריות סקיטלס חמוצי,גרמים,174.00,100 גרם,false,,8.90,0.0511,true,1,1337428
4009900479998,false,מסטיק אורביט White ב,,,מסטיק אורביט White ב,גרמים,64.00,100 גרם,false,,9.90,0.1547,true,1,1337434
4009900482417,false,מסטיק אורביט באבל מי,,,מסטיק אורביט באבל מי,גרמים,64.00,100 גרם,false,,9.90,0.1547,true,1,1337435
4009900484060,false,מסטיק אורביט פפרימינ,,,מסטיק אורביט פפרימינ,גרמים,84.00,100 גרם,false,,12.90,0.1536,true,1,1337437
4009900484091,false,מסטיק אורביט ספירימנ,,,מסטיק אורביט ספירימנ,גרמים,84.00,100 גרם,false,,12.90,0.1536,true,1,1337438
4009900484305,false,מסטיק אורביט אקליפטו,,,מסטיק אורביט אקליפטו,גרמים,84.00,100 גרם,false,,12.90,0.1536,true,1,1337439
4009900487283,false,מסטיק אורביט סטיקס ח,,,מסטיק אורביט סטיקס ח,גרמים,65.00,100 גרם,false,,9.90,0.1523,true,1,1337440
4009900491044,false,מסטיק אורביט אוכמניו,,,מסטיק אורביט אוכמניו,גרמים,84.00,100 גרם,false,,12.90,0.1536,true,1,2063333
4009900509770,false,מסטיק אורביט פפרימינ,,,מסטיק אורביט פפרימינ,גרמים,84.00,100 גרם,false,,12.90,0.1536,true,1,1425744
4009900531122,false,מסטיק אורביט ספירמינ,,,מסטיק אורביט ספירמינ,גרמים,64.00,100 גרם,false,,9.90,0.1547,true,1,2035595
4009900536257,false,מסטיק אורביט ללא סוכ,,,מסטיק אורביט ללא סוכ,גרמים,67.00,100 גרם,false,,10.90,0.1627,true,1,2245530
4009900536288,false,מסטיק אורביט ללא סוכ,,,מסטיק אורביט ללא סוכ,גרמים,67.00,100 גרם,false,,10.90,0.1627,true,1,2245531
4009900539401,false,מסטיק פייב באונס בטע,,,מסטיק פייב באונס בטע,גרמים,14.40,100 גרם,false,,3.90,0.2708,true,1,2289248
4009900539432,false,מסטיק פייב באונס בטע,,,מסטיק פייב באונס בטע,גרמים,14.40,100 גרם,false,,3.90,0.2708,true,1,2289249
4009900539685,false,מסטיק פייב באונס בטע,,,מסטיק פייב באונס בטע,גרמים,61.80,100 גרם,false,,10.90,0.1764,true,1,2289240
4009900539746,false,מסטיק פייב באונס בטע,,,מסטיק פייב באונס בטע,גרמים,61.80,100 גרם,false,,10.90,0.1764,true,1,2289241
4009900540551,false,מסטיק אורביט ללא סוכ,,,מסטיק אורביט ללא סוכ,גרמים,67.00,100 גרם,false,,10.90,0.1627,true,1,2284078
4010492051165,false,אתנה עופות 100ג',,,אתנה עופות 100ג',גרמים,100.00,100 גרם,false,,4.90,0.0490,true,1,2320766
4010492051189,false,אתנה דגי ים ושרימפס,,,אתנה דגי ים ושרימפס,גרמים,100.00,100 גרם,false,,4.90,0.0490,true,1,2320767
4010492051653,false,אתנה עוף והודו ללא ד,,,אתנה עוף והודו ללא ד,גרמים,100.00,100 גרם,false,,4.90,0.0490,true,1,2320768
4010492052179,false,אתנה עוף ביוגורט 100,,,אתנה עוף ביוגורט 100,גרמים,100.00,100 גרם,false,,4.90,0.0490,true,1,2320769
4011100001220,false,חטיף מרס מיני 400 גר,מרס Mars,NL,'מרס מיני 403 גר,גרמים,403.00,100 גרם,false,,19.90,0.0494,true,1,1319194
4011800528416,false,חטיף קורני דגנים עם,,,חטיף קורני דגנים עם,גרמים,150.00,100 גרם,false,,9.90,0.0660,true,1,2172847
4011800567613,false,חטיף קורני סנדוויץ',Schwartauer,DE,קורני סנדוויץ שחור ולבן ע,גרמים,120.00,100 גרם,false,,9.90,0.0825,true,1,1353631
4011800568610,false,חטיף קורני סנדוויץ',Schwartauer,DE,קורני סנדוויץ קלאסי עם קר,גרמים,120.00,100 גרם,false,,9.90,0.0825,true,1,1353632
4011800628512,false,חטיף קורני שוקולד חל,Schwartauer,DE,קורני עם שוקולד חלב - 1X6,גרמים,150.00,100 גרם,false,,9.90,0.0660,true,1,1353653
4011800629519,false,חטיף קורני עם אגוזים,Schwartauer,DE,קורני עם אגוזים 1X6,גרמים,150.00,100 גרם,false,,9.90,0.0660,true,1,1353654
4011800630515,false,חטיף קורני עם שוקולד,Schwartauer,DE,קורני עם שוקולד חלב ובננה,גרמים,150.00,100 גרם,false,,9.90,0.0660,true,1,1353655
4011800632519,false,חטיף קורני עם קוקוס,Schwartauer,DE,קורני עם שוקולד חלב וקוקו,גרמים,150.00,100 גרם,false,,9.90,0.0660,true,1,1353657
4011800633516,false,חטיף קורני שוקלד מרי,Schwartauer,DE,קורני עם שוקולד מריר מעול,גרמים,138.00,100 גרם,false,,9.90,0.0717,true,1,1353658
4011800635510,false,חטיף קורני עם אגוזים,Schwartauer,DE,"קורני ""פרי ""עם אגוזים ושק",גרמים,120.00,100 גרם,false,,9.90,0.0825,true,1,1353659
4011800636517,false,חטיף קורני שוקלד חלב,Schwartauer,DE,"קורני ""פרי ""עם שוקולד חלב",גרמים,120.00,100 גרם,false,,9.90,0.0825,true,1,1353660
4011800637514,false,חטיף קורני שוקולד לב,Schwartauer,DE,"קורני ""פרי ""עם שוקולד לבן",גרמים,120.00,100 גרם,false,,9.90,0.0825,true,1,1353661
4012839597596,false,כבד דג שיבוט בשמן,,,כבד דג שיבוט בשמן,גרמים,121.00,100 גרם,false,,9.90,0.0818,true,1,2304656
4013197766976,false,סוכריות פחיות טעם תפ,,,סוכריות פחיות טעם תפ,גרמים,200.00,100 גרם,false,,9.90,0.0495,true,1,1337806
4013197767119,false,סוכריות פחיות טעם מנ,,,סוכריות פחיות טעם מנ,גרמים,200.00,100 גרם,false,,9.90,0.0495,true,1,1337813
4013227013391,false,משקה קרם אוטום.,,,משקה קרם אוטום.,מיליליטרים,700.00,"100 מ""ל",false,,39.90,0.0570,true,1,1334429
4014400900217,false,בונבוניירה מרסי 400,שטורק,DE,בונבוניירה מרסי 400 גרם,גרמים,400.00,100 גרם,false,,54.90,0.1372,true,1,1327045
4014400903409,false,סוכריות טופיפי 250 ג,,,סוכריות טופיפי 250 ג,גרמים,250.00,100 גרם,false,,24.90,0.0996,true,1,1327050
4014400904277,false,סוכריות מרעננות,שטורק,DE,סוכריות אייס פרש בשקית 42,גרמים,425.00,100 גרם,false,,14.90,0.0351,true,1,1327051
4014400904307,false,סוכריות קליפורניה שט,שטורק,DE,סוכריות קליפורניה 425 גרם,גרמים,425.00,100 גרם,false,,14.90,0.0351,true,1,1327052
4014400904376,false,סוכריות טופי שטורק,שטורק,DE,סוכריות שוקולדן 325 גרם,גרמים,325.00,100 גרם,false,,14.90,0.0458,true,1,1327054
4014400904390,false,סוכריות טופי שטורק ו,שטורק,DE,סוכריות וולמילש 325 גרם,גרמים,325.00,100 גרם,false,,14.90,0.0458,true,1,1327055
4014400910063,false,סוכריות וורטר אורגינ,שטורק,DE,סוכריות וורטר אורגינל שקי,גרמים,135.00,100 גרם,false,,9.90,0.0733,true,1,1327060
4014400913910,false,סוכריות וורטר אורגינ,שטורק,DE,וורטר אוריגינל במילוי קרם,גרמים,125.00,100 גרם,false,,9.90,0.0792,true,1,1327061
4014400914696,false,וורטר סוכריות טופי ל,שטורק,DE,סוכריות חמאה וורטר אור לל,גרמים,70.00,100 גרם,false,,7.90,0.1129,true,1,1327062
4014400914924,false,וורטר סוכריות ללא סו,שטורק,DE,סוכריות  וורטר ללא סוכר ק,גרמים,80.00,100 גרם,false,,7.90,0.0988,true,1,1327063
4014400920857,false,וורטר סוכריות טעם שו,,,וורטר סוכריות טעם שו,גרמים,70.00,100 גרם,false,,7.90,0.1129,true,1,1327064
4014400923711,false,סוכריות טופיפי 125 ג,,,סוכריות טופיפי 125 ג,גרמים,125.00,100 גרם,false,,12.90,0.1032,true,1,1496182
4015000031394,false,מסיר כתמים ספטיל,הנקל סוד,IL,משחה להסרת כתמים ספטיל 20,גרמים,200.00,100 גרם,false,,14.90,0.0745,true,1,1361418
4015000280211,false,דאודורנט פה רול-און,הנקל סוד,DE,פה דאודורנט רולאון קריביא,מיליליטרים,50.00,"100 מ""ל",false,,15.90,0.3180,true,1,1323457
4015000280372,false,דאודורנט פה רול-און,הנקל סוד,DE,פה דאודורנט רולאון ספורט,מיליליטרים,50.00,"100 מ""ל",false,,15.90,0.3180,true,1,1323458
4015000615921,false,דאודורנט פה-ספריי,הנקל סוד,DE,פה דאודורנט ספריי ספורט 2,מיליליטרים,200.00,"100 מ""ל",false,,15.90,0.0795,true,1,1323495
4015000975421,false,משחה לעיצוב סאיוס,,,משחה לעיצוב סאיוס,מיליליטרים,100.00,"100 מ""ל",false,,29.90,0.2990,true,1,1722969
4015000995122,false,דאודורנט ספריי פה,הנקל סוד,DE,פה דאודורנט ספריי כח המשי,מיליליטרים,200.00,"100 מ""ל",false,,15.90,0.0795,true,1,1323568
4015000996204,false,שמפו גליס אולטימט רי,הנקל סוד,DE,גליס שמפו שמן אליקסייר 40,מיליליטרים,400.00,"100 מ""ל",false,,18.90,0.0472,true,1,1323569
4015000997430,false,דאודורנט ספריי פה,הנקל סוד,DE,פה דאודורנט ספריי אינוויז,מיליליטרים,200.00,"100 מ""ל",false,,15.90,0.0795,true,1,1323574
4015400564034,false,אולוויז  58 יחידות מ,פרוקטר אנד גמבל,DE,מגן תחתון אולוויז מגה פק,יח',58.00,יח',false,,21.90,0.3776,true,1,1307197
4015400564454,false,אולוויז  68 יחידות מ,פרוקטר אנד גמבל,DE,מגן תחתון אולוויז מגה פק,יח',68.00,יח',false,,21.90,0.3221,true,1,1307201
4015400598329,false,אולוויז קואטרו 56 יח,פרוקטר אנד גמבל,DE,אולוויז קוואטרו נורמל + א,יח',56.00,יח',false,,39.90,0.7125,true,1,1307209
4015400598381,false,אולוויז קואטרו 48 יח,פרוקטר אנד גמבל,DE,אולוויז קוואטרו לונג + אי,יח',48.00,יח',false,,39.90,0.8312,true,1,1307210
4015400598411,false,אולוויז קואטרו 40 יח,פרוקטר אנד גמבל,DE,אולוויז קוואטרו לילה אירו,יח',40.00,יח',false,,39.90,0.9975,true,1,1307211
4015400681670,false,אולוויז לילה 18 יח',,,אולוויז לילה 18 יח',יח',18.00,יח',false,,19.90,1.1056,true,1,1367976
4015400690498,false,טמפוני טמפקס פרל 18,,,טמפוני טמפקס פרל 18,יח',18.00,יח',false,,27.90,1.5500,true,1,1469006
4015400731719,false,אולוויז דואו 20 יחיד,,,אולוויז דואו 20 יחיד,יח',20.00,יח',false,,19.90,0.9950,true,1,1425656
4015400746812,false,אולוויז  80 יחידות מ,פרוקטר אנד גמבל,DE,מגן תחתון אולוויז  מגה פק,יח',80.00,יח',false,,21.90,0.2737,true,1,1460337
4015400755241,false,אולוויז דואו 28 יחיד,,,אולוויז דואו 28 יחיד,יח',28.00,יח',false,,19.90,0.7107,true,1,1425658
4015400990482,false,"אריאל 3 ק""ג קולור",,,"אריאל 3 ק""ג קולור",קילוגרמים,3.00,"ק""ג",false,,31.90,10.6333,true,1,1400158
4015600762742,false,שמפו הד אנד שולדרס 5,פרוקטר אנד גמבל,FR,"ה&ש שמפו קלאסי  500 מ""ל",מיליליטרים,500.00,"100 מ""ל",false,,20.90,0.0418,true,1,1307276
4015600762780,false,שמפו הד אנד שולדרס 5,פרוקטר אנד גמבל,FR,"ה&ש 2 ב 1 קלאסי 500  מ""ל",מיליליטרים,500.00,"100 מ""ל",false,,20.90,0.0418,true,1,1307277
4015600762902,false,שמפו הד אנד שולדרס 5,פרוקטר אנד גמבל,FR,"ה&ש שמפו מנטול  500 מ""ל",מיליליטרים,500.00,"100 מ""ל",false,,20.90,0.0418,true,1,1307280
4015600762940,false,שמפו הד אנד שולדרס 5,פרוקטר אנד גמבל,FR,"ה&ש שמפו תפוח  500 מ""ל",מיליליטרים,500.00,"100 מ""ל",false,,20.90,0.0418,true,1,1307281
4015600763022,false,שמפו הד אנד שולדרס 5,פרוקטר אנד גמבל,FR,"ה&ש שמפו מגע משי  500 מ""ל",מיליליטרים,500.00,"100 מ""ל",false,,20.90,0.0418,true,1,1307283
4015600766900,false,שמפו הד אנד שולדרס 5,,,שמפו הד אנד שולדרס 5,מיליליטרים,500.00,"100 מ""ל",false,,20.90,0.0418,true,1,1307289
4015600807436,false,דאודורנט ג'ל ג'ילט 7,פרוקטר אנד גמבל,US,דאו ג'ל 75 מל CW-PB חדש,מיליליטרים,75.00,"100 מ""ל",false,,19.90,0.2653,true,1,1307296
4015600810849,false,דאודורנט ק.גל ג'ילט,פרוקטר אנד גמבל,CZ,דאודורנט פאוייר רוש 70 מל,מיליליטרים,70.00,"100 מ""ל",false,,18.90,0.2700,true,1,1307299
4017100198151,false,ביסקוויט ממולא קקאו,,,ביסקוויט ממולא קקאו,גרמים,220.00,100 גרם,false,,7.90,0.0359,true,1,1327070
4017100290008,false,ביסקוויט וופל שוקולד,,,ביסקוויט וופל שוקולד,גרמים,125.00,100 גרם,false,,10.90,0.0872,true,1,1327077
4017100364112,false,ביסקוויט ממולא וניל,,,ביסקוויט ממולא וניל,גרמים,220.00,100 גרם,false,,7.90,0.0359,true,1,1327081
4023800012109,false,מרציפן 100 גרם,,,מרציפן 100 גרם,גרמים,100.00,100 גרם,false,,7.90,0.0790,true,1,1337816
4025700001962,false,מילקה שוקולד לבן 100,קראפט,,מילקה שוקולד לבן 100,גרמים,100.00,100 גרם,false,,5.90,0.0590,true,1,2187662
4037719680212,false,סוכריות פחיות טעם תו,,,סוכריות פחיות טעם תו,גרמים,200.00,100 גרם,false,,9.90,0.0495,true,1,1337827
4045787068221,false,צבע לשיער פרוטאין קו,הנקל סוד,DE,אינדולה פרוטאין קולור שפו,מיליליטרים,60.00,"100 מ""ל",false,,19.90,0.3317,true,1,1323578
4045787068252,false,צבע לשיער פרוטאין קו,הנקל סוד,DE,אינדולה פרוטאין קולור שפו,מיליליטרים,60.00,"100 מ""ל",false,,19.90,0.3317,true,1,1323581
4045787068320,false,צבע לשיער פרוטאין קו,הנקל סוד,DE,אינדולה פרוטאין קולור שפו,מיליליטרים,60.00,"100 מ""ל",false,,19.90,0.3317,true,1,1323586
4045787068375,false,צבע לשיער פרוטאין קו,הנקל סוד,DE,אינדולה פרוטאין קולור שפו,מיליליטרים,60.00,"100 מ""ל",false,,19.90,0.3317,true,1,1323591
4045787068382,false,צבע לשיער פרוטאין 6.,הנקל סוד,DE,אינדולה פרוטאין קולור שפו,מיליליטרים,60.00,"100 מ""ל",false,,19.90,0.3317,true,1,1323592
4045787068405,false,צבע לשיער פרוטאין 6.,הנקל סוד,DE,אינדולה פרוטאין קולור שפו,מיליליטרים,60.00,"100 מ""ל",false,,19.90,0.3317,true,1,1323593
4045787068467,false,צבע לשיער פרוטאין קו,הנקל סוד,DE,אינדולה פרוטאין קולור שפו,מיליליטרים,60.00,"100 מ""ל",false,,19.90,0.3317,true,1,1323599
4045787068498,false,צבע לשיער פרוטאין קו,הנקל סוד,DE,אינדולה פרוטאין קולור שפו,מיליליטרים,60.00,"100 מ""ל",false,,19.90,0.3317,true,1,1323601
4045787068504,false,צבע לשיער פרוטאין קו,הנקל סוד,DE,אינדולה פרוטאין קולור שפו,מיליליטרים,60.00,"100 מ""ל",false,,19.90,0.3317,true,1,1323602
4045787068542,false,צבע לשיער פרוטאין קו,הנקל סוד,DE,אינדולה פרוטאין קולור שפו,מיליליטרים,60.00,"100 מ""ל",false,,19.90,0.3317,true,1,1323605
4052197000925,false,בירה בנדקטינר,,,בירה בנדקטינר,מיליליטרים,500.00,"100 מ""ל",false,,9.90,0.0198,true,1,2198947
4052197001281,false,בירה בנדקטינר,,,בירה בנדקטינר,מיליליטרים,500.00,"100 מ""ל",false,,7.90,0.0158,true,1,2207145
4056800649792,false,וולה פלקס מוס לנפח ל,,,וולה פלקס מוס לנפח ל,מיליליטרים,200.00,"100 מ""ל",false,,24.90,0.1245,true,1,2216000
4056800693061,false,"ג'ל וולה פלקס 150 מ""",פרוקטר אנד גמבל,FR,"וולה פלקס ג'ל 150 מ""ל",מיליליטרים,150.00,"100 מ""ל",false,,11.90,0.0793,true,1,1307322
4056800943739,false,קרם חמצן וולוקסון 9%,פרוקטר אנד גמבל,FR,וולוקסון 6%,מיליליטרים,75.00,"100 מ""ל",false,,3.90,0.0520,true,1,1307362
4056800943791,false,קרם חמצן וולוקסון 9%,פרוקטר אנד גמבל,FR,וולוקסון 9%,מיליליטרים,75.00,"100 מ""ל",false,,3.90,0.0520,true,1,1307363
4064666232409,false,מוס לשיער וולה פלקס,,,מוס לשיער וולה פלקס,מיליליטרים,200.00,"100 מ""ל",false,,24.90,0.1245,true,1,2321138
4066600601920,false,"בירה פאולנר 500 מ""ל",,,"בירה פאולנר 500 מ""ל",מיליליטרים,500.00,"100 מ""ל",false,,10.90,0.0218,true,1,2177167
4066600999614,false,"בירה פאולנר 500 מ""ל",,,"בירה פאולנר 500 מ""ל",מיליליטרים,500.00,"100 מ""ל",false,,10.90,0.0218,true,1,1506959
4084500065536,false,"קרם לחות פנטן 300 מ""",,,"קרם לחות פנטן 300 מ""",מיליליטרים,300.00,"100 מ""ל",false,,18.90,0.0630,true,1,1307365
4084500065598,false,"קרם לחות פנטן 300 מ""",,,"קרם לחות פנטן 300 מ""",מיליליטרים,300.00,"100 מ""ל",false,,18.90,0.0630,true,1,1369509
4084500081314,false,משחת שיניים אוראל בי,,,משחת שיניים אוראל בי,מיליליטרים,75.00,"100 מ""ל",false,,9.90,0.1320,true,1,2162977
4084500088917,false,"פיירי לימון 650 מ""ל",פרוקטר אנד גמבל,GB,פיירי אוריגינל 750מ'ל,מיליליטרים,650.00,"100 מ""ל",false,,11.90,0.0183,true,1,1390684
4084500149526,false,טייד ג'ל 2.48 ליטר,פרוקטר אנד גמבל,FR,טייד ג'ל 2.48 ליטר,ליטרים,2.48,ליטר,false,,29.90,12.0565,true,1,1307371
4084500178137,false,טייד ג'ל 4 ליטר,פרוקטר אנד גמבל,FR,טייד ג'ל 4 ליטר,ליטרים,4.00,ליטר,false,,35.90,8.9750,true,1,1307372
4084500739253,false,אורל בי משחת שיניים,,,אורל בי משחת שיניים,מיליליטרים,75.00,"100 מ""ל",false,,19.90,0.2653,true,1,2220493
4084500853836,false,"פיירי 515 מ""ל ורדים",פרוקטר אנד גמבל,GB,פיירי  אלוורה ומלפפונים 6,מיליליטרים,515.00,"100 מ""ל",false,,11.90,0.0231,true,1,1390688
4084500853898,false,"פיירי 515 מ""ל אלוורה",פרוקטר אנד גמבל,GB,פיירי  אלוורה ומלפפונים 6,מיליליטרים,515.00,"100 מ""ל",false,,11.90,0.0231,true,1,1390689
4084500920880,false,פיירי 1.24 ליטר אורג,,,פיירי 1.24 ליטר אורג,ליטרים,1.24,ליטר,false,,15.90,12.8226,true,1,1390692
4105120623941,false,"בירה ויינשטפן 500 מ""",,,"בירה ויינשטפן 500 מ""",מיליליטרים,500.00,"100 מ""ל",false,,9.90,0.0198,true,1,1719481
4210201176534,false,2יח ראש אורל בי  ראש,,,2יח ראש אורל בי  ראש,יח',2.00,יח',false,,59.90,29.9500,true,1,2282931
4210201176688,false,4 ראש אורל בי ראש חש,,,4 ראש אורל בי ראש חש,יח',4.00,יח',false,,84.90,21.2250,true,1,2282932
4210201262183,false,מברשת שיניים חשמלית,,,מברשת שיניים חשמלית,יחידה,0.00,יחידה,false,,84.90,0.0000,true,1,2190629
4260147890551,false,איטריות ביצים רצועות,דין שיווק,,איטריות ביצים רצועות,גרמים,500.00,100 גרם,false,,9.90,0.0198,true,1,1328115
4600659010854,false,וודקה סטוליצ'ניה 700,,,וודקה סטוליצ'ניה 700,מיליליטרים,700.00,"100 מ""ל",false,,59.90,0.0856,true,1,1334435
4600659011059,false,וודקה סטוליצניה,,,וודקה סטוליצניה,ליטרים,1.00,ליטר,false,,79.90,79.9000,true,1,1334436
4603400000043,false,"וודקה רוסקי 700מ""ל",,,"וודקה רוסקי 700מ""ל",מיליליטרים,700.00,"100 מ""ל",false,,69.90,0.0999,true,1,1335493
4605246004322,false,תה גרין פילד קמומיל,אורימי,RU,תה גרינפילד 25\1 שק רומשק,גרמים,37.50,100 גרם,false,,11.90,0.3173,true,1,1992380
4607002990290,false,מלפפונים מוחמצים,,,מלפפונים מוחמצים,גרמים,680.00,100 גרם,false,,11.90,0.0175,true,1,1968620
4607002990474,false,עגבניות מוחמצות,,,עגבניות מוחמצות,גרמים,680.00,100 גרם,false,,11.90,0.0175,true,1,2167866
4607002990481,false,עגבניות במיץ עגבניות,,,עגבניות במיץ עגבניות,גרמים,680.00,100 גרם,false,,11.90,0.0175,true,1,1968621
4607002995752,false,עגבניות ומלפפונים מו,,,עגבניות ומלפפונים מו,גרמים,680.00,100 גרם,false,,11.90,0.0175,true,1,1968622
4607002999323,false,ממרח חצילים 460 גרם,,,ממרח חצילים 460 גרם,גרמים,460.00,100 גרם,false,,9.90,0.0215,true,1,2214882
4607012351005,false,גרעיני חמניות ללא מל,,,גרעיני חמניות ללא מל,גרמים,200.00,100 גרם,false,,12.90,0.0645,true,1,1491434
4607012351999,false,גרעיני חמניות עם מלח,,,גרעיני חמניות עם מלח,גרמים,200.00,100 גרם,false,,12.90,0.0645,true,1,1491435
4607012352453,false,גרעיני חמניות עם פסי,,,גרעיני חמניות עם פסי,גרמים,150.00,100 גרם,false,,8.90,0.0593,true,1,1731225
4607051158672,false,תה שחור,,,תה שחור,גרמים,34.00,100 גרם,false,,9.90,0.2912,true,1,2190139
4607109409619,false,פיניש 25 טבליות AIO,,,פיניש 25 טבליות AIO,יח',25.00,יח',false,,29.90,1.1960,true,1,1466986
4620015851860,false,תה שחור,,,תה שחור,גרמים,25.00,100 גרם,false,,9.90,0.3960,true,1,2190570
4620015851877,false,תה שחור,,,תה שחור,גרמים,25.00,100 גרם,false,,9.90,0.3960,true,1,2190571
4620015852546,false,תה שחור,,,תה שחור,גרמים,34.00,100 גרם,false,,9.90,0.2912,true,1,2190149
4620015852553,false,תה שחור,,,תה שחור,גרמים,36.00,100 גרם,false,,9.90,0.2750,true,1,2190960
4620015852980,false,תה שחור,,,תה שחור,גרמים,25.00,100 גרם,false,,9.90,0.3960,true,1,2190576
4640018993343,false,טבליות למדיח כלים 30,,,טבליות למדיח כלים 30,יח',30.00,יח',false,,34.90,1.1633,true,1,2194405
4640018993350,false,טבליות למדיח כלים 30,,,טבליות למדיח כלים 30,יח',30.00,יח',false,,34.90,1.1633,true,1,2194406
4640018993398,false,טבליות למדיח כלים 60,,,טבליות למדיח כלים 60,יח',60.00,יח',false,,54.90,0.9150,true,1,2194408
4710068001739,false,מאסטר קפה קולומביאני,,,מאסטר קפה קולומביאני,מיליליטרים,250.00,"100 מ""ל",false,,5.90,0.0236,true,1,1306411
4710068002798,false,מאסטר קפה ונילה,,,מאסטר קפה ונילה,מיליליטרים,240.00,"100 מ""ל",false,,5.90,0.0246,true,1,2118045
4750142003426,false,בירה פילזנר בהירה בפ,,,בירה פילזנר בהירה בפ,מיליליטרים,500.00,"100 מ""ל",false,,6.90,0.0138,true,1,2190447
4750142021505,false,בירה פילזנר .בהירה ב,,,בירה פילזנר .בהירה ב,מיליליטרים,500.00,"100 מ""ל",false,,6.90,0.0138,true,1,1731190
4750616000593,false,שימורי דגים שפרוטים,,,שימורי דגים שפרוטים,גרמים,190.00,100 גרם,false,,7.90,0.0416,true,1,1968634
4750616001194,false,שימורי דגים שפרוטים,,,שימורי דגים שפרוטים,גרמים,240.00,100 גרם,false,,7.90,0.0329,true,1,1872506
4750616001361,false,שימורי דגים סלאקה מע,,,שימורי דגים סלאקה מע,גרמים,190.00,100 גרם,false,,7.90,0.0416,true,1,1872507
4750616002276,false,שימורי דגים קילקה עם,,,שימורי דגים קילקה עם,גרמים,240.00,100 גרם,false,,4.90,0.0204,true,1,1872518
4750616002337,false,שימורי דגים קילקה במ,,,שימורי דגים קילקה במ,גרמים,240.00,100 גרם,false,,4.90,0.0204,true,1,1872508
4750616002344,false,שימורי דגים קילקה עם,,,שימורי דגים קילקה עם,גרמים,240.00,100 גרם,false,,4.90,0.0204,true,1,1872509
4796019790037,false,שמן קוקוס אורגני 1 ל,,,שמן קוקוס אורגני 1 ל,מיליליטרים,1000.00,"100 מ""ל",false,,49.90,0.0499,true,1,1471225
4800888150080,false,דאב דאו רולאון מלפפו,יוניליוור,PH,דאב דאו רול-און פרש 50טאץ,מיליליטרים,50.00,"100 מ""ל",false,,17.90,0.3580,true,1,1342012
4800888190529,false,דאב דאו סטיק טאלק סו,,,דאב דאו סטיק טאלק סו,גרמים,50.00,100 גרם,false,,18.90,0.3780,true,1,1406381
4800888219510,false,דאב דאו סטיק מלפפוני,,,דאב דאו סטיק מלפפוני,גרמים,50.00,100 גרם,false,,18.90,0.3780,true,1,2250993
4800888219534,false,דאב סטיק אורגינל 50,,,דאב סטיק אורגינל 50,גרמים,50.00,100 גרם,false,,18.90,0.3780,true,1,2244305
4800888219541,false,דאודורנט סטיק רקסונה,,,דאודורנט סטיק רקסונה,מיליליטרים,150.00,"100 מ""ל",false,,16.90,0.1127,true,1,2261741
4801234159856,false,גלייד מיני ג'ל בניחו,Jonson ג'ונסון,ID,גלייד מיני ג'ל בניחוח מרכ,גרמים,75.00,100 גרם,false,,6.90,0.0920,true,1,1353677
4810168018795,false,חתיכות פילה דג הרינג,,,חתיכות פילה דג הרינג,גרמים,200.00,100 גרם,false,,13.90,0.0695,true,1,2015468
4810168019051,false,חתיכות פילה דג הרינג,,,חתיכות פילה דג הרינג,גרמים,200.00,100 גרם,false,,13.90,0.0695,true,1,2015469
4810168057435,false,חתיכות פילה דג הרינג,,,חתיכות פילה דג הרינג,גרמים,400.00,100 גרם,false,,26.90,0.0672,true,1,2305644
4820080724735,false,וודקה חלבני דאר,,,וודקה חלבני דאר,מיליליטרים,700.00,"100 מ""ל",false,,54.90,0.0784,true,1,1335507
4823077602863,false,סוכריות טופי בטעם חל,,UA,סוכ.דבורה משוגעת 200 ג בש,גרמים,200.00,100 גרם,false,,6.90,0.0345,true,1,2246430
4823077613203,false,שוקולד רושן מריר + פ,,,שוקולד רושן מריר + פ,גרמים,90.00,100 גרם,false,,7.90,0.0878,true,1,2015276
4823077613630,false,חטיף שוקולד באטונצ'י,,,חטיף שוקולד באטונצ'י,גרמים,40.00,100 גרם,false,,3.90,0.0975,true,1,2237296
4823077614767,false,שוקולד רושן חלב נוגט,,,שוקולד רושן חלב נוגט,גרמים,90.00,100 גרם,false,,4.90,0.0544,true,1,2254692
4823077614804,false,שוקולד חלב נוגט בטעם,,,שוקולד חלב נוגט בטעם,גרמים,90.00,100 גרם,false,,4.90,0.0544,true,1,2015281
4823077618901,false,בונבוניירה שוטרס רום,,,בונבוניירה שוטרס רום,גרמים,150.00,100 גרם,false,,12.90,0.0860,true,1,2015286
4823077621635,false,וופל רושן אישי,,,וופל רושן אישי,גרמים,72.00,100 גרם,false,,3.90,0.0542,true,1,2279848
4823077621642,false,וופל רושן אישי,,,וופל רושן אישי,גרמים,72.00,100 גרם,false,,3.90,0.0542,true,1,2279849
4823077621659,false,וופל רושן אישי,,,וופל רושן אישי,גרמים,72.00,100 גרם,false,,3.90,0.0542,true,1,2279850
4823077623684,false,סוכריות קשות ממולאות,,,סוכריות קשות ממולאות,גרמים,150.00,100 גרם,false,,4.90,0.0327,true,1,2062031
4823077625145,false,בונבוניירה דובדבן+ ל,,,בונבוניירה דובדבן+ ל,גרמים,155.00,100 גרם,false,,12.90,0.0832,true,1,2062032
4823077626203,false,שוקולד אורירי חלב 80,,,שוקולד אורירי חלב 80,גרמים,80.00,100 גרם,false,,6.90,0.0863,true,1,2128189
4823077626227,false,שוקולד אורירי חלב 80,,,שוקולד אורירי חלב 80,גרמים,80.00,100 גרם,false,,6.90,0.0863,true,1,2128190
4823077626364,false,שוקולד אורירי לבן 80,,,שוקולד אורירי לבן 80,גרמים,80.00,100 גרם,false,,6.90,0.0863,true,1,2128192
4823077630996,false,סנדוויץ קרקר רושן,,,סנדוויץ קרקר רושן,גרמים,235.00,100 גרם,false,,9.90,0.0421,true,1,2278671
4823077632570,false,שוקולד רושן מריר,,,שוקולד רושן מריר,גרמים,85.00,100 גרם,false,,6.90,0.0812,true,1,2253140
4823077632587,false,שוקולד רושן חלב,,,שוקולד רושן חלב,גרמים,90.00,100 גרם,false,,7.90,0.0878,true,1,2253154
4823077633515,false,וופל רושן אישי,,,וופל רושן אישי,גרמים,72.00,100 גרם,false,,3.90,0.0542,true,1,2311070
4823077633690,false,בונבוניירה רושן שוטר,,,בונבוניירה רושן שוטר,גרמים,155.00,100 גרם,false,,12.90,0.0832,true,1,2268524
4823077634178,false,עוגיות במילוי תפוח ו,,,עוגיות במילוי תפוח ו,גרמים,168.00,100 גרם,false,,6.90,0.0411,true,1,2278685
4823077634222,false,עוגיות במילוי תפוז,,,עוגיות במילוי תפוז,גרמים,135.00,100 גרם,false,,6.90,0.0511,true,1,2278698
4823077634277,false,עוגיות במילוי תות שד,,,עוגיות במילוי תות שד,גרמים,135.00,100 גרם,false,,6.90,0.0511,true,1,2278700
4823077634369,false,שוקולד רושן חלב,,,שוקולד רושן חלב,גרמים,85.00,100 גרם,false,,6.90,0.0812,true,1,2311077
4823077634376,false,שוקולד רושן חלב,,,שוקולד רושן חלב,גרמים,85.00,100 גרם,false,,6.90,0.0812,true,1,2311078
4823077634741,false,עוגיות  במילוי תות ש,,,עוגיות  במילוי תות ש,גרמים,168.00,100 גרם,false,,6.90,0.0411,true,1,2278692
4823077636004,false,עוגיות במילוי קקאו ד,,,עוגיות במילוי קקאו ד,גרמים,135.00,100 גרם,false,,6.90,0.0511,true,1,2278701
4840008000499,false,מיני כעכים סושקה צלנ,,,מיני כעכים סושקה צלנ,גרמים,500.00,100 גרם,false,,9.90,0.0198,true,1,1956796
4840008019521,false,"עוגיות בצק עלים ""אוז",,,"עוגיות בצק עלים ""אוז",גרמים,350.00,100 גרם,false,,9.90,0.0283,true,1,2214894
4840008040075,false,"עוגיות בצק עלים ""אוז",,,"עוגיות בצק עלים ""אוז",גרמים,350.00,100 גרם,false,,9.90,0.0283,true,1,2255402
4860019001346,false,מים בורזומי מינרליים,,,מים בורזומי מינרליים,מיליליטרים,500.00,"100 מ""ל",false,,6.90,0.0138,true,1,1335508
4860019001414,false,מים בורג'ומי מינרלים,,,מים בורג'ומי מינרלים,מיליליטרים,750.00,"100 מ""ל",false,,6.90,0.0092,true,1,1335510
4860019001421,false,מים בורזום טבעיים מא,,,מים בורזום טבעיים מא,ליטרים,4.50,ליטר,false,,39.90,8.8667,true,1,2074197
4891199027659,false,סוללות אולטרה אלקליי,,,סוללות אולטרה אלקליי,יחידה,0.00,יחידה,false,,9.90,0.0000,true,1,1354645
4891199034688,false,סוללות אולטרה אלקליי,,,סוללות אולטרה אלקליי,יחידה,0.00,יחידה,false,,19.90,0.0000,true,1,1354648
4891199091131,false,סוללות סול טולטרה 10,,,סוללות סול טולטרה 10,יחידה,0.00,יחידה,false,,14.90,0.0000,true,1,1354652
4891199091162,false,סוללות סול טולטרה 10,,,סוללות סול טולטרה 10,יחידה,0.00,יחידה,false,,14.90,0.0000,true,1,1354653
4891228430030,false,סכין גילוח 5 יח שיק,אנרג'יזר Energizer,CN,שיק אקזקטה2 רגיש חמישייה,יח',5.00,יח',false,,14.90,2.9800,true,1,1339433
4891228430047,false,סכיני גילוח שיק,אנרג'יזר Energizer,CN,שיק אקזקטה2 רגיש עשירייה,יח',10.00,יח',false,,24.90,2.4900,true,1,1339434
4891228430085,false,רבעיה סכיני גילוח לג,אנרג'יזר Energizer,CN,שיק אקסטרים 3 קומפורט + ר,יח',4.00,יח',false,,19.90,4.9750,true,1,1339436
4891228430092,false,רבעיית סכיני גילוח,אנרג'יזר Energizer,CN,שיק אקסטרים 3 קומפורט +לנ,יח',4.00,יח',false,,19.90,4.9750,true,1,1339437
4903001904192,false,רוטב סויה יאמסה פרימ,יאמאסה,JP,רוטב סויה יאמסה פרימיום 5,מיליליטרים,500.00,"100 מ""ל",false,,17.90,0.0358,true,1,1327087
4903001925784,false,רוטב סויה יאמסה פרימ,יאמאסה,JP,רוטב סויה יאמאסה פרמיום ד,מיליליטרים,500.00,"100 מ""ל",false,,17.90,0.0358,true,1,1327088
5000054351900,false,פריסקיז פטה דג אוקיי,,,פריסקיז פטה דג אוקיי,גרמים,156.00,100 גרם,false,,4.90,0.0314,true,1,2311592
5000054353300,false,פריסקיז פטה סלומון,,,פריסקיז פטה סלומון,גרמים,156.00,100 גרם,false,,4.90,0.0314,true,1,2311593
5000054357100,false,פריסקיז פטה מיקס גרי,,,פריסקיז פטה מיקס גרי,גרמים,156.00,100 גרם,false,,4.90,0.0314,true,1,2311595
5000054359500,false,פריסקיז פטה כבד ועוף,,,פריסקיז פטה כבד ועוף,גרמים,156.00,100 גרם,false,,4.90,0.0314,true,1,2311596
5000111041065,false,רוטב ווסטרשייר היינץ,היינץ,,רוטב ווסטרשייר היינץ,מיליליטרים,150.00,"100 מ""ל",false,,10.90,0.0727,true,1,2134581
5000146057710,false,ספריי לניקוי חלונות,רקיט בנקיזר,PL,גלסקס חלונות 750 מל,מיליליטרים,750.00,"100 מ""ל",false,,12.90,0.0172,true,1,1309361
5000146401568,false,דפים שומרי צבע למכונ,Montrasio,IT,וולייט דפים למניעת מעבר צ,יח',10.00,יח',false,,14.90,1.4900,true,1,1309366
5000157143365,false,מתבל בטעם מיונז וקטש,היינץ,,מתבל בטעם מיונז וקטש,גרמים,425.00,100 גרם,false,,14.90,0.0351,true,1,2172995
5000159376655,false,סוכריות סקיטלס פירות,,,סוכריות סקיטלס פירות,גרמים,38.00,100 גרם,false,,2.90,0.0763,true,1,1337451
5000159407236,false,חטיף מרס שוקולד.,מרס Mars,NL,51G 'מרס חטיף שוק,גרמים,51.00,100 גרם,false,,3.90,0.0765,true,1,1319209
5000159409179,false,חטיף סניקרס מיני 403,מרס Mars,NL,'סניקרס מיני 403 גר,גרמים,403.00,100 גרם,false,,19.90,0.0494,true,1,1319213
5000159414197,false,חטיף בוטנים m&m אריז,,,חטיף בוטנים m&m אריז,גרמים,135.00,100 גרם,false,,9.90,0.0733,true,1,2301779
5000159442572,false,חטיף טויקס מיני 403,מרס Mars,NL,'טויקס מיני 403 גר,גרמים,403.00,100 גרם,false,,19.90,0.0494,true,1,1319214
5000159452540,false,מארז חטיפי סניקרס,,,מארז חטיפי סניקרס,גרמים,250.00,100 גרם,false,,10.90,0.0436,true,1,2190352
5000159459228,false,חטיף טוויקס שוקולד.,מרס Mars,NL,טויקס חטיף שוקו 50 גרם,גרמים,50.00,100 גרם,false,,3.90,0.0780,true,1,1319217
5000159461122,false,חטיף סניקרס שוקולד.,מרס Mars,NL,50G סניקרס חטיף שוק,גרמים,57.00,100 גרם,false,,3.90,0.0684,true,1,1319218
5000159500845,false,סלבריין מארז מתנה,,,סלבריין מארז מתנה,גרמים,196.00,100 גרם,false,,19.90,0.1015,true,1,2313411
5000159538626,false,מארז חטיפי טוויקס,,,מארז חטיפי טוויקס,גרמים,250.00,100 גרם,false,,10.90,0.0436,true,1,2248232
5000159538640,false,מארז חטיפי באונטי,,,מארז חטיפי באונטי,גרמים,285.00,100 גרם,false,,10.90,0.0382,true,1,2248233
5000189974579,false,חטיף קיט קט מיני,,,חטיף קיט קט מיני,גרמים,200.00,100 גרם,false,,12.90,0.0645,true,1,1762624
5000204114867,false,מטהר אוויר גלייד איר,,,מטהר אוויר גלייד איר,מיליליטרים,300.00,"100 מ""ל",false,,9.90,0.0330,true,1,2169481
5000204114898,false,מטהר אוויר גלייד איר,,,מטהר אוויר גלייד איר,מיליליטרים,300.00,"100 מ""ל",false,,9.90,0.0330,true,1,2169493
5000204114959,false,מטהר אוויר גלייד איר,,,מטהר אוויר גלייד איר,מיליליטרים,300.00,"100 מ""ל",false,,9.90,0.0330,true,1,2169501
5000204115048,false,מטהר אוויר גלייד איר,,,מטהר אוויר גלייד איר,מיליליטרים,300.00,"100 מ""ל",false,,9.90,0.0330,true,1,2169494
5000204151084,false,פלדג' תרסיס לניקוי ע,,,פלדג' תרסיס לניקוי ע,מיליליטרים,250.00,"100 מ""ל",false,,10.90,0.0436,true,1,2191299
5000204151381,false,פלדג' תרסיס לניקוי ע,,,פלדג' תרסיס לניקוי ע,מיליליטרים,250.00,"100 מ""ל",false,,10.90,0.0436,true,1,2191300
5000204153729,false,מילוי למטהר אוויר או,,,מילוי למטהר אוויר או,מיליליטרים,269.00,"100 מ""ל",false,,12.90,0.0480,true,1,2198473
5000204153842,false,מילוי למטהר אוויר או,,,מילוי למטהר אוויר או,מיליליטרים,269.00,"100 מ""ל",false,,12.90,0.0480,true,1,2198482
5000204153903,false,מילוי למטהר אוויר או,,,מילוי למטהר אוויר או,מיליליטרים,269.00,"100 מ""ל",false,,12.90,0.0480,true,1,2198483
5000204154252,false,מילוי למטהר אוויר או,,,מילוי למטהר אוויר או,מיליליטרים,269.00,"100 מ""ל",false,,12.90,0.0480,true,1,2198484
5000204154283,false,מילוי למטהר אוויר או,,,מילוי למטהר אוויר או,מיליליטרים,269.00,"100 מ""ל",false,,12.90,0.0480,true,1,2198490
5000204167856,false,מילוי למטהר אוויר או,,,מילוי למטהר אוויר או,מיליליטרים,269.00,"100 מ""ל",false,,12.90,0.0480,true,1,2272757
5000204182026,false,גלייד ג'ל ריחני בניח,,,גלייד ג'ל ריחני בניח,גרמים,180.00,100 גרם,false,,14.90,0.0828,true,1,2290541
5000204196924,false,זוג רייד נוזל מילויי,,,זוג רייד נוזל מילויי,מיליליטרים,87.60,"100 מ""ל",false,,29.90,0.3413,true,1,2246316
5000204225655,false,מילוי למטהר אוויר או,,,מילוי למטהר אוויר או,מיליליטרים,269.00,"100 מ""ל",false,,12.90,0.0480,true,1,2272758
5000204226256,false,מטהר אוויר גלייד איר,,,מטהר אוויר גלייד איר,מיליליטרים,300.00,"100 מ""ל",false,,9.90,0.0330,true,1,2272759
5000204254587,false,דאק סבון ניקוי אסלה,,,דאק סבון ניקוי אסלה,גרמים,38.60,100 גרם,false,,7.90,0.2047,true,1,2290551
5000204254617,false,דאק סבון ניקוי אסלה,,,דאק סבון ניקוי אסלה,גרמים,38.60,100 גרם,false,,7.90,0.2047,true,1,2290552
5000204657913,false,מ.נעליים שחור קיווי,,,מ.נעליים שחור קיווי,מיליליטרים,50.00,"100 מ""ל",false,,4.90,0.0980,true,1,1889229
5000204661392,false,משחת נעלים שחור קיוו,Jonson ג'ונסון,ID,קיווי אקסטרא לארג' שחור(ג,מיליליטרים,100.00,"100 מ""ל",false,,8.90,0.0890,true,1,1353689
5000204886566,false,פלדג לניקוי רהיטים O,Jonson ג'ונסון,US,"פלדג' 473 ORANGE OILמ""ל",מיליליטרים,473.00,"100 מ""ל",false,,22.90,0.0484,true,1,1353692
5000267014234,false,ג'וני ווקר אדום 700,,,ג'וני ווקר אדום 700,מיליליטרים,700.00,"100 מ""ל",false,,79.90,0.1141,true,1,2118508
5000267024233,false,וויסקי ג'וני ווקר שח,,,וויסקי ג'וני ווקר שח,מיליליטרים,700.00,"100 מ""ל",false,,119.00,0.1700,true,1,2118509
5000329002193,false,משקה ג'ין ביפאיטר 70,,,משקה ג'ין ביפאיטר 70,מיליליטרים,700.00,"100 מ""ל",false,,89.90,0.1284,true,1,1393387
5000394002562,false,סוללות דורסל AA4,,,סוללות דורסל AA4,יחידה,0.00,יחידה,false,,16.90,0.0000,true,1,1494932
5000394017641,false,סוללות דורסל AA4 פלו,,,סוללות דורסל AA4 פלו,יח',4.00,יח',false,,16.90,4.2250,true,1,1462850
5000394019089,false,2 סוללות C פלוס פאוו,,,2 סוללות C פלוס פאוו,יח',2.00,יח',false,,22.90,11.4500,true,1,1462856
5000394137486,false,סוללות דורסל רביעיות,,,סוללות דורסל רביעיות,יח',4.00,יח',false,,16.90,4.2250,true,1,2283802
5000394137516,false,סוללות דורסל רביעיות,,,סוללות דורסל רביעיות,יח',4.00,יח',false,,16.90,4.2250,true,1,2283803
5000394140899,false,סוללות דורסל שמיניות,,,סוללות דורסל שמיניות,יח',8.00,יח',false,,19.90,2.4875,true,1,2283794
5000394140967,false,סוללות דורסל תריסר A,,,סוללות דורסל תריסר A,יח',12.00,יח',false,,30.90,2.5750,true,1,2283795
5000394141230,false,סוללות דורסל תריסר A,,,סוללות דורסל תריסר A,יח',12.00,יח',false,,30.90,2.5750,true,1,2283804
5000396037531,false,ביסקוויט מקוויטיס מצ,,,ביסקוויט מקוויטיס מצ,גרמים,200.00,100 גרם,false,,8.90,0.0445,true,1,1738037
5010026519368,false,קווקר שיבולת שועל.,,,קווקר שיבולת שועל.,גרמים,500.00,100 גרם,false,,7.90,0.0158,true,1,2217938
5010182997253,false,קוטל חרקים תיקנים,Jonson ג'ונסון,NL,"RAIDקוטל ג'וקים 300מ""ל",מיליליטרים,300.00,"100 מ""ל",false,,15.90,0.0530,true,1,1353697
5010182997338,false,"ט.דאק ג""ל אסלה ניחוח",DEOFLOR,IT,ט.ד ג'ל אסלה ניחוח רענן י,מיליליטרים,55.00,"100 מ""ל",false,,9.90,0.1800,true,1,1353698
5010182997680,false,קוטל נמלים אירוסול א,Jonson ג'ונסון,NL,"RAIDקוטל נמלים 300מ""ל",מיליליטרים,300.00,"100 מ""ל",false,,15.90,0.0530,true,1,1353701
5010182997918,false,טואלט דאק גל אסלה,DEOFLOR,IT,ט.ד ג'ל אסלה ניחוח ים כחו,מיליליטרים,55.00,"100 מ""ל",false,,9.90,0.1800,true,1,1353702
5010182998847,false,ט.דאק נוזל כחול 750מ,Jonson ג'ונסון,NL,"טואלט דאק נוזל כחול 750מ""",מיליליטרים,750.00,"100 מ""ל",false,,12.90,0.0172,true,1,1353703
5010182998861,false,ט.דאק נוזל ירוק 750,Jonson ג'ונסון,NL,"טואלט דאק נוזל ירוק 750מ""",מיליליטרים,750.00,"100 מ""ל",false,,12.90,0.0172,true,1,1353704
5010265002836,false,פת פריכ ה אורגינל 25,,,פת פריכ ה אורגינל 25,גרמים,250.00,100 גרם,false,,12.90,0.0516,true,1,1471111
5010265002911,false,פת פריכה מקמח שיפון,,,פת פריכה מקמח שיפון,גרמים,250.00,100 גרם,false,,12.90,0.0516,true,1,2196824
5010622005012,false,חוט דנטלי אורל בי,פרוקטר אנד גמבל,MX,חוט דנטלי אסנשייאל ללא שע,מטרים,50.00,מטר,false,,15.90,0.3180,true,1,1307444
5010622018258,false,אוראל בי חוט דנטלי ס,,,אוראל בי חוט דנטלי ס,מטרים,25.00,מטר,false,,18.90,0.7560,true,1,1307448
5010677551397,false,בקרדי בריזר-לימון לי,,,בקרדי בריזר-לימון לי,מיליליטרים,275.00,"100 מ""ל",false,,12.90,0.0469,true,1,1324488
5010677552387,false,בקרדי בריזר-אננס 275,,,בקרדי בריזר-אננס 275,מיליליטרים,275.00,"100 מ""ל",false,,12.90,0.0469,true,1,1324489
5010677554398,false,בקרדי בריזר-אבטיח 27,,,בקרדי בריזר-אבטיח 27,מיליליטרים,275.00,"100 מ""ל",false,,12.90,0.0469,true,1,1324490
5011007003227,false,וויסקי ג'ימסון 1 ליט,,,וויסקי ג'ימסון 1 ליט,ליטרים,1.00,ליטר,false,,119.90,119.9000,true,1,1324492
5011157630281,false,"אורז טילדה 1ק""ג",Tilda Limited,GB,טילדה אורז בסמטי 1 קג,קילוגרמים,1.00,"ק""ג",false,,21.90,21.9000,true,1,1339448
5011417552247,false,מבשם אוויר ובדים ליל,רקיט בנקיזר,PL,איירויק אקווה מיסט פשתן ו,מיליליטרים,345.00,"100 מ""ל",false,,19.90,0.0577,true,1,1309378
5013931015802,false,מארז 3 יח ספוג החלפה,,,מארז 3 יח ספוג החלפה,יח',3.00,יח',false,,19.90,6.6333,true,1,2290553
5013965948428,false,משחת שיניים אוראל בי,,,משחת שיניים אוראל בי,מיליליטרים,75.00,"100 מ""ל",false,,9.90,0.1320,true,1,2162978
5014271001210,false,מעדן פרי סנדלפור 4 פ,,,מעדן פרי סנדלפור 4 פ,גרמים,500.00,100 גרם,false,,24.90,0.0498,true,1,2188617
5014271001227,false,מעדן פרי סנדלפור משמ,,,מעדן פרי סנדלפור משמ,גרמים,500.00,100 גרם,false,,24.90,0.0498,true,1,2188618
5014271001241,false,מעדן פרי סנדלפור תות,,,מעדן פרי סנדלפור תות,גרמים,500.00,100 גרם,false,,24.90,0.0498,true,1,2188620
5014271300429,false,מעדן ריבת משמש 284 ג,סנט דלפור,FR,מעדן ריבת משמש 284 גרם,גרמים,284.00,100 גרם,false,,19.90,0.0701,true,1,1330150
5014271310428,false,מעדן ריבת דובדבנים 2,סנט דלפור,FR,מעדן ריבת דובדבנים 284 גר,גרמים,284.00,100 גרם,false,,19.90,0.0701,true,1,1330151
5014271330426,false,מעדן ריבת אוכמניות 2,סנט דלפור,FR,מעדן ריבת אוכמניות 284 גר,גרמים,284.00,100 גרם,false,,19.90,0.0701,true,1,1330152
5014271350424,false,מעדן ריבת פירות 284,סנט דלפור,FR,מעדן ריבת פירות 284 גרם,גרמים,284.00,100 גרם,false,,19.90,0.0701,true,1,1330153
5014271360423,false,מעדן ריבת תפוז 284 ג,סנט דלפור,FR,מעדן ריבת תפוז 284 גרם,גרמים,284.00,100 גרם,false,,19.90,0.0701,true,1,1330154
5014271370422,false,מעדן ריבת אפרסק 284,סנט דלפור,FR,מעדן ריבת אפרסק 284 גרם,גרמים,284.00,100 גרם,false,,19.90,0.0701,true,1,1330155
5014271400426,false,מעדן ריבת תות שדה 28,סנט דלפור,FR,מעדן ריבת תות שדה 284 גרם,גרמים,284.00,100 גרם,false,,19.90,0.0701,true,1,1330158
5014379009972,false,בירה באדוויזר פחית,,,בירה באדוויזר פחית,מיליליטרים,500.00,"100 מ""ל",false,,9.90,0.0198,true,1,2165171
5029053002439,false,נייר טואלט קלינקס צה,,,נייר טואלט קלינקס צה,מטרים,30.70,מטר,false,,34.90,1.1368,true,1,1324085
5035766044673,false,סיידר תפוחים סטרונגב,,,סיידר תפוחים סטרונגב,מיליליטרים,330.00,"100 מ""ל",false,,7.90,0.0239,true,1,1324493
5050974505259,false,פת פריכה עם גרעינים,,,פת פריכה עם גרעינים,גרמים,250.00,100 גרם,false,,12.90,0.0516,true,1,2208102
5060517886486,false,מונסטר אנרג'י פח 500,,,מונסטר אנרג'י פח 500,מיליליטרים,500.00,"100 מ""ל",false,,8.90,0.0178,true,1,2173534
5060517886516,false,מונסטר אנרג'י זירו פ,,,מונסטר אנרג'י זירו פ,מיליליטרים,500.00,"100 מ""ל",false,,8.90,0.0178,true,1,2173535
5060639128051,false,מונסטר אולטרה פח 500,,,מונסטר אולטרה פח 500,מיליליטרים,500.00,"100 מ""ל",false,,8.90,0.0178,true,1,2198184
5060639129102,false,מונסטר אנרג'י פח 500,,,מונסטר אנרג'י פח 500,מיליליטרים,500.00,"100 מ""ל",false,,8.90,0.0178,true,1,2220753
5060751218173,false,מונסטר PIPLINE PUNCH,,,מונסטר PIPLINE PUNCH,מיליליטרים,500.00,"100 מ""ל",false,,8.90,0.0178,true,1,2296942
5060751219033,false,מונסטר ZERO PARADISE,,,מונסטר ZERO PARADISE,מיליליטרים,500.00,"100 מ""ל",false,,8.90,0.0178,true,1,2296943
5200133120476,false,גליליות קרם אגוזים ו,גולדן ברק,,גליליות קרם אגוזים ו,גרמים,400.00,100 גרם,false,,15.90,0.0398,true,1,1837237
5200133120483,false,גליליות קרם וניל 400,גולדן ברק,,גליליות קרם וניל 400,גרמים,400.00,100 גרם,false,,15.90,0.0398,true,1,1837238
5201100872596,false,צבע שיער אקסלנס 9 LO,,,צבע שיער אקסלנס 9 LO,יחידה,0.00,יחידה,false,,34.90,0.0000,true,1,1300811
5201178801054,false,ניוואה קרם רב שימושי,ביירסדורף,DE,קרם ניוואה 250מל',גרמים,250.00,100 גרם,false,,36.90,0.1476,true,1,1334337
5201246002215,false,בירה פילס היילס,,,בירה פילס היילס,מיליליטרים,500.00,"100 מ""ל",false,,4.90,0.0098,true,1,1975789
5201347160326,false,ג'ל למניעת אבנית 750,,,ג'ל למניעת אבנית 750,מיליליטרים,750.00,"100 מ""ל",false,,29.90,0.0399,true,1,1748847
5201940010011,false,זיתים שחורים טבעיים,סיוראס,GR,זיתים שחורים טבעיים בפח 4,גרמים,454.00,100 גרם,false,,14.90,0.0328,true,1,1308844
5201940010110,false,זיתים שחורים מזן קלמ,סיוראס,GR,זיתים שחורים מזן קלמטה בפ,גרמים,454.00,100 גרם,false,,14.90,0.0328,true,1,1308845
5202300043151,false,צבע קולסטון 2000 בלו,פרוקטר אנד גמבל,DE,קולסטון 8/0 בלונד בהיר,מיליליטרים,60.00,"100 מ""ל",false,,24.90,0.4150,true,1,1307513
5202300043199,false,צבע קולסטון 2000 חום,פרוקטר אנד גמבל,DE,קולסטון 4/0 חום בינוני,מיליליטרים,60.00,"100 מ""ל",false,,24.90,0.4150,true,1,1307517
5202300043212,false,צבע קולסטון 2000 שחו,פרוקטר אנד גמבל,DE,קולסטון 2/0 שחור,מיליליטרים,60.00,"100 מ""ל",false,,24.90,0.4150,true,1,1307519
5202300043267,false,צבע קולסטון 2000 בלו,פרוקטר אנד גמבל,DE,קולסטון 9/1 בלונד אפרפר ב,מיליליטרים,60.00,"100 מ""ל",false,,24.90,0.4150,true,1,1307521
5202390014239,false,צהובה טבעונית עשבי ת,קראפט,,צהובה טבעונית עשבי ת,גרמים,200.00,100 גרם,false,,21.90,0.1095,true,1,1816678
5202795080709,false,אוזו מטקסה.,,,אוזו מטקסה.,מיליליטרים,700.00,"100 מ""ל",false,,69.90,0.0999,true,1,1334448
5206759020701,false,סוכריות גלי אקזוטי 7,,,סוכריות גלי אקזוטי 7,גרמים,700.00,100 גרם,false,,14.90,0.0213,true,1,1326033
5391523057929,false,סימילאק גולד שלב 1 7,,,סימילאק גולד שלב 1 7,גרמים,700.00,100 גרם,false,,69.90,0.0999,true,1,1825815
5391523057936,false,סימילאק גולד שלב 2 7,,,סימילאק גולד שלב 2 7,גרמים,700.00,100 גרם,false,,69.90,0.0999,true,1,1825816
5391523057943,false,סימילאק גולד שלב 3 7,,,סימילאק גולד שלב 3 7,גרמים,700.00,100 גרם,false,,69.90,0.0999,true,1,1825817
5391523058063,false,סימילאק אדוואנס שלב,,,סימילאק אדוואנס שלב,גרמים,700.00,100 גרם,false,,64.90,0.0927,true,1,1864331
5391523058087,false,סימילאק אדוואנס שלב,,,סימילאק אדוואנס שלב,גרמים,700.00,100 גרם,false,,64.90,0.0927,true,1,1864333
5410076379378,false,"טייד קולור 5 ק""ג",,,"טייד קולור 5 ק""ג",קילוגרמים,5.00,"ק""ג",false,,49.90,9.9800,true,1,1307546
5410076933129,false,"אריאל 3 ק""ג שושן צחו",פרוקטר אנד גמבל,TR,"אריאל שושן צחור 2.5 ק""ג",קילוגרמים,3.00,"ק""ג",false,,31.90,10.6333,true,1,1390693
5410091677992,false,ספרי לשיער סאיוס,הנקל סוד,DE,סאיוס ספריי לשיער לייצוב,מיליליטרים,400.00,"100 מ""ל",false,,29.90,0.0747,true,1,1323625
5410103161518,false,קרם לחות לעור רגיל ד,KARLSRUHE GERMANY,DE,קרם לחות פעולה משולשת50מ,מיליליטרים,50.00,"100 מ""ל",false,,44.90,0.8980,true,1,1300818
5410103161617,false,קרם לחות ליום לעור י,KARLSRUHE GERMANY,DE,קרם לחות פעולה משולשת50מ,מיליליטרים,50.00,"100 מ""ל",false,,44.90,0.8980,true,1,1300819
5410126006087,false,ביסקפה לוטוס 700 גרם,לוטוס,,ביסקפה לוטוס 700 גרם,גרמים,700.00,100 גרם,false,,24.90,0.0356,true,1,1306921
5410126006360,false,לוטוס עוגיות סנדוויץ,לוטוס,,לוטוס עוגיות סנדוויץ,גרמים,150.00,100 גרם,false,,8.90,0.0593,true,1,2268111
5410126006377,false,לוטוס עוגיות סנדוויץ,לוטוס,,לוטוס עוגיות סנדוויץ,גרמים,150.00,100 גרם,false,,8.90,0.0593,true,1,2268112
5410126106183,false,ביסקפה לוטוס 312 גרם,לוטוס,,ביסקפה לוטוס 312 גרם,גרמים,312.00,100 גרם,false,,17.90,0.0574,true,1,1306924
5410126116953,false,ממרח קרמל לוטוס 400,לוטוס,,ממרח קרמל לוטוס 400,גרמים,400.00,100 גרם,false,,18.90,0.0472,true,1,1306925
5410126666038,false,ביסקפה לוטוס 276 גרם,לוטוס,,ביסקפה לוטוס 276 גרם,גרמים,276.00,100 גרם,false,,12.90,0.0467,true,1,1941751
5410126716016,false,ביסקפה לוטוס 250 גרם,לוטוס,,ביסקפה לוטוס 250 גרם,גרמים,250.00,100 גרם,false,,9.90,0.0396,true,1,1306926
5410126726947,false,ממרח עוגיות לוטוס 38,לוטוס,,ממרח עוגיות לוטוס 38,גרמים,380.00,100 גרם,false,,18.90,0.0497,true,1,1402844
5410228217732,false,בירה סטלה ארטואה-פחי,,,בירה סטלה ארטואה-פחי,מיליליטרים,440.00,"100 מ""ל",false,,12.90,0.0293,true,1,2220999
5410291021991,false,ממרח אגוזי לוז 700 ג,,,ממרח אגוזי לוז 700 ג,גרמים,700.00,100 גרם,false,,18.90,0.0270,true,1,1445041
5410291022011,false,ממרח אגוזי לוז צוקטה,,,ממרח אגוזי לוז צוקטה,גרמים,350.00,100 גרם,false,,11.90,0.0340,true,1,1445035
5410291022738,false,ממרח אגוזי לוז צוקטה,,,ממרח אגוזי לוז צוקטה,גרמים,350.00,100 גרם,false,,11.90,0.0340,true,1,1614721
5410291022752,false,ממרח אגוזי לוז צוקטה,,,ממרח אגוזי לוז צוקטה,גרמים,350.00,100 גרם,false,,11.90,0.0340,true,1,1492310
5410291022776,false,ממרח אגוזי לוז 700 ג,,,ממרח אגוזי לוז 700 ג,גרמים,700.00,100 גרם,false,,18.90,0.0270,true,1,1492311
5410316994019,false,"וודקה סמירנוף 700 מ""",,,"וודקה סמירנוף 700 מ""",מיליליטרים,700.00,"100 מ""ל",false,,54.90,0.0784,true,1,1352990
5410769100081,false,"בירה לה שוף 330 מ""ל",,,"בירה לה שוף 330 מ""ל",ליטרים,330.00,100 ליטר,false,,14.90,0.0452,true,1,1486484
5411188081852,false,חלב סויה וניל אלפרו,אלפרו Alpro,BE,אלפרו סויה וניל 1 ליטר *,ליטרים,1.00,ליטר,false,,14.90,14.9000,true,1,1339450
5411188094173,false,מארז 4 מעדן סויה אלפ,,,מארז 4 מעדן סויה אלפ,גרמים,500.00,100 גרם,false,,16.90,0.0338,true,1,1588441
5411188112709,false,אלפרו משקה שקדים ללא,אלפרו Alpro,BE,אלפרו משקה שקדים ללא סוכר,ליטרים,1.00,ליטר,false,,15.90,15.9000,true,1,1339462
5411188115366,false,משקה שיבולת שועל אלפ,אלפרו Alpro,BE,אלפרו משקה שיבולת שועל 1,ליטרים,1.00,ליטר,false,,15.90,15.9000,true,1,1339464
5411188115472,false,אלפרו משקה סויה,,,אלפרו משקה סויה,ליטרים,1.00,ליטר,false,,13.90,13.9000,true,1,2206120
5411188118732,false,משקה קוקוס שקדים אלפ,,,משקה קוקוס שקדים אלפ,ליטרים,1.00,ליטר,false,,15.90,15.9000,true,1,1402470
5411188122661,false,משקה שקדים אלפרו ללא,,,משקה שקדים אלפרו ללא,ליטרים,1.00,ליטר,false,,15.90,15.9000,true,1,1588442
5411188124726,false,משקה שיבולת שועל שקד,,,משקה שיבולת שועל שקד,ליטרים,1.00,ליטר,false,,15.90,15.9000,true,1,1732117
5411188543398,false,אלפרו משקה סויה ללא,,,אלפרו משקה סויה ללא,ליטרים,1.00,ליטר,false,,13.90,13.9000,true,1,2206124
5411718911963,false,סיידר רוזה סטרונגבאו,,,סיידר רוזה סטרונגבאו,מיליליטרים,330.00,"100 מ""ל",false,,7.90,0.0239,true,1,2208628
5413149655522,false,"אריאל 1.25 ק""ג שושן",,,"אריאל 1.25 ק""ג שושן",קילוגרמים,1.25,"ק""ג",false,,19.90,15.9200,true,1,1307614
5413149930025,false,"טייד אלפיין 5 ק""ג",,,"טייד אלפיין 5 ק""ג",קילוגרמים,5.00,"ק""ג",false,,49.90,9.9800,true,1,1307627
5601008200468,false,גודיס-עוגיות מצופות,מרבה Merba,PT,מרבה גודיס שוקולד לבן,גרמים,150.00,100 גרם,false,,8.90,0.0593,true,1,1339476
5601036205589,false,צבע שיער אקסלנס 5 LO,,,צבע שיער אקסלנס 5 LO,יחידה,0.00,יחידה,false,,34.90,0.0000,true,1,1300831
5601217129420,false,וולייט דפים שומרי צב,,,וולייט דפים שומרי צב,יח',20.00,יח',false,,19.90,0.9950,true,1,1732267
5604912415041,false,סרדינים בשמן חמניה פ,סטארקיסט,,סרדינים בשמן חמניה פ,גרמים,125.00,100 גרם,false,,6.90,0.0552,true,1,2047001
5604912415058,false,סרדינים בשמן חמניה ח,סטארקיסט,,סרדינים בשמן חמניה ח,גרמים,125.00,100 גרם,false,,6.90,0.0552,true,1,2047008
5604912425040,false,מקרלים בשמן חמניה פו,סטארקיסט,,מקרלים בשמן חמניה פו,גרמים,125.00,100 גרם,false,,6.90,0.0552,true,1,2047009
5701932026964,false,פופקורן עם מלח הוט פ,פופז,US,הוט פופ מלוח 600 גרם,גרמים,600.00,100 גרם,false,,16.90,0.0282,true,1,1327099
5701932026971,false,פופקורן חמאה הוט פופ,פופז,US,הוטפופ חמאה 600 גרם,גרמים,600.00,100 גרם,false,,16.90,0.0282,true,1,1327100
5706516031358,false,פופקורן 100 קלוריות,פופז,US,הוטפופ 100 קלוריות 160 גר,גרמים,160.00,100 גרם,false,,16.90,0.1056,true,1,1327102
5711953106583,false,גבינת שמנת ארלה 24.5,,,גבינת שמנת ארלה 24.5,גרמים,200.00,100 גרם,false,,14.90,0.0745,true,1,2163734
5711953106590,false,גבינת שמנת ארלה 24%,,,גבינת שמנת ארלה 24%,גרמים,200.00,100 גרם,false,,14.90,0.0745,true,1,2163735
5711953106606,false,גבינת שמנת ארלה 23.5,,,גבינת שמנת ארלה 23.5,גרמים,200.00,100 גרם,false,,14.90,0.0745,true,1,2163736
5740900403215,false,ממרח לורפאק עם מלח 2,,,ממרח לורפאק עם מלח 2,גרמים,250.00,100 גרם,false,,15.90,0.0636,true,1,2049021
5740900403239,false,ממרח לורפאק בלי מלח,,,ממרח לורפאק בלי מלח,גרמים,250.00,100 גרם,false,,15.90,0.0636,true,1,2049023
5740900403246,false,ממרח לורפאק בלי מלח,,,ממרח לורפאק בלי מלח,גרמים,500.00,100 גרם,false,,24.90,0.0498,true,1,2049024
5740900403253,false,ממרח לורפאק עם מלח 5,,,ממרח לורפאק עם מלח 5,גרמים,500.00,100 גרם,false,,24.90,0.0498,true,1,2049025
5740900403260,false,ממרח לורפאק ללא מלח,,,ממרח לורפאק ללא מלח,גרמים,250.00,100 גרם,false,,15.90,0.0636,true,1,2049026
5900020012814,false,דגני בוקר נסקוויק.,נסטלה,PL,נסקוויק דגני בוקר תפוחים,גרמים,500.00,100 גרם,false,,24.90,0.0498,true,1,1305706
5900020018908,false,חטיף פיטנס דגנים קרם,נסטלה,PL,פיטנס חטיף דגנים עם עוגיו,גרמים,141.00,100 גרם,false,,15.90,0.1128,true,1,1305713
5900020020710,false,חטיף קראנץ שוקו וניל,נסטלה,PL,קראנץ' חטיף דגנים שוקו-ונ,גרמים,150.00,100 גרם,false,,15.90,0.1060,true,1,1305714
5900020020741,false,חטיף נסקוויק דגנים ש,נסטלה,PL,נסקוויק חטיף דגנים שוקו-ש,גרמים,150.00,100 גרם,false,,15.90,0.1060,true,1,1305715
5900020024770,false,חטיף פיטנס בר דליס ש,נסטלה,PL,פיטנס חטיף דגנים 141 גרם,גרמים,135.00,100 גרם,false,,15.90,0.1178,true,1,1378234
5900020024817,false,חטיף פיטנס בר דליס ש,נסטלה,PL,פיטנס חטיף דגנים 141 גרם,גרמים,135.00,100 גרם,false,,15.90,0.1178,true,1,1378235
5900020025647,false,חטיף פיטנס בר דליס ש,נסטלה,PL,פיטנס חטיף דגנים 141 גרם,גרמים,135.00,100 גרם,false,,15.90,0.1178,true,1,1378237
5900020026552,false,דגני בוקר האני צ'ריו,,,דגני בוקר האני צ'ריו,גרמים,625.00,100 גרם,false,,24.90,0.0398,true,1,1425070
5900020029669,false,חטיף פיטנס פירות יער,,,חטיף פיטנס פירות יער,גרמים,141.00,100 גרם,false,,15.90,0.1128,true,1,1663131
5900020031877,false,חטיף דגנים צ'יריוס,,,חטיף דגנים צ'יריוס,גרמים,132.00,100 גרם,false,,15.90,0.1205,true,1,1863337
5900020032539,false,מארז חטיף פיטנס שוקו,,,מארז חטיף פיטנס שוקו,גרמים,184.00,100 גרם,false,,15.90,0.0864,true,1,2255401
5900020033314,false,חטיף ליון דגנים 25*6,,,חטיף ליון דגנים 25*6,גרמים,150.00,100 גרם,false,,15.90,0.1060,true,1,1968598
5900020034021,false,חטיף פיטנס דגנים שוק,,,חטיף פיטנס דגנים שוק,גרמים,141.00,100 גרם,false,,15.90,0.1128,true,1,2081266
5900020034991,false,קראנץ צדפים בטעם שוק,,,קראנץ צדפים בטעם שוק,גרמים,450.00,100 גרם,false,,24.90,0.0553,true,1,2169575
5900020036407,false,דגני בוקר ליון וקרמל,,,דגני בוקר ליון וקרמל,גרמים,480.00,100 גרם,false,,24.90,0.0519,true,1,2180374
5900020037916,false,דגני בוקר צ'ריוס שיב,,,דגני בוקר צ'ריוס שיב,גרמים,375.00,100 גרם,false,,14.90,0.0397,true,1,2220403
5900020039132,false,דגני בוקר ציריוס שוע,,,דגני בוקר ציריוס שוע,גרמים,320.00,100 גרם,false,,14.90,0.0466,true,1,2246902
5900020039590,false,חטיף פיטנס דגנים קלא,,,חטיף פיטנס דגנים קלא,גרמים,141.00,100 גרם,false,,15.90,0.1128,true,1,2254723
5900020039620,false,חטיף פיטנס דגנים שקד,,,חטיף פיטנס דגנים שקד,גרמים,141.00,100 גרם,false,,15.90,0.1128,true,1,2254724
5900238587234,false,שוקולד מריר 62% ברון,,,שוקולד מריר 62% ברון,גרמים,100.00,100 גרם,false,,5.90,0.0590,true,1,1348816
5900352000770,false,בונבונירה 190 גרם,,,בונבונירה 190 גרם,גרמים,190.00,100 גרם,false,,8.90,0.0468,true,1,1326036
5900352001821,false,בונבונירה 190 גרם,,,בונבונירה 190 גרם,גרמים,190.00,100 גרם,false,,8.90,0.0468,true,1,1326038
5900352002576,false,בונבונירה אוכמניות 1,,,בונבונירה אוכמניות 1,גרמים,190.00,100 גרם,false,,8.90,0.0468,true,1,1326039
5900352008509,false,עוגיות יזיקי אדווקט,,,עוגיות יזיקי אדווקט,גרמים,140.00,100 גרם,false,,5.90,0.0421,true,1,2300259
5900352011356,false,חטיפי שוקולד עוגיות,,,חטיפי שוקולד עוגיות,גרמים,140.00,100 גרם,false,,5.90,0.0421,true,1,2300245
5900617035929,false,חטיף חלבון פרוטאין 3,,,חטיף חלבון פרוטאין 3,גרמים,50.00,100 גרם,false,,9.90,0.1980,true,1,2275063
5900627063233,false,פיניש 50 טבליות AIO,,,פיניש 50 טבליות AIO,יח',50.00,יח',false,,34.90,0.6980,true,1,1466987
5900627066715,false,פיניש 100 טבליות למד,,,פיניש 100 טבליות למד,יח',100.00,יח',false,,54.90,0.5490,true,1,1494309
5900951283963,false,חטיף סניקרס קרמי חמא,,,חטיף סניקרס קרמי חמא,גרמים,36.50,100 גרם,false,,3.90,0.1068,true,1,2264880
5901414200411,false,ביסקוויט מיני ממולא,,,ביסקוויט מיני ממולא,גרמים,130.00,100 גרם,false,,6.90,0.0531,true,1,1327103
5901669486196,false,שוקולד ברון חלב בוטנ,,,שוקולד ברון חלב בוטנ,גרמים,300.00,100 גרם,false,,11.90,0.0397,true,1,1348839
5901669486257,false,שוקולד ברון מריר בוט,,,שוקולד ברון מריר בוט,גרמים,300.00,100 גרם,false,,11.90,0.0397,true,1,1348842
5901677007611,false,שוקולד ברון חלב 300,,,שוקולד ברון חלב 300,גרמים,300.00,100 גרם,false,,11.90,0.0397,true,1,1348859
5901677008489,false,שוקולד ברון מריר 300,,,שוקולד ברון מריר 300,גרמים,300.00,100 גרם,false,,11.90,0.0397,true,1,1348863
5901677009011,false,שוקולד ברון מריר 70%,,,שוקולד ברון מריר 70%,גרמים,100.00,100 גרם,false,,5.90,0.0590,true,1,1348866
5902198160403,false,משקה XL בפחית,,,משקה XL בפחית,מיליליטרים,250.00,"100 מ""ל",false,,4.30,0.0172,true,1,1558215
5904941751302,false,BLU משקה אנרגיה 250מ,,,BLU משקה אנרגיה 250מ,מיליליטרים,250.00,"100 מ""ל",false,,4.20,0.0168,true,1,1364693
5904941752262,false,משקה אנרגיה BLU SUGA,,,משקה אנרגיה BLU SUGA,מיליליטרים,250.00,"100 מ""ל",false,,4.20,0.0168,true,1,2206845
5906485301012,false,"משקה XL בפחית 250 מ""",,,"משקה XL בפחית 250 מ""",מיליליטרים,250.00,"100 מ""ל",false,,4.30,0.0172,true,1,1365222
5998623526739,false,יין גוורצטרמינר,,,יין גוורצטרמינר,מיליליטרים,750.00,"100 מ""ל",false,,39.90,0.0532,true,1,2157029
5998710131877,false,סוכריות שוקולד 36 CH,,,סוכריות שוקולד 36 CH,גרמים,36.00,100 גרם,false,,3.90,0.1083,true,1,2015248
6001067017523,false,מברשת שיניים קולגייט,COLGATE PALMOLIVE,CN,קולגייט מברשת ילדים ספידר,יח',1.00,יח',false,,18.90,18.9000,true,1,1339477
6009188004828,false,חטיף קיט קט צ'אנקי ל,,,חטיף קיט קט צ'אנקי ל,גרמים,40.00,100 גרם,false,,3.90,0.0975,true,1,2312485
6111094000198,false,קוסקוס דארי 350 גרם,,,קוסקוס דארי 350 גרם,גרמים,350.00,100 גרם,false,,5.90,0.0169,true,1,1779605
6111094000242,false,קוסקוס דארי דק 500 ג,,,קוסקוס דארי דק 500 ג,גרמים,500.00,100 גרם,false,,7.90,0.0158,true,1,1340285
6111094000259,false,קוסקוס דארי בינוני 0,,,קוסקוס דארי בינוני 0,גרמים,500.00,100 גרם,false,,7.90,0.0158,true,1,1340286
6111094001164,false,איטריות דקות דארי,,,איטריות דקות דארי,גרמים,500.00,100 גרם,false,,7.90,0.0158,true,1,2300788
6253017300029,false,טחינה גולמית קרוואן,,,טחינה גולמית קרוואן,גרמים,950.00,100 גרם,false,,22.90,0.0241,true,1,1348374
6935673035612,false,כפפות אלוורה S,מ.א ייצור ושיווק מטל,CN,כפפות אלוורה 1/120 S,יחידה,0.00,יחידה,false,,5.90,0.0000,true,1,1327326
6935673035629,false,כפפות אלוורה M,מ.א ייצור ושיווק מטל,CN,כפפות אלוורה 1/120 M,יחידה,0.00,יחידה,false,,5.90,0.0000,true,1,1327327
6935673035636,false,כפפות אלוורה L,מ.א ייצור ושיווק מטל,CN,כפפות אלוורה 1/120 L,יח',2.00,יח',false,,5.90,2.9500,true,1,1327328
6935673035643,false,כפפות אלוורה XL,מ.א ייצור ושיווק מטל,CN,כפפות אלוורה 1/120 XL,יחידה,0.00,יחידה,false,,5.90,0.0000,true,1,1327329
6944027000428,false,תה סיני,,,תה סיני,גרמים,250.00,100 גרם,false,,9.90,0.0396,true,1,1352176
7038516552303,false,מברשת שיניים גורדן,ג'ורדן Jordan,MY,ג'ורדן מ.שיניים אינדיבידו,יח',1.00,יח',false,,14.90,14.9000,true,1,1353731
7046110064047,false,מברשת שיניים 6-9 ג'ו,,,מברשת שיניים 6-9 ג'ו,יח',1.00,יח',false,,14.90,14.9000,true,1,1700581
7271730901261,false,ווקי מאק ארוחת אטריו,,,ווקי מאק ארוחת אטריו,גרמים,156.00,100 גרם,false,,9.90,0.0635,true,1,2244365
7290000001603,false,מארז מסיכות 50 יח',,,מארז מסיכות 50 יח',יח',50.00,יח',false,,9.90,0.1980,true,1,2185104
7290000003001,false,חלה ויזניץ לשבת,,,חלה ויזניץ לשבת,יחידה,0.00,יחידה,false,,17.90,0.0000,true,1,2312486
7290000010953,false,גבינה צהובה 28% נועם,,,גבינה צהובה 28% נועם,קילוגרמים,1.00,"ק""ג",true,,44.75,44.7500,true,1,1329011
7290000010984,false,גבינה צהובה 9% נועם,טרה,IL,חריץ גבינה צהובה נעם 9% ב,קילוגרמים,1.00,"ק""ג",true,,69.00,69.0000,true,1,1329012
7290000010991,false,גבינה צהובה 22% נועם,טרה,IL,חריץ גבינה צהובה נעם 22%,קילוגרמים,1.00,"ק""ג",true,,42.55,42.5500,true,1,1707125
7290000011462,false,עצמות מח טרי,,,עצמות מח טרי,קילוגרמים,1.00,"ק""ג",true,,49.90,49.9000,true,1,1344673
7290000016948,false,אסאדו בלי עצם טרי,,,אסאדו בלי עצם טרי,קילוגרמים,1.00,"ק""ג",true,,69.00,69.0000,true,1,1483094
7290000017402,false,גבינה צדר לבן אנגלי,,,גבינה צדר לבן אנגלי,קילוגרמים,1.00,"ק""ג",true,,89.00,89.0000,true,1,1556529
7290000021294,false,דונאטס רביעייה,,,דונאטס רביעייה,יחידה,0.00,יחידה,false,,19.90,0.0000,true,1,2164428
7290000023083,false,ערק אשקלון 40% 700 מ,,,ערק אשקלון 40% 700 מ,מיליליטרים,700.00,"100 מ""ל",false,,59.90,0.0856,true,1,1324341
7290000023809,false,יין קברנה סובניון 75,,,יין קברנה סובניון 75,מיליליטרים,750.00,"100 מ""ל",false,,39.90,0.0532,true,1,1324356
7290000023823,false,קלאסיק סובניון בלאן,,,קלאסיק סובניון בלאן,מיליליטרים,750.00,"100 מ""ל",false,,32.90,0.0439,true,1,1324358
7290000024202,false,יין רזרב קברנה סובינ,,,יין רזרב קברנה סובינ,מיליליטרים,750.00,"100 מ""ל",false,,59.90,0.0799,true,1,1324368
7290000024264,false,יין רזרב מרלו אדום 7,,,יין רזרב מרלו אדום 7,מיליליטרים,750.00,"100 מ""ל",false,,59.90,0.0799,true,1,1324373
7290000024523,false,יין תירוש מתוק,,,יין תירוש מתוק,מיליליטרים,750.00,"100 מ""ל",false,,12.90,0.0172,true,1,1458577
7290000024530,false,יין אדום מתוק של סגל,,,יין אדום מתוק של סגל,מיליליטרים,750.00,"100 מ""ל",false,,18.90,0.0252,true,1,1324379
7290000040042,false,יופלה תות 3%.,,,יופלה תות 3%.,גרמים,150.00,100 גרם,false,,4.70,0.0313,true,1,1340457
7290000040066,false,יופלה דובדבן.,,,יופלה דובדבן.,גרמים,150.00,100 גרם,false,,4.70,0.0313,true,1,1340459
7290000040080,false,יופלה אפרסק 3%.,,,יופלה אפרסק 3%.,גרמים,150.00,100 גרם,false,,4.70,0.0313,true,1,1340460
7290000040974,false,חלב טרי דל לקטוז 2%,,,חלב טרי דל לקטוז 2%,ליטרים,1.00,ליטר,false,,6.90,6.9000,true,1,1340465
7290000041858,false,שמנת יטבתה 15% שומן,שטראוס,IL,שמנת חמוצה 15% מועשרת מהד,גרמים,200.00,100 גרם,false,,2.50,0.0125,true,1,1342425
7290000041865,false,לבן יטבתה 4.5% שומן,שטראוס,IL,לבן 4.5% שומן- מהדרין,גרמים,200.00,100 גרם,false,,2.00,0.0100,true,1,1342426
7290000041872,false,לבן יטבתה 3% שומן 20,שטראוס,IL,לבן 3% שומן- מהדרין,גרמים,200.00,100 גרם,false,,2.00,0.0100,true,1,1342427
7290000042008,false,חלב בשקית 3% שומן 1,,,חלב בשקית 3% שומן 1,ליטרים,1.00,ליטר,false,,5.40,5.4000,true,1,1340468
7290000042015,false,חלב שקית 3% שומן -מה,,,חלב שקית 3% שומן -מה,ליטרים,1.00,ליטר,false,,5.40,5.4000,true,1,1340469
7290000042435,false,חלב 1% שומן בקרטון 1,,,חלב 1% שומן בקרטון 1,ליטרים,1.00,ליטר,false,,5.85,5.8500,true,1,1340474
7290000042442,false,חלב 3% בקרטון 1 ליטר,,,חלב 3% בקרטון 1 ליטר,ליטרים,1.00,ליטר,false,,6.20,6.2000,true,1,1340475
7290000042640,false,"חלב עמיד 3% 250 מ""ל.",,,"חלב עמיד 3% 250 מ""ל.",מיליליטרים,250.00,"100 מ""ל",false,,2.50,0.0100,true,1,1340480
7290000042855,false,שקית שוקו יטבתה 225,שטראוס,IL,*פריט החזרות* שוקו שקית ב,מיליליטרים,225.00,"100 מ""ל",false,,2.40,0.0107,true,1,1342429
7290000043111,false,חמאה 200 גרם.,,,חמאה 200 גרם.,גרמים,200.00,100 גרם,false,,7.80,0.0390,true,1,1340485
7290000043814,false,שמנת עמידה לקצפת 38%,,,שמנת עמידה לקצפת 38%,מיליליטרים,250.00,"100 מ""ל",false,,6.40,0.0256,true,1,1340487
7290000044712,false,מעדן פרילי תות 500 מ,,,מעדן פרילי תות 500 מ,מיליליטרים,500.00,"100 מ""ל",false,,9.90,0.0198,true,1,1340493
7290000045573,false,גבינה נעמה.,,,גבינה נעמה.,גרמים,200.00,100 גרם,false,,13.90,0.0695,true,1,1340496
7290000045917,false,גבינת עזים פרומעז גל,,,גבינת עזים פרומעז גל,גרמים,200.00,100 גרם,false,,24.90,0.1245,true,1,1340499
7290000046006,false,גבינה צהובה עמק בלוק,,,גבינה צהובה עמק בלוק,קילוגרמים,1.00,"ק""ג",true,,44.75,44.7500,true,1,1340501
7290000046020,false,"גבינה גלבוע בלוק ק""ג",,,"גבינה גלבוע בלוק ק""ג",קילוגרמים,1.00,"ק""ג",true,,42.55,42.5500,true,1,1340502
7290000046327,false,גבינה גלבוע פרוס 200,,,גבינה גלבוע פרוס 200,גרמים,200.00,100 גרם,false,,12.90,0.0645,true,1,1340506
7290000046501,false,גבינה טל העמק בלוק ק,,,גבינה טל העמק בלוק ק,קילוגרמים,1.00,"ק""ג",true,,59.00,59.0000,true,1,1340507
7290000046662,false,"גבינה סקנדינבית ק""ג.",,,"גבינה סקנדינבית ק""ג.",קילוגרמים,1.00,"ק""ג",true,,79.00,79.0000,true,1,1340512
7290000047027,false,"גבינה גלעד ק""ג בלוק.",,,"גבינה גלעד ק""ג בלוק.",קילוגרמים,1.00,"ק""ג",true,,129.00,129.0000,true,1,1340513
7290000047546,false,גבינה כנען 5% 500 גר,,,גבינה כנען 5% 500 גר,גרמים,500.00,100 גרם,false,,22.90,0.0458,true,1,1340517
7290000047621,false,"גבינה למריחה 5% בד""צ",,,"גבינה למריחה 5% בד""צ",גרמים,250.00,100 גרם,false,,4.95,0.0198,true,1,1340519
7290000047942,false,"גבינה למריחה 9% בד""צ",,,"גבינה למריחה 9% בד""צ",גרמים,250.00,100 גרם,false,,4.70,0.0188,true,1,1340521
7290000048185,false,גבינה למריחה 5% מהדר,,,גבינה למריחה 5% מהדר,גרמים,250.00,100 גרם,false,,4.95,0.0198,true,1,1340522
7290000048192,false,גבינה למריחה 9% 250,,,גבינה למריחה 9% 250,גרמים,250.00,100 גרם,false,,4.70,0.0188,true,1,1340523
7290000048413,false,גבינה חמד פיראוס שקי,,,גבינה חמד פיראוס שקי,גרמים,250.00,100 גרם,false,,17.90,0.0716,true,1,1340525
7290000048437,false,צפתית 5% פיראוס 200,,,צפתית 5% פיראוס 200,גרמים,200.00,100 גרם,false,,13.90,0.0695,true,1,1340526
7290000050447,false,יופלה תות 500 גרם.,,,יופלה תות 500 גרם.,גרמים,500.00,100 גרם,false,,12.20,0.0244,true,1,1340535
7290000051307,false,מארז הפסקת אוכל וניל,,,מארז הפסקת אוכל וניל,מיליליטרים,150.00,"100 מ""ל",false,,7.90,0.0527,true,1,1340541
7290000051376,false,יופלה דיאט אננס ספור,,,יופלה דיאט אננס ספור,גרמים,150.00,100 גרם,false,,4.70,0.0313,true,1,1340543
7290000051710,false,לאבנה פיראוס עם זעתר,,,לאבנה פיראוס עם זעתר,גרמים,263.00,100 גרם,false,,12.90,0.0490,true,1,1340544
7290000052311,false,עמק פרוס 15% שומן בק,,,עמק פרוס 15% שומן בק,גרמים,200.00,100 גרם,false,,15.90,0.0795,true,1,1340551
7290000055206,false,גבינה לבנה 5% טעם בצ,,,גבינה לבנה 5% טעם בצ,גרמים,250.00,100 גרם,false,,5.50,0.0220,true,1,1340569
7290000055329,false,משקה יוגורט יופלה תו,,,משקה יוגורט יופלה תו,גרמים,250.00,100 גרם,false,,4.90,0.0196,true,1,1340570
7290000055336,false,משקה יוגורט יופלה בנ,,,משקה יוגורט יופלה בנ,גרמים,250.00,100 גרם,false,,4.90,0.0196,true,1,1340571
7290000055343,false,משקה יוגורט יופלה טר,,,משקה יוגורט יופלה טר,גרמים,250.00,100 גרם,false,,4.90,0.0196,true,1,1340572
7290000056845,false,חלב טרי הומוגני 3% ש,,,חלב טרי הומוגני 3% ש,ליטרים,1.50,ליטר,false,,9.30,6.2000,true,1,1340584
7290000056883,false,מאגדת 8 יופלה טעמים,,,מאגדת 8 יופלה טעמים,גרמים,1200.00,100 גרם,false,,28.90,0.0241,true,1,1340585
7290000056890,false,מאגדת 8 יופלה דיאט מ,,,מאגדת 8 יופלה דיאט מ,גרמים,1200.00,100 גרם,false,,28.90,0.0241,true,1,1340586
7290000056906,false,מאגדת 8 יופלה לבן טב,,,מאגדת 8 יופלה לבן טב,גרמים,1200.00,100 גרם,false,,16.90,0.0141,true,1,1340587
7290000056951,false,שמנת לבישול 15%שומן,,,שמנת לבישול 15%שומן,מיליליטרים,500.00,"100 מ""ל",false,,15.90,0.0318,true,1,1340588
7290000057088,false,עמק פרוס דק 200 גרם.,,,עמק פרוס דק 200 גרם.,גרמים,200.00,100 גרם,false,,15.90,0.0795,true,1,1340591
7290000057118,false,גבינה עמק פרוס 400 ג,,,גבינה עמק פרוס 400 ג,גרמים,400.00,100 גרם,false,,21.90,0.0547,true,1,1340592
7290000057149,false,יוגורט תנובה 3% שומן,,,יוגורט תנובה 3% שומן,גרמים,200.00,100 גרם,false,,2.90,0.0145,true,1,1340594
7290000057552,false,יופלה דיאט עוגת גבינ,,,יופלה דיאט עוגת גבינ,גרמים,150.00,100 גרם,false,,4.70,0.0313,true,1,1340599
7290000058030,false,מארז 8 משקה יוגורט ש,,,מארז 8 משקה יוגורט ש,גרמים,800.00,100 גרם,false,,19.90,0.0249,true,1,1340604
7290000058047,false,שמנת מתוקה להקצפה 38,,,שמנת מתוקה להקצפה 38,מיליליטרים,500.00,"100 מ""ל",false,,12.80,0.0256,true,1,1340605
7290000060071,false,חטיפי פריכונים טבעי.,פרח תעשיות מזון,IL,אסם חטיפי פריכונים בטעם ט,גרמים,80.00,100 גרם,false,,6.90,0.0863,true,1,1305146
7290000060088,false,בייגלה מקלות מלוחים.,אסם תעשיות,IL,אסם בייגלה מקלות מלוחים 4,גרמים,400.00,100 גרם,false,,9.90,0.0248,true,1,1305147
7290000060156,false,אטריות ביצים דקות 20,אסם תעשיות,IL,אסם אטריות ביצים דקות 200,גרמים,200.00,100 גרם,false,,6.90,0.0345,true,1,1305148
7290000060163,false,אטריות דקות 400 גרם.,אסם תעשיות,IL,אסם אטריות דקות 400 גרם,גרמים,400.00,100 גרם,false,,6.90,0.0173,true,1,1305149
7290000060200,false,פתיתים אפויים קוסקוס,אסם תעשיות,IL,אסם פתיתים אפויים קוסקוס,גרמים,500.00,100 גרם,false,,7.90,0.0158,true,1,1305150
7290000060217,false,פסטה מקרוני 500 גרם.,זארה,IT,אסם פסטה מקרוני 7 500 גרם,גרמים,500.00,100 גרם,false,,5.90,0.0118,true,1,1305151
7290000060316,false,פסטה פרפקטו 500 גרם.,זארה,IT,פרפקטו ספגטי 500 גרם,גרמים,500.00,100 גרם,false,,6.90,0.0138,true,1,1305154
7290000060330,false,פסטה פרפקטו 500 גרם.,זארה,IT,פרפקטו ספירלי 500 גרם,גרמים,500.00,100 גרם,false,,6.90,0.0138,true,1,1305156
7290000060385,false,אינסטנט פודינג בטעם,אסם תעשיות,IL,אסם פודינג אינסטנט בטעם ו,גרמים,320.00,100 גרם,false,,17.90,0.0559,true,1,1305157
7290000060408,false,פתיתים אפויים טבעות.,אסם תעשיות,IL,אסם פתיתים אפויים טבעות 5,גרמים,500.00,100 גרם,false,,7.90,0.0158,true,1,1305159
7290000060415,false,פסטה פרפקטו לזניה 50,פסטה לנסי,IT,פרפקטו לזניה 500 גרם,גרמים,500.00,100 גרם,false,,12.90,0.0258,true,1,1305160
7290000060576,false,פתיתים אפויים כוכבים,אסם תעשיות,IL,אסם פתיתים אפויים כוכבים,גרמים,500.00,100 גרם,false,,7.90,0.0158,true,1,1305166
7290000060781,false,פסטה מסולסלים אסם 50,זארה,IT,אסם פסטה מסולסלים 500 גרם,גרמים,500.00,100 גרם,false,,5.90,0.0118,true,1,1305167
7290000060828,false,פסטה אוסם קרניים בינ,זארה,IT,אסם פסטה קרניים בינוניות,גרמים,500.00,100 גרם,false,,5.90,0.0118,true,1,1305168
7290000060842,false,פסטה אוסם צדפים גדול,זארה,IT,אסם פסטה צדפים גדולים 500,גרמים,500.00,100 גרם,false,,5.90,0.0118,true,1,1305169
7290000060859,false,פסטה אוסם צדפים קטני,זארה,IT,אסם פסטה צדפים קטנים 500,גרמים,500.00,100 גרם,false,,5.90,0.0118,true,1,1305170
7290000060880,false,פסטה אסם ספגטי 500 ג,זארה,IT,אסם פסטה ספגטי 8 500 גרם,גרמים,500.00,100 גרם,false,,5.90,0.0118,true,1,1305171
7290000060903,false,פתיתים אפויים אורז.,אסם תעשיות,IL,אסם פתיתים אפויים אורז 50,גרמים,500.00,100 גרם,false,,7.90,0.0158,true,1,1305172
7290000060958,false,אטריות בינוניות 400,אסם תעשיות,IL,אסם אטריות בינוניות 400 ג,גרמים,400.00,100 גרם,false,,6.90,0.0173,true,1,1305173
7290000060965,false,אטריות רחבות 400 גרם,אסם תעשיות,IL,אסם אטריות רחבות 400 גרם,גרמים,400.00,100 גרם,false,,6.90,0.0173,true,1,1305174
7290000061061,false,קרקר בצל 250 גרם.,אסם תעשיות,IL,אסם קרקר בטעם בצל 250 גרם,גרמים,250.00,100 גרם,false,,9.90,0.0396,true,1,1305176
7290000061085,false,רוטב צ'ילי מתוק 290,אסם תעשיות,IL,"אסם רוטב צ'ילי מתוק 290מ""",מיליליטרים,290.00,"100 מ""ל",false,,10.90,0.0376,true,1,1305177
7290000061108,false,"רוטב טריאקי 290 מ""ל",אסם תעשיות,IL,"אסם רוטב טריאקי 290מ""ל",מיליליטרים,290.00,"100 מ""ל",false,,10.90,0.0376,true,1,1305178
7290000061450,false,פתיתים קוסקוס 3 צבעי,אסם תעשיות,IL,אסם פתיתים אפויים קוסקוס,גרמים,500.00,100 גרם,false,,7.90,0.0158,true,1,1305182
7290000061764,false,נס קפה רד מאג טעם חד,נסטלה,ES,נסקפה רד מאג 200 גרם,גרמים,200.00,100 גרם,false,,23.90,0.1195,true,1,1305183
7290000062952,false,מיני קרוטונים למרק ו,עינת תעשיות מזון,IL,מיני קרוטונים מתובלים למר,גרמים,250.00,100 גרם,false,,13.90,0.0556,true,1,1305191
7290000063102,false,קמח תופח אוסם.,אסם תעשיות,IL,אסם קמח תופח לעוגות ולאפי,גרמים,350.00,100 גרם,false,,4.40,0.0126,true,1,1305194
7290000063133,false,שקדי מרק 100 גרם.,אסם תעשיות,IL,שקדי מרק אסם רכיבים טבעיי,גרמים,100.00,100 גרם,false,,4.40,0.0440,true,1,1305195
7290000063140,false,שקדי מרק 400 גרם.,אסם תעשיות,IL,שקדי מרק אסם רכיבים טבעיי,גרמים,400.00,100 גרם,false,,12.90,0.0323,true,1,1305196
7290000063157,false,קמח תופח אוסם.,אסם תעשיות,IL,אסם קמח תופח לעוגות ולאפי,קילוגרמים,1.00,"ק""ג",false,,9.90,9.9000,true,1,1305197
7290000064758,false,קוסקוס אמיתי 350 גרם,קוסקוס,IL,אסם קוסקוס בינוני 350 גרם,גרמים,350.00,100 גרם,false,,6.90,0.0197,true,1,1305211
7290000064871,false,מנה חמה פירה עם בצל.,אסם תעשיות,IL,מנה חמה פירה עם בצל 56 גר,גרמים,56.00,100 גרם,false,,6.50,0.1161,true,1,1305212
7290000065090,false,מיני קרוטונים למרק ו,עינת תעשיות מזון,IL,מיני קרוטונים מתובלים למר,גרמים,400.00,100 גרם,false,,22.90,0.0572,true,1,1305213
7290000065335,false,מנה חמה פירה וירקות.,אסם תעשיות,IL,מנה חמה פירה עם ירקות 55,גרמים,55.00,100 גרם,false,,6.50,0.1182,true,1,1305215
7290000065540,false,מנה חמה פסטה מוקרמת.,אסם תעשיות,IL,מנה חמה פסטה מוקרמת בטעם,גרמים,55.00,100 גרם,false,,6.50,0.1182,true,1,1305216
7290000065977,false,חטיפי פירכונים תירס,פרח תעשיות מזון,IL,אסם חטיפי פריכונים מתירס,גרמים,80.00,100 גרם,false,,6.90,0.0863,true,1,1305223
7290000066141,false,ביסלי גריל 70 גרם,אסם תעשיות,IL,ביסלי גריל 70 גרם,גרמים,70.00,100 גרם,false,,4.30,0.0614,true,1,1305225
7290000066172,false,ביסלי פיצה 70 גרם,אסם תעשיות,IL,ביסלי פיצה 70 גרם,גרמים,70.00,100 גרם,false,,4.30,0.0614,true,1,1305228
7290000066196,false,ביסלי גריל 200 גרם.,אסם תעשיות,IL,ביסלי גריל 200 גרם,גרמים,200.00,100 גרם,false,,7.90,0.0395,true,1,1305230
7290000066226,false,ביסלי פיצה 200 גרם.,אסם תעשיות,IL,ביסלי פיצה 200 גרם,גרמים,200.00,100 גרם,false,,7.90,0.0395,true,1,1305233
7290000066264,false,"חטיף תפו""א בצורת דוב",אסם תעשיות,IL,חבורת דובונים  40 גרם,גרמים,40.00,100 גרם,false,,4.30,0.1075,true,1,1305234
7290000066295,false,במבה מתוקה תות 30 גר,אסם תעשיות,IL,במבה מתוקה 30 גרם,גרמים,30.00,100 גרם,false,,2.30,0.0767,true,1,1305235
7290000066318,false,במבה 80 גרם,אסם תעשיות,IL,במבה קלאסית 80 גרם,גרמים,80.00,100 גרם,false,,4.50,0.0563,true,1,1305236
7290000066332,false,אפרופו 50 גרם,אסם תעשיות,IL,אפרופו קלאסי  50 גרם,גרמים,50.00,100 גרם,false,,4.50,0.0900,true,1,1305237
7290000066431,false,חטיף פופקו,אסם תעשיות,IL,פופקו 80 גרם,גרמים,80.00,100 גרם,false,,4.60,0.0575,true,1,1305239
7290000067407,false,פירורית מתובלת 200 ג,עינת תעשיות מזון,IL,אסם פירורית מתובלת 200 גר,גרמים,200.00,100 גרם,false,,5.50,0.0275,true,1,1305246
7290000067544,false,פירורית פירורי לחם ז,עינת תעשיות מזון,IL,אסם פירורית זהב 200 גרם,גרמים,200.00,100 גרם,false,,5.50,0.0275,true,1,1305248
7290000067599,false,מנה חמה ספגטי בולונז,אסם תעשיות,IL,מנה חמה ספגטי בולונז 65גר,גרמים,65.00,100 גרם,false,,6.50,0.1000,true,1,1305252
7290000068138,false,אינסטנט פודינג בטעם,אסם תעשיות,IL,אסם פודינג אינסטנט בטעם ו,גרמים,80.00,100 גרם,false,,5.50,0.0688,true,1,1305258
7290000068190,false,ג'לי תות שדה,אסם תעשיות,IL,אסם ג'לי מהיר הכנה בטעם ת,גרמים,90.00,100 גרם,false,,5.90,0.0656,true,1,1305262
7290000068206,false,ג'לי טעם משמש,אסם תעשיות,IL,אסם ג'לי מהיר הכנה בטעם מ,גרמים,85.00,100 גרם,false,,5.90,0.0694,true,1,1305263
7290000068237,false,ג'לי טעם פטל,אסם תעשיות,IL,אסם ג'לי מהיר הכנה בטעם פ,גרמים,85.00,100 גרם,false,,5.90,0.0694,true,1,1305264
7290000068251,false,ג'לי טעם אננס,אסם תעשיות,IL,אסם ג'לי מהיר הכנה בטעם א,גרמים,85.00,100 גרם,false,,5.90,0.0694,true,1,1305265
7290000068343,false,פריכונים מאורז מלא,פרח תעשיות מזון,IL,אסם פריכונים מאורז מלא 14,גרמים,140.00,100 גרם,false,,6.90,0.0493,true,1,1305268
7290000068701,false,שקדי מרק מיכל 400 גר,אסם תעשיות,IL,שקדי מרק אסם רכיבים טבעיי,גרמים,400.00,100 גרם,false,,14.90,0.0373,true,1,1305269
7290000068770,false,במבה גדול 80 גרם,אסם תעשיות,IL,במבה אריזת תינוק 80 גרם,גרמים,80.00,100 גרם,false,,4.50,0.0563,true,1,1305271
7290000068787,false,במבה 25 גרם,אסם תעשיות,IL,במבה אריזת תינוק 25 גרם,גרמים,25.00,100 גרם,false,,2.30,0.0920,true,1,1305272
7290000069258,false,פסטה פרפקטו 500 גרם.,זארה,IT,פרפקטו פנה ריגאטה 500 גרם,גרמים,500.00,100 גרם,false,,6.90,0.0138,true,1,1305278
7290000069364,false,פריכונים ללא מלח.,פרח תעשיות מזון,IL,אסם פריכונים עגול אורז דל,גרמים,140.00,100 גרם,false,,6.90,0.0493,true,1,1305283
7290000069609,false,חטיפי קרקר זעתר.,אסם תעשיות,IL,אסם חטיפי קרקר זעתר 300 ג,גרמים,300.00,100 גרם,false,,9.90,0.0330,true,1,1305287
7290000069715,false,חטיפי קרקר מלוח.,אסם תעשיות,IL,אסם חטיפי קרקר מלוח 300גר,גרמים,300.00,100 גרם,false,,9.90,0.0330,true,1,1305289
7290000069739,false,חטיפי קרקר שומשום.,אסם תעשיות,IL,אסם חטיפי קרקר שומשום 300,גרמים,300.00,100 גרם,false,,9.90,0.0330,true,1,1305290
7290000070308,false,מרק עוף אמיתי,אסם תעשיות,IL,אסם מרק עוף אמיתי 400 גרם,גרמים,400.00,100 גרם,false,,19.90,0.0497,true,1,1305296
7290000070322,false,אבקת מרק פטריות 400,אסם תעשיות,IL,אסם מרק פטריות רכיבים טבע,גרמים,400.00,100 גרם,false,,25.90,0.0647,true,1,1305297
7290000070353,false,אבקת מרק בצל 400 גרם,אסם תעשיות,IL,אסם מרק בצל רכיבים טבעיים,גרמים,400.00,100 גרם,false,,25.90,0.0647,true,1,1305298
7290000070919,false,בייגלה רשתות מלח.,אסם תעשיות,IL,אסם בייגלה רשתות מלח 400,גרמים,400.00,100 גרם,false,,11.90,0.0298,true,1,1305307
7290000071008,false,בייגלה שטוחים עם מלח,אסם תעשיות,IL,אסם בייגלה שטוחים מלח 60,גרמים,60.00,100 גרם,false,,2.90,0.0483,true,1,1305308
7290000072067,false,במבה במילוי קרם חלבה,אסם תעשיות,IL,במבה במילוי קרם חלבה 60 ג,גרמים,60.00,100 גרם,false,,4.50,0.0750,true,1,1305312
7290000072623,false,קטשופ אוסם,אסם תעשיות,IL,קטשופ אסם 750 גרם,גרמים,750.00,100 גרם,false,,12.90,0.0172,true,1,1305320
7290000072630,false,קטשופ חריף-אוסם,אסם תעשיות,IL,קטשופ חריף אסם 750 גרם,גרמים,750.00,100 גרם,false,,12.90,0.0172,true,1,1305321
7290000072753,false,טסטרס צ'ויס רגיל 200,נסטלה,KR,נסקפה טייסטרס צ'ויס 200 ג,גרמים,200.00,100 גרם,false,,29.90,0.1495,true,1,1305324
7290000072777,false,טסטרס צ'ויס נטול 200,נסטלה,KR,נסקפה טייסטרס צ'ויס נטול,גרמים,200.00,100 גרם,false,,44.90,0.2245,true,1,1305326
7290000072784,false,טסטרס צ'ויס נטול 100,נסטלה,KR,נסקפה טייסטרס צ'ויס נטול,גרמים,100.00,100 גרם,false,,29.90,0.2990,true,1,1305327
7290000072968,false,דגני בוקר סיני-מיני,נסטלה,PL,סיני מיניס דגני בוקר מחיט,גרמים,500.00,100 גרם,false,,24.90,0.0498,true,1,1305332
7290000073125,false,מנה חמה פסטה עם עגבנ,אסם תעשיות,IL,מנה חמה פסטה ברוטב עגבניו,גרמים,62.00,100 גרם,false,,6.50,0.1048,true,1,1305333
7290000073415,false,מנה חמה פסטה ברוטב פ,אסם תעשיות,IL,מנה חמה פסטה ברוטב פיצה 6,גרמים,61.00,100 גרם,false,,6.50,0.1066,true,1,1305334
7290000073699,false,חומוס 150 גרם,צבר,IL,צבר חומוס חלק 150 גרם,גרמים,150.00,100 גרם,false,,4.40,0.0293,true,1,1305336
7290000073750,false,מנה חמה נודלס אטריות,טאי רזידנט,TH,מנה חמה נודלס בטעם עוף 71,גרמים,71.00,100 גרם,false,,6.50,0.0915,true,1,1305337
7290000073767,false,מנה חמה נודלס אטריות,טאי רזידנט,TH,מנה חמה נודלס בטעם בקר 71,גרמים,71.00,100 גרם,false,,6.50,0.0915,true,1,1305338
7290000073774,false,מנה חמה נודלס אטריות,טאי רזידנט,TH,מנה חמה נודלס בטעם פיקנטי,גרמים,71.00,100 גרם,false,,6.50,0.0915,true,1,1305339
7290000074153,false,פתיבר שוקו 500 גרם.,אסם תעשיות,IL,אסם פתי בר שוקו 500גרם,גרמים,500.00,100 גרם,false,,11.90,0.0238,true,1,1305344
7290000074184,false,פתיבר וניל 500 גרם.,אסם תעשיות,IL,אסם פתי בר קלאסי  500 גרם,גרמים,500.00,100 גרם,false,,11.90,0.0238,true,1,1305346
7290000074245,false,קרם קרקר 250 גרם.,אסם תעשיות,IL,אסם קרם קרקר 250 גרם,גרמים,250.00,100 גרם,false,,7.90,0.0316,true,1,1305347
7290000074252,false,קרקר שומשום 250 גרם.,אסם תעשיות,IL,אסם קרקר שומשום 250 גרם,גרמים,250.00,100 גרם,false,,7.90,0.0316,true,1,1305348
7290000074276,false,קרקר פיקנטי 250 גרם.,אסם תעשיות,IL,אסם קרקר פיקטני 250 גרם,גרמים,250.00,100 גרם,false,,8.90,0.0356,true,1,1305349
7290000074375,false,קרקר זהב 150 גרם.,אסם תעשיות,IL,אסם קרקר זהב 150 גרם,גרמים,150.00,100 גרם,false,,6.40,0.0427,true,1,1305353
7290000074481,false,לחמית אגוזים.,אסם תעשיות,IL,אסם לחמית אגוזים 160 גרם,גרמים,160.00,100 גרם,false,,9.90,0.0619,true,1,1305355
7290000074696,false,"קרם קרקר 1 ק""ג.",אסם תעשיות,IL,"אסם קרם קרקר 1 ק""ג",גרמים,1000.00,100 גרם,false,,25.90,0.0259,true,1,1305358
7290000075204,false,לחמית חיטה מלאה.,אסם תעשיות,IL,אסם לחמית חיטה מלאה 250 ג,גרמים,250.00,100 גרם,false,,7.90,0.0316,true,1,1305366
7290000075693,false,עוגת שמרים בריוש שוק,אסם תעשיות,IL,אסם הבית עוגת שמרים בריוש,גרמים,360.00,100 גרם,false,,15.90,0.0442,true,1,1305368
7290000076126,false,בייגלה שמיניות קטנות,אסם תעשיות,IL,אסם בייגלה שמיניות מלח 80,גרמים,80.00,100 גרם,false,,2.90,0.0362,true,1,1305369
7290000076133,false,בייגלה שמיניות קטנות,אסם תעשיות,IL,אסם בייגלה שמיניות מלח 40,גרמים,400.00,100 גרם,false,,9.90,0.0248,true,1,1305370
7290000076645,false,טוסטעים חיטה מלאה.,ון-דר-מולן,NL,אסם טוסטעים חיטה מלאה 100,גרמים,100.00,100 גרם,false,,9.90,0.0990,true,1,1305374
7290000077017,false,עוגיות קרמוגית במילו,אסם תעשיות,IL,אסם קרמוגית במילוי שוקולד,גרמים,200.00,100 גרם,false,,10.90,0.0545,true,1,1305375
7290000077253,false,לחמית כפרית.,אסם תעשיות,IL,לחמית כפרית 190 גרם,גרמים,190.00,100 גרם,false,,9.90,0.0521,true,1,1305376
7290000077925,false,טוסטעים צנימים עגולי,ון-דר-מולן,NL,אסם טוסטעים צנימים עגולים,גרמים,125.00,100 גרם,false,,9.90,0.0792,true,1,1305378
7290000078212,false,קרוטונים מתובלים 250,עינת תעשיות מזון,IL,קרוטונים מתובלים למרק ולס,גרמים,250.00,100 גרם,false,,13.90,0.0556,true,1,1305379
7290000078762,false,חטיפי פריכונים אורז,הרטו,BE,אסם חטיפי פריכונים אורז ו,גרמים,80.00,100 גרם,false,,6.90,0.0863,true,1,1305381
7290000079233,false,קרם קרקר ללא מלח.,אסם תעשיות,IL,אסם קרם קרקר דל נתרן 250,גרמים,250.00,100 גרם,false,,9.90,0.0396,true,1,1305383
7290000080758,false,טוסטעים פת קלויה.,ון-דר-מולן,NL,אסם טוסטעים 100 גרם,גרמים,100.00,100 גרם,false,,9.90,0.0990,true,1,1305393
7290000080765,false,טוסטעים שומשום.,ון-דר-מולן,NL,אסם טוסטעים עם שומשום 100,גרמים,100.00,100 גרם,false,,9.90,0.0990,true,1,1305394
7290000081663,false,בייגלה טבעות שומשום,אסם תעשיות,IL,אסם בייגלה טבעות שומשום 3,גרמים,300.00,100 גרם,false,,9.90,0.0330,true,1,1305396
7290000089188,false,יין פומפידיתא אדום מ,בנימינה Binyamina,IL,פומפידיתא יין אדום מתוק -,ליטרים,1.00,ליטר,false,,14.90,14.9000,true,1,1347487
7290000090078,false,פטינה רכה למריחה,,,פטינה רכה למריחה,קילוגרמים,1.00,"ק""ג",true,,28.00,28.0000,true,1,2172393
7290000099378,false,גבינת בלוז,,,גבינת בלוז,קילוגרמים,1.00,"ק""ג",true,,69.00,69.0000,true,1,2172394
7290000100029,false,פתיתי כרובית סנפרוסט,,,פתיתי כרובית סנפרוסט,גרמים,800.00,100 גרם,false,,19.90,0.0249,true,1,1877756
7290000100036,false,פתיתי ברוקולי סנפרוס,,,פתיתי ברוקולי סנפרוס,גרמים,800.00,100 גרם,false,,19.90,0.0249,true,1,1877743
7290000100128,false,תות מוקפא 300 גרם סנ,,,תות מוקפא 300 גרם סנ,גרמים,300.00,100 גרם,false,,12.90,0.0430,true,1,1873893
7290000100135,false,דובדבן מוקפא 300 גרם,,,דובדבן מוקפא 300 גרם,גרמים,300.00,100 גרם,false,,12.90,0.0430,true,1,1873894
7290000100302,false,פול ירוק קפוא קלוף 6,,,פול ירוק קפוא קלוף 6,גרמים,600.00,100 גרם,false,,23.90,0.0398,true,1,2065131
7290000101132,false,לקט לחמין סנפרוסט,,,לקט לחמין סנפרוסט,גרמים,800.00,100 גרם,false,,19.90,0.0249,true,1,1462944
7290000101934,false,מיקס פירות יער מוקפא,,,מיקס פירות יער מוקפא,גרמים,300.00,100 גרם,false,,12.90,0.0430,true,1,1613906
7290000101941,false,אננס מוקפא 300 ג סנפ,,,אננס מוקפא 300 ג סנפ,גרמים,300.00,100 גרם,false,,12.90,0.0430,true,1,1613907
7290000101958,false,מנגו מוקפא 300 ג סנפ,,,מנגו מוקפא 300 ג סנפ,גרמים,300.00,100 גרם,false,,12.90,0.0430,true,1,1613883
7290000103365,false,מרק ירקות סנפרוסט,סנפרוסט,IL,מרק ירקות  12 יח 550 גר,גרמים,550.00,100 גרם,false,,18.90,0.0344,true,1,1341039
7290000103457,false,מיני כרובית סנפרוסט,,,מיני כרובית סנפרוסט,גרמים,600.00,100 גרם,false,,19.90,0.0332,true,1,1431074
7290000103471,false,מיני ברוקולי סנפרוסט,,,מיני ברוקולי סנפרוסט,גרמים,600.00,100 גרם,false,,19.90,0.0332,true,1,1431075
7290000103730,false,לקט להקפצה עם פסטה פ,סנפרוסט,IL,לקט להקפצה עם פסטה פוזילי,גרמים,800.00,100 גרם,false,,22.90,0.0286,true,1,1341046
7290000103815,false,לקט להקפצה בסגנון תא,סנפרוסט,IL,לקט להקפצה בסגנון תאילנדי,גרמים,800.00,100 גרם,false,,22.90,0.0286,true,1,1341050
7290000103822,false,לקט למרק עוף סנפרוסט,סנפרוסט,IL,לקט לעוף 12 יח 800 גר,גרמים,800.00,100 גרם,false,,22.90,0.0286,true,1,1341051
7290000103846,false,מרק אפונה סנפרוסט,סנפרוסט,IL,מרק אפונה 12 יח 570 גר,גרמים,570.00,100 גרם,false,,18.90,0.0332,true,1,1341053
7290000103860,false,מרק עדשים סנפרוסט,סנפרוסט,IL,מרק עדשים 12 יח 570 גר,גרמים,570.00,100 גרם,false,,18.90,0.0332,true,1,1341054
7290000103877,false,מרק שעועית סנפרוסט,סנפרוסט,IL,מרק שעועית 12 יח 640 גר,גרמים,640.00,100 גרם,false,,18.90,0.0295,true,1,1341055
7290000104072,false,עדשים ירוקים מבושלים,סנפרוסט,IL,עדשים מוקפאים 14 יח 800 ג,גרמים,800.00,100 גרם,false,,19.90,0.0249,true,1,1341056
7290000104188,false,שעועית אדומה מבושלת,סנפרוסט,IL,שעועית אדומה מוקפאת 14 יח,גרמים,800.00,100 גרם,false,,19.90,0.0249,true,1,1341058
7290000104201,false,אפונה עדינה סנפרוסט,סנפרוסט,IL,אפונה עדינה 12 יח 600 ג,גרמים,600.00,100 גרם,false,,19.90,0.0332,true,1,1341059
7290000104218,false,במיה 600 גרם סנפרוסט,סנפרוסט,IL,במיה 14 יח 600 ג,גרמים,600.00,100 גרם,false,,18.90,0.0315,true,1,1341060
7290000104225,false,בצל קצוץ סנפרוסט,סנפרוסט,IL,בצל קצוץ 14 יח 600 ג,גרמים,600.00,100 גרם,false,,16.90,0.0282,true,1,1341061
7290000104676,false,אפונת גינה סנפרוסט 8,סנפרוסט,IL,אפונה גינה 20 יח 800 ג,גרמים,800.00,100 גרם,false,,18.90,0.0236,true,1,1341063
7290000104683,false,שעועית ירוקה שלמה סנ,סנפרוסט,IL,שעועית ירוקה שלמה 16 יח 8,גרמים,800.00,100 גרם,false,,22.90,0.0286,true,1,1341064
7290000104690,false,תירס גרעינים סנפרוסט,סנפרוסט,IL,גרעיני תירס 20 יח 800 ג,גרמים,800.00,100 גרם,false,,19.90,0.0249,true,1,1341065
7290000104706,false,גזר גמדי סנפרוסט,סנפרוסט,IL,גזר גמדי 16 יח 800 ג,גרמים,800.00,100 גרם,false,,18.90,0.0236,true,1,1341066
7290000104713,false,פול ירוק קפוא 800 גר,סנפרוסט,IL,פול ירוק 20 יח 800 ג,גרמים,800.00,100 גרם,false,,24.90,0.0311,true,1,1341067
7290000104720,false,שעועית ירוקה חתוכה ס,סנפרוסט,IL,שעועית ירוקה חתוכה 16 יח,גרמים,800.00,100 גרם,false,,19.90,0.0249,true,1,1341068
7290000104737,false,שעועית צהובה חתוכה ס,סנפרוסט,IL,שעועית צהובה 16 יח 800 ג,גרמים,800.00,100 גרם,false,,19.90,0.0249,true,1,1341069
7290000104744,false,כרובית סנפרוסט,סנפרוסט,IL,כרובית 12 יח 800 ג,גרמים,800.00,100 גרם,false,,24.90,0.0311,true,1,1341070
7290000104768,false,עלי תרד סנפרוסט,סנפרוסט,IL,עלי תרד  14 יח 800 ג,גרמים,800.00,100 גרם,false,,24.90,0.0311,true,1,1341072
7290000104775,false,תרד מדליון סנפרוסט,סנפרוסט,IL,מדליוני תרד 16 יח 800 ג,גרמים,800.00,100 גרם,false,,24.90,0.0311,true,1,1341073
7290000104799,false,שעועית לבנה מבושלת ס,סנפרוסט,IL,שעועית לבנה 16 יח 800 גר,גרמים,800.00,100 גרם,false,,19.90,0.0249,true,1,1341074
7290000104805,false,גרגירי חומוס מבושל ס,סנפרוסט,IL,גרגירי חומוס 14 יח 800 גר,גרמים,800.00,100 גרם,false,,19.90,0.0249,true,1,1341075
7290000104829,false,תירס קלחים סנפרוסט,סנפרוסט,IL,קלחוני תירס  16 יח 1 קג,גרמים,1000.00,100 גרם,false,,22.90,0.0229,true,1,1341076
7290000104874,false,לקט לקוסקוס סנפרוסט,סנפרוסט,IL,לקט קוסקוס  12 יח 800 ג,גרמים,800.00,100 גרם,false,,22.90,0.0286,true,1,1341078
7290000104881,false,אפונה וגזר 800 גרם ס,סנפרוסט,IL,לקט אפונה וגזר 13 יח 800,גרמים,800.00,100 גרם,false,,19.90,0.0249,true,1,1341079
7290000104904,false,לקט ירקות סנפרוסט,סנפרוסט,IL,ירקות מעורבים 14 יח 800 ג,גרמים,800.00,100 גרם,false,,22.90,0.0286,true,1,1341080
7290000104911,false,לקט נורמנדי סנפרוסט,סנפרוסט,IL,לקט נורמנדי  12 יח 800 ג,גרמים,800.00,100 גרם,false,,22.90,0.0286,true,1,1341081
7290000106175,false,"לקט כפרי 2 ק""ג סנפרו",סנפרוסט,IL,לקט כפרי 6 יח  2 קג,גרמים,2000.00,100 גרם,false,,39.90,0.0199,true,1,1341082
7290000107189,false,תחתיות ארטישוק סנפרו,סנפרוסט,IL,תחתיות ארטישוק 12 יח 400,גרמים,400.00,100 גרם,false,,22.90,0.0572,true,1,1341083
7290000107295,false,ברוקולי סנפרוסט,סנפרוסט,IL,תפרחות ברוקולי 12 יח  800,גרמים,800.00,100 גרם,false,,24.90,0.0311,true,1,1341084
7290000107615,false,מנה אסיאתית צבעונית,,,מנה אסיאתית צבעונית,גרמים,800.00,100 גרם,false,,19.90,0.0249,true,1,2157510
7290000107622,false,פסטה וירקות א-לה איט,,,פסטה וירקות א-לה איט,גרמים,800.00,100 גרם,false,,19.90,0.0249,true,1,2157511
7290000110844,false,כיפלי גריל בדצ,יוניליוור,IL,כיפלי גריל בדצ 70גר,גרמים,70.00,100 גרם,false,,5.90,0.0843,true,1,1341483
7290000110851,false,כיפלי בצל בדצ,יוניליוור,IL,כיפלי בצל 70גר,גרמים,70.00,100 גרם,false,,5.90,0.0843,true,1,1341484
7290000111063,false,מיונז תלמה 250 גרם,יוניליוור,IL,תלמה מיונז רגיל אמיתי 250,גרמים,250.00,100 גרם,false,,6.50,0.0260,true,1,1341485
7290000111117,false,מרכך בדין 4 ליטר לבן,יוניליוור,IL,Badin Std Liquid White 4L,ליטרים,4.00,ליטר,false,,19.90,4.9750,true,1,1341486
7290000111186,false,מיונז תלמה 500 גרם,יוניליוור,IL,תלמה רגיל מיונז אמיתי 500,גרמים,500.00,100 גרם,false,,10.90,0.0218,true,1,1341488
7290000111360,false,חרדל תלמה 250 גרם,יוניליוור,IL,תלמה חרדל 250 גרם,גרמים,250.00,100 גרם,false,,6.50,0.0260,true,1,1341491
7290000111384,false,חרדל תלמה 550 גרם,יוניליוור,IL,תלמה חרדל 550 גרם,גרמים,550.00,100 גרם,false,,8.90,0.0162,true,1,1341492
7290000112220,false,טחינה בארכה 500 גרם,רושדי תעשיות מזון,IL,טחינה בארכה 100% שומשום ט,גרמים,500.00,100 גרם,false,,13.90,0.0278,true,1,1339856
7290000112237,false,טחינה בארכה גלמית 1,רושדי תעשיות מזון,IL,טחינה בארכה 100% שומשום ט,גרמים,1000.00,100 גרם,false,,24.90,0.0249,true,1,1339857
7290000112503,false,מרק קנור ירקות עשיר,יוניליוור,IL,מרקים רגיל אחר קנור עשיר,גרמים,61.00,100 גרם,false,,9.90,0.1623,true,1,1341495
7290000112619,false,מרק עוף אמיתי בשרי ק,יוניליוור,IL,קנור מרקי תיבול טעם עוף 4,גרמים,400.00,100 גרם,false,,19.90,0.0497,true,1,1341497
7290000116204,false,קנור דגש מרק עוף 1 ק,יוניליוור,IL,קנור בויון דגש 1 קג,קילוגרמים,1.00,"ק""ג",false,,14.90,14.9000,true,1,1341516
7290000116884,false,רוטב ברביקיו קנור 30,יוניליוור,IL,רוטב ברביקיו 350 גר,מיליליטרים,300.00,"100 מ""ל",false,,12.90,0.0430,true,1,1341517
7290000116921,false,רוטב צ'ילי מתוק 300,יוניליוור,IL,רוטב צ'ילי מתוק 380 גר,מיליליטרים,300.00,"100 מ""ל",false,,12.90,0.0430,true,1,1341518
7290000116945,false,רוטב סויה קנור 300 מ,יוניליוור,IL,קנור רוטב סויה בסגנון סינ,מיליליטרים,300.00,"100 מ""ל",false,,12.90,0.0430,true,1,1341519
7290000117171,false,נמס בכוס מרק טעם עוף,יוניליוור,IL,מרקי אינסטנט אחרים קנור ב,גרמים,48.00,100 גרם,false,,6.50,0.1354,true,1,1341522
7290000117720,false,נמס בכוס זוג פטריות,יוניליוור,IL,מרקי אינסטנט אחרים קנור פ,גרמים,43.00,100 גרם,false,,6.50,0.1512,true,1,1341526
7290000118277,false,קניידלך 65 גרם,יוניליוור,IL,קניידלך 130 גר,גרמים,130.00,100 גרם,false,,9.90,0.0762,true,1,1341529
7290000121031,false,גבינה מותכת החתול המ,נטו,IL,גבינת חתול 120 גרם,גרמים,120.00,100 גרם,false,,9.90,0.0825,true,1,1330012
7290000121079,false,גבינת מון בלאן שמיר,נטו,IL,גבינת מון בלאן שמיר 120 ג,גרמים,120.00,100 גרם,false,,9.90,0.0825,true,1,1330014
7290000121093,false,גבינה מון בלאן שיווצ,נטו,IL,גבינה מון בלאן שיווצרית,גרמים,120.00,100 גרם,false,,9.90,0.0825,true,1,1330015
7290000121154,false,גבינה מון-בלאן סלומו,נטו,IL,גבינה מון-בלאן סלומון 120,גרמים,120.00,100 גרם,false,,9.90,0.0825,true,1,1330018
7290000122830,false,רוטב סצ'ואן בקבוק 37,יוניליוור,IL,רוטב סצ'ואן 370 גר,גרמים,300.00,100 גרם,false,,12.90,0.0430,true,1,1341548
7290000123363,false,צמקאו 500 גרם,יוניליוור,IL,אפיכול מרכיבי אפיה צמקאו,גרמים,500.00,100 גרם,false,,15.90,0.0318,true,1,1341553
7290000125251,false,שמפו לכביסה עדינה 2,יוניליוור,IL,בדין שמפו לכביסה עדינה רג,ליטרים,2.00,ליטר,false,,24.90,12.4500,true,1,1341557
7290000129457,false,קנור אבקת רוטב פטריו,יוניליוור,IL,קנור קוק-IN-רטבים אבקת פט,גרמים,28.00,100 גרם,false,,4.90,0.1750,true,1,1341566
7290000129785,false,מרכך בדין ירוק 4 ליט,יוניליוור,IL,Badin Std Liquid Green 4L,ליטרים,4.00,ליטר,false,,19.90,4.9750,true,1,1341568
7290000134147,false,מוסקט טחון,תבליני טעם וריח,IL,מיכל קטן מוסקט טחון 40גר',גרמים,40.00,100 גרם,false,,14.90,0.3725,true,1,1351081
7290000134307,false,קינמון טחון,תבליני טעם וריח,IL,שק.50 גר.קינמון טחון,גרמים,50.00,100 גרם,false,,4.90,0.0980,true,1,1351082
7290000134314,false,תיבול לפיצה,תבליני טעם וריח,IL,מיכל ת.לפיצה 120 גר',גרמים,120.00,100 גרם,false,,7.90,0.0658,true,1,1351083
7290000134338,false,שום אבקה,תבליני טעם וריח,IL,מיכל שום אבקה 90 גר',גרמים,90.00,100 גרם,false,,7.90,0.0878,true,1,1351084
7290000134352,false,קינמון טחון,תבליני טעם וריח,IL,מיכל קינמון ט. 90 גר',גרמים,90.00,100 גרם,false,,7.90,0.0878,true,1,1351085
7290000134376,false,פפריקה בשמן,תבליני טעם וריח,IL,מיכל פפריקה בשמן 90 גר,גרמים,90.00,100 גרם,false,,7.90,0.0878,true,1,1351086
7290000134666,false,רוזמרין,תבליני טעם וריח,IL,מיכל קטן רוזמרין 15גר',גרמים,15.00,100 גרם,false,,4.90,0.3267,true,1,1351092
7290000134680,false,קימל שלם,תבליני טעם וריח,IL,מיכל קטן קימל שלם 40גר',גרמים,40.00,100 גרם,false,,4.90,0.1225,true,1,1351094
7290000134758,false,"תיבול לתפו""א",תבליני טעם וריח,IL,"מיכל ת.תפו""א 100 גר'",גרמים,100.00,100 גרם,false,,7.90,0.0790,true,1,1351096
7290000134826,false,זעתר מעורב,תבליני טעם וריח,IL,מיכל זעתר 100 גרם,גרמים,100.00,100 גרם,false,,7.90,0.0790,true,1,1351099
7290000134833,false,כמון,תבליני טעם וריח,IL,מיכל כמון 100 גרם,גרמים,100.00,100 גרם,false,,7.90,0.0790,true,1,1351100
7290000134840,false,כורכום,תבליני טעם וריח,IL,מיכל כורכום 100 גרם,גרמים,100.00,100 גרם,false,,7.90,0.0790,true,1,1351101
7290000134857,false,פפריקה מתוקה,תבליני טעם וריח,IL,מיכל פ.מתוקה 100 גר',גרמים,100.00,100 גרם,false,,7.90,0.0790,true,1,1351102
7290000134864,false,פפריקה חריפה,תבליני טעם וריח,IL,מיכל פ.חריפה 100 גר',גרמים,100.00,100 גרם,false,,7.90,0.0790,true,1,1351103
7290000134871,false,פלפל שחור טחון,תבליני טעם וריח,IL,מיכל פ.שחור טחון 100 גר',גרמים,100.00,100 גרם,false,,12.90,0.1290,true,1,1351104
7290000134970,false,חוויאג',תבליני טעם וריח,IL,מיכל חוואיג' 100 גרם,גרמים,100.00,100 גרם,false,,7.90,0.0790,true,1,1351107
7290000134987,false,פלפל שחור גרוס,תבליני טעם וריח,IL,מיכל פל.שחור גרוס 90גר,גרמים,90.00,100 גרם,false,,12.90,0.1433,true,1,1351108
7290000134994,false,טימין,תבליני טעם וריח,IL,מיכל קטן טימין 20גר',גרמים,20.00,100 גרם,false,,4.90,0.2450,true,1,1351109
7290000135052,false,משקה XL TEN בפחית 25,,,משקה XL TEN בפחית 25,מיליליטרים,250.00,"100 מ""ל",false,,4.30,0.0172,true,1,2075060
7290000135113,false,"משקה XL בפחית 250 מ""",,,"משקה XL בפחית 250 מ""",מיליליטרים,250.00,"100 מ""ל",false,,4.30,0.0172,true,1,2167790
7290000136141,false,פפסי קולה 1.5 ליטר,,,פפסי קולה 1.5 ליטר,ליטרים,1.50,ליטר,false,,8.20,5.4667,true,1,2274933
7290000136158,false,פפסי מקס 1.5 ליטר,,,פפסי מקס 1.5 ליטר,ליטרים,1.50,ליטר,false,,7.60,5.0667,true,1,2274940
7290000136165,false,מירנדה 1.5 ליטר,,,מירנדה 1.5 ליטר,ליטרים,1.50,ליטר,false,,8.20,5.4667,true,1,2274920
7290000136172,false,סבן אפ 1.5 ליטר,,,סבן אפ 1.5 ליטר,ליטרים,1.50,ליטר,false,,8.20,5.4667,true,1,2274927
7290000136189,false,סבן אפ דיאט 1.5 ליטר,,,סבן אפ דיאט 1.5 ליטר,ליטרים,1.50,ליטר,false,,7.60,5.0667,true,1,2274911
7290000136240,false,סודה 1.5 ליטר,,,סודה 1.5 ליטר,ליטרים,1.50,ליטר,false,,3.20,2.1333,true,1,2274882
7290000136288,false,סירופ בטעם תפוחים סי,,,סירופ בטעם תפוחים סי,מיליליטרים,330.00,"100 מ""ל",false,,15.90,0.0482,true,1,2300810
7290000136295,false,סירופ בטעם פטל סיידר,,,סירופ בטעם פטל סיידר,מיליליטרים,330.00,"100 מ""ל",false,,15.90,0.0482,true,1,2300811
7290000136516,false,ג'אמפ מנגו 1.5 ליטר,,,ג'אמפ מנגו 1.5 ליטר,ליטרים,1.50,ליטר,false,,7.50,5.0000,true,1,2274772
7290000136523,false,ג'אמפ ענבים 1.5 ליטר,,,ג'אמפ ענבים 1.5 ליטר,ליטרים,1.50,ליטר,false,,7.50,5.0000,true,1,2274858
7290000136561,false,ג'אמפ תות בננה 1.5 ל,,,ג'אמפ תות בננה 1.5 ל,ליטרים,1.50,ליטר,false,,7.50,5.0000,true,1,2274859
7290000136585,false,ג'אמפ תפוז 1.5 ליטר,,,ג'אמפ תפוז 1.5 ליטר,ליטרים,1.50,ליטר,false,,7.50,5.0000,true,1,2274773
7290000136660,false,סודה רגיל 1.5 ליטר,,,סודה רגיל 1.5 ליטר,ליטרים,1.50,ליטר,false,,3.20,2.1333,true,1,2277785
7290000136691,false,7 UP שישייה 1.5 ליטר,,,7 UP שישייה 1.5 ליטר,ליטרים,9.00,ליטר,false,,42.90,4.7667,true,1,2274934
7290000136752,false,7 UP דיאט שישייה 1.5,,,7 UP דיאט שישייה 1.5,ליטרים,9.00,ליטר,false,,39.90,4.4333,true,1,2274913
7290000136776,false,פפסי מקס שישייה 1.5,,,פפסי מקס שישייה 1.5,ליטרים,9.00,ליטר,false,,37.90,4.2111,true,1,2274947
7290000136783,false,מירנדה שישייה 1.5 לי,,,מירנדה שישייה 1.5 לי,ליטרים,9.00,ליטר,false,,42.90,4.7667,true,1,2274921
7290000136790,false,שישיית סודה טמפו 1.5,,,שישיית סודה טמפו 1.5,ליטרים,9.00,ליטר,false,,16.70,1.8556,true,1,2274888
7290000136844,false,שישייה מים אקווה נוב,,,שישייה מים אקווה נוב,ליטרים,12.00,ליטר,false,,11.70,0.9750,true,1,2276732
7290000136875,false,מים סאן בנדטו מוגז ש,,,מים סאן בנדטו מוגז ש,ליטרים,9.00,ליטר,false,,18.90,2.1000,true,1,2274866
7290000143187,false,שמפו + מרכך 2 ב-1 הו,טרופיקל דגיל,IL,הוואי שמפו + מרכך לגבר 70,מיליליטרים,700.00,"100 מ""ל",false,,10.90,0.0156,true,1,1323299
7290000143200,false,מרכך הוואי,טרופיקל דגיל,IL,הוואי מרכך לשיער יבש 700,מיליליטרים,700.00,"100 מ""ל",false,,10.90,0.0156,true,1,1323301
7290000143217,false,שמפו הוואי,טרופיקל דגיל,IL,הוואי שמפו לשיער יבש 700,מיליליטרים,700.00,"100 מ""ל",false,,10.90,0.0156,true,1,1323302
7290000143255,false,שמפו הוואי,טרופיקל דגיל,IL,הוואי שמפו לשיער רגיל 700,מיליליטרים,700.00,"100 מ""ל",false,,10.90,0.0156,true,1,1323303
7290000143262,false,שמפו הוואי לילדים,טרופיקל דגיל,IL,"הוואי שמפו לילדים 700 מ""ל",מיליליטרים,700.00,"100 מ""ל",false,,10.90,0.0156,true,1,1323304
7290000143279,false,שמפו הוואי,טרופיקל דגיל,IL,הוואי שמפו נגד קשקשים 700,מיליליטרים,700.00,"100 מ""ל",false,,10.90,0.0156,true,1,1323305
7290000143286,false,מרכך הוואי רגיל,טרופיקל דגיל,IL,הוואי מרכך לשיער רגיל 700,מיליליטרים,700.00,"100 מ""ל",false,,10.90,0.0156,true,1,1323306
7290000144467,false,שמן חמניות מזוכך עץ,שמן תעשיות,IL,שמן חמניות בריאות מהטבע 1,ליטרים,1.00,ליטר,false,,15.90,15.9000,true,1,1337870
7290000144474,false,שמן קנולה מזוכך עץ ה,שמן תעשיות,IL,שמן קנולה בריאות מהטבע 1,ליטרים,1.00,ליטר,false,,14.90,14.9000,true,1,1337871
7290000146645,false,סבון מוצק הוואי מארז,טרופיקל דגיל,IL,הוואי סבון מוצק שחור 100,גרמים,400.00,100 גרם,false,,10.90,0.0273,true,1,1323315
7290000146652,false,סבון מוצק הוואי מארז,טרופיקל דגיל,IL,הוואי סבון מוצק ורוד 100,גרמים,400.00,100 גרם,false,,10.90,0.0273,true,1,1323316
7290000146676,false,סבון מוצק הוואי מארז,טרופיקל דגיל,IL,הוואי סבון מוצק לגבר 100,גרמים,400.00,100 גרם,false,,10.90,0.0273,true,1,1323318
7290000146683,false,סבון מוצק הוואי מארז,טרופיקל דגיל,IL,הוואי סבון מוצק דאודורנט,גרמים,400.00,100 גרם,false,,10.90,0.0273,true,1,1323319
7290000146928,false,משחת שיניים טום ג'רי,טרופיקל דגיל,IL,טום&ג'רי משחת שיניים ענבי,מיליליטרים,50.00,"100 מ""ל",false,,7.90,0.1580,true,1,1323323
7290000146980,false,משחת שיניים פלואוריד,,,משחת שיניים פלואוריד,מיליליטרים,100.00,"100 מ""ל",false,,3.90,0.0390,true,1,1323324
7290000146997,false,משחת שיניים טום ג'רי,טרופיקל דגיל,IL,טום&ג'רי משחת שיניים מסטי,גרמים,50.00,100 גרם,false,,7.90,0.1580,true,1,1323325
7290000148489,false,גרעיני דלעת,,,גרעיני דלעת,גרמים,200.00,100 גרם,false,,9.90,0.0495,true,1,1326825
7290000148618,false,קשיו בשקית,,,קשיו בשקית,גרמים,200.00,100 גרם,false,,15.90,0.0795,true,1,1326826
7290000149349,false,שמפו לשיער ויטל 1 לי,,,שמפו לשיער ויטל 1 לי,ליטרים,1.00,ליטר,false,,11.90,11.9000,true,1,1319694
7290000149615,false,רביעיית סבון מוצק נק,גליל כימיכלים,IL,רבעיית סבון מוצק נקה 7 לת,גרמים,400.00,100 גרם,false,,9.90,0.0248,true,1,1319696
7290000149806,false,נקה 7 סופר נוזל לכלי,,,נקה 7 סופר נוזל לכלי,ליטרים,1.00,ליטר,false,,11.90,11.9000,true,1,1319697
7290000149844,false,נקה 7 סינטבון חתול,,,נקה 7 סינטבון חתול,גרמים,230.00,100 גרם,false,,6.90,0.0300,true,1,1319699
7290000149905,false,טקסטיל שמפו נקה 1 לי,סנו,IL,טקסטיל נוזל לכביסה 1ליטר,ליטרים,1.00,ליטר,false,,12.90,12.9000,true,1,1319702
7290000149943,false,שמפו בשקית נקה טקסטי,סנו,IL,טקסטיל שמפו בשקית 1 קג,קילוגרמים,1.00,"ק""ג",false,,12.90,12.9000,true,1,1319703
7290000152288,false,נקניקיות עוף טוב 400,עיצובים 2020 (4.9),,נקניקיות עוף טוב 400,גרמים,400.00,100 גרם,false,,11.90,0.0298,true,1,1491035
7290000152943,false,מארז סלמי/פסטרמה 700,עיצובים 2020 (4.9),,מארז סלמי/פסטרמה 700,גרמים,700.00,100 גרם,false,,25.90,0.0370,true,1,1540835
7290000153469,false,קציצות עוף קלאסיות.,עיצובים 2020 (4.9),IL,עוף טוב קציצות עוף מבית ט,גרמים,600.00,100 גרם,false,,29.90,0.0498,true,1,1305399
7290000166605,false,פנטסטיק סיף 4 ליטר נ,יוניליוור,IL,סיף ניקוי כללי יסמין 4ל,ליטרים,4.00,ליטר,false,,19.90,4.9750,true,1,1341683
7290000168173,false,קרנצ'ים 375גרם ללא ת,יוניליוור,IL,תלמה דגני מבוגרים קראנצ'י,גרמים,375.00,100 גרם,false,,22.90,0.0611,true,1,1341718
7290000169538,false,נמס בכוס ועוד 64 גרם,יוניליוור,IL,קנור נמס בכוס ועוד עגבניו,גרמים,64.00,100 גרם,false,,6.50,0.1016,true,1,1341753
7290000169798,false,עוגי מופחת סוכר 20%,יוניליוור,IL,עוגי 500גר,גרמים,500.00,100 גרם,false,,21.90,0.0438,true,1,1341758
7290000174723,false,שוקולית קופסא 500 גר,שטראוס,IL,שוקולית קופסא 500  / 12 ק,גרמים,500.00,100 גרם,false,,11.90,0.0238,true,1,1343115
7290000176062,false,קפה טורקי 100 גרם,שטראוס,RO,טורקי עלית ר 100 גרם,גרמים,100.00,100 גרם,false,,8.90,0.0890,true,1,1343117
7290000176079,false,קפה טורקי + הל 100 ג,שטראוס,IL,עלית טורקי עם הל 00/1שק'/,גרמים,100.00,100 גרם,false,,9.60,0.0960,true,1,1343118
7290000176147,false,קפה מוקה 1 פילטר,ELITE CAFE SP. ZO.O,PL,כשלפ מוקה,גרמים,500.00,100 גרם,false,,48.90,0.0978,true,1,1343121
7290000176413,false,קפה נמס עלית 50 גרם,שטראוס,IL,עלית נמס אבקתי 50 ג/1פח'/,גרמים,50.00,100 גרם,false,,8.90,0.1780,true,1,1343123
7290000176420,false,נס קפה 200 גרם,שטראוס,IL,כשלפ פחיות אבקתי,גרמים,200.00,100 גרם,false,,19.90,0.0995,true,1,1343124
7290000176468,false,קפה האג עלית,שטראוס,IL,כשלפ האג נמס אבקתי 50,גרמים,50.00,100 גרם,false,,11.90,0.2380,true,1,1343125
7290000176475,false,קפה האג גדול,שטראוס,IL,כשלפ האג נ.אבקתי 200ג-,גרמים,200.00,100 גרם,false,,34.90,0.1745,true,1,1343126
7290000178707,false,תפוצ'יפס 50 גרם טבעי,שטראוס,IL,תפוצ'יפס*50 בטעם טב/1שק'/,גרמים,50.00,100 גרם,false,,3.90,0.0780,true,1,1343847
7290000178721,false,תפוצ'יפס 200 גרם טבע,שטראוס,IL,תפוציפס*200*גר'/1שק'/200ג,גרמים,200.00,100 גרם,false,,9.90,0.0495,true,1,1343848
7290000189598,false,מטליות לחות חד פעמיו,על בד,IL,ניקול מטליות לחות,יח',50.00,יח',false,,10.90,0.2180,true,1,1323940
7290000190068,false,מפיות ניקול,,,מפיות ניקול,יח',100.00,יח',false,,6.90,0.0690,true,1,1323951
7290000193472,false,מגני תחתון לשימוש יו,,,מגני תחתון לשימוש יו,יח',60.00,יח',false,,15.90,0.2650,true,1,1323983
7290000193540,false,מגני תחתון לשימוש יו,,,מגני תחתון לשימוש יו,יח',52.00,יח',false,,15.90,0.3058,true,1,1323984
7290000193656,false,תחבושות היגייניות סו,,,תחבושות היגייניות סו,יח',24.00,יח',false,,15.90,0.6625,true,1,1323987
7290000194172,false,מארז  מתוקים ללא תוס,,,מארז  מתוקים ללא תוס,גרמים,250.00,100 גרם,false,,14.90,0.0596,true,1,2249211
7290000194837,false,שקיות סנדביצ'ון נקשר,,,שקיות סנדביצ'ון נקשר,יח',200.00,יח',false,,10.90,0.0545,true,1,1750006
7290000197012,false,מארז 15 שקיות לאיחסו,קילת,IL,שקית אחסון עם רוכס,יח',15.00,יח',false,,13.90,0.9267,true,1,1324006
7290000204086,false,ניקול כריות קרצוף,U.F.O,US,סקוטש 1 2 רגיל,יח',3.00,יח',false,,11.90,3.9667,true,1,1324055
7290000205526,false,נוזל רצפות פיסגה 2 ל,סנו,IL,פיסגה שטיפת רצפות 2 ליטר,ליטרים,2.00,ליטר,false,,10.90,5.4500,true,1,1319709
7290000205762,false,חיתולי האגיס אקסטרה,,,חיתולי האגיס אקסטרה,יח',48.00,יח',false,,52.90,1.1021,true,1,1392833
7290000205915,false,חיתולי האגיס אקסטרה,,,חיתולי האגיס אקסטרה,יח',40.00,יח',false,,52.90,1.3225,true,1,1392834
7290000207162,false,רסק עגבניות 100 גרם,זנלכל,IL,רסק עגבניות 100 ג יכין,גרמים,100.00,100 גרם,false,,1.90,0.0190,true,1,1323227
7290000207438,false,עגבניות קוביות 850 ג,זנלכל,IL,עגבניות קוביות 800 ג יכין,גרמים,800.00,100 גרם,false,,9.90,0.0124,true,1,2217140
7290000208008,false,סלט חריסה,זנלכל,IL,חריסה 570 ג יכין,גרמים,570.00,100 גרם,false,,6.90,0.0121,true,1,1323229
7290000208077,false,אפונה גדולה 2A,זנלכל,IL,אפונת גינה גדולה 550 ג יכ,גרמים,550.00,100 גרם,false,,7.90,0.0144,true,1,1323230
7290000208114,false,אפונה וגזר 2A,זנלכל,IL,אפונה וגזר 550 ג יכין,גרמים,550.00,100 גרם,false,,7.90,0.0144,true,1,1323232
7290000208138,false,סירופ דיאט ענבים 1 ל,זנלכל,IL,סירופ ענבים דיאט1ל' יכין,ליטרים,1.00,ליטר,false,,16.90,16.9000,true,1,1323234
7290000208145,false,תירס לייט,זנלכל,IL,תירס לייט 550 ג יכין,גרמים,550.00,100 גרם,false,,8.90,0.0162,true,1,1323235
7290000208244,false,בסיס לשקשוקה,זנלכל,IL,בסיס לשקשוקה,גרמים,570.00,100 גרם,false,,8.90,0.0156,true,1,1323240
7290000208329,false,תירס A2,זנלכל,IL,תירס מתוק 550 ג יכין,גרמים,550.00,100 גרם,false,,7.90,0.0144,true,1,1323244
7290000208336,false,רסק עגבניות 240 גרם,זנלכל,IL,רסק עגבניות 260 ג יכין,גרמים,240.00,100 גרם,false,,3.90,0.0162,true,1,1323245
7290000208459,false,לקט ירקות מעורבים,זנלכל,IL,ירקות מעורבים 550 ג יכין,גרמים,550.00,100 גרם,false,,8.90,0.0162,true,1,1323249
7290000208534,false,תירס קיד,זנלכל,IL,תירס קיד 550 ג יכין,גרמים,550.00,100 גרם,false,,8.90,0.0162,true,1,1323251
7290000208855,false,רוטב פסטה 240 גרם,זנלכל,IL,רוטב פסטה 260 ג יכין,גרמים,240.00,100 גרם,false,,5.50,0.0229,true,1,1323253
7290000208930,false,עגבניות מרוסקות עם ש,זנלכל,IL,עגבניות מרוסקות שום 260 ג,גרמים,240.00,100 גרם,false,,5.50,0.0229,true,1,1323255
7290000208947,false,עגבניות מרוסקות 240,זנלכל,IL,עגבניות מרוסקות 260 ג יכי,גרמים,240.00,100 גרם,false,,5.50,0.0229,true,1,1323256
7290000209012,false,חומץ 5% יכין 1 ליטר,זנלכל,IL,חומץ הדרים 1 ליטר,ליטרים,1.00,ליטר,false,,5.90,5.9000,true,1,2157435
7290000209173,false,חומץ סינטטי,זנלכל,IL,חומץ סינטטי 5% יכין 1 ליט,ליטרים,1.00,ליטר,false,,4.50,4.5000,true,1,1323261
7290000209517,false,סירופ דיאט לימון 1 ל,זנלכל,IL,סירופ דיאט לימון 1 ליטר,ליטרים,1.00,ליטר,false,,16.90,16.9000,true,1,1323270
7290000209524,false,סירופ דיאט פטל 1 ליט,זנלכל,IL,סירופ דיאט פטל 1 ל' יכין,ליטרים,1.00,ליטר,false,,16.90,16.9000,true,1,1323271
7290000209555,false,סירופ דיאט תפוח עץ 1,זנלכל,IL,'סירופ תפוחי עץ דיאט 1 ל,ליטרים,1.00,ליטר,false,,16.90,16.9000,true,1,1323273
7290000209579,false,סירופ דיאט אננס 1 לי,זנלכל,IL,סירופ דיאט אננס 1 ל'יכין,ליטרים,1.00,ליטר,false,,16.90,16.9000,true,1,1323275
7290000209708,false,עגבניות מרוסקות עם ב,זנלכל,IL,עגבניות מרוסקות בזיליקום,גרמים,240.00,100 גרם,false,,5.50,0.0229,true,1,1323277
7290000209722,false,רסק עגבניות פריכוז 5,זנלכל,IL,פריכוז 580 ג יכין,גרמים,580.00,100 גרם,false,,9.90,0.0171,true,1,1323279
7290000209906,false,עגב.מרוסקות +בצל 240,זנלכל,IL,עגבניות מרוסקות עם בצל 26,גרמים,240.00,100 גרם,false,,5.50,0.0229,true,1,1323280
7290000209913,false,עגבניות קוביות 240 ג,זנלכל,IL,עגבניות קוביות 260 גרם יכ,גרמים,240.00,100 גרם,false,,5.50,0.0229,true,1,1323281
7290000209944,false,עגבניות לשקשוקה 240,זנלכל,IL,בסיס לשקשוקה 260 ג יכין,גרמים,240.00,100 גרם,false,,5.50,0.0229,true,1,1323282
7290000209951,false,רוטב פיצה 240 גרם,זנלכל,IL,רוטב עגבניות לפיצה 260 ג,גרמים,240.00,100 גרם,false,,5.50,0.0229,true,1,1323283
7290000209968,false,רוטב לזניה 240 גרם,זנלכל,IL,רוטב  עגבניות ללזניה 260,גרמים,240.00,100 גרם,false,,5.50,0.0229,true,1,1323284
7290000210896,false,רוטב בולונז 240 גרם,זנלכל,IL,רוטב בולונז 260 ג יכין,גרמים,240.00,100 גרם,false,,5.50,0.0229,true,1,1323286
7290000211374,false,"קמח מלא 1 ק""ג.",טחנת קמח דגן,IL,"קמח מלא 1 ק""ג",קילוגרמים,1.00,"ק""ג",false,,5.90,5.9000,true,1,1333698
7290000211442,false,"אורז פרסי 1 ק""ג סוגת",סוגת תעשיות,IL,"אורז פרסי 1 ק""ג",קילוגרמים,1.00,"ק""ג",false,,10.90,10.9000,true,1,1333700
7290000214115,false,מרק עוף בצנצנת ויטה,פרי הגליל,IL,מרק עוף צנצ . 400ויטה,גרמים,400.00,100 גרם,false,,9.90,0.0248,true,1,1347489
7290000218502,false,"חמין א-2 בד""צ.",פרי הגליל,IL,חמין א -2ויטה בדצ,גרמים,570.00,100 גרם,false,,8.90,0.0156,true,1,1347492
7290000238029,false,בצק עלים מעדנות.,מעדנות,IL,"בצק עלים מרודד 1 ק""ג מעדנ",קילוגרמים,1.00,"ק""ג",false,,19.90,19.9000,true,1,1341088
7290000238036,false,מלווח מעדנות.,מעדנות,IL,מלאווח 700גר מעדנות,גרמים,700.00,100 גרם,false,,16.90,0.0241,true,1,1341089
7290000238173,false,בורקס גבינה 800 גרם.,מעדנות,IL,בורקס גבינה מעדנות 800גר,גרמים,800.00,100 גרם,false,,22.90,0.0286,true,1,1341090
7290000238180,false,"בורקס תפו""א 800 גרם",מעדנות,IL,"בורקס תפו""א 800 גרם מעדנו",גרמים,800.00,100 גרם,false,,19.90,0.0249,true,1,1341091
7290000244143,false,קרם לאחר גילוח הוואי,טרופיקל דגיל,IL,הוואי קרם לאחר גילוח 120,גרמים,120.00,100 גרם,false,,19.90,0.1658,true,1,1323332
7290000244631,false,קרם ידיים ענוגה גליצ,טרופיקל דגיל,IL,קרם ענוגה גליצרין 80 גר',מיליליטרים,80.00,"100 מ""ל",false,,7.90,0.0988,true,1,1323337
7290000245072,false,מרכך כביסה בייבי סוד,הנקל סוד,IL,מרכך כביסה סוד בייבי 4 לי,ליטרים,4.00,ליטר,false,,18.90,4.7250,true,1,1361396
7290000245157,false,מרכך כביסה סופט סוד,הנקל סוד,IL,מרכך כביסה סוד סנסיישן 4,ליטרים,4.00,ליטר,false,,18.90,4.7250,true,1,1361398
7290000245270,false,אבקת כביסה פרסיל שקי,הנקל סוד,IL,"אבקת כביסה פרסיל 1.25 ק""ג",קילוגרמים,1.25,"ק""ג",false,,15.90,12.7200,true,1,1361400
7290000245294,false,אבקת כביסה פרסיל שקי,הנקל סוד,IL,אבקת כביסה פרסיל אקטיב 2.,קילוגרמים,2.50,"ק""ג",false,,28.90,11.5600,true,1,1361402
7290000245386,false,"משחה אמה 1 ק""ג לימון",,,"משחה אמה 1 ק""ג לימון",קילוגרמים,1.00,"ק""ג",false,,8.90,8.9000,true,1,1397494
7290000245478,false,אבקת כביסה סוד לתינו,הנקל סוד,IL,אבקת כביסה סוד בייבי 1.25,קילוגרמים,1.25,"ק""ג",false,,12.90,10.3200,true,1,1361406
7290000245508,false,אבקת כביסה סוד טוטל,הנקל סוד,IL,אבקת כביסה סוד שושן מרענן,קילוגרמים,1.25,"ק""ג",false,,12.90,10.3200,true,1,1361407
7290000245515,false,אבקת כביסה מילוי פרפ,הנקל סוד,IL,אבקת כביסה סוד לבנדר 1.25,קילוגרמים,1.25,"ק""ג",false,,12.90,10.3200,true,1,1361408
7290000245539,false,אבקת כביסה מילוי קול,הנקל סוד,IL,אבקת כביסה סוד קולור 1.25,קילוגרמים,1.25,"ק""ג",false,,12.90,10.3200,true,1,1361409
7290000245782,false,מרכך סופט סוד ורדי ה,הנקל סוד,IL,מרכך כביסה סוד ורוד 4 ליט,ליטרים,4.00,ליטר,false,,18.90,4.7250,true,1,1361414
7290000245799,false,מרכך סופט סוד פעמוני,הנקל סוד,IL,מרכך כביסה סוד כחול 4 ליט,ליטרים,4.00,ליטר,false,,18.90,4.7250,true,1,1361415
7290000253220,false,שוקולד צ'יפס 260 גרם,אופנהיימר,IL,אופנ.שוקוצ'יפס פרווה 300,גרמים,260.00,100 גרם,false,,12.90,0.0496,true,1,1319082
7290000263359,false,חיתולי האגיס שלב 1,KC,TR,es Little Babies 1,יח',40.00,יח',false,,36.90,0.9225,true,1,1324069
7290000267029,false,שקדים מולבנים 100 גר,דין שיווק,,שקדים מולבנים 100 גר,גרמים,100.00,100 גרם,false,,10.90,0.1090,true,1,1328054
7290000267036,false,שקדים מולבנים 100 גר,דין שיווק,,שקדים מולבנים 100 גר,גרמים,100.00,100 גרם,false,,10.90,0.1090,true,1,1328055
7290000267043,false,שקדים מולבנים 100 גר,דין שיווק,,שקדים מולבנים 100 גר,גרמים,100.00,100 גרם,false,,10.90,0.1090,true,1,1328056
7290000267050,false,שקדים טחונים 100 גרם,דין שיווק,,שקדים טחונים 100 גרם,גרמים,100.00,100 גרם,false,,10.90,0.1090,true,1,1328057
7290000267500,false,קליפות הדר מצופות בש,שקדיה,,קליפות הדר מצופות בש,גרמים,200.00,100 גרם,false,,9.90,0.0495,true,1,1350771
7290000267548,false,אגוז מלך גרוסים 100ג,דין שיווק,,אגוז מלך גרוסים 100ג,גרמים,100.00,100 גרם,false,,9.90,0.0990,true,1,1328059
7290000267555,false,בוטנים טבעיים גרוסים,דין שיווק,,בוטנים טבעיים גרוסים,גרמים,100.00,100 גרם,false,,4.50,0.0450,true,1,1328060
7290000267586,false,חמניות קלופות 150 גר,דין שיווק,,חמניות קלופות 150 גר,גרמים,150.00,100 גרם,false,,4.90,0.0327,true,1,1328061
7290000272443,false,סירופ תפוז דיאט 1 לי,בית השיטה,IL,עסיס סירופ דיאט בטעם תפוז,ליטרים,1.00,ליטר,false,,16.90,16.9000,true,1,1305417
7290000272467,false,סירופ פטל דיאט 1 ליט,בית השיטה,IL,עסיס סירופ דיאט בטעם פטל,ליטרים,1.00,ליטר,false,,16.90,16.9000,true,1,1305418
7290000272696,false,מיץ לימון משומר 1 לי,בית השיטה,IL,עסיס מיץ לימון משומר מרכז,ליטרים,1.00,ליטר,false,,9.90,9.9000,true,1,1305419
7290000272726,false,חומץ טבעי 5% ליטר,בית השיטה,IL,עסיס חומץ 5%  1 ליטר,ליטרים,1.00,ליטר,false,,6.90,6.9000,true,1,1305420
7290000286228,false,ספוגיות לניקוי כלים,סדובסקי,IL,סנו סושי 6 כריות יפניות,יח',6.00,יח',false,,11.90,1.9833,true,1,1319710
7290000286297,false,מסיר אבנית מהקומקום,סנו,IL,סנו אנטיקאלק מסיר אבן700,מיליליטרים,700.00,"100 מ""ל",false,,14.90,0.0213,true,1,1319711
7290000286488,false,ספוג רחצה כיף פיראט,קוסמופארם,IL,ספוג כיף פיראט 1 יחידה,יח',1.00,יח',false,,5.90,5.9000,true,1,1319713
7290000286495,false,ספוג רחצה בייבי כיף,קוסמופארם,IL,ספוג בייבי כיף,יחידה,0.00,יחידה,false,,5.90,0.0000,true,1,1319714
7290000286501,false,ספוג רחצה כיף מסאז,קוסמופארם,IL,ספוג כיף מסאז' 1 יחידה,יח',1.00,יח',false,,7.90,7.9000,true,1,1319715
7290000286525,false,ספוג רחצה כיף פרינה,קוסמופארם,IL,ספוג כיף רחצה פרינה 1 יח,יח',1.00,יח',false,,7.90,7.9000,true,1,1319716
7290000286549,false,מטליות סנו סושי 9 יח,נועם אורים תעשיות,IL,'מטליות רב שימוש 9 יח,יח',9.00,יח',false,,12.90,1.4333,true,1,1319717
7290000286594,false,סנו X חול לניקוי,סנו,IL,לימון 600 גרם X-סנו,גרמים,600.00,100 גרם,false,,9.90,0.0165,true,1,1319719
7290000286631,false,שקית מילוי לניקוי סנ,סנו,IL,לימון שק.מילוי600ג X סנו,גרמים,600.00,100 גרם,false,,6.90,0.0115,true,1,1319720
7290000286761,false,זוג ניילון נצמד סנו,FV.HK,CN,ניילון נצמד 2*30 מטר,יח',2.00,יח',false,,11.90,5.9500,true,1,1319721
7290000286877,false,סנו רב לניקוי מתכת,סנו,IL,"סנו רב מתכת 300 מ""ל",מיליליטרים,300.00,"100 מ""ל",false,,24.90,0.0830,true,1,1319722
7290000286891,false,לרצפות סנו מגן קריסט,סנו,IL,סנו מגן קריסטל לרצפות1לי,ליטרים,1.00,ליטר,false,,23.90,23.9000,true,1,1319723
7290000286907,false,סנו מסיר כתמים באירו,סנו,IL,"סנו מסיר כתמים 170 מ""ל",גרמים,125.00,100 גרם,false,,22.90,0.1832,true,1,1319724
7290000286921,false,סנו קל רסס וכבס 750,סנו,IL,"סנוקל רסס וכבס 750 מ""ל",מיליליטרים,750.00,"100 מ""ל",false,,8.90,0.0119,true,1,1319726
7290000286945,false,מרסס סנו ריהוט נוזל,סנו,IL,"סנו רהיט מרסס 500 מ""ל",מיליליטרים,500.00,"100 מ""ל",false,,22.90,0.0458,true,1,1319727
7290000287102,false,סנו שמפו לשטיחים,סנו,IL,סנו שמפו לשטיחים 540 גרם,מיליליטרים,600.00,"100 מ""ל",false,,22.90,0.0382,true,1,1319730
7290000287195,false,סנו רהיט ספריי אירוס,סנו,IL,סנורהיט מבריק רהיטים305ג,מיליליטרים,300.00,"100 מ""ל",false,,14.90,0.0497,true,1,1319731
7290000287355,false,לרצפות סופר פוליש 1,סנו,IL,סנו סופר פוליש לרצפות 1ל,ליטרים,1.00,ליטר,false,,27.90,27.9000,true,1,1319733
7290000287362,false,פוליויקס מנקה ומבריק,סנו,IL,פוליויקס סנרייז 4 ליטר,ליטרים,4.00,ליטר,false,,42.90,10.7250,true,1,1319734
7290000287409,false,שלישיה סנובון לאסלה,סנו,IL,55 גרם X'סנובון תות 3יח,גרמים,165.00,100 גרם,false,,9.90,0.0600,true,1,1319735
7290000287430,false,שלישיה סנובון לאסלה,סנו,IL,'סנובון לימון לאסלה 3 יח,גרמים,165.00,100 גרם,false,,9.90,0.0600,true,1,1319736
7290000287485,false,שלישיה סנובון לאסלה,סנו,IL,55גרם X'סנובון לובר 3יח,גרמים,165.00,100 גרם,false,,9.90,0.0600,true,1,1319737
7290000287492,false,סנובון נוזלי לאסלות,סנו,IL,סנובון נוזלי לימון 750מל,מיליליטרים,750.00,"100 מ""ל",false,,9.90,0.0132,true,1,1319738
7290000287607,false,לאסלות סנו בלו גדול,סנו,IL,סנו בלו סבון למיכל האסלה,גרמים,150.00,100 גרם,false,,19.90,0.1327,true,1,1319740
7290000288017,false,ז'אוול אקונומיקה 1 ל,סנו,IL,סנו ג'אוול לימון 1 ליטר,ליטרים,1.00,ליטר,false,,7.90,7.9000,true,1,1319749
7290000288024,false,אקונומיקה סנו ז'אוול,סנו,IL,סנו ג'אוול לימון 4 ליטר,ליטרים,4.00,ליטר,false,,16.90,4.2250,true,1,1319750
7290000288048,false,תרסיס סנו ז'אוול קצף,סנו,IL,סנו ג'אוול מרסס לבנדר 1ל,ליטרים,1.00,ליטר,false,,19.90,19.9000,true,1,1319752
7290000288079,false,ז'אוול אקונומיקה 2 ל,סנו,IL,סנו ג'אוול לימון 2 ליטר,ליטרים,2.00,ליטר,false,,13.90,6.9500,true,1,1319753
7290000288086,false,אבקת ניקוי ז'אוול,סנו,IL,ג'אוול אב.ניקוי לימון600,גרמים,600.00,100 גרם,false,,10.90,0.0182,true,1,1319754
7290000288109,false,אבקת כביסה מקסימה 1.,סנו,IL,אבקת מקסימה ג'אבל 1.25קג,קילוגרמים,1.25,"ק""ג",false,,9.90,7.9200,true,1,1319755
7290000288352,false,K300 קוטל חרקים 630,סנו,IL,300 קוטל חרק./זוחל630מ-K,מיליליטרים,630.00,"100 מ""ל",false,,19.90,0.0316,true,1,1319759
7290000288383,false,K500 קוטל חרקים 400,סנו,IL,500 תרס.נגד נמלים 400מ-K,מיליליטרים,400.00,"100 מ""ל",false,,22.90,0.0572,true,1,1319760
7290000288390,false,קוטל חרקים K600,סנו,IL,600 יבש קוטל חרקים500מ-K,מיליליטרים,450.00,"100 מ""ל",false,,22.90,0.0509,true,1,1319761
7290000288420,false,סנו די נגד יתושים,קוסמופארם,IL,סנו די תרסיס דוחה יתושים,מיליליטרים,175.00,"100 מ""ל",false,,19.90,0.1137,true,1,1319763
7290000288659,false,סנו די נגד יתושים ג',,,סנו די נגד יתושים ג',גרמים,50.00,100 גרם,false,,19.90,0.3980,true,1,1837340
7290000288727,false,אבקת כביסה מקסימה 1.,סנו,IL,א.כביסה מקסימה מאסק1.25ק,קילוגרמים,1.25,"ק""ג",false,,9.90,7.9200,true,1,1319767
7290000288840,false,מים מזוקקים למגהץ ול,סנו,IL,סנו מים מזוקקים 2 ליטר,ליטרים,2.00,ליטר,false,,12.90,6.4500,true,1,1319768
7290000289069,false,תרסיס סנו ז'אוול קצף,סנו,IL,סנו ג'אוול מרסס לימון 1ל,ליטרים,1.00,ליטר,false,,19.90,19.9000,true,1,1319771
7290000289236,false,סנו -K3 פיתיון ג'ל ל,,,סנו -K3 פיתיון ג'ל ל,גרמים,12.00,100 גרם,false,,49.90,4.1583,true,1,2186513
7290000289380,false,ז'אוול ג'ל לניקוי אס,סנו,IL,מונבלאן750 WC ג'אוול ג'ל,מיליליטרים,750.00,"100 מ""ל",false,,9.90,0.0132,true,1,1319777
7290000289472,false,שקיות אשפה 90*76 50,אשפלסט תעשיות,IL,50 שק.אשפה מתכלות 76*90ס,יח',50.00,יח',false,,19.90,0.3980,true,1,1319779
7290000289496,false,ז'אוול לניקוי סופר ק,סנו,IL,ג'אוול ג'ל קרם לימון750מ,מיליליטרים,750.00,"100 מ""ל",false,,18.90,0.0252,true,1,1319780
7290000289748,false,פורטה פלוס לתנורים ו,סנו,IL,"סנו פורטה פלוס 750 מ""ל",מיליליטרים,750.00,"100 מ""ל",false,,8.90,0.0119,true,1,1319785
7290000289885,false,מטהר אויר סנופרש יבש,סנו,IL,סנופרש ענק אושן כחול375מ,מיליליטרים,375.00,"100 מ""ל",false,,9.90,0.0264,true,1,1319786
7290000291932,false,סנובון נוזלי לאסלות,סנו,IL,סנובון נוזלי לבנדר 750מל,מיליליטרים,750.00,"100 מ""ל",false,,9.90,0.0132,true,1,1319793
7290000291956,false,ז'אוול אקונומיקה 1 ל,,,ז'אוול אקונומיקה 1 ל,ליטרים,1.00,ליטר,false,,7.90,7.9000,true,1,1319794
7290000291963,false,ז'אוול אקונומיקה 1 ל,סנו,IL,אקונומיקה ג'אוול סמיכה1ל,ליטרים,1.00,ליטר,false,,7.90,7.9000,true,1,1319795
7290000292007,false,סנו -K3 פיתיון לקטיל,,,סנו -K3 פיתיון לקטיל,גרמים,10.00,100 גרם,false,,49.90,4.9900,true,1,2123796
7290000292137,false,מנקה עור נוזלי,סנו,IL,"סנו לניקוי עור 500 מ""ל",מיליליטרים,500.00,"100 מ""ל",false,,29.90,0.0598,true,1,1319796
7290000292311,false,פוליויקס לרצפות 2 לי,סנו,IL,פוליויקס סחלבים 2 ליטר,ליטרים,2.00,ליטר,false,,24.90,12.4500,true,1,1319797
7290000292434,false,מליוי לסנו רהיט,סנו,IL,שקית מילוי סנו רהיט 500מ,מיליליטרים,500.00,"100 מ""ל",false,,12.90,0.0258,true,1,1319798
7290000292533,false,ג'ל לניקוי כללי אורנ,,,ג'ל לניקוי כללי אורנ,ליטרים,1.00,ליטר,false,,16.90,16.9000,true,1,1319800
7290000292564,false,K-2000 קוטל חרקים,סנו,IL,"2000 אינסקטל 750 מ""ל-K",מיליליטרים,750.00,"100 מ""ל",false,,29.90,0.0399,true,1,1319803
7290000292687,false,שלישייה סנובון לאסלה,סנו,IL,55גX3 סנובון כחול שלישיה,גרמים,165.00,100 גרם,false,,19.90,0.1206,true,1,1319806
7290000292694,false,מגן קריסטל לרצפות,סנו,IL,'מגן קריסטל לרצפה סנו 2ל,ליטרים,2.00,ליטר,false,,44.90,22.4500,true,1,1319807
7290000292915,false,סנו רסס נגב מרסס,סנו,IL,"סנו רסס ונגב מרסס 750מ""ל",מיליליטרים,750.00,"100 מ""ל",false,,8.90,0.0119,true,1,1319808
7290000292939,false,סנו לאסלה אקוה בלו,סנו,IL,אקווה בלו למיכל אסלה100ג,גרמים,100.00,100 גרם,false,,12.90,0.1290,true,1,1319809
7290000293516,false,סנו סופג לחות,סנו,IL,סנו סופג לחות במיכל 340ג,יח',1.00,יח',false,,27.90,27.9000,true,1,1319811
7290000293530,false,סופג לחות ומונע עובש,סנו,IL,סנו סופג לחות ש.מילוי340,מיליליטרים,340.00,"100 מ""ל",false,,14.90,0.0438,true,1,1319812
7290000293561,false,סנו מסיר עובש,סנו,IL,"סנו מסיר עובש 750 מ""ל",מיליליטרים,750.00,"100 מ""ל",false,,15.90,0.0212,true,1,1319813
7290000293943,false,מסיר אבנית וחלודה אנ,סנו,IL,'סנו אנטי קאלק מרסס 1 ל,ליטרים,1.00,ליטר,false,,18.90,18.9000,true,1,1319815
7290000294575,false,רב מגבת סנו סושי,סנו,IL,רב מגבת סנו סושי 63 דפים,יח',63.00,יח',false,,12.90,0.2048,true,1,1319820
7290000294773,false,אקונומיקה סנו ז'אוול,סנו,IL,סנו ג'אוול לבנדר 4 ליטר,ליטרים,4.00,ליטר,false,,16.90,4.2250,true,1,1319821
7290000294780,false,אקונומיקה סנו ז'אוול,סנו,IL,סנו ג'אול אקונומ.סמיכה4ל,ליטרים,4.00,ליטר,false,,16.90,4.2250,true,1,1319822
7290000295121,false,מטליות רצפה זיגזג של,עופרטקס,IL,מטליות זיגזג 3 יחידות,יח',3.00,יח',false,,13.90,4.6333,true,1,1319824
7290000295299,false,כריות הפלא 4 יח' סנו,סדובסקי,IL,כריות הפלא 4 יח סנו סושי,יח',4.00,יח',false,,12.90,3.2250,true,1,1319825
7290000295336,false,אבקת כביסה מקסימה סנ,סנו,IL,אבקת מקסימה סנסטיב 1.25ק,קילוגרמים,1.25,"ק""ג",false,,9.90,7.9200,true,1,1319827
7290000295343,false,אבקת כביסה מקסימה 1.,סנו,IL,"אבקת מקסימה ביו 1.25 ק""ג",קילוגרמים,1.25,"ק""ג",false,,9.90,7.9200,true,1,1319828
7290000295367,false,אבקת כביסה מקסימה 2.,סנו,IL,אבקת מקסימה ג'אוול 2.5קג,קילוגרמים,2.50,"ק""ג",false,,22.90,9.1600,true,1,1319829
7290000295503,false,שקיות מזון מתכלות מא,אשפלסט תעשיות,IL,שקיות אוכל 2*150 יחידות,יח',300.00,יח',false,,14.90,0.0497,true,1,1319832
7290000295541,false,רב מגבת ג'מבו סנו סו,סנו,IL,סנו סושי 75רב מגבת ג'מבו,יח',75.00,יח',false,,17.90,0.2387,true,1,1319833
7290000295558,false,זוג רדיד אלומיניום ע,בורסה פזרי,TR,2רדידי אלומיניום7.5*0.3מ,מטרים,15.00,מטר,false,,11.90,0.7933,true,1,1319834
7290000295565,false,זוג רדיד אלומיניום 7,בורסה פזרי,TR,7.5Xצמד רדיד אלומניום45ס,מטרים,15.00,מטר,false,,16.90,1.1267,true,1,1319835
7290000295572,false,זוג מנקה אסלות 00,סנו,IL,"מנקה אסלות ""00"" 2*750מל",ליטרים,1.50,ליטר,false,,18.90,12.6000,true,1,1319836
7290000295749,false,ספוג רחצה כיף מסאז',קוסמופארם,IL,ספוג כיף סאקי מסאז' 1 יח,יח',1.00,יח',false,,7.90,7.9000,true,1,1319838
7290000295817,false,סושי פלסטיק נצמד,FV.HK,CN,ניילון נצמד סנו סושי300מ,מטרים,300.00,מטר,false,,39.90,0.1330,true,1,1319840
7290000295824,false,רדידי אלומיניום סנו,,IL,100מXסושי אלומ.חסכונ0.3,מטרים,100.00,מטר,false,,55.90,0.5590,true,1,1319841
7290000299877,false,קרם לכפות רגליים,,,קרם לכפות רגליים,מיליליטרים,90.00,"100 מ""ל",false,,22.90,0.2544,true,1,1352206
7290000300900,false,שניצל תירס.,עיצובים 2020 (4.8),IL,טבעול שניצל תירס מרכיבים,גרמים,750.00,100 גרם,false,,29.90,0.0399,true,1,1305427
7290000303581,false,פול מצרי A2 פרי הגלי,פרי הגליל,IL,פול מצרי א -2פג,גרמים,560.00,100 גרם,false,,6.50,0.0116,true,1,1347516
7290000303598,false,שעועית אפויה ברוטב פ,פרי הגליל,IL,שע .ברוטב א -2אגודה,גרמים,580.00,100 גרם,false,,6.50,0.0112,true,1,1347517
7290000303604,false,חומוס גרגרים פרי הגל,פרי הגליל,IL,חומוס א -2אגודה פג,גרמים,550.00,100 גרם,false,,6.50,0.0118,true,1,1347518
7290000305882,false,סלט דגים אס 120 גרם,סטארקיסט,,סלט דגים אס 120 גרם,גרמים,120.00,100 גרם,false,,5.90,0.0492,true,1,1306752
7290000307015,false,אפונת גינה פרי הגליל,פרי הגליל,IL,אפונה א -2פג,גרמים,550.00,100 גרם,false,,6.90,0.0125,true,1,1347519
7290000307046,false,אפונת גינה עם גזר פר,פרי הגליל,IL,אפונה וגזר א -2פג,גרמים,550.00,100 גרם,false,,6.90,0.0125,true,1,1347520
7290000307220,false,גרעיני תירס פרי הגלי,פרי הגליל,IL,תירס 12אונק פג,גרמים,340.00,100 גרם,false,,4.90,0.0144,true,1,1347521
7290000307237,false,גרעיני תירס A-2 פרי,פרי הגליל,IL,תירס א -2פג,גרמים,550.00,100 גרם,false,,6.90,0.0125,true,1,1347522
7290000307343,false,שעועית ירוקה פרי הגל,פרי הגליל,IL,שע ירוקה א -2פג,גרמים,550.00,100 גרם,false,,6.90,0.0125,true,1,1347527
7290000307800,false,פול ירוק פרי הגליל,פרי הגליל,IL,פול 800פג,גרמים,800.00,100 גרם,false,,19.90,0.0249,true,1,1347528
7290000307985,false,תירס ללא מלח בוואקום,פרי הגליל,IL,תירס 12אונק ל מלח פג,גרמים,340.00,100 גרם,false,,4.90,0.0144,true,1,1347529
7290000311203,false,וופל מן 200 גרם.,רוקחמן,IL,ופלים 200 גר' שוקו,גרמים,200.00,100 גרם,false,,4.30,0.0215,true,1,1337342
7290000311210,false,וופל מן 200 גר.,רוקחמן,IL,ופלים 200 גר' לימון,גרמים,200.00,100 גרם,false,,4.30,0.0215,true,1,1337343
7290000311227,false,וופל מן 200 גרם.,רוקחמן,IL,ופלים 200 גר' קפה,גרמים,200.00,100 גרם,false,,4.30,0.0215,true,1,1337344
7290000311234,false,וופלים בטעם וניל.,רוקחמן,IL,ופלים 200 גר' וניל,גרמים,200.00,100 גרם,false,,4.30,0.0215,true,1,1337345
7290000311272,false,וופל חלבה.,רוקחמן,IL,ופל חלבה 180 גר',גרמים,180.00,100 גרם,false,,4.30,0.0239,true,1,1337347
7290000311463,false,עוגיות חיטה בטעם חמא,,,עוגיות חיטה בטעם חמא,גרמים,200.00,100 גרם,false,,8.90,0.0445,true,1,2242553
7290000311869,false,וופלים ללא תוספת סוכ,,,וופלים ללא תוספת סוכ,גרמים,180.00,100 גרם,false,,7.90,0.0439,true,1,1395938
7290000311876,false,וופלים ללא תוספת סוכ,,,וופלים ללא תוספת סוכ,גרמים,180.00,100 גרם,false,,7.90,0.0439,true,1,1395939
7290000311890,false,וופלים ללא תוספת סוכ,,,וופלים ללא תוספת סוכ,גרמים,180.00,100 גרם,false,,7.90,0.0439,true,1,2218081
7290000313160,false,עוגיות בטעם שוקולד ז,אסם תעשיות,IL,אסם עוגיות שוקולד זהבה וש,גרמים,250.00,100 גרם,false,,7.90,0.0316,true,1,1305433
7290000313184,false,עוגיות גן חיות בטעם,אסם תעשיות,IL,אסם עוגיות גן חיות וניל 2,גרמים,250.00,100 גרם,false,,7.90,0.0316,true,1,1305434
7290000313290,false,נודלס אטריות מסולסלו,טאי רזידנט,TH,אסם נודלס אטריות מסולסלות,גרמים,200.00,100 גרם,false,,9.90,0.0495,true,1,1305436
7290000315126,false,קנור ציר עוף משחתי 3,יוניליוור,IL,קנור בויון עוף 300 גרם,גרמים,300.00,100 גרם,false,,24.90,0.0830,true,1,1341763
7290000315133,false,קנור ציר בקר משחתי 3,יוניליוור,IL,קנור בויון בקר 300 גרם,גרמים,300.00,100 גרם,false,,24.90,0.0830,true,1,1341764
7290000315140,false,קורנפלקס מלא 500 גר.,יוניליוור,IL,קורנפלקס תירס מלא 500 גר,גרמים,500.00,100 גרם,false,,24.90,0.0498,true,1,1341765
7290000318127,false,נקניקיות ביס,מעדני יחיעם,IL,נק' ביס 380גרם,גרמים,380.00,100 גרם,false,,9.90,0.0261,true,1,1343749
7290000318677,false,נקניק סרוולד,מעדני יחיעם,IL,סרוולד 150,גרמים,150.00,100 גרם,false,,22.90,0.1527,true,1,1343761
7290000319063,false,כתף בקר מפולפל,,,כתף בקר מפולפל,גרמים,150.00,100 גרם,false,,22.90,0.1527,true,1,1889846
7290000319391,false,נקניקיות צ'ופר 1 קג,,,נקניקיות צ'ופר 1 קג,גרמים,1000.00,100 גרם,false,,19.90,0.0199,true,1,1343785
7290000319520,false,נקניק צרפתי,מעדני יחיעם,IL,צרפתי 100גרם- H,גרמים,100.00,100 גרם,false,,16.90,0.1690,true,1,1343790
7290000334325,false,צ'יפס למיקרו במארז 3,עיצובים 2020 (4.5),IL,תפוגן צ'יפס מיקרוגל 125 ג,גרמים,375.00,100 גרם,false,,11.90,0.0317,true,1,1305442
7290000334745,false,אמריקן צ'יפס,עיצובים 2020 (4.5),IL,תפוגן צ'יפס אמריקאי דק 1.,קילוגרמים,1.50,"ק""ג",false,,22.90,15.2667,true,1,1305445
7290000339191,false,"רן הלבנה 0.35 ק""ג",זהר דליה,IL,בדין אבקה מסוג אבקה רגילה,גרמים,350.00,100 גרם,false,,15.90,0.0454,true,1,1341797
7290000339566,false,מרכך בדין 4 ליטר ורו,יוניליוור,IL,Badin Std Liquid Pink 4L,ליטרים,4.00,ליטר,false,,19.90,4.9750,true,1,1341798
7290000341071,false,בייבי בדין 2 ליטר,יוניליוור,IL,Badin Std Liquid Baby 2L,ליטרים,2.00,ליטר,false,,18.90,9.4500,true,1,1341803
7290000342856,false,מרכך בדין 4 ליטר כחו,יוניליוור,IL,Badin Std Liquid Blue 4L,ליטרים,4.00,ליטר,false,,19.90,4.9750,true,1,1341805
7290000345048,false,תה עלים 74,ויסוצקי,IL,תה 74,גרמים,125.00,100 גרם,false,,11.90,0.0952,true,1,1339862
7290000345055,false,תה ארל גריי,ויסוצקי,IL,ארל גריי,גרמים,100.00,100 גרם,false,,12.90,0.1290,true,1,1339863
7290000345116,false,תה סיני-ויסוצקי,ויסוצקי,IL,תה ירוק,גרמים,125.00,100 גרם,false,,12.90,0.1032,true,1,1339864
7290000345215,false,תה קלאסי ויסוצקי 100,ויסוצקי,IL,תה ויסוצקי קלאסי  100/1,גרמים,100.00,100 גרם,false,,19.90,0.1990,true,1,1339867
7290000345260,false,תה ויסוצקי קלאסיק,ויסוצקי,IL,תה ויסוצקי קלאסי 25/1.5,גרמים,37.50,100 גרם,false,,5.90,0.1573,true,1,1339868
7290000345277,false,תה ויסוצקי קלאסיק,ויסוצקי,IL,תה ויסוצקי קלאסי  50/1.5,גרמים,75.00,100 גרם,false,,11.90,0.1587,true,1,1339869
7290000345284,false,תה ויסוצקי 100 שקיות,ויסוצקי,IL,תה ויסוצקי קלאסי  100/1.5,גרמים,150.00,100 גרם,false,,19.90,0.1327,true,1,1339870
7290000345291,false,תה ארל גריי 25 שקיק,ויסוצקי,IL,ארל גריי  25,גרמים,37.50,100 גרם,false,,13.90,0.3707,true,1,1339871
7290000345307,false,תה ארל גריי,ויסוצקי,IL,ארל גריי  50,גרמים,75.00,100 גרם,false,,24.90,0.3320,true,1,1339872
7290000345536,false,תה נענע 25 שקיקים,ויסוצקי,IL,תה נענע,גרמים,42.50,100 גרם,false,,15.90,0.3741,true,1,1339873
7290000345666,false,תה אינגליש ברקפסט 25,ויסוצקי,IL,אינגליש ברקפסט,גרמים,50.00,100 גרם,false,,13.90,0.2780,true,1,1339877
7290000346021,false,תה קמומיל,ויסוצקי,IL,חליטת קמומיל 50,גרמים,75.00,100 גרם,false,,29.90,0.3987,true,1,1339878
7290000346120,false,תה חליטת צמחים קסם ה,ויסוצקי,IL,חליטת קסם הקינמון,גרמים,62.50,100 גרם,false,,16.90,0.2704,true,1,1339879
7290000346137,false,תה חליטת צמחים הילול,ויסוצקי,IL,חליטת הילולי פירות,גרמים,62.50,100 גרם,false,,16.90,0.2704,true,1,1339880
7290000346144,false,תה חליטת צמחים עינוג,ויסוצקי,IL,חליטת עינוגי תפוח,גרמים,67.50,100 גרם,false,,16.90,0.2504,true,1,1339881
7290000346199,false,תה חליטת צמחים פירות,ויסוצקי,IL,חליטת פירות יער,גרמים,67.50,100 גרם,false,,16.90,0.2504,true,1,1339884
7290000346205,false,תה צמחים קמומיל 25 ש,ויסוצקי,IL,חליטת קמומיל,גרמים,37.50,100 גרם,false,,16.90,0.4507,true,1,1339885
7290000346212,false,תה צמחים מנטה 25 שקי,ויסוצקי,IL,חליטת מנטה,גרמים,50.00,100 גרם,false,,16.90,0.3380,true,1,1339886
7290000346229,false,תה צמחים ורד הבר הגן,ויסוצקי,IL,חליטת ורד הבר והיביסקוס,גרמים,75.00,100 גרם,false,,16.90,0.2253,true,1,1339887
7290000346236,false,תה צמחים לואיזה הגן,ויסוצקי,IL,חליטת לואיזה,גרמים,50.00,100 גרם,false,,16.90,0.3380,true,1,1339888
7290000346960,false,תה נענע,ויסוצקי,IL,תה נענע,גרמים,85.00,100 גרם,false,,27.90,0.3282,true,1,1339890
7290000347738,false,תה ירוק נענע,ויסוצקי,IL,תה ירוק נענע,גרמים,37.50,100 גרם,false,,22.90,0.6107,true,1,1339893
7290000347752,false,תה ירוק לימונית לואי,ויסוצקי,IL,תה ירוק לימונית ולואיזה,גרמים,37.50,100 גרם,false,,22.90,0.6107,true,1,1339895
7290000355382,false,עגבניות מרוסקות עם ב,מילוז(1989),IL,עגב.מרוסקות בזיל. א- 2.5ט,גרמים,800.00,100 גרם,false,,6.90,0.0086,true,1,1347534
7290000355399,false,רוטב עגבניות טל,מילוז(1989),IL,ר.טומטו מקס א-2.5,גרמים,800.00,100 גרם,false,,6.90,0.0086,true,1,1347535
7290000355405,false,עגבניות מרוסקות + בצ,מילוז(1989),IL,עגב.מרוסקות בצל א- 2.5טל,גרמים,800.00,100 גרם,false,,6.90,0.0086,true,1,1347536
7290000355412,false,עגבניות מרוסקות + שו,מילוז(1989),IL,עגב.מרוסקות שום א- 2.5טל,גרמים,800.00,100 גרם,false,,6.90,0.0086,true,1,1347537
7290000355481,false,רוטב עגבניות 570 גרם,מילוז(1989),IL,רוטב עגב. א- BX22 2טומטו,גרמים,570.00,100 גרם,false,,4.90,0.0086,true,1,1347538
7290000355757,false,עגבניות מרוסקות טל,מילוז(1989),IL,עגב.מרוסקות א- 2.5טל,גרמים,800.00,100 גרם,false,,6.90,0.0086,true,1,1347544
7290000364278,false,נקניק סלמי איטלקי דק,טירת צבי,IL,סלסולי סלמי איטלקי משובח,גרמים,120.00,100 גרם,false,,12.90,0.1075,true,1,1341111
7290000364285,false,פסטרמה הודו דק-דק,טירת צבי,IL,סלסולי פסטרמה הודו  120גר,גרמים,120.00,100 גרם,false,,12.90,0.1075,true,1,1341112
7290000364803,false,נקניקיות בסגנון אמרי,טירת צבי,IL,נקניקיות בקר בסגנון  אמרי,גרמים,500.00,100 גרם,false,,24.90,0.0498,true,1,1341118
7290000364810,false,נקניקיות מבשר עגל וה,טירת צבי,IL,נקניקיות עגל 500 גרם טירת,גרמים,500.00,100 גרם,false,,24.90,0.0498,true,1,1341119
7290000364858,false,"נקניקיות עוף 1 ק""ג",טירת צבי,IL,טירת צבי נקניקיות עוף טרי,קילוגרמים,1.00,"ק""ג",false,,32.90,32.9000,true,1,1341120
7290000364872,false,נקניקיות עוף 400 גרם,טירת צבי,IL,נקניקיות עוף 400 גרם טירת,גרמים,400.00,100 גרם,false,,14.90,0.0373,true,1,1341121
7290000364957,false,נקניקיות מיני מיני ע,טירת צבי,IL,נקניקיות מיני מיני עוף 70,גרמים,700.00,100 גרם,false,,24.90,0.0356,true,1,1341122
7290000367590,false,נקניק כפרי 400 + 400,טירת צבי,IL,צמד כפרי 800 גרם טירת צבי,גרמים,800.00,100 גרם,false,,34.90,0.0436,true,1,1341136
7290000369297,false,מעדן גבינת שמנת מתוב,,,מעדן גבינת שמנת מתוב,קילוגרמים,1.00,"ק""ג",true,,45.90,45.9000,true,1,2257427
7290000369341,false,לבנה אבו גוש,,,לבנה אבו גוש,קילוגרמים,1.00,"ק""ג",true,,50.00,50.0000,true,1,2159196
7290000369709,false,ממרח חמאה 100 גרם,,,ממרח חמאה 100 גרם,גרמים,100.00,100 גרם,false,,12.90,0.1290,true,1,2149209
7290000377209,false,בוטן מטוגן בשקית,,,בוטן מטוגן בשקית,גרמים,200.00,100 גרם,false,,7.90,0.0395,true,1,1326829
7290000408354,false,דנונה בר דגנים מצופי,שטראוס,IL,בר פיצפוצים בודד – מקט הח,גרמים,173.00,100 גרם,false,,4.50,0.0260,true,1,1342435
7290000412481,false,מנקה 00 לאסלות 1 ליט,סנו,IL,"מנקה אסלות ""00"" 1 ליטר",ליטרים,1.00,ליטר,false,,8.90,8.9000,true,1,1319846
7290000416021,false,ממרח השחר 500 גרם,השחר העולה,IL,קרם מובחר למריחה השחר 500,גרמים,500.00,100 גרם,false,,13.90,0.0278,true,1,1319674
7290000416045,false,"ממרח השחר 1 ק""ג",השחר העולה,IL,קרם מובחר למריחה השחר 1 ק,גרמים,1000.00,100 גרם,false,,24.90,0.0249,true,1,1319675
7290000416618,false,ממרח השחר 400 גרם,השחר העולה,IL,קרם מובחר למריחה בדץ השחר,גרמים,400.00,100 גרם,false,,11.90,0.0298,true,1,1319682
7290000416632,false,"ממרח השחר 1 ק""ג פרוו",השחר העולה,IL,קרם מובחר למריחה פרווה הש,גרמים,1000.00,100 גרם,false,,24.90,0.0249,true,1,1319683
7290000416854,false,קקאו 150 גר השחר העו,השחר העולה,IL,קקאו השחר 150 גרם,גרמים,150.00,100 גרם,false,,8.90,0.0593,true,1,1319685
7290000419107,false,קפה לנדוור 100 גרם,קפה לנדוור,IL,לנדוור קפה שחור המקורי 10,גרמים,100.00,100 גרם,false,,7.90,0.0790,true,1,1305452
7290000419114,false,קפה לנדוור 200 גרם,קפה לנדוור,IL,לנדוור קפה שחור המקורי 20,גרמים,200.00,100 גרם,false,,14.90,0.0745,true,1,1305453
7290000419220,false,מארז קפה לנדוור 3*10,קפה לנדוור,IL,לנדוור קפה שחור המקורי 10,גרמים,300.00,100 גרם,false,,19.90,0.0663,true,1,1305454
7290000419374,false,מארז קפה לנדוור 3*10,קפה לנדוור,IL,לנדוור קפה שחור לבוקר 100,גרמים,300.00,100 גרם,false,,19.90,0.0663,true,1,1305455
7290000419893,false,קפה לנדוור טורקי טחו,קפה לנדוור,IL,לנדוור קפה שחור לבוקר 100,גרמים,100.00,100 גרם,false,,7.90,0.0790,true,1,1305456
7290000419909,false,קפה לנדוור אספרסו טח,קפה לנדוור,IL,לנדוור קפה שחור בטעם אספר,גרמים,100.00,100 גרם,false,,7.90,0.0790,true,1,1305457
7290000419923,false,קפה לנדוור אספרסו וא,קפה לנדוור,IL,לנדוור קפה אספרסו 100% ער,גרמים,200.00,100 גרם,false,,24.90,0.1245,true,1,1305458
7290000420325,false,פופקורן פופסטאר טבעי,Preston farms,US,פופסטאר טבעי 5יח',גרמים,500.00,100 גרם,false,,12.90,0.0258,true,1,1353427
7290000420332,false,פופקורן פופסטאר חמאה,Preston farms,US,פופסטאר חמאה 5יח',גרמים,500.00,100 גרם,false,,12.90,0.0258,true,1,1353428
7290000442013,false,סבון נוזלי פמינה אינ,כצט,IL,"פמינה יאנג 220 מ""ל",מיליליטרים,220.00,"100 מ""ל",false,,19.90,0.0905,true,1,1346773
7290000442044,false,סבון נוזלי פמינה מוע,כצט,IL,פמינה חמוציות,מיליליטרים,220.00,"100 מ""ל",false,,24.90,0.1132,true,1,1346774
7290000442310,false,משחה לתינוק בייביסקי,כצט,IL,בייביסקין קרם שפורפרת,מיליליטרים,100.00,"100 מ""ל",false,,9.90,0.0990,true,1,1346777
7290000442587,false,קרם רב שימושי גינקו,כצט,IL,"גינקו רב שימושי 250 מ""ל",מיליליטרים,220.00,"100 מ""ל",false,,22.90,0.1041,true,1,1346778
7290000446127,false,פריכיות ללא מלח 100,בטר אנד דיפרנט B&D,IL,פריכיות ללא מלח  100 גרם,גרמים,100.00,100 גרם,false,,4.90,0.0490,true,1,1348539
7290000446547,false,חמאת בוטנים טבעית 35,בטר אנד דיפרנט B&D,IL,חמאת בוטנים טבעית  350 גר,גרמים,350.00,100 גרם,false,,12.90,0.0369,true,1,1348548
7290000446554,false,חמאת בוטנים טבעית 1,בטר אנד דיפרנט B&D,IL,"חמאת בוטנים טבעית 1 ק""ג",גרמים,1000.00,100 גרם,false,,24.90,0.0249,true,1,1348549
7290000449128,false,פנטסטיק סיף ניקוי כל,יוניליוור,IL,סיף שמפו לרצפות GPC 4 ליט,ליטרים,4.00,ליטר,false,,19.90,4.9750,true,1,1341807
7290000450209,false,טונה פוסידון,פוסידון,IL,טונה פוסידון,גרמים,108.00,100 גרם,false,,4.90,0.0454,true,1,1330020
7290000450308,false,טונה במים פוסידון 10,פוסידון,IL,טונה במים פוסידון 108 ג',גרמים,108.00,100 גרם,false,,4.90,0.0454,true,1,1330021
7290000453019,false,שמרית שקית 50 גרם,פאקא תעשיות,IL,שמרית (שקית),גרמים,50.00,100 גרם,false,,4.20,0.0840,true,1,1342436
7290000453125,false,שמרית + משפר אפיה 10,פאקא תעשיות,IL,שמרית + משפר לאפיה ביתית,גרמים,100.00,100 גרם,false,,7.40,0.0740,true,1,1342437
7290000453385,false,שמרים יבשים פאקא אינ,,,שמרים יבשים פאקא אינ,גרמים,500.00,100 גרם,false,,11.90,0.0238,true,1,1404138
7290000453408,false,בצק פיצה דק מוכן לאפ,,,בצק פיצה דק מוכן לאפ,גרמים,415.00,100 גרם,false,,14.90,0.0359,true,1,2160964
7290000453422,false,בצק פילו מוכן לאפיה,,,בצק פילו מוכן לאפיה,גרמים,300.00,100 גרם,false,,14.90,0.0497,true,1,2160957
7290000453781,false,שמרים יבשים שמרית,,,שמרים יבשים שמרית,גרמים,125.00,100 גרם,false,,5.90,0.0472,true,1,1952392
7290000453798,false,שמרים אקטיבים לעוגות,,,שמרים אקטיבים לעוגות,גרמים,500.00,100 גרם,false,,14.90,0.0298,true,1,1414504
7290000453866,false,תחליף מרגרינה נטורינ,,,תחליף מרגרינה נטורינ,גרמים,200.00,100 גרם,false,,6.90,0.0345,true,1,1720328
7290000461625,false,בייגלה שמונה שמונה 4,יוניליוור,IL,בייגל בייגל בייגלה מלח 40,גרמים,400.00,100 גרם,false,,9.90,0.0248,true,1,1341809
7290000461656,false,בייגלה אחד אחד 400 ג,יוניליוור,IL,אחד אחד 400גר,גרמים,400.00,100 גרם,false,,9.90,0.0248,true,1,1341811
7290000461700,false,בייגלה גדול גדול 400,יוניליוור,IL,גדול גדול 400גר,גרמים,400.00,100 גרם,false,,12.90,0.0323,true,1,1341812
7290000461724,false,בייגלה שומשום 400 גר,יוניליוור,IL,בייגלה גדול שומשום 400גר,גרמים,400.00,100 גרם,false,,12.90,0.0323,true,1,1341813
7290000461793,false,בייגלה מקלות ארוך 15,יוניליוור,IL,ארוך ארוך 150גר,גרמים,150.00,100 גרם,false,,5.90,0.0393,true,1,1341815
7290000462103,false,סחוג אדום 150 גרם,זהבי הכרם,IL,זחוק תימני אדום חריף עדין,גרמים,150.00,100 גרם,false,,7.90,0.0527,true,1,1342438
7290000462172,false,סחוג ירוק 140 גרם,זהבי הכרם,IL,זחוק תימני ירוק חריף 150,גרמים,140.00,100 גרם,false,,7.90,0.0564,true,1,1342440
7290000474090,false,חלב בקרטון 1 ליטר 1%,טרה,IL,חלב בקרטון 1%- 1 ליטר,ליטרים,1.00,ליטר,false,,5.85,5.8500,true,1,1329021
7290000474373,false,"שמנת חמוצה 200 מ""ל",טרה,IL,"שמנת חמוצה - 200 מ""ל",מיליליטרים,200.00,"100 מ""ל",false,,2.40,0.0120,true,1,1329026
7290000474540,false,גבינה טוב טעם 250 גר,טרה,IL,טוב טעם 3% -250גרם מהדרין,גרמים,250.00,100 גרם,false,,10.90,0.0436,true,1,1329030
7290000480107,false,קוואקר בפח 500 גרם.,פריטו ליי FRITO-LAY,CH,קוואקר שיבולת שועל פחית 5,גרמים,500.00,100 גרם,false,,12.90,0.0258,true,1,1343850
7290000480442,false,קוואקר שקית 500 גרם.,פריטו ליי FRITO-LAY,CH,קוואקר שיבולת שועל שקית 5,גרמים,500.00,100 גרם,false,,11.90,0.0238,true,1,1343851
7290000482019,false,שקיות קוקי 10 יחידות,שסטוביץ,IL,קוקי רגיל שקיות צליה 10 י,יח',10.00,יח',false,,10.90,1.0900,true,1,1339214
7290000482033,false,שקיות קוקי לצליה 5 י,שסטוביץ,IL,קוקי ענק שקיות צליה 5 יח,יח',5.00,יח',false,,10.90,2.1800,true,1,1339216
7290000482071,false,שקיות קוקי 20 יחידות,,,שקיות קוקי 20 יחידות,יח',20.00,יח',false,,20.90,1.0450,true,1,1339217
7290000484747,false,עלית הארק,,,עלית הארק,מיליליטרים,700.00,"100 מ""ל",false,,54.90,0.0784,true,1,1433855
7290000493176,false,אבקת רוטב צלי לבשר,אסם תעשיות,IL,אסם רוטב צלי 22 גרם,גרמים,22.00,100 גרם,false,,3.90,0.1773,true,1,1305494
7290000493183,false,אבקת רוטב פטריות,אסם תעשיות,IL,אסם רוטב פטריות 30 גרם,גרמים,30.00,100 גרם,false,,4.90,0.1633,true,1,1305495
7290000497044,false,לחם אקטיב 750 גר'.,,,לחם אקטיב 750 גר'.,גרמים,750.00,100 גרם,false,,13.90,0.0185,true,1,1327930
7290000497112,false,לחם אחיד כהה פרוס 75,,,לחם אחיד כהה פרוס 75,גרמים,750.00,100 גרם,false,,6.90,0.0092,true,1,1327931
7290000497136,false,חלה פרוסה ברמן 500 ג,,,חלה פרוסה ברמן 500 ג,גרמים,500.00,100 גרם,false,,8.90,0.0178,true,1,1327932
7290000497273,false,מארז 6 לחמניות אקטיב,,,מארז 6 לחמניות אקטיב,גרמים,450.00,100 גרם,false,,11.90,0.0264,true,1,1455382
7290000497426,false,ברמן לעניין קל 500 ג,,,ברמן לעניין קל 500 ג,גרמים,500.00,100 גרם,false,,13.90,0.0278,true,1,1327937
7290000497488,false,חלה קלה ברמן 500 גרם,,,חלה קלה ברמן 500 גרם,גרמים,500.00,100 גרם,false,,13.90,0.0278,true,1,1327939
7290000497570,false,לחם ברמן דגני קלות 5,,,לחם ברמן דגני קלות 5,גרמים,500.00,100 גרם,false,,13.90,0.0278,true,1,1327941
7290000498393,true,חלה מתוקה עגולה לא א,,,חלה מתוקה עגולה לא א,גרמים,500.00,100 גרם,false,,7.90,0.0158,true,1,2262647
7290000504025,false,סוכרזית פטריה 300 טב,סוכרזית Sucrazit,IL,פטריה 300,גרמים,24.00,100 גרם,false,,7.90,0.3292,true,1,1343140
7290000504049,false,סוכרזית קנקן 1200 טב,סוכרזית Sucrazit,IL,קנקן 1200,יח',1200.00,יח',false,,22.90,0.0191,true,1,1343142
7290000504261,false,סוכרזית קלאסי,סוכרזית Sucrazit,IL,סוויט דיאט כמו סוכר 6צנצנ,גרמים,100.00,100 גרם,false,,23.90,0.2390,true,1,1343144
7290000504278,false,סוכרזית פטנט 700 טבל,סוכרזית Sucrazit,IL,פטנט 700,יח',700.00,יח',false,,15.90,0.0227,true,1,1343145
7290000518121,false,מתוק וקל 50 גרם,,,מתוק וקל 50 גרם,גרמים,50.00,100 גרם,false,,4.90,0.0980,true,1,1353926
7290000518152,false,מתוק וקל זהב,,,מתוק וקל זהב,גרמים,50.00,100 גרם,false,,5.90,0.1180,true,1,1353927
7290000518169,false,מתוק וקל 1000,,,מתוק וקל 1000,גרמים,80.00,100 גרם,false,,7.90,0.0988,true,1,1353928
7290000518176,false,מתוק וקל,,,מתוק וקל,גרמים,250.00,100 גרם,false,,19.90,0.0796,true,1,1353929
7290000518220,false,סוכרה דיאט,,,סוכרה דיאט,גרמים,80.00,100 גרם,false,,19.90,0.2487,true,1,1562606
7290000518237,false,סוכרה דיאט אבקה 100,,,סוכרה דיאט אבקה 100,גרמים,100.00,100 גרם,false,,19.90,0.1990,true,1,1562607
7290000518251,false,מתוק וקל,,,מתוק וקל,גרמים,100.00,100 גרם,false,,11.90,0.1190,true,1,1353930
7290000518336,false,צמר גפן מתוק עשוי סי,,,צמר גפן מתוק עשוי סי,גרמים,10.00,100 גרם,false,,4.90,0.4900,true,1,2250194
7290000518398,false,סוכרה דיאט טיפות 150,,,סוכרה דיאט טיפות 150,מיליליטרים,150.00,"100 מ""ל",false,,24.90,0.1660,true,1,1562619
7290000521008,false,"יין סגל אדום 750 מ""ל",,,"יין סגל אדום 750 מ""ל",מיליליטרים,750.00,"100 מ""ל",false,,24.90,0.0332,true,1,1324418
7290000521015,false,"יין סגל לבן 750 מ""ל",,,"יין סגל לבן 750 מ""ל",מיליליטרים,750.00,"100 מ""ל",false,,24.90,0.0332,true,1,1324419
7290000521022,false,יין לבן חצי יבש 750,,,יין לבן חצי יבש 750,מיליליטרים,750.00,"100 מ""ל",false,,24.90,0.0332,true,1,1324420
7290000521404,false,יין מרום גליל סובניו,,,יין מרום גליל סובניו,מיליליטרים,750.00,"100 מ""ל",false,,49.90,0.0665,true,1,1324426
7290000521411,false,יין מרום גליל מרלו 7,,,יין מרום גליל מרלו 7,מיליליטרים,750.00,"100 מ""ל",false,,49.90,0.0665,true,1,1324427
7290000521428,false,יין מרום גליל שרדונה,,,יין מרום גליל שרדונה,מיליליטרים,750.00,"100 מ""ל",false,,49.90,0.0665,true,1,1324428
7290000523125,false,מלח הארץ ים יבש 250,מלח הארץ,IL,מלח הים האדום 250 גרם,גרמים,250.00,100 גרם,false,,5.40,0.0216,true,1,1339897
7290000523224,false,מלח הארץ ים יבש 500,מלח הארץ,IL,מלח הים האדום 500 גרם,גרמים,500.00,100 גרם,false,,7.90,0.0158,true,1,1339898
7290000523521,false,מלח הארץ מועשר ביוד,מלח הארץ,IL,מלח הארץ מועשר ביוד 250 ג,גרמים,250.00,100 גרם,false,,5.90,0.0236,true,1,1339900
7290000523804,false,"מלח עדין צנצנת 1 ק""ג",מלח הארץ,IL,"מלח הים האדום צנצנת 1 ק""ג",קילוגרמים,1.00,"ק""ג",false,,6.90,6.9000,true,1,1339901
7290000523811,false,"מלח גס צנצנת 1 ק""ג",מלח הארץ,IL,"מלח הים האדום צנצנת 1 ק""ג",קילוגרמים,1.00,"ק""ג",false,,6.90,6.9000,true,1,1339902
7290000530116,false,נקניק סלמי בשן,,,נקניק סלמי בשן,גרמים,420.00,100 גרם,false,,19.90,0.0474,true,1,1323091
7290000530413,false,המבורגר זהב 400 גרם,,,המבורגר זהב 400 גרם,גרמים,400.00,100 גרם,false,,19.90,0.0497,true,1,1519406
7290000530468,false,"נקניקיות וינר 1 ק""ג",,,"נקניקיות וינר 1 ק""ג",קילוגרמים,1.00,"ק""ג",false,,24.90,24.9000,true,1,1323100
7290000530703,false,חרמון 400 גרם + תה מ,,,חרמון 400 גרם + תה מ,גרמים,800.00,100 גרם,false,,29.90,0.0374,true,1,1323103
7290000531601,false,סטייק בורגר 400 גרם,,,סטייק בורגר 400 גרם,גרמים,400.00,100 גרם,false,,19.90,0.0497,true,1,1519408
7290000536743,false,אצבעות סטיקס תירס.,,,אצבעות סטיקס תירס.,גרמים,500.00,100 גרם,false,,19.90,0.0398,true,1,1323132
7290000537566,false,נקניקיות עוף 400 גרם,,,נקניקיות עוף 400 גרם,גרמים,400.00,100 גרם,false,,9.90,0.0248,true,1,1323138
7290000537603,false,"נקניקיות עוף 1 ק""ג מ",,,"נקניקיות עוף 1 ק""ג מ",קילוגרמים,1.00,"ק""ג",false,,24.90,24.9000,true,1,1323139
7290000538709,false,סלמי תה פרוס 200 גרם,,,סלמי תה פרוס 200 גרם,גרמים,200.00,100 גרם,false,,14.90,0.0745,true,1,1323145
7290000554006,false,"גבינה קשקבל ק""ג.",מחלבות גד,IL,"קשקבלו גלגל ק""ג שקיל",קילוגרמים,1.00,"ק""ג",true,,120.00,120.0000,true,1,1328378
7290000554402,false,מלבי גד חלבי 5% 160,מחלבות גד,IL,"מלבי גד 160 גרם בד""ץ",גרמים,160.00,100 גרם,false,,5.50,0.0344,true,1,1328382
7290000554471,false,מוצרלה 22% 180 גרם.,מחלבות גד,IL,"נקניק מוצרלה 180 גרם בד""ץ",גרמים,180.00,100 גרם,false,,15.90,0.0883,true,1,1328384
7290000554532,false,צפתית מעודנת במלח ים,מחלבות גד,IL,צפתית מעודנת 5% מלח ים 20,גרמים,200.00,100 גרם,false,,13.90,0.0695,true,1,1328386
7290000554600,false,מוצרלה מגורדת 300 גר,מחלבות גד,IL,"מוצרלה מרוסקת 300 גרם בד""",גרמים,300.00,100 גרם,false,,24.90,0.0830,true,1,1328388
7290000554655,false,"מוצרלה מעושנת ק""ג.",מחלבות גד,IL,"מוצרלה נקניק מעושן ק""ג שק",קילוגרמים,1.00,"ק""ג",true,,79.00,79.0000,true,1,1328390
7290000554754,false,כדורי מוצרלה במים בי,מחלבות גד,IL,"בייבי מוצרלה 2 ק""ג",קילוגרמים,1.00,"ק""ג",true,,89.00,89.0000,true,1,1328393
7290000554792,false,"בולגרית מעודנת 5% ק""",דשן,IL,"דלי בולגרית מעודנת 5%  ק""",קילוגרמים,1.00,"ק""ג",true,,49.00,49.0000,true,1,1328394
7290000554815,false,"גבינת מוצרלה טבעי ק""",מחלבות גד,IL,"מוצרלה נקניק טיבעי ק""ג שק",קילוגרמים,1.00,"ק""ג",true,,79.00,79.0000,true,1,1328395
7290000554822,false,גבינת ריקוטה 5% 250,מחלבות גד,IL,גביע ריקוטה 250 גרם,גרמים,250.00,100 גרם,false,,12.90,0.0516,true,1,1328396
7290000554839,false,גבינה מסקרפונה 40% 2,מחלבות גד,IL,מסקרפונה 250 גרם,גרמים,250.00,100 גרם,false,,19.90,0.0796,true,1,1328397
7290000554891,false,בולגרית מעודנת 16% ש,דשן,IL,"דלי בולגרית מעודנת 16% ק""",קילוגרמים,1.00,"ק""ג",true,,56.00,56.0000,true,1,1328398
7290000554914,false,"גבינה צפתית 5% ק""ג.",מחלבות גד,IL,"צפתית מלבן 5% ק""ג שקיל",קילוגרמים,1.00,"ק""ג",true,,55.00,55.0000,true,1,1328399
7290000554976,false,גבינת שמנת 30% זתים,מחלבות גד,IL,"גבינת שמנת זיתים 30% 2 ק""",קילוגרמים,1.00,"ק""ג",true,,45.00,45.0000,true,1,1328404
7290000560533,false,ג'ל לגילוח ירוק אדג',אנרג'יזר Energizer,US,אדג' ג'ל ירוק לעור רגיל 1,גרמים,200.00,100 גרם,false,,19.90,0.0995,true,1,1353432
7290000560540,false,ג'ל לגילוח כתום אדג',אנרג'יזר Energizer,US,אדג' ג'ל כתום לעור רגיש 1,גרמים,200.00,100 גרם,false,,19.90,0.0995,true,1,1353433
7290000571478,false,גבינה תום עזים פרוס,,,גבינה תום עזים פרוס,גרמים,200.00,100 גרם,false,,34.90,0.1745,true,1,1340631
7290000572055,false,חלווה ללא סוכר עם אג,"אחדות ביח""ר לטחינה ח",IL,חלוה ללא סוכר עם סיבים וא,גרמים,400.00,100 גרם,false,,14.90,0.0373,true,1,1306631
7290000572222,false,חלווה בלוק 500 גרם,"אחדות ביח""ר לטחינה ח",IL,חלוה בלוק 500 גרם אחוה -,גרמים,500.00,100 גרם,false,,10.90,0.0218,true,1,2171062
7290000572529,false,חלווה עם פיסטוק 400,"אחדות ביח""ר לטחינה ח",IL,חלוה פיסטוק 400 גרם במגש,גרמים,400.00,100 גרם,false,,12.90,0.0323,true,1,1306636
7290000572536,false,חלווה וניל 400 גרם,"אחדות ביח""ר לטחינה ח",IL,חלוה וניל 400 גרם במגש,גרמים,400.00,100 גרם,false,,10.90,0.0273,true,1,1306637
7290000572543,false,חלווה שוקו-וניל 400,"אחדות ביח""ר לטחינה ח",IL,חלוה שיש 400 גרם במגש,גרמים,400.00,100 גרם,false,,10.90,0.0273,true,1,1306638
7290000572628,false,חטיפי חלוה ללא תוספת,,,חטיפי חלוה ללא תוספת,גרמים,275.00,100 גרם,false,,13.90,0.0505,true,1,2171070
7290000572673,false,חטיף חלוה 12 יח',"אחדות ביח""ר לטחינה ח",IL,"חלוה בקופסת שי ""חטיף 10""",גרמים,300.00,100 גרם,false,,13.90,0.0463,true,1,1306641
7290000603049,false,ביצי אומגה 3 גדול.,,,ביצי אומגה 3 גדול.,יח',12.00,יח',false,,18.90,1.5750,true,1,1341303
7290000604015,false,ביצים 12 יח' XL.,,,ביצים 12 יח' XL.,יח',12.00,יח',false,,13.10,1.0917,true,1,1341306
7290000604022,false,ביצים 12 יחידות L.,,,ביצים 12 יחידות L.,יח',12.00,יח',false,,12.05,1.0042,true,1,1341307
7290000604121,false,ביצים 18 יחידות L.,,,ביצים 18 יחידות L.,יח',18.00,יח',false,,18.00,1.0000,true,1,1341311
7290000604534,false,ביצים 30 יחידות M.,,,ביצים 30 יחידות M.,יח',30.00,יח',false,,27.85,0.9283,true,1,1341315
7290000652177,false,נתחי נסיכת הנילוס 10,,,נתחי נסיכת הנילוס 10,קילוגרמים,1.00,"ק""ג",true,,39.90,39.9000,true,1,2190294
7290000658926,false,פילה מרלוזה קפוא 100,,,פילה מרלוזה קפוא 100,קילוגרמים,1.00,"ק""ג",true,,29.90,29.9000,true,1,2164989
7290000679440,false,משחה לתינוק קמיל 100,"ד""ר פישר Dr fischer",IL,קמיל בלו משחה לתינוק 100,גרמים,100.00,100 גרם,false,,14.90,0.1490,true,1,1352211
7290000688374,false,שישייה מי עדן בייבי,,,שישייה מי עדן בייבי,ליטרים,1.98,ליטר,false,,14.90,7.5253,true,1,1324867
7290000688381,false,שישייה מי עדן ספורט,,,שישייה מי עדן ספורט,ליטרים,3.00,ליטר,false,,12.90,4.3000,true,1,1324868
7290000688503,false,"שישייה מי עדן 750 מ""",,,"שישייה מי עדן 750 מ""",ליטרים,4.50,ליטר,false,,14.90,3.3111,true,1,1769542
7290000692135,false,דאודורנט סטיק-ירוק פ,COLGATE PALMOLIVE,US,ספיד סטיק בסיסי ירוק א.פ,גרמים,56.60,100 גרם,false,,19.90,0.3516,true,1,1339218
7290000692203,false,ניקוי כללי אג'קס 2 ל,COLGATE PALMOLIVE,GR,אגקס ניקוי כללי לימון 2 ל,ליטרים,2.00,ליטר,false,,22.90,11.4500,true,1,1339219
7290000692210,false,ניקוי כללי אג'קס 2 ל,COLGATE PALMOLIVE,GR,אגקס ניקוי כללי לוונדר 2,ליטרים,2.00,ליטר,false,,22.90,11.4500,true,1,1339220
7290000692456,false,זוג אג'קס חלונות 2*7,COLGATE PALMOLIVE,GR,אגקס חלונות זוג,ליטרים,1.50,ליטר,false,,25.90,17.2667,true,1,1339224
7290000849478,false,"סרקל מעצב 500 מ""ל","ד""ר פישר Dr fischer",IL,"סרקל מעצב 500 מ""ל",מיליליטרים,500.00,"100 מ""ל",false,,17.90,0.0358,true,1,1352221
7290000900193,false,"גבינה עמק פרוס ק""ג-ק",,,"גבינה עמק פרוס ק""ג-ק",קילוגרמים,1.00,"ק""ג",true,,44.75,44.7500,true,1,1340640
7290000900230,false,"גבינה גלבוע פרוס ק""ג",,,"גבינה גלבוע פרוס ק""ג",קילוגרמים,1.00,"ק""ג",true,,42.55,42.5500,true,1,1340641
7290000900254,false,שניצל הודו פרוס,,,שניצל הודו פרוס,קילוגרמים,1.00,"ק""ג",true,,39.90,39.9000,true,1,1344676
7290000900261,false,"טל העמק פרוס ק""ג - ק",,,"טל העמק פרוס ק""ג - ק",קילוגרמים,1.00,"ק""ג",true,,59.00,59.0000,true,1,1340642
7290000961866,false,שווארמה הודו קוביות,,,שווארמה הודו קוביות,קילוגרמים,1.00,"ק""ג",true,,89.90,89.9000,true,1,1344680
7290000982168,false,סטייק סינטה טרי,,,סטייק סינטה טרי,קילוגרמים,1.00,"ק""ג",true,,99.00,99.0000,true,1,1344682
7290001041291,false,סוכריה על מקל 70 יח',מיה תעשיות מזון,IL,סוכריה על מקל 70יחידות,גרמים,770.00,100 גרם,false,,22.90,0.0297,true,1,1334590
7290001041994,false,סוכר דמררה,מיה תעשיות מזון,IL,סוכר זהב דמררה 1ק'ג,קילוגרמים,1.00,"ק""ג",false,,12.90,12.9000,true,1,1334605
7290001072554,false,דאודורנט ספריי לגבר,,,דאודורנט ספריי לגבר,מיליליטרים,150.00,"100 מ""ל",false,,14.90,0.0993,true,1,2210130
7290001072561,false,דאודורנט ספריי גבר פ,,,דאודורנט ספריי גבר פ,מיליליטרים,150.00,"100 מ""ל",false,,14.90,0.0993,true,1,2210131
7290001072585,false,דאודורנט ספריי לגבר,,,דאודורנט ספריי לגבר,מיליליטרים,150.00,"100 מ""ל",false,,14.90,0.0993,true,1,2210133
7290001121672,false,פסטרמה מעודנת בפפריק,מעדני יחיעם,IL,פסטרמה מעודנת בפפריקה 300,גרמים,300.00,100 גרם,false,,19.90,0.0663,true,1,1343812
7290001136287,false,נקה 7 שמפו לשיער רגי,אמיליה קוסמטיקס,IL,"שמפו נקה 7 רגיל 750 מ""ל",מיליליטרים,750.00,"100 מ""ל",false,,11.90,0.0159,true,1,1319851
7290001136294,false,נקה 7 שמפו לשיער יבש,אמיליה קוסמטיקס,IL,שמפו נקה 7 יבש/צבוע750מל,מיליליטרים,750.00,"100 מ""ל",false,,11.90,0.0159,true,1,1319852
7290001136300,false,נקה 7 שמפו לסירוק קל,אמיליה קוסמטיקס,IL,ש.+מרכך נקה7 סירוק קל750,מיליליטרים,750.00,"100 מ""ל",false,,11.90,0.0159,true,1,1319853
7290001136683,false,מרכך שיער נקה 7 לשיע,אמיליה קוסמטיקס,IL,"מרכך נקה 7 ס""ש 750 מ""ל",מיליליטרים,750.00,"100 מ""ל",false,,11.90,0.0159,true,1,1319859
7290001208168,false,קבוקים 250 גרם,דין שיווק,,קבוקים 250 גרם,גרמים,250.00,100 גרם,false,,5.90,0.0236,true,1,1328069
7290001208267,false,מנצ'ס 250 גרם,דין שיווק,,מנצ'ס 250 גרם,גרמים,250.00,100 גרם,false,,9.90,0.0396,true,1,1328071
7290001216040,false,טחינה 500 גר אל ארז,,,טחינה 500 גר אל ארז,גרמים,500.00,100 גרם,false,,15.90,0.0318,true,1,1401918
7290001216231,false,טחינה  מלא 500 גרם א,,,טחינה  מלא 500 גרם א,גרמים,500.00,100 גרם,false,,16.90,0.0338,true,1,1401931
7290001246955,false,מנקה פירות וירקות 1,,,מנקה פירות וירקות 1,ליטרים,1.00,ליטר,false,,17.90,17.9000,true,1,2167942
7290001246979,false,נוזל כלים אקולוגי לי,,,נוזל כלים אקולוגי לי,ליטרים,1.00,ליטר,false,,14.90,14.9000,true,1,2168430
7290001247068,false,ספרינג תות בננה קרטו,,,ספרינג תות בננה קרטו,ליטרים,1.00,ליטר,false,,6.60,6.6000,true,1,1324870
7290001247082,false,ספרינג עגבניות קרטונ,,,ספרינג עגבניות קרטונ,ליטרים,1.00,ליטר,false,,6.60,6.6000,true,1,1324871
7290001247099,false,ספרינג מנגו קרטונית,,,ספרינג מנגו קרטונית,ליטרים,1.00,ליטר,false,,6.60,6.6000,true,1,1324872
7290001247105,false,נקטר ספרינג אפרסק,,,נקטר ספרינג אפרסק,ליטרים,1.00,ליטר,false,,6.60,6.6000,true,1,1324873
7290001247112,false,ספרינג לימונענע קרטו,,,ספרינג לימונענע קרטו,ליטרים,1.00,ליטר,false,,6.60,6.6000,true,1,1324874
7290001247129,false,ספרינג תפוז קרטונית,,,ספרינג תפוז קרטונית,ליטרים,1.00,ליטר,false,,6.60,6.6000,true,1,1324875
7290001247143,false,ספרינג תפוח קרטונית,,,ספרינג תפוח קרטונית,ליטרים,1.00,ליטר,false,,6.60,6.6000,true,1,1324876
7290001247723,false,פחית ספרינג תות בננה,,,פחית ספרינג תות בננה,מיליליטרים,330.00,"100 מ""ל",false,,5.90,0.0179,true,1,1340070
7290001247730,false,פחית ספרינג מנגו,,,פחית ספרינג מנגו,מיליליטרים,330.00,"100 מ""ל",false,,5.90,0.0179,true,1,1340071
7290001305058,false,סבון נוזלי פלמוליב ל,COLGATE PALMOLIVE,TR,פלמוליב חלב ודבש 500מל חד,מיליליטרים,500.00,"100 מ""ל",false,,15.90,0.0318,true,1,1339232
7290001305188,false,נוזל לכלים פלמוליב 7,COLGATE PALMOLIVE,GR,פלמוליב כלים שקוף לימון 7,מיליליטרים,750.00,"100 מ""ל",false,,9.90,0.0132,true,1,1339233
7290001327180,false,גלידה קרמיסימו 1.33,גלידות שטראוס,IL,קר' 1.33  וניל צ'יפ פסח,ליטרים,1.33,ליטר,false,,19.90,14.9624,true,1,1337634
7290001327791,false,גלידה קרמיסימו 1.33,גלידות שטראוס,IL,קרי'  1.33 עוגיות,ליטרים,1.33,ליטר,false,,19.90,14.9624,true,1,1337638
7290001343845,false,"גרנולה פירות 1 ק""ג.",דין שיווק,,"גרנולה פירות 1 ק""ג.",גרמים,1000.00,100 גרם,false,,19.90,0.0199,true,1,1328074
7290001359129,false,"פחם שקית 1.7 ק""ג",,,"פחם שקית 1.7 ק""ג",קילוגרמים,1.70,"ק""ג",false,,12.90,7.5882,true,1,2299143
7290001407547,false,טחינה בארכה משומשום,רושדי תעשיות מזון,IL,טחינה משומשום מלא פי 6 סי,גרמים,500.00,100 גרם,false,,13.90,0.0278,true,1,1339909
7290001407769,false,טחינה בארכה משומשום,רושדי תעשיות מזון,IL,טחינה בארכה עם שומשום מלא,גרמים,500.00,100 גרם,false,,13.90,0.0278,true,1,1339911
7290001407813,false,חלבה שאמית פיסטוק 35,רושדי תעשיות מזון,IL,חלבה בארכה שאמית וניל עם,גרמים,350.00,100 גרם,false,,15.90,0.0454,true,1,1339912
7290001407820,false,חלבה שאמית קלאסית 35,רושדי תעשיות מזון,IL,חלבה בארכה שאמית וניל 350,גרמים,350.00,100 גרם,false,,15.90,0.0454,true,1,1339913
7290001419618,false,וופל בלגי שוקו.,,,וופל בלגי שוקו.,גרמים,200.00,100 גרם,false,,2.90,0.0145,true,1,1347154
7290001419892,false,וופל קלאסי לימון.,,,וופל קלאסי לימון.,גרמים,200.00,100 גרם,false,,2.90,0.0145,true,1,1347158
7290001439074,false,שלישיה כדור ליפה,,,שלישיה כדור ליפה,יח',3.00,יח',false,,11.90,3.9667,true,1,1324224
7290001461457,false,בגט רוסטיק קמח מלא,,,בגט רוסטיק קמח מלא,יחידה,0.00,יחידה,false,,7.90,0.0000,true,1,1758023
7290001468319,false,מיץ לימון 200,,,מיץ לימון 200,מיליליטרים,200.00,"100 מ""ל",false,,5.90,0.0295,true,1,1330198
7290001468470,false,ספוג ליפה טבעי,,,ספוג ליפה טבעי,יחידה,0.00,יחידה,false,,14.90,0.0000,true,1,1330201
7290001468753,false,קמח תפוחי אדמה 500 ג,,,קמח תפוחי אדמה 500 ג,גרמים,500.00,100 גרם,false,,5.90,0.0118,true,1,1330204
7290001468890,false,אלכוהול 70%,,,אלכוהול 70%,מיליליטרים,100.00,"100 מ""ל",false,,5.90,0.0590,true,1,1330208
7290001482384,false,חתיכות אננס 227 גרם,טקרנג,TH,אננס חתוך 227גרם,גרמים,227.00,100 גרם,false,,3.90,0.0172,true,1,1308735
7290001485026,false,גבינת שמנת 5% עם זית,טרה,IL,גבינתשמנ9%זיתישראליפיקנטי,גרמים,200.00,100 גרם,false,,10.90,0.0545,true,1,1329043
7290001491010,false,תה ירוק יסמין,ויסוצקי,IL,תה ירוק יסמין,גרמים,37.50,100 גרם,false,,22.90,0.6107,true,1,1339916
7290001491096,false,תה ירוק לימונית 50 ש,ויסוצקי,IL,תה ירוק לימונית ולואיזה,גרמים,75.00,100 גרם,false,,39.90,0.5320,true,1,1339917
7290001515310,false,כריות קירצוף,,,כריות קירצוף,יח',6.00,יח',false,,12.90,2.1500,true,1,1304938
7290001515631,false,ספוג קרצוף ארוך שליש,,,ספוג קרצוף ארוך שליש,יח',3.00,יח',false,,7.90,2.6333,true,1,1304945
7290001552025,false,הקוסקוס של אמא 800 ג,,,הקוסקוס של אמא 800 ג,גרמים,800.00,100 גרם,false,,14.90,0.0186,true,1,1355559
7290001567920,false,סלמי תה,,,סלמי תה,גרמים,200.00,100 גרם,false,,9.90,0.0495,true,1,1797846
7290001589342,false,דוחה יתושים ספירה,סאסאטק SASATECK,IL,תחליב להרחקת יתושים,מיליליטרים,70.00,"100 מ""ל",false,,11.90,0.1700,true,1,1346781
7290001594155,false,"קוקה קולה 500 מ""ל",קוקה קולה Coca Cola,IL,ק'-קולה 500 מל,מיליליטרים,500.00,"100 מ""ל",false,,6.90,0.0138,true,1,1335598
7290001594230,false,"סודה קינלי 250 מ""ל",קוקה קולה Coca Cola,IL,קינלי סודה  250,מיליליטרים,250.00,"100 מ""ל",false,,4.00,0.0160,true,1,1335603
7290001594520,false,"בירה טובורג 330 מ""ל.",,,"בירה טובורג 330 מ""ל.",מיליליטרים,330.00,"100 מ""ל",false,,6.90,0.0209,true,1,1335608
7290001594568,false,בירה קרלסברג פחית 50,קרלסברג Carlsberg,IL,קרלסברג פח 500 מל פקדון,מיליליטרים,500.00,"100 מ""ל",false,,7.90,0.0158,true,1,1335612
7290001594575,false,בירה טובורג פחית 500,קרלסברג Carlsberg,IL,טובורג פח 500 מל פקדון,מיליליטרים,500.00,"100 מ""ל",false,,7.90,0.0158,true,1,1335613
7290001594810,false,שישיית בירה מאלטי 33,,,שישיית בירה מאלטי 33,ליטרים,1.98,ליטר,false,,24.90,12.5758,true,1,1335615
7290001594858,false,שישית בירה טובורג 33,קרלסברג Carlsberg,IL,טובורג 6 בק 330 פקדון,ליטרים,1.98,ליטר,false,,29.90,15.1010,true,1,1335617
7290001594865,false,שישיית בירה קרלסברג,קרלסברג Carlsberg,IL,קרלסברג 6 בק 330 פקדון,ליטרים,1.98,ליטר,false,,32.90,16.6162,true,1,1335618
7290001664353,false,גב עוף,,,גב עוף,קילוגרמים,1.00,"ק""ג",true,,4.90,4.9000,true,1,1344696
7290001664360,false,עצמות בקר טרי,,,עצמות בקר טרי,קילוגרמים,1.00,"ק""ג",true,,29.90,29.9000,true,1,1344697
7290001664391,false,כנפיים עוף+נקיון,,,כנפיים עוף+נקיון,קילוגרמים,1.00,"ק""ג",true,,14.90,14.9000,true,1,1344699
7290001664445,false,לשון עגל טרי,,,לשון עגל טרי,קילוגרמים,1.00,"ק""ג",true,,49.00,49.0000,true,1,1344703
7290001664483,false,הודו אדום טחון,,,הודו אדום טחון,קילוגרמים,1.00,"ק""ג",true,,69.90,69.9000,true,1,1344705
7290001664490,false,סטייק שווארמה הודו ט,,,סטייק שווארמה הודו ט,קילוגרמים,1.00,"ק""ג",true,,89.90,89.9000,true,1,1344706
7290001664544,false,צלעות טלה טרי,,,צלעות טלה טרי,קילוגרמים,1.00,"ק""ג",true,,199.00,199.0000,true,1,1344709
7290001664919,false,סטייק פרגיות,,,סטייק פרגיות,קילוגרמים,1.00,"ק""ג",true,,79.90,79.9000,true,1,1344715
7290001664964,false,קוביות/חזה עוף פרוס,,,קוביות/חזה עוף פרוס,קילוגרמים,1.00,"ק""ג",true,,44.90,44.9000,true,1,1344716
7290001670224,false,מלית פרג,,,מלית פרג,גרמים,400.00,100 גרם,false,,10.90,0.0273,true,1,1321820
7290001670255,false,כוסות קרטון 8 50 יח,,,כוסות קרטון 8 50 יח,יח',50.00,יח',false,,9.90,0.1980,true,1,2282907
7290001670354,false,מפת שולחן סופגת,,,מפת שולחן סופגת,יחידה,0.00,יחידה,false,,9.90,0.0000,true,1,1321824
7290001670514,false,מלית אוכמניות,,,מלית אוכמניות,גרמים,400.00,100 גרם,false,,10.90,0.0273,true,1,1321831
7290001670668,false,קרחוניות 12 יח',,,קרחוניות 12 יח',יח',12.00,יח',false,,3.90,0.3250,true,1,1321834
7290001670736,false,כפפות ניילון שקוף 10,,,כפפות ניילון שקוף 10,יח',100.00,יח',false,,4.90,0.0490,true,1,1321835
7290001670842,false,ממרח חלבה 400 גרם,,,ממרח חלבה 400 גרם,גרמים,400.00,100 גרם,false,,10.90,0.0273,true,1,1321837
7290001670859,false,מלית דובדבנים,,,מלית דובדבנים,גרמים,400.00,100 גרם,false,,10.90,0.0273,true,1,1321838
7290001690147,false,טעם טוב גבינה מותכת,,,טעם טוב גבינה מותכת,גרמים,120.00,100 גרם,false,,9.90,0.0825,true,1,2279769
7290001709467,false,מטבעות פאני פורי 200,,,מטבעות פאני פורי 200,גרמים,200.00,100 גרם,false,,19.90,0.0995,true,1,2321339
7290001791363,false,מטהר אוויר פרש אוטומ,סנו,IL,סנופרש אוטומטי וניל 250מ,מיליליטרים,250.00,"100 מ""ל",false,,12.90,0.0516,true,1,1319929
7290001813454,false,חיוכים שוקו 900 גרם,,,חיוכים שוקו 900 גרם,גרמים,900.00,100 גרם,false,,19.90,0.0221,true,1,2311800
7290001813478,false,חיוכים וניל 900 גרם,,,חיוכים וניל 900 גרם,גרמים,900.00,100 גרם,false,,19.90,0.0221,true,1,2311801
7290001865439,false,אל סבון פמילי 1 ליטר,אינטרקוסמא,IL,פמלי אל סבון ליטר ונילה [,ליטרים,1.00,ליטר,false,,9.90,9.9000,true,1,1353451
7290001865453,false,אל סבון פמילי 1 ליטר,אינטרקוסמא,IL,פמלי אל סבון ליטר לבנדר [,ליטרים,1.00,ליטר,false,,9.90,9.9000,true,1,1353452
7290001865460,false,אל סבון פמילי 1 ליטר,אינטרקוסמא,IL,פמלי אל סבון ליטר ליים [י,ליטרים,1.00,ליטר,false,,9.90,9.9000,true,1,1353453
7290001892008,false,לחם שיפון בסגנון סקנ,מאפיית פולנסקי,IL,לחם סקנדינבי,גרמים,700.00,100 גרם,false,,11.90,0.0170,true,1,1337771
7290001892060,false,לחם שיפון ללא סוכר 6,מאפיית פולנסקי,IL,לחם שיפון,גרמים,650.00,100 גרם,false,,11.90,0.0183,true,1,1337774
7290001892077,false,לחם שיפון בריאות/רוס,מאפיית פולנסקי,IL,לחם בריאות/רוסי/אוקראיני,גרמים,700.00,100 גרם,false,,11.90,0.0170,true,1,1337775
7290001892084,false,לחם חיטה נבוטה 700 ג,,,לחם חיטה נבוטה 700 ג,גרמים,700.00,100 גרם,false,,11.90,0.0170,true,1,1337776
7290001892145,false,לחם טוסטים 700 גרם ל,מאפיית פולנסקי,IL,לחם טוסט קטן,גרמים,700.00,100 גרם,false,,11.90,0.0170,true,1,1337779
7290001917527,false,פדיות קוסטיקה שליישי,על בד,IL,פדיות קוסמטיות **1X3**,יח',3.00,יח',false,,14.90,4.9667,true,1,1353456
7290001946015,false,אריסה מתוקה,תבליני ביטון מאיר,IL,אריסה מתוקה 250ג- 12יח',גרמים,250.00,100 גרם,false,,12.90,0.0516,true,1,1365235
7290001946046,false,עמבה,תבליני ביטון מאיר,IL,עמבה 250ג- 12יח',גרמים,250.00,100 גרם,false,,12.90,0.0516,true,1,1365236
7290001946077,false,אריסה חריפה,תבליני ביטון מאיר,IL,אריסה חריפה 250ג- 12יח',גרמים,250.00,100 גרם,false,,12.90,0.0516,true,1,1365237
7290001946114,false,סחוג אדום,,,סחוג אדום,גרמים,150.00,100 גרם,false,,9.90,0.0660,true,1,1365238
7290001946169,false,פפריקה חריפה,,,פפריקה חריפה,גרמים,300.00,100 גרם,false,,19.90,0.0663,true,1,1365239
7290001946237,false,פלפל צ'ומה,תבליני ביטון מאיר,IL,פלפל צ'ומה 250ג- 12יח',גרמים,250.00,100 גרם,false,,12.90,0.0516,true,1,1365240
7290001946299,false,סחוג תימני,תבליני ביטון מאיר,IL,סחוג תימני 250ג- 12יח',גרמים,250.00,100 גרם,false,,12.90,0.0516,true,1,1365241
7290001946381,false,פפריקה מתוקה,,,פפריקה מתוקה,גרמים,300.00,100 גרם,false,,19.90,0.0663,true,1,1365243
7290001946503,false,שום כתוש,תבליני ביטון מאיר,IL,שום כתוש 250ג- 12יח',גרמים,250.00,100 גרם,false,,12.90,0.0516,true,1,1365244
7290001946749,false,סחוג ירוק,,,סחוג ירוק,גרמים,150.00,100 גרם,false,,9.90,0.0660,true,1,1365246
7290001973233,false,מגבונים דיספנסר 120,"ד""ר פישר Dr fischer",IL,ק.ב סנסטיב מגבונים 120 יח,יח',120.00,יח',false,,12.90,0.1075,true,1,1352231
7290001973332,false,מגבונים לפנים,"ד""ר פישר Dr fischer",IL,- ק.ב.ס מגבונים לפנים 60,יח',60.00,יח',false,,6.90,0.1150,true,1,1352234
7290001973363,false,מגבונים לחים 30 יח,"ד""ר פישר Dr fischer",IL,TO-GO    ק.ב סנסטיב מגבונ,יח',30.00,יח',false,,6.90,0.2300,true,1,1352235
7290001990148,false,סוכר גולדן קלאסי 1 ק,סוגת תעשיות,IL,סוכר גולדן קלסי צנצנת1 קג,קילוגרמים,1.00,"ק""ג",false,,12.90,12.9000,true,1,1333705
7290002001782,false,קרם לכף רגל פנג'ל,אינטרקוסמא,IL,חדש-פנג'ל פלוס קרם כף רגל,גרמים,100.00,100 גרם,false,,14.90,0.1490,true,1,1353460
7290002003168,false,פנג'ל קרם ידיים קלאס,,,פנג'ל קרם ידיים קלאס,מיליליטרים,240.00,"100 מ""ל",false,,19.90,0.0829,true,1,2079782
7290002007029,false,קוקוס טחון,,,קוקוס טחון,גרמים,100.00,100 גרם,false,,3.90,0.0390,true,1,2172989
7290002007234,false,אבקת סוכר 100 גרם,,,אבקת סוכר 100 גרם,גרמים,100.00,100 גרם,false,,1.90,0.0190,true,1,1321841
7290002007241,false,סודה לשתיה,,,סודה לשתיה,גרמים,50.00,100 גרם,false,,1.90,0.0380,true,1,1321842
7290002007302,false,סוכריות קישוט לעוגה,,,סוכריות קישוט לעוגה,גרמים,100.00,100 גרם,false,,4.90,0.0490,true,1,1321844
7290002007357,false,שקיות לצליה,,,שקיות לצליה,יח',10.00,יח',false,,4.90,0.4900,true,1,1321845
7290002007371,false,פירורי לחם 500ג.,,,פירורי לחם 500ג.,גרמים,500.00,100 גרם,false,,5.90,0.0118,true,1,1321846
7290002007487,false,צמר פלדה,,,צמר פלדה,גרמים,100.00,גרם,false,,2.90,0.0290,true,1,1321849
7290002007500,false,קיסמי שיניים 500 יח,,,קיסמי שיניים 500 יח,יח',500.00,יח',false,,3.80,0.0076,true,1,1321850
7290002007821,false,צבע מאכל אדום,,,צבע מאכל אדום,מיליליטרים,55.00,"100 מ""ל",false,,2.90,0.0527,true,1,1321857
7290002007852,false,תמצית לאפיה וניל,,,תמצית לאפיה וניל,מיליליטרים,55.00,"100 מ""ל",false,,2.90,0.0527,true,1,1321858
7290002008057,false,תמצית אפיה רום,,,תמצית אפיה רום,מיליליטרים,55.00,"100 מ""ל",false,,2.90,0.0527,true,1,1321866
7290002008156,false,נייר לעוגיות מס.5 13,,,נייר לעוגיות מס.5 13,יח',130.00,יח',false,,4.90,0.0377,true,1,1321871
7290002008224,false,סוכריות קישוט,,,סוכריות קישוט,גרמים,60.00,100 גרם,false,,4.90,0.0817,true,1,1321874
7290002008255,false,נייר אפיה 10 יח,,,נייר אפיה 10 יח,יח',10.00,יח',false,,2.00,0.2000,true,1,1321876
7290002008262,false,מצע נושם לירקות,,,מצע נושם לירקות,יח',1.00,יח',false,,9.90,9.9000,true,1,1321877
7290002008354,false,מפות ניילון בגליל 8,,,מפות ניילון בגליל 8,יח',8.00,יח',false,,7.90,0.9875,true,1,1321880
7290002008439,false,דפים לסנדויץ 100 יח',,,דפים לסנדויץ 100 יח',יח',100.00,יח',false,,5.90,0.0590,true,1,1321882
7290002008491,false,סוכריות קישוט שוקו,,,סוכריות קישוט שוקו,גרמים,100.00,100 גרם,false,,4.90,0.0490,true,1,1321885
7290002008743,false,סוכר וניל 10 יח',,,סוכר וניל 10 יח',גרמים,100.00,100 גרם,false,,1.90,0.0190,true,1,1321892
7290002008750,false,אבקת אפיה 10 יח',,,אבקת אפיה 10 יח',יח',10.00,יח',false,,1.90,0.1900,true,1,1321893
7290002008903,false,נייר טואלט חתוך במזו,,,נייר טואלט חתוך במזו,יח',12.00,יח',false,,19.90,1.6583,true,1,1321896
7290002008927,false,סוכריות קישוט שוקו ל,,,סוכריות קישוט שוקו ל,גרמים,100.00,100 גרם,false,,4.90,0.0490,true,1,1321897
7290002022152,false,מרשמלו 100 גרם,כרמית תעשיות ממתקים,IL,כרמית מרשמלו 100 גרם,גרמים,100.00,100 גרם,false,,3.00,0.0300,true,1,1339236
7290002026341,false,צ'יפס בטטה אריסטו,,,צ'יפס בטטה אריסטו,גרמים,500.00,100 גרם,false,,14.90,0.0298,true,1,1327458
7290002026365,false,טבעות בצל אריסטו,,,טבעות בצל אריסטו,גרמים,500.00,100 גרם,false,,9.90,0.0198,true,1,1327460
7290002026440,false,בייגלה פרצלס קפוא.,מוצרי איכות אמריקאיי,IL,פרצלס קפוא פרצלס קפוא,גרמים,280.00,100 גרם,false,,15.90,0.0568,true,1,1327465
7290002026587,false,וופל בלגי קפוא.,,,וופל בלגי קפוא.,גרמים,220.00,100 גרם,false,,15.90,0.0723,true,1,2187688
7290002037057,false,לחם לבן פרוס 500 גרם,,,לחם לבן פרוס 500 גרם,גרמים,500.00,100 גרם,false,,5.90,0.0118,true,1,1323809
7290002037125,false,חלה פרוסה 500 גרם.,,,חלה פרוסה 500 גרם.,גרמים,500.00,100 גרם,false,,8.90,0.0178,true,1,1323810
7290002037163,false,לחם אחיד כהה פרוס 75,,,לחם אחיד כהה פרוס 75,גרמים,750.00,100 גרם,false,,6.90,0.0092,true,1,1323812
7290002037194,false,לחם שחור מקמח מלא 75,,,לחם שחור מקמח מלא 75,גרמים,750.00,100 גרם,false,,12.90,0.0172,true,1,1323813
7290002037569,false,מארז 6 לחמניות באניס,,,מארז 6 לחמניות באניס,גרמים,450.00,100 גרם,false,,10.00,0.0222,true,1,1323818
7290002040019,false,קוסקוס רגיל בשקית 35,,,קוסקוס רגיל בשקית 35,גרמים,350.00,100 גרם,false,,5.50,0.0157,true,1,1321900
7290002040064,false,קוסקוס דק בשקית.,,,קוסקוס דק בשקית.,גרמים,350.00,100 גרם,false,,5.50,0.0157,true,1,1321902
7290002040071,false,קוסקוס עבה בשקית 350,,,קוסקוס עבה בשקית 350,גרמים,350.00,100 גרם,false,,5.50,0.0157,true,1,1321903
7290002041009,false,חלאבלין אורגינל,,,חלאבלין אורגינל,גרמים,10.00,100 גרם,false,,39.90,3.9900,true,1,1328271
7290002041368,false,דאודרנט מידנייט,,,דאודרנט מידנייט,מיליליטרים,150.00,"100 מ""ל",false,,14.90,0.0993,true,1,1328275
7290002041801,false,לאבלין קרם גוף,,,לאבלין קרם גוף,מיליליטרים,275.00,"100 מ""ל",false,,44.90,0.1633,true,1,1328276
7290002041832,false,דאודורנט רולאון לאבל,,,דאודורנט רולאון לאבל,מיליליטרים,80.00,"100 מ""ל",false,,14.90,0.1863,true,1,1328278
7290002053088,false,איטריות ביצים מס' 8.,אוריינטל,PL,8 אטריות ביצים,גרמים,200.00,100 גרם,false,,6.90,0.0345,true,1,1309020
7290002053095,false,איטריות ביצים מס' 10,אוריינטל,PL,10 אטריות ביצים,גרמים,200.00,100 גרם,false,,6.90,0.0345,true,1,1309021
7290002053118,false,איטריות ביצים מס' 14,אוריינטל,PL,14 אטריות ביצים,גרמים,200.00,100 גרם,false,,6.90,0.0345,true,1,1309023
7290002053354,false,נודלס אטריות להקפצה,אוריינטל,PL,נודלס סיני300גר,גרמים,300.00,100 גרם,false,,9.90,0.0330,true,1,1309024
7290002053538,false,נודלס איטריות.,,,נודלס איטריות.,גרמים,400.00,100 גרם,false,,13.90,0.0348,true,1,2190370
7290002057017,false,זיתים נובו ענק,,,זיתים נובו ענק,גרמים,560.00,100 גרם,false,,8.90,0.0159,true,1,1359648
7290002057031,false,זיתים מבוקע פיקנטי,,,זיתים מבוקע פיקנטי,גרמים,560.00,100 גרם,false,,8.90,0.0159,true,1,1359649
7290002057062,false,זיתים מנזנילו ירוק ב,,,זיתים מנזנילו ירוק ב,גרמים,560.00,100 גרם,false,,6.90,0.0123,true,1,1359652
7290002057093,false,מנזנילו גדול,,,מנזנילו גדול,גרמים,540.00,100 גרם,false,,7.90,0.0146,true,1,1359655
7290002057109,false,זיתים מנזנילו גדול מ,,,זיתים מנזנילו גדול מ,גרמים,540.00,100 גרם,false,,8.90,0.0165,true,1,1359656
7290002057123,false,זיתים ירוקים מנזנילו,,,זיתים ירוקים מנזנילו,גרמים,560.00,100 גרם,false,,9.50,0.0170,true,1,1359657
7290002057130,false,חרוזית,,,חרוזית,גרמים,1250.00,100 גרם,false,,19.90,0.0159,true,1,1359658
7290002057185,false,טבעות זיתים ירוקים,,,טבעות זיתים ירוקים,גרמים,560.00,100 גרם,false,,9.20,0.0164,true,1,1359663
7290002057321,false,מלפפון במלח 21-25,,,מלפפון במלח 21-25,קילוגרמים,1.30,"ק""ג",false,,14.90,11.4615,true,1,1359668
7290002057352,false,מלפפון במלח 7-9,,,מלפפון במלח 7-9,גרמים,560.00,100 גרם,false,,6.50,0.0116,true,1,1359670
7290002057369,false,מלפפון במלח 10-12,,,מלפפון במלח 10-12,גרמים,560.00,100 גרם,false,,7.50,0.0134,true,1,1359671
7290002057406,false,מלפפון 30-36 A10,,,מלפפון 30-36 A10,גרמים,3000.00,100 גרם,false,,21.90,0.0073,true,1,1359674
7290002057413,false,מלפפון חומץ 15-20,,,מלפפון חומץ 15-20,קילוגרמים,1.30,"ק""ג",false,,12.90,9.9231,true,1,1359675
7290002057468,false,מלפפון חומץ 10-12 A2,,,מלפפון חומץ 10-12 A2,גרמים,560.00,100 גרם,false,,7.50,0.0134,true,1,1359680
7290002057604,false,פלפל שיפקה A2,,,פלפל שיפקה A2,גרמים,560.00,100 גרם,false,,5.90,0.0105,true,1,1359684
7290002057628,false,טבעות זיתים מושחרים,,,טבעות זיתים מושחרים,גרמים,560.00,100 גרם,false,,9.50,0.0170,true,1,1359686
7290002057703,false,חצילים A2,,,חצילים A2,גרמים,560.00,100 גרם,false,,6.90,0.0123,true,1,1359689
7290002057734,false,חרוזית מושחר,,,חרוזית מושחר,גרמים,560.00,100 גרם,false,,8.90,0.0159,true,1,1359691
7290002075271,false,סוכריות ריקולה צמחים,,,סוכריות ריקולה צמחים,גרמים,70.00,100 גרם,false,,9.90,0.1414,true,1,1337784
7290002077725,false,פילה סלמון מצונן 100,,,פילה סלמון מצונן 100,גרמים,100.00,100 גרם,false,,19.90,0.1990,true,1,2170270
7290002107965,false,גבינת טבורוג כפרי 50,משק צוריאל,IL,טבורוג - גבינה לאפייה 5%,גרמים,500.00,100 גרם,false,,22.90,0.0458,true,1,1329062
7290002128014,false,"נרות שבת מס"" 4",מנורה,IL,נרות שבת מנורה מספר 4 (19,יח',4.00,יח',false,,3.50,0.8750,true,1,1353378
7290002128038,false,זוג קישוט מסולסל לנר,מנורה,IL,זוג נרות קישוט מסולסלים,יח',2.00,יח',false,,2.90,1.4500,true,1,1353380
7290002128137,false,נרות שבת מנורה 8/72,מנורה,IL,נרות שבת 8/72 מנורה דה-לו,יח',72.00,יח',false,,34.90,0.4847,true,1,1353384
7290002128212,false,"נרות שבת מ""ס 6",מנורה,IL,נרות שבת מנורה מספר 6 (19,יחידה,0.00,יחידה,false,,3.50,0.0000,true,1,1353386
7290002128236,false,"נרות שבת מ""ס 10",מנורה,IL,נרות שבת מנורה מספר 10 (1,יח',10.00,יח',false,,3.50,0.3500,true,1,1353388
7290002128250,false,"נרות שבת מ""ס 16",מנורה,IL,נרות שבת מנורה מספר 16 (1,יח',16.00,יח',false,,3.50,0.2188,true,1,1353390
7290002128267,false,"נרות שבת מ""ס 20",מנורה,IL,נרות שבת מנורה מספר 20 (1,יח',20.00,יח',false,,3.50,0.1750,true,1,1353391
7290002128311,false,נר נשמה 7 ימים בכוס,מנורה,IL,נרות נשמה שבועי בכוס זכוכ,יחידה,0.00,יחידה,false,,9.90,0.0000,true,1,1353393
7290002128700,false,נרות חימום 50 בשקית,מנורה,IL,נרות חימום מנורה 50 יחידו,יח',50.00,יח',false,,12.90,0.2580,true,1,1353396
7290002128762,false,נר נשמה 72 שעות בכוס,מנורה,IL,נרות נשמה בכוס דולקים 72,יח',1.00,יח',false,,5.90,5.9000,true,1,1353398
7290002128786,false,זוג כוסיות לנרות,מנורה,IL,"זוג כוסיות לנריות בקופסה,",יח',2.00,יח',false,,3.20,1.6000,true,1,1353399
7290002128946,false,נר נשמה 48 שעות בכוס,מנורה,IL,נרות נשמה בכוס דולקים  48,יח',1.00,יח',false,,4.20,4.2000,true,1,1353402
7290002129455,false,פיצה איטלקית XL שלוש,,,פיצה איטלקית XL שלוש,גרמים,450.00,100 גרם,false,,19.90,0.0442,true,1,1783962
7290002129479,false,פיצה דקה שלושת האופי,,,פיצה דקה שלושת האופי,גרמים,320.00,100 גרם,false,,12.90,0.0403,true,1,2021565
7290002129486,false,פיצה איטלקית דקה זית,,,פיצה איטלקית דקה זית,גרמים,340.00,100 גרם,false,,14.90,0.0438,true,1,1783963
7290002130567,false,דבש 350 גרם,שטראוס,IL,דבש טהור 350 גרם,גרמים,350.00,100 גרם,false,,16.90,0.0483,true,1,1343161
7290002130581,false,"דבש טהור 1 ק""ג",שטראוס,IL,"דבש טהור 1 ק""ג",גרמים,1000.00,100 גרם,false,,39.90,0.0399,true,1,1343162
7290002132011,false,עוגיות מזרחיות עבאדי,עבאדי,IL,עוגיות מזרחיות 500 גרם,גרמים,400.00,100 גרם,false,,17.90,0.0447,true,1,1339919
7290002150107,false,"קובה בשר 1 ק""ג",חמים וטעים,IL,"קובה בשר 1 ק""ג",קילוגרמים,1.00,"ק""ג",false,,32.90,32.9000,true,1,1324129
7290002150305,false,"סיגרים בשר 1 ק""ג",חמים וטעים,IL,"סיגר בשר 1 ק""ג",קילוגרמים,1.00,"ק""ג",false,,32.90,32.9000,true,1,1324139
7290002150374,false,"קובה חמוסטה למרק בד""",חמים וטעים,IL,"בד""צ קובה חמוסטה 1 קג",קילוגרמים,1.00,"ק""ג",false,,32.90,32.9000,true,1,1324141
7290002150404,false,סיגרים תפוח אדמה 1 ק,חמים וטעים,IL,"סיגר תפו""א 1 ק""ג",קילוגרמים,1.00,"ק""ג",false,,26.90,26.9000,true,1,1324143
7290002150626,false,"קובה סורי מטוגן 1 ק""",חמים וטעים,IL,"קובה סורית מטוגן 1 ק""ג",קילוגרמים,1.00,"ק""ג",false,,32.90,32.9000,true,1,1324149
7290002150664,false,"קובה ביתי מטוגן 1 ק""",חמים וטעים,IL,"קובה ביתי מטוגן 1 ק""ג",קילוגרמים,1.00,"ק""ג",false,,32.90,32.9000,true,1,1324150
7290002150671,false,קרפלך במילוי בשר 1 ק,חמים וטעים,IL,"קרפלך בשר 1 ק""ג",קילוגרמים,1.00,"ק""ג",false,,32.90,32.9000,true,1,1324151
7290002150688,false,קרפלך במילוי תפוחי א,חמים וטעים,IL,"קרפלך תפוא 1 ק""ג",קילוגרמים,1.00,"ק""ג",false,,27.90,27.9000,true,1,1324152
7290002150695,false,"קובה למרק 1 ק""ג",חמים וטעים,IL,"קובה למרק 1 ק""ג",קילוגרמים,1.00,"ק""ג",false,,32.90,32.9000,true,1,1324153
7290002157953,false,טונה ויליגר בשמן קנו,,,טונה ויליגר בשמן קנו,גרמים,560.00,100 גרם,false,,19.90,0.0355,true,1,2181023
7290002157960,false,טונה ויליגר במי מלח,,,טונה ויליגר במי מלח,גרמים,560.00,100 גרם,false,,19.90,0.0355,true,1,2182334
7290002190141,false,ריבת חלב 450 גרם,,,ריבת חלב 450 גרם,גרמים,450.00,100 גרם,false,,14.90,0.0331,true,1,1340177
7290002190516,false,ריבת חלב 500 גרם,,,ריבת חלב 500 גרם,גרמים,500.00,100 גרם,false,,14.90,0.0298,true,1,1340178
7290002210009,false,חלבה בלוק 500 גרם ונ,,,חלבה בלוק 500 גרם ונ,גרמים,500.00,100 גרם,false,,8.90,0.0178,true,1,1489972
7290002210085,false,"חלבה בלוק 1 ק""ג קסטה",,,"חלבה בלוק 1 ק""ג קסטה",גרמים,1000.00,100 גרם,false,,15.90,0.0159,true,1,1490004
7290002210412,false,חלבה 100 גרם,,,חלבה 100 גרם,גרמים,100.00,100 גרם,false,,3.90,0.0390,true,1,1489977
7290002210429,false,חלבה מצופה 80 גרם,,,חלבה מצופה 80 גרם,גרמים,80.00,100 גרם,false,,3.90,0.0487,true,1,1489978
7290002210467,false,חלבה 12 יחדות בקוופס,,,חלבה 12 יחדות בקוופס,יחידה,0.00,יחידה,false,,9.90,0.0000,true,1,1490007
7290002210498,false,טחינה 500 גרם שומשום,,,טחינה 500 גרם שומשום,גרמים,500.00,100 גרם,false,,9.90,0.0198,true,1,1490009
7290002210511,false,טחינה 500 גרם,,,טחינה 500 גרם,גרמים,500.00,100 גרם,false,,8.90,0.0178,true,1,1490010
7290002232964,false,ציפוי פז טחון דק ללא,תירפז,IL,צפוי פז טחון דק 600,גרמים,600.00,100 גרם,false,,29.90,0.0498,true,1,1350863
7290002232995,false,ציפוי פז דגש ללא גלו,תירפז,IL,ציפוי פז דגש 500,גרמים,500.00,100 גרם,false,,29.90,0.0598,true,1,1350866
7290002239185,false,אפונה פרי הגליל,פרי הגליל,IL,אפונה 800פג,גרמים,800.00,100 גרם,false,,9.90,0.0124,true,1,1347555
7290002239277,false,גזר גמדי פרי הגליל,פרי הגליל,IL,ג .גמדי 800פג,גרמים,800.00,100 גרם,false,,7.90,0.0099,true,1,1347557
7290002239307,false,שעועית צהובה חתוכה פ,פרי הגליל,IL,שע צהובה 800פג,גרמים,800.00,100 גרם,false,,9.90,0.0124,true,1,1347558
7290002239338,false,שעועית ירוקה חתוכה פ,פרי הגליל,IL,שע ירוקה 800פג,גרמים,800.00,100 גרם,false,,9.90,0.0124,true,1,1347559
7290002239369,false,שעועית שלמה פרי הגלי,פרי הגליל,IL,שע שלמה 800פג,גרמים,800.00,100 גרם,false,,9.90,0.0124,true,1,1347560
7290002239420,false,תירס גרעינים פרי הגל,פרי הגליל,IL,תירס 800פג,גרמים,800.00,100 גרם,false,,9.90,0.0124,true,1,1347561
7290002253006,false,שום כתוש טרי 200 גרם,עיצובים 2020 (3.8),IL,שום כתוש 200 גרם מרקם רך,גרמים,200.00,100 גרם,false,,16.90,0.0845,true,1,1305507
7290002253105,false,קוביות שום דורות,עיצובים 2020 (3.8),IL,שום כתוש 80 גרם,גרמים,80.00,100 גרם,false,,11.90,0.1488,true,1,1305510
7290002253150,false,בזיליקום קצוץ,עיצובים 2020 (3.8),IL,בזיליקום קצוץ 70 גרם,גרמים,70.00,100 גרם,false,,9.90,0.1414,true,1,1305511
7290002253167,false,פטרוזיליה קצוצה,עיצובים 2020 (3.8),IL,פטרוזיליה קצוצה 70 גרם,גרמים,70.00,100 גרם,false,,9.90,0.1414,true,1,1305512
7290002253174,false,שמיר קצוץ,עיצובים 2020 (3.8),IL,שמיר קצוץ 70 גרם,גרמים,70.00,100 גרם,false,,9.90,0.1414,true,1,1305513
7290002253181,false,כוסברה קצוצה,עיצובים 2020 (3.8),IL,כוסברה קצוצה 70 גרם,גרמים,70.00,100 גרם,false,,9.90,0.1414,true,1,1305514
7290002253198,false,ג'ינג'ר כתוש,עיצובים 2020 (3.8),IL,ג'ינג'יר כתוש 70 גרם,גרמים,70.00,100 גרם,false,,9.90,0.1414,true,1,1305515
7290002253310,false,שום צילי חריף קוביות,עיצובים 2020 (3.8),,שום צילי חריף קוביות,גרמים,80.00,100 גרם,false,,11.90,0.1488,true,1,1996412
7290002259657,false,רדיד אלומניום 22.8X0,ריינולדס,US,רדיד אלומיניום צר רוחב 30,מטרים,22.80,מטר,false,,22.90,1.0044,true,1,1346783
7290002259664,false,רדיד אלומניום 60.8X0,ריינולדס,US,רדיד אלומיניום צר רוחב 30,מטרים,60.00,מטר,false,,47.90,0.7983,true,1,1346784
7290002259930,false,רדיד אלומיניום זוגות,ריינולדס,US,זוג רדיד אלומיניום צר רוח,מטרים,15.20,מטר,false,,19.90,1.3092,true,1,1346785
7290002269984,false,דאודורנט תרסיס מי 17,אמיליה קוסמטיקס,IL,"175מ""ל ME דאודורנט ספריי",מיליליטרים,175.00,"100 מ""ל",false,,19.90,0.1137,true,1,1319944
7290002270690,false,קרם ידיים גדול קרליי,,,קרם ידיים גדול קרליי,מיליליטרים,80.00,"100 מ""ל",false,,7.40,0.0925,true,1,1319947
7290002270713,false,קרם אבוקדו-שפורפרת ק,,,קרם אבוקדו-שפורפרת ק,מיליליטרים,45.00,"100 מ""ל",false,,11.90,0.2644,true,1,1319948
7290002317005,false,זיתים טבעות מושחר,שימורי מוטולה,IL,זיתים מושחר טבעות A2,גרמים,560.00,100 גרם,false,,9.90,0.0177,true,1,1319383
7290002317081,false,חרוזית+20%,שימורי מוטולה,IL,זיתים  נטולי גלעין20%+A2,גרמים,670.00,100 גרם,false,,9.90,0.0148,true,1,1319386
7290002317128,false,מלפפון במלח 10-12,שימורי מוטולה,IL,מלפפון במלח A2 10-12,גרמים,560.00,100 גרם,false,,8.90,0.0159,true,1,1319387
7290002317142,false,מלפפון במלח 18-25,שימורי מוטולה,IL,מלפפון במלח A2 18-25,גרמים,560.00,100 גרם,false,,11.90,0.0213,true,1,1319389
7290002317166,false,מלפפון בחומץ 10-12,,,מלפפון בחומץ 10-12,גרמים,560.00,100 גרם,false,,8.90,0.0159,true,1,1319390
7290002317180,false,מלפפון בחומץ 18-25,,,מלפפון בחומץ 18-25,גרמים,560.00,100 גרם,false,,11.90,0.0213,true,1,1319392
7290002317234,false,זיתים מושחר,שימורי מוטולה,IL,זיתים מושחר A2 15-17,גרמים,560.00,100 גרם,false,,9.90,0.0177,true,1,1319395
7290002317258,false,זיתים סורי שלם,שימורי מוטולה,IL,זיתים סורי שלם A2,גרמים,560.00,100 גרם,false,,11.90,0.0213,true,1,1319397
7290002317265,false,מלפפון במלח 7-9 +20%,שימורי מוטולה,IL,מלפפון במלח 20%+ A2 7-9,גרמים,670.00,100 גרם,false,,6.90,0.0103,true,1,1319398
7290002317289,false,חצילים,שימורי מוטולה,IL,חצילים  A2,גרמים,560.00,100 גרם,false,,7.90,0.0141,true,1,1319399
7290002317296,false,שיפקה,שימורי מוטולה,IL,פלפל חריף שיפקה 20%+ A2,גרמים,550.00,100 גרם,false,,7.90,0.0144,true,1,1319400
7290002317319,false,מלפפון בחומץ 7-9 20%,שימורי מוטולה,IL,מלפפון בחומץ 20%+ A2 7-9,גרמים,670.00,100 גרם,false,,6.90,0.0103,true,1,1319402
7290002317326,false,זיתים מנזנילו 12-15,שימורי מוטולה,IL,זיתים מנז' 20%+ A2 12-15,גרמים,670.00,100 גרם,false,,7.90,0.0118,true,1,1319403
7290002317609,false,כרוב כבוש,שימורי מוטולה,IL,כרוב כבוש A2,גרמים,560.00,100 גרם,false,,7.90,0.0141,true,1,1319416
7290002317852,false,מלפפונים במלח 1.65 ק,,,מלפפונים במלח 1.65 ק,גרמים,1650.00,100 גרם,false,,26.90,0.0163,true,1,1319428
7290002319016,false,אבקת אפייה עשיריות,מיה תעשיות מזון,IL,אבקת אפיה עשיריות,גרמים,100.00,100 גרם,false,,2.00,0.0200,true,1,1334606
7290002319023,false,סוכר וניל עשירים,מיה תעשיות מזון,IL,סוכר וניל עשיריות,גרמים,100.00,100 גרם,false,,2.00,0.0200,true,1,1334607
7290002319054,false,פרג טחון,מיה תעשיות מזון,IL,פרג טחון 100גרם,גרמים,100.00,100 גרם,false,,4.90,0.0490,true,1,1334610
7290002319375,false,קורנפלור,מיה תעשיות מזון,IL,קורנפלור 200גרם (חדש),גרמים,200.00,100 גרם,false,,3.90,0.0195,true,1,1334618
7290002319528,false,קמח מצה.,מיה תעשיות מזון,IL,קמח מצה 200גרם,גרמים,200.00,100 גרם,false,,2.90,0.0145,true,1,1334627
7290002319610,false,שקדים טחונים,מיה תעשיות מזון,IL,שקדים טחונים 100גרם,גרמים,100.00,100 גרם,false,,10.90,0.1090,true,1,1334631
7290002319740,false,אגוזים טחונים,מיה תעשיות מזון,IL,אגוזי מלך טחונים 100גרם,גרמים,100.00,100 גרם,false,,10.90,0.1090,true,1,1334639
7290002319771,false,תמצית אפיה וניל,מיה תעשיות מזון,IL,תמצית אפיה וניל,מיליליטרים,50.00,"100 מ""ל",false,,2.50,0.0500,true,1,1334641
7290002319788,false,תמצית אפיה רום,מיה תעשיות מזון,IL,תמצית אפיה רום,מיליליטרים,60.00,"100 מ""ל",false,,2.50,0.0417,true,1,1334642
7290002319825,false,אבקת סוכר,מיה תעשיות מזון,IL,אבקת סוכר 100גרם,גרמים,100.00,100 גרם,false,,2.00,0.0200,true,1,1334645
7290002320487,false,מעדן משמש 100% פרי,בית יצחק,,מעדן משמש 100% פרי,גרמים,284.00,100 גרם,false,,14.90,0.0525,true,1,2142824
7290002321767,false,פילה אמנון קפוא,,,פילה אמנון קפוא,קילוגרמים,1.00,"ק""ג",true,,19.90,19.9000,true,1,2193276
7290002327059,false,"בצק עלים 1 ק""ג",,,"בצק עלים 1 ק""ג",קילוגרמים,1.00,"ק""ג",false,,15.90,15.9000,true,1,2112882
7290002327103,false,ג'חנון 900 ג',אופרה,IL,ג'חנון 900 ג',גרמים,900.00,100 גרם,false,,15.90,0.0177,true,1,1330050
7290002331360,false,"שישיה נביעות 500 מ""ל",נביעות,IL,נביעות TO GO 500 שישייה,ליטרים,3.00,ליטר,false,,12.90,4.3000,true,1,1335633
7290002331421,false,שישיה נביעות ספורט 7,נביעות,IL,"נביעות 6 755 מ""ל",ליטרים,4.53,ליטר,false,,14.90,3.2892,true,1,1335634
7290002331483,false,"נביעות שישייה 320 מ""",נביעות,IL,"נביעות בייבי 320 מ""ל שישי",מיליליטרים,1920.00,"100 מ""ל",false,,11.90,0.0062,true,1,1335636
7290002331490,false,נביעות 1 ליטר,נביעות,IL,נביעות 1 ליטר,ליטרים,1.00,ליטר,false,,3.90,3.9000,true,1,1335637
7290002333104,false,בורגול אורגני 500 גר,אול אורגני,IL,בורגול אורגני 500 גר' הרד,גרמים,500.00,100 גרם,false,,9.90,0.0198,true,1,1309029
7290002333500,false,עדשים אדומים אורגני,אול אורגני,IL,עדשים אדומות אורגני 500 ג,גרמים,500.00,100 גרם,false,,12.90,0.0258,true,1,1309035
7290002360124,false,חליטת פומפדור 70 גרם,TEEKANNE,DE,פומפדור חליטת צמחים ורד ה,גרמים,70.00,100 גרם,false,,11.90,0.1700,true,1,1339238
7290002360155,false,חליטת פומפדור 40 גרם,TEEKANNE,DE,פומפדור חליטת צמחים שומר,גרמים,40.00,100 גרם,false,,11.90,0.2975,true,1,1339239
7290002360278,false,חליטת פומפדור 45 גרם,TEEKANNE,DE,פומפדור חליטת צמחים מנטה,גרמים,45.00,100 גרם,false,,11.90,0.2644,true,1,1339242
7290002360285,false,חליטת פומפדור 30 גרם,TEEKANNE,DE,פומפדור חליטת צמחים קמומי,גרמים,30.00,100 גרם,false,,11.90,0.3967,true,1,1339243
7290002370284,false,גבינת קשקבל חצי קשה,,,גבינת קשקבל חצי קשה,קילוגרמים,1.00,"ק""ג",true,,109.00,109.0000,true,1,1900192
7290002370741,false,גבינת מלוחה מחלב עיז,,,גבינת מלוחה מחלב עיז,קילוגרמים,1.00,"ק""ג",true,,44.50,44.5000,true,1,2275137
7290002370901,false,גבינת גאודה עיזים חצ,,,גבינת גאודה עיזים חצ,קילוגרמים,1.00,"ק""ג",true,,99.00,99.0000,true,1,2319502
7290002370925,false,גבינת גאודה עם עשבי,,,גבינת גאודה עם עשבי,קילוגרמים,1.00,"ק""ג",true,,99.00,99.0000,true,1,2284152
7290002371403,false,נקניק מארז זוגות 600,טירת צבי,IL,מארז זוגות 600 גר' טירת צ,גרמים,600.00,100 גרם,false,,24.90,0.0415,true,1,1341140
7290002371526,false,סלסולי פסטרמה שום וצ,טירת צבי,IL,סלסולי פסטרמה שום וצ'ילי,גרמים,120.00,100 גרם,false,,12.90,0.1075,true,1,1341141
7290002371533,false,סלסולי פסטרמה דבש,טירת צבי,IL,סלסולי פסטרמה בדבש 120 גר,גרמים,120.00,100 גרם,false,,12.90,0.1075,true,1,1341142
7290002371540,false,קורנדביף,טירת צבי,IL,קורנדביף 120 גר' טירת מבי,גרמים,120.00,100 גרם,false,,12.90,0.1075,true,1,1341143
7290002371939,false,נקניק סרוולד צרפתי,טירת צבי,IL,סרוולד בסגנון צרפתי 120 ג,גרמים,120.00,100 גרם,false,,23.90,0.1992,true,1,1341147
7290002373148,false,לחם רוסי ענק 1.200 ק,מאפיית השלום,IL,לחם רוסי,קילוגרמים,1.20,"ק""ג",false,,13.90,11.5833,true,1,1323832
7290002373292,false,לחם דגנים קל 500 גרם,מאפיית השלום,IL,לחם דגנים קל,גרמים,500.00,100 גרם,false,,11.90,0.0238,true,1,1323833
7290002374268,false,שמן חמניות מילומור 1,שמן תעשיות,IL,שמן חמניות מילומור 1 ליטר,ליטרים,1.00,ליטר,false,,11.90,11.9000,true,1,1337879
7290002374312,false,שמן קנולה מילומור 1,שמן תעשיות,IL,שמן קנולה מילומור 1 ליטר,ליטרים,1.00,ליטר,false,,10.90,10.9000,true,1,1337880
7290002374640,false,שמן קנולה פלוס אומגה,שמן תעשיות,IL,"שמן קנולה פלוס אומגה 3 ""ע",ליטרים,1.00,ליטר,false,,16.50,16.5000,true,1,1337884
7290002385127,false,לבנה עם שמן זית וזעת,מחלבות גד,IL,לאבנה 5% שמן זית וזעתר 2,קילוגרמים,1.00,"ק""ג",true,,41.00,41.0000,true,1,1328410
7290002385196,false,"גבינת רוקפור ק""ג",,,"גבינת רוקפור ק""ג",קילוגרמים,1.00,"ק""ג",true,,129.00,129.0000,true,1,1411916
7290002385301,false,גבינה קרם שמנת  5%,,,גבינה קרם שמנת  5%,קילוגרמים,1.00,"ק""ג",true,,35.00,35.0000,true,1,2300581
7290002410126,false,שומן בקר,,,שומן בקר,קילוגרמים,1.00,"ק""ג",true,,19.90,19.9000,true,1,1344717
7290002435112,false,רסק עגבניות BX22 טל,מילוז(1989),IL,רוטב עגב. א- BX22 2ויטה,גרמים,570.00,100 גרם,false,,6.90,0.0121,true,1,1347563
7290002448853,false,פרמיו חטיף לבבות 100,,,פרמיו חטיף לבבות 100,גרמים,100.00,100 גרם,false,,14.90,0.1490,true,1,2320794
7290002487364,false,בורקס פילו גבינה וזי,שגמור,IL,בורקס פילו גבינה וזיתים,גרמים,700.00,100 גרם,false,,14.90,0.0213,true,1,1330054
7290002496557,false,תמר לח 500 גרם,,,תמר לח 500 גרם,גרמים,500.00,100 גרם,false,,9.90,0.0198,true,1,1319470
7290002507451,false,קציצות סלמון לבישול,,,קציצות סלמון לבישול,גרמים,750.00,100 גרם,false,,28.90,0.0385,true,1,1613812
7290002507604,false,פיצה שגב 320 גרם,,,פיצה שגב 320 גרם,גרמים,320.00,100 גרם,false,,13.90,0.0434,true,1,1678226
7290002512004,false,מלווח צנעני.,צנעני,IL,מלאווח צנעני 900גר,גרמים,900.00,100 גרם,false,,19.90,0.0221,true,1,1347565
7290002512011,false,ג'חנון צנעני.,צנעני,IL,גחנון צנעני 900גר,גרמים,900.00,100 גרם,false,,19.90,0.0221,true,1,1347566
7290002512035,false,"בצק עלים 1ק""ג צנעני.",צנעני,IL,בצק עלים צנעני 1קג,גרמים,1000.00,100 גרם,false,,16.90,0.0169,true,1,1347567
7290002512257,false,מלווח מופחת שומן,,,מלווח מופחת שומן,גרמים,700.00,100 גרם,false,,14.90,0.0213,true,1,1347576
7290002512264,false,ג'חנון מופחת שומן,,,ג'חנון מופחת שומן,גרמים,700.00,100 גרם,false,,14.90,0.0213,true,1,1347577
7290002515333,false,קמיל בלו סנסטיב+משאב,"ד""ר פישר Dr fischer",IL,קמיל בלו סנסיטיב אל סבון,מיליליטרים,500.00,"100 מ""ל",false,,17.90,0.0358,true,1,1352238
7290002515371,false,קמיל בלו קלאסיק 1 לי,"ד""ר פישר Dr fischer",IL,קמיל בלו קלאסיק ליטר,ליטרים,1.00,ליטר,false,,21.90,21.9000,true,1,1352239
7290002517276,false,פלפל אנגלי שלם,תבליני טעם וריח,IL,מיכל קטן פ.אנגלי שלם 25גר,גרמים,25.00,100 גרם,false,,4.90,0.1960,true,1,1351119
7290002517337,false,אורגנו עלים,תבליני טעם וריח,IL,שק.20 גר' אורגנו,גרמים,20.00,100 גרם,false,,4.90,0.2450,true,1,1351120
7290002517375,false,בזיליקום עלים,תבליני טעם וריח,IL,שק.30 גר' בזיליקום,גרמים,30.00,100 גרם,false,,4.90,0.1633,true,1,1351121
7290002517566,false,תערובת תיבול לדג,תבליני טעם וריח,IL,דג תערובת תיבול 80 גר',גרמים,80.00,100 גרם,false,,9.90,0.1238,true,1,1351130
7290002517580,false,תערובת תיבול לעוף,תבליני טעם וריח,IL,עוף תערובת תיבול 80גר',גרמים,80.00,100 גרם,false,,9.90,0.1238,true,1,1351132
7290002517801,false,צ'ילי כתוש חריף,תבליני טעם וריח,IL,מיכל קטן צ'ילי כתוש 30גר',גרמים,30.00,100 גרם,false,,4.90,0.1633,true,1,1351138
7290002517863,false,ציפורן טחון,תבליני טעם וריח,IL,מיכל קטן ציפורן טחון 40גר,גרמים,40.00,100 גרם,false,,7.90,0.1975,true,1,1351141
7290002542506,false,"בירה קורונה 355 מ""ל",,,"בירה קורונה 355 מ""ל",מיליליטרים,355.00,"100 מ""ל",false,,9.90,0.0279,true,1,1476586
7290002542797,false,"בירה לף בלונד 330 מ""",,,"בירה לף בלונד 330 מ""",מיליליטרים,330.00,"100 מ""ל",false,,6.90,0.0209,true,1,2221009
7290002542841,false,בירה לף בלונד שישייה,,,בירה לף בלונד שישייה,ליטרים,1.98,ליטר,false,,39.90,20.1515,true,1,2221011
7290002542865,false,"בירה הוגרדן 330 מ""ל",,,"בירה הוגרדן 330 מ""ל",ליטרים,1.98,ליטר,false,,39.90,20.1515,true,1,2221679
7290002543046,false,קלוגס פרוסטיס 750 גם,קלוגס,,קלוגס פרוסטיס 750 גם,גרמים,750.00,100 גרם,false,,19.90,0.0265,true,1,1306788
7290002543237,false,קלוגס קורנפלקס 750 ג,קלוגס,,קלוגס קורנפלקס 750 ג,גרמים,750.00,100 גרם,false,,14.90,0.0199,true,1,1306794
7290002551003,false,טונה סטארקיסט בשמן 1,סטארקיסט,,טונה סטארקיסט בשמן 1,גרמים,160.00,100 גרם,false,,6.90,0.0431,true,1,1306796
7290002551010,false,טונה סטארקיסט במים 1,סטארקיסט,,טונה סטארקיסט במים 1,גרמים,160.00,100 גרם,false,,6.90,0.0431,true,1,1306797
7290002577508,false,דג הרניג שמן בצל 240,,,דג הרניג שמן בצל 240,גרמים,240.00,100 גרם,false,,24.90,0.1037,true,1,2170259
7290002599029,false,תבלין יונה,תבליני יונה,IL,תבליני יונה,גרמים,80.00,100 גרם,false,,3.90,0.0487,true,1,1324978
7290002599036,false,פלפל שחור,תבליני יונה,IL,פלפל שחור  50  גר',גרמים,50.00,100 גרם,false,,4.90,0.0980,true,1,1324979
7290002599081,false,תבלינים שונים 30 גרם,תבליני יונה,IL,תבליני יונה 30 גר',גרמים,30.00,100 גרם,false,,3.90,0.1300,true,1,1324980
7290002599104,false,תבלינים שונים 50 גרם,תבליני יונה,IL,תבליני יונה 50 גר',גרמים,50.00,100 גרם,false,,3.90,0.0780,true,1,1324981
7290002599197,false,פלפל שחור 50 גרם,תבליני יונה,IL,שחור גרוס /פ.לבן  50 גר',גרמים,50.00,100 גרם,false,,4.90,0.0980,true,1,1324982
7290002603474,false,פיצה השף מאיטליה CHE,,,פיצה השף מאיטליה CHE,גרמים,200.00,100 גרם,false,,12.90,0.0645,true,1,1783964
7290002603498,false,פיצה השף מאיטליה CHE,,,פיצה השף מאיטליה CHE,גרמים,220.00,100 גרם,false,,12.90,0.0586,true,1,1783966
7290002603504,false,פיצה השף מאיטליה CHE,,,פיצה השף מאיטליה CHE,גרמים,220.00,100 גרם,false,,12.90,0.0586,true,1,1783967
7290002603696,false,מקלות פילו XL גבינה,,,מקלות פילו XL גבינה,גרמים,450.00,100 גרם,false,,16.90,0.0376,true,1,1783979
7290002608509,false,לחם מחמצת זיתי קלמטה,,,לחם מחמצת זיתי קלמטה,גרמים,500.00,100 גרם,false,,16.90,0.0338,true,1,1978768
7290002608769,false,לחם מחמצת טוסקאני דג,,,לחם מחמצת טוסקאני דג,גרמים,500.00,100 גרם,false,,16.90,0.0338,true,1,1978772
7290002627098,false,פיצה ביס שלושת האופי,,,פיצה ביס שלושת האופי,גרמים,350.00,100 גרם,false,,12.90,0.0369,true,1,2272805
7290002627210,false,גפילטע פיש 560 גרם,,,גפילטע פיש 560 גרם,גרמים,560.00,100 גרם,false,,12.90,0.0230,true,1,2158023
7290002628163,false,שומן כבש טרי,,,שומן כבש טרי,קילוגרמים,1.00,"ק""ג",true,,79.00,79.0000,true,1,1344721
7290002628439,false,עוף שלם טרי,,,עוף שלם טרי,קילוגרמים,1.00,"ק""ג",true,,19.90,19.9000,true,1,1344723
7290002661214,false,לחם גלילי 750 גרם,,,לחם גלילי 750 גרם,גרמים,750.00,100 גרם,false,,14.90,0.0199,true,1,1327954
7290002674221,false,אקווה פרש משאבה,גלקסו סמית קליין,GB,"אקוה פרש משאבה 100 מ""ל",מיליליטרים,100.00,"100 מ""ל",false,,15.90,0.1590,true,1,1346786
7290002692393,false,שמן קנולה מועשר עץ ה,שמן תעשיות,IL,"שמן קנולה מועשר 1 ליטר ""ע",ליטרים,1.00,ליטר,false,,15.90,15.9000,true,1,1337886
7290002692478,false,"שמן זית 750 מ""ל מעוד",שמן תעשיות,IL,שמן זית כתית מעולה מעודן,מיליליטרים,750.00,"100 מ""ל",false,,32.90,0.0439,true,1,1337889
7290002692768,false,תרסיס שמן קנולה ללא,שמן תעשיות,IL,"תרסיס קנולה 200 מ""ל ""עץ-ה",מיליליטרים,200.00,"100 מ""ל",false,,12.90,0.0645,true,1,1337891
7290002692782,false,תרסיס שמן זית ללא גז,שמן תעשיות,IL,"תרסיס זית 150 מ""ל ""עץ-הזי",מיליליטרים,150.00,"100 מ""ל",false,,12.90,0.0860,true,1,1337892
7290002730262,false,נוזל לכלים פלמוליב 7,COLGATE PALMOLIVE,GR,פלמוליב כלים שקוף קלאסי 7,מיליליטרים,750.00,"100 מ""ל",false,,9.90,0.0132,true,1,1339248
7290002730521,false,מקלות אוזניים בלונס,SEPTONA S.A,GR,בלונס מקלות אוזניים 200 י,יח',200.00,יח',false,,5.90,0.0295,true,1,1339250
7290002730538,false,פדים להסרת איפור 80,SEPTONA S.A,GR,בלונס מסיר איפור 80 יח,יח',80.00,יח',false,,9.90,0.1238,true,1,1339251
7290002730675,false,משחת שיניים קולגייט,COLGATE PALMOLIVE,PL,קולגייט משחה אדומה משפחתי,מיליליטרים,100.00,"100 מ""ל",false,,10.90,0.1090,true,1,1339253
7290002730811,false,משחת שיניים קולגייט,COLGATE PALMOLIVE,PL,קולגייט אדומה ג'ל חדש 100,מיליליטרים,100.00,"100 מ""ל",false,,15.90,0.1590,true,1,1339254
7290002730903,false,סבון מוצק רביעייה פל,COLGATE PALMOLIVE,TR,פלמוליב סבון מוצק ורדים ר,גרמים,400.00,100 גרם,false,,16.90,0.0422,true,1,1339255
7290002730941,false,צמר-גפן פרוס 100 גרם,SEPTONA S.A,GR,בלונס צמר גפן 100 גרם,גרמים,100.00,100 גרם,false,,5.90,0.0590,true,1,1339258
7290002730958,false,סבון מוצק רביעייה פל,COLGATE PALMOLIVE,TR,פלמוליב סבון מוצק ירוק זי,גרמים,400.00,100 גרם,false,,16.90,0.0422,true,1,1339259
7290002750338,false,לחם רוסטיק עגבניות מ,,,לחם רוסטיק עגבניות מ,גרמים,500.00,100 גרם,false,,14.90,0.0298,true,1,1978773
7290002752332,false,מנטוס פירות בודד,,,מנטוס פירות בודד,גרמים,37.50,100 גרם,false,,3.00,0.0800,true,1,1326832
7290002752349,false,מנטוס מנטה בודד,,,מנטוס מנטה בודד,גרמים,37.50,100 גרם,false,,3.00,0.0800,true,1,1326833
7290002752493,false,סוכריות טיק-טק רביעי,,,סוכריות טיק-טק רביעי,גרמים,64.00,100 גרם,false,,9.90,0.1547,true,1,1326834
7290002753223,false,סוכריות טיק-טק רביעי,,,סוכריות טיק-טק רביעי,גרמים,64.00,100 גרם,false,,9.90,0.1547,true,1,1326835
7290002757139,false,מלאווח 700 ג'.,אופרה,IL,מלאווח 700 ג',גרמים,700.00,100 גרם,false,,12.90,0.0184,true,1,1330059
7290002757535,false,בורקס פילו אצבעות גב,שגמור,IL,בורקס פילו אצבעות גבינה,גרמים,700.00,100 גרם,false,,14.90,0.0213,true,1,1330062
7290002768036,false,תיאדנט-מי פה ענק קרל,אמיליה קוסמטיקס,IL,"מי פה תיאדנט 150מ""ל",מיליליטרים,150.00,"100 מ""ל",false,,14.90,0.0993,true,1,1319949
7290002768043,false,תיאדנט-מי פה,אמיליה קוסמטיקס,IL,מי פה תיאדנט+פלאוריד150מ,מיליליטרים,150.00,"100 מ""ל",false,,14.90,0.0993,true,1,1319950
7290002768074,false,דרמפון-סבון נוזלי 1ל,אמיליה קוסמטיקס,IL,דרמפון סבון ללא סבון 1 ל,ליטרים,1.00,ליטר,false,,14.90,14.9000,true,1,1319951
7290002768159,false,סבון אמבט נוזלי בת א,אמיליה קוסמטיקס,IL,בת אורן סבון נוזלי 500מל,מיליליטרים,500.00,"100 מ""ל",false,,18.90,0.0378,true,1,1319952
7290002769316,false,עוגת קראנץ 500 גרם,,,עוגת קראנץ 500 גרם,גרמים,500.00,100 גרם,false,,13.90,0.0278,true,1,1364587
7290002769347,false,עוגיות מובחרות בדלי,,,עוגיות מובחרות בדלי,גרמים,600.00,100 גרם,false,,14.90,0.0248,true,1,1364588
7290002769392,false,עוגיות פרימיום מיוחד,,,עוגיות פרימיום מיוחד,גרמים,250.00,100 גרם,false,,20.90,0.0836,true,1,2002946
7290002769514,false,עוגיות מובחרות 350 ג,,,עוגיות מובחרות 350 ג,גרמים,350.00,100 גרם,false,,10.90,0.0311,true,1,1387121
7290002769767,false,עוגת גבינה במבחר טעמ,,,עוגת גבינה במבחר טעמ,גרמים,600.00,100 גרם,false,,41.90,0.0698,true,1,1942184
7290002769910,false,עוגיות ללא סוכר,,,עוגיות ללא סוכר,גרמים,300.00,100 גרם,false,,10.90,0.0363,true,1,2193932
7290002771104,false,קפה אלנח'לה 500 גרם,,,קפה אלנח'לה 500 גרם,גרמים,500.00,100 גרם,false,,29.90,0.0598,true,1,1359317
7290002771111,false,קפה אלנח'לה 250 גרם,,,קפה אלנח'לה 250 גרם,גרמים,250.00,100 גרם,false,,16.90,0.0676,true,1,1359318
7290002771128,false,קפה אלנח'לה 250 גרם,,,קפה אלנח'לה 250 גרם,גרמים,250.00,100 גרם,false,,16.90,0.0676,true,1,1359319
7290002771135,false,קפה אלנח'לה 100 גרם,,,קפה אלנח'לה 100 גרם,גרמים,100.00,100 גרם,false,,7.50,0.0750,true,1,1359320
7290002782131,false,דאודורנט פנינה מס 1,ביסקול תמרוקים,IL,דאודורנט פנינה מס 1,מיליליטרים,150.00,"100 מ""ל",false,,19.90,0.1327,true,1,1348376
7290002782742,false,דאודורנט פנינה מס 2,ביסקול תמרוקים,IL,דאודורנט פנינה מס 2,מיליליטרים,150.00,"100 מ""ל",false,,15.90,0.1060,true,1,1348378
7290002782759,false,קרם גוף פנינה מס 2,א.ארמן,IL,קרם גוף פנינה מס 2,מיליליטרים,340.00,"100 מ""ל",false,,24.90,0.0732,true,1,1348379
7290002787884,false,מקלות בורקס פילו תפו,שגמור,IL,מיני פילו תפוא 650 גר',גרמים,600.00,100 גרם,false,,14.90,0.0248,true,1,1330078
7290002787891,false,מקלות בורקס פילו תרד,שגמור,IL,מיני פילו תפוא 650 גר',גרמים,600.00,100 גרם,false,,14.90,0.0248,true,1,1330079
7290002824183,false,סקי 5% שטראוס 500 גר,שטראוס,IL,סקי משפחתי 5%,גרמים,500.00,100 גרם,false,,9.40,0.0188,true,1,1342447
7290002824466,false,יוגורט דנונה שטראוס,שטראוס,IL,"דנונה ביו טבעי 0%, 200 גר",גרמים,200.00,100 גרם,false,,3.30,0.0165,true,1,1342448
7290002824640,false,גבינת סקי 5% 250 גרם,שטראוס,IL,סקי 5% 250 גרם,גרמים,250.00,100 גרם,false,,4.70,0.0188,true,1,1342449
7290002825722,false,סלט כרוב אדום אחלה 5,שטראוס,IL,כרוב אדום 500,גרמים,500.00,100 גרם,false,,13.90,0.0278,true,1,1342451
7290002842002,false,קווקר שיבולת שועל.,,,קווקר שיבולת שועל.,גרמים,500.00,100 גרם,false,,9.90,0.0198,true,1,1363993
7290002842163,false,טונה יולה,,,טונה יולה,גרמים,185.00,100 גרם,false,,10.90,0.0589,true,1,1363994
7290002842293,false,סרדינים בשמן חריף,,,סרדינים בשמן חריף,גרמים,120.00,100 גרם,false,,4.90,0.0408,true,1,1363995
7290002842309,false,סרדינים בשמן חמניות,,,סרדינים בשמן חמניות,גרמים,120.00,100 גרם,false,,4.90,0.0408,true,1,1363996
7290002842415,false,פילה אנשובי אמיתי,,,פילה אנשובי אמיתי,גרמים,50.00,100 גרם,false,,5.90,0.1180,true,1,1363998
7290002842682,false,סרדין מינרווה בשמן ז,,,סרדין מינרווה בשמן ז,גרמים,120.00,100 גרם,false,,5.90,0.0492,true,1,2055049
7290002868996,false,קוטג' 5% טרה 250 גרם,טרה,IL,קוטג' 5% 250 גרם- נעמ,גרמים,250.00,100 גרם,false,,5.40,0.0216,true,1,1329066
7290002881025,false,מעדן דובדבן חמוץ 100,,,מעדן דובדבן חמוץ 100,גרמים,284.00,100 גרם,false,,12.90,0.0454,true,1,1340180
7290002881209,false,רסק תפוחי-עץ דיאט 72,,,רסק תפוחי-עץ דיאט 72,גרמים,720.00,100 גרם,false,,9.90,0.0138,true,1,1340189
7290002881261,false,ליצי שלם,,,ליצי שלם,גרמים,567.00,100 גרם,false,,8.90,0.0157,true,1,2284953
7290002881407,false,נודלס דק 400 גרם.,,,נודלס דק 400 גרם.,גרמים,400.00,100 גרם,false,,6.90,0.0173,true,1,1340193
7290002881414,false,נודלס עבה-400 גרם.,,,נודלס עבה-400 גרם.,גרמים,400.00,100 גרם,false,,6.90,0.0173,true,1,1340194
7290002881469,false,עגבניות מיובשות בשמן,,,עגבניות מיובשות בשמן,גרמים,340.00,100 גרם,false,,12.90,0.0379,true,1,1340196
7290002881506,false,חמאת בוטנים 500גרם,,,חמאת בוטנים 500גרם,גרמים,510.00,100 גרם,false,,9.90,0.0194,true,1,1340197
7290002881742,false,לבבות דקל פרוסות,,,לבבות דקל פרוסות,גרמים,400.00,100 גרם,false,,9.90,0.0248,true,1,1340204
7290002881988,false,סרדין מרוקאי בשמן ול,,,סרדין מרוקאי בשמן ול,גרמים,125.00,100 גרם,false,,5.90,0.0472,true,1,1340210
7290002900566,false,פסטרמה ברביקיו דל שו,טירת צבי,IL,"פסטרמה ברביקיו ד""ש 360 גר",גרמים,360.00,100 גרם,false,,26.90,0.0747,true,1,1341156
7290002904694,false,דאודורנט תרסיס טיטני,אמיליה קוסמטיקס,IL,דאו.טיטניום תרסיס 180 מל,מיליליטרים,180.00,"100 מ""ל",false,,14.90,0.0828,true,1,1319953
7290002921226,false,הזלין קרם לניקוי עור,פרייק,CH,הזלין-קרם /בקבוק,גרמים,250.00,100 גרם,false,,24.90,0.0996,true,1,1326087
7290002921233,false,קרבונה מסיר כתמים,מרקה,ES,קרבונה-ספריי,גרמים,170.00,100 גרם,false,,19.90,0.1171,true,1,1326088
7290002925729,false,מי פה-גם וגם כחול קר,אמיליה קוסמטיקס,IL,גם וגם כחול,גרמים,120.00,100 גרם,false,,14.90,0.1242,true,1,1319954
7290002925798,false,מי פה-גם וגם ירוק קר,אמיליה קוסמטיקס,IL,"משחה +מי פה ירוק 120מ""ל",גרמים,120.00,100 גרם,false,,14.90,0.1242,true,1,1319955
7290002954187,false,"אורז יסמין 5 ק""ג שקי",,,"אורז יסמין 5 ק""ג שקי",קילוגרמים,5.00,"ק""ג",false,,39.90,7.9800,true,1,1361379
7290002954477,false,"אורז עגול 5 ק""ג",,,"אורז עגול 5 ק""ג",קילוגרמים,5.00,"ק""ג",false,,42.90,8.5800,true,1,1361381
7290003006021,false,קוביות גבינת פטה לסל,,,קוביות גבינת פטה לסל,קילוגרמים,1.00,"ק""ג",true,,69.00,69.0000,true,1,2281243
7290003009312,false,בוטן קלוי בשקית,,,בוטן קלוי בשקית,גרמים,200.00,100 גרם,false,,7.90,0.0395,true,1,1326837
7290003009329,false,בוטן אמריקאי.,,,בוטן אמריקאי.,גרמים,200.00,100 גרם,false,,5.90,0.0295,true,1,1326838
7290003009336,false,קבוקים בשקית.,,,קבוקים בשקית.,גרמים,200.00,100 גרם,false,,5.90,0.0295,true,1,1326839
7290003015634,false,ריצפז פרש לרצפות 2 ל,סנו,IL,סנו ריצפז פרש פסיפלורה2ל,ליטרים,2.00,ליטר,false,,17.90,8.9500,true,1,1319969
7290003015641,false,ריצפז פרש לרצפות 2 ל,סנו,IL,סנו ריצפז פרש יסמין2ליטר,ליטרים,2.00,ליטר,false,,17.90,8.9500,true,1,1319970
7290003015672,false,מפיות אירוח סנו סושי,חיי נייר,IL,מפיות אירוח סנו סושי50יח,יח',50.00,יח',false,,7.90,0.1580,true,1,1319971
7290003026197,false,קמיל שמן טיפול עדין,"ד""ר פישר Dr fischer",IL,קמיל בלו סנסיטיב שמן טיפו,מיליליטרים,500.00,"100 מ""ל",false,,19.90,0.0398,true,1,1352242
7290003026227,false,קמיל פלוס אל דמע 1 ל,"ד""ר פישר Dr fischer",IL,קמיל בלו סנסיטיב אל דמע ל,ליטרים,1.00,ליטר,false,,24.90,24.9000,true,1,1352243
7290003026234,false,קמיל תחליב לתינוק,"ד""ר פישר Dr fischer",IL,קמיל בלו סנסיטיב תחליב לת,מיליליטרים,500.00,"100 מ""ל",false,,19.90,0.0398,true,1,1352244
7290003029181,false,משקה שוקו יטבתה 1 לי,שטראוס,IL,שוקו 1 ל בקבוק מהדרין,ליטרים,1.00,ליטר,false,,10.90,10.9000,true,1,1342457
7290003029372,false,משקה בננה יטבתה 1 לי,שטראוס,IL,1 ליטר משקה בננה מהדרין,ליטרים,1.00,ליטר,false,,10.90,10.9000,true,1,1342459
7290003029389,false,"משקה בננה 250 מ""ל יט",שטראוס,IL,"בננה פקק 250 מ""ל מהדרין",מיליליטרים,250.00,"100 מ""ל",false,,4.90,0.0196,true,1,1342460
7290003029433,false,שוקו יטבתה בקבוק 250,שטראוס,IL,שוקו פקק 250 מל מהדר,מיליליטרים,250.00,"100 מ""ל",false,,5.50,0.0220,true,1,1342462
7290003029532,false,משקה מוקה יטבתה 1 לי,שטראוס,IL,מוקה בקבוק 1 ליטר מהדרין,ליטרים,1.00,ליטר,false,,10.90,10.9000,true,1,1342464
7290003029792,false,מארז 8 שוקו יטבתה 22,שטראוס,IL,מארז 8 שקיות שוקו- מהדרין,מיליליטרים,1800.00,"100 מ""ל",false,,18.90,0.0105,true,1,1342466
7290003029815,false,חלב מועשר 2 ליטר כד,שטראוס,IL,כד 2 ליטר חלב 3%- מהדרין,ליטרים,2.00,ליטר,false,,13.90,6.9500,true,1,1342467
7290003029907,false,משקה אייס קפה יטבתה,שטראוס,IL,אייס קפה 1 ליטר יטבתה מהד,ליטרים,1.00,ליטר,false,,10.90,10.9000,true,1,1342469
7290003031702,false,"נקניקיות הודו 1 ק""ג",,,"נקניקיות הודו 1 ק""ג",קילוגרמים,1.00,"ק""ג",false,,32.90,32.9000,true,1,1341157
7290003031788,false,פסטרמה 400+400 מחפוד,,,פסטרמה 400+400 מחפוד,גרמים,800.00,100 גרם,false,,34.90,0.0436,true,1,1341162
7290003047642,false,תה ליפטון 1.5 גרם 10,יוניליוור,IN,ליפטון תה שחור 1.5 גר,גרמים,150.00,100 גרם,false,,14.90,0.0993,true,1,1341836
7290003054657,false,חרדל דיזון 370 גרם,מרום את קונפינו,,חרדל דיזון 370 גרם,גרמים,370.00,100 גרם,false,,10.90,0.0295,true,1,1306804
7290003060009,false,"קמח לבן 1 ק""ג.",טחנות ישראליות,IL,קמח חיטה לבן בהיר,קילוגרמים,1.00,"ק""ג",false,,4.30,4.3000,true,1,1340098
7290003060023,false,"סולת 1 ק""ג.",טחנות ישראליות,IL,סולת חיטה,קילוגרמים,1.00,"ק""ג",false,,4.30,4.3000,true,1,1340100
7290003060047,false,"קמח תופח 1 ק""ג.",טחנות ישראליות,IL,קמח תופח,קילוגרמים,1.00,"ק""ג",false,,4.90,4.9000,true,1,1340102
7290003070008,false,טחינה זהב 500 גרם,,,טחינה זהב 500 גרם,גרמים,500.00,100 גרם,false,,12.90,0.0258,true,1,1340171
7290003070015,false,"טחינה זהב 1 ק""ג",,,"טחינה זהב 1 ק""ג",גרמים,1000.00,100 גרם,false,,24.90,0.0249,true,1,1340172
7290003072811,false,נקניקיות בראטוורסט,,,נקניקיות בראטוורסט,גרמים,320.00,100 גרם,false,,19.90,0.0622,true,1,2161739
7290003072972,false,חטיפי קבנוס בתיבול ש,,,חטיפי קבנוס בתיבול ש,גרמים,120.00,100 גרם,false,,12.90,0.1075,true,1,2220625
7290003078042,false,אריסה,,,אריסה,גרמים,250.00,100 גרם,false,,14.90,0.0596,true,1,1335116
7290003078066,false,שום כתוש,,,שום כתוש,גרמים,250.00,100 גרם,false,,14.90,0.0596,true,1,1335117
7290003078318,false,עלי פטרוזיליה,,,עלי פטרוזיליה,גרמים,20.00,100 גרם,false,,13.90,0.6950,true,1,1335120
7290003078516,false,פלפל צ'ומה,,,פלפל צ'ומה,גרמים,250.00,100 גרם,false,,14.90,0.0596,true,1,1335121
7290003078639,false,פפריקה מתוקה בשמן,,,פפריקה מתוקה בשמן,גרמים,500.00,100 גרם,false,,29.90,0.0598,true,1,2310741
7290003078721,false,סחוג,,,סחוג,גרמים,250.00,100 גרם,false,,14.90,0.0596,true,1,2310742
7290003078738,false,לימון בלאדי,,,לימון בלאדי,גרמים,250.00,100 גרם,false,,14.90,0.0596,true,1,1335127
7290003102068,false,צימרוני אוזניים 100,,,צימרוני אוזניים 100,יח',100.00,יח',false,,1.50,0.0150,true,1,1322621
7290003102136,false,צמר גפן 100 גר',,,צמר גפן 100 גר',גרמים,100.00,100 גרם,false,,4.50,0.0450,true,1,1322622
7290003102280,false,צימרונים לתינוק,,,צימרונים לתינוק,יח',55.00,יח',false,,3.50,0.0636,true,1,1322624
7290003102891,false,שקיות צליה הוסטס 10,,,שקיות צליה הוסטס 10,יח',10.00,יח',false,,4.90,0.4900,true,1,1322630
7290003102976,false,צמרוני אוזנים קופסא,,,צמרוני אוזנים קופסא,יח',200.00,יח',false,,3.90,0.0195,true,1,1322632
7290003126712,false,יוגורט עיזים 3.9% צו,משק צוריאל,IL,"יוגורט עיזים בגביע-140 מ""",גרמים,150.00,100 גרם,false,,5.90,0.0393,true,1,1329071
7290003127023,false,שקיות אוכל בקופסא זו,,,שקיות אוכל בקופסא זו,יח',300.00,יח',false,,9.90,0.0330,true,1,1354476
7290003127436,false,שקיות בגליל 75/90 50,,,שקיות בגליל 75/90 50,יח',50.00,יח',false,,19.90,0.3980,true,1,1354479
7290003127467,false,שקיות אשפה 75/90 שרו,,,שקיות אשפה 75/90 שרו,יח',20.00,יח',false,,19.90,0.9950,true,1,1354480
7290003127559,false,"מפה חגיגית 24 מ""ר פר",,,"מפה חגיגית 24 מ""ר פר","מ""ר",24.00,"מ""ר",false,,14.90,0.6208,true,1,1354481
7290003127788,false,שקיות אשפה 52/65 שרו,,,שקיות אשפה 52/65 שרו,יח',60.00,יח',false,,19.90,0.3317,true,1,1354484
7290003127993,false,שקיות סנדוויץ נקשרות,,,שקיות סנדוויץ נקשרות,יח',100.00,יח',false,,7.90,0.0790,true,1,1354486
7290003141159,false,מרשמלו יוגטה,,,מרשמלו יוגטה,גרמים,180.00,100 גרם,false,,6.90,0.0383,true,1,1326847
7290003142477,false,ערמונים קלופים וקלוי,גליל,IL,ערמונים קלופים וקלויים 10,גרמים,100.00,100 גרם,false,,5.90,0.0590,true,1,1326858
7290003143146,false,ממרח תמרים 450 גרם,,,ממרח תמרים 450 גרם,גרמים,450.00,100 גרם,false,,4.90,0.0109,true,1,1326864
7290003143276,false,מרשמלו יוגטה,,,מרשמלו יוגטה,גרמים,180.00,100 גרם,false,,6.90,0.0383,true,1,1326873
7290003145751,false,קשיו קלוי בשקית,,,קשיו קלוי בשקית,גרמים,200.00,100 גרם,false,,15.90,0.0795,true,1,1326895
7290003145768,false,בוטן אמריקאי.,,,בוטן אמריקאי.,גרמים,50.00,100 גרם,false,,2.00,0.0400,true,1,1326896
7290003189076,false,פיצרלה 500גר.,,,פיצרלה 500גר.,גרמים,500.00,100 גרם,false,,19.90,0.0398,true,1,1327262
7290003189199,false,בסיגנון גבינה חריפה.,,,בסיגנון גבינה חריפה.,קילוגרמים,1.00,"ק""ג",true,,35.00,35.0000,true,1,1327267
7290003189205,false,הצהובה הטובה 9% קלאס,,,הצהובה הטובה 9% קלאס,גרמים,200.00,100 גרם,false,,11.90,0.0595,true,1,1327268
7290003189557,false,צהובה טובה 5% מעושן.,,,צהובה טובה 5% מעושן.,גרמים,200.00,100 גרם,false,,13.90,0.0695,true,1,1327280
7290003208531,false,וויסקי קינג רוברט,,,וויסקי קינג רוברט,מיליליטרים,700.00,"100 מ""ל",false,,69.90,0.0999,true,1,1775965
7290003212965,false,מאפה שמרים 400 גר',,,מאפה שמרים 400 גר',גרמים,400.00,100 גרם,false,,9.90,0.0248,true,1,1364600
7290003219766,false,מילוי לספוג לחות 3 י,,,מילוי לספוג לחות 3 י,יחידה,0.00,יחידה,false,,32.90,0.0000,true,1,2210041
7290003220595,false,אורז לסושי WOK,מיה תעשיות מזון,IL,"ווק אורז לסושי 1ק""ג",קילוגרמים,1.00,"ק""ג",false,,10.90,10.9000,true,1,1337574
7290003222049,false,מארז 12 פיתות ביס מק,,,מארז 12 פיתות ביס מק,גרמים,600.00,100 גרם,false,,10.90,0.0182,true,1,1335310
7290003222070,false,מארז פיתות 13 יח,,,מארז פיתות 13 יח,גרמים,1360.00,100 גרם,false,,9.90,0.0073,true,1,1335311
7290003222094,false,מארז פיתות ביס עבודת,,,מארז פיתות ביס עבודת,גרמים,550.00,100 גרם,false,,10.00,0.0182,true,1,1335312
7290003222568,false,מארז 5 פיתות.,,,מארז 5 פיתות.,גרמים,500.00,100 גרם,false,,4.90,0.0098,true,1,1335315
7290003222742,false,מארז 10 פיתות תמניות,,,מארז 10 פיתות תמניות,גרמים,1000.00,100 גרם,false,,10.90,0.0109,true,1,1335316
7290003222780,false,מארז 5 פיתות כפריות,,,מארז 5 פיתות כפריות,גרמים,500.00,100 גרם,false,,4.90,0.0098,true,1,1335317
7290003227402,false,קרם גוף מידנייט,,,קרם גוף מידנייט,מיליליטרים,275.00,"100 מ""ל",false,,29.90,0.1087,true,1,1328280
7290003229116,false,פסטרמה בדבש 400 גרם,טירת צבי,IL,פסטרמה בדבש 400 גרם טירת,גרמים,400.00,100 גרם,false,,26.90,0.0672,true,1,1341168
7290003229123,false,פסטרמה על גחלים 400,טירת צבי,IL,פסטרמה  גחלים 400 גרם טיר,גרמים,400.00,100 גרם,false,,26.90,0.0672,true,1,1341169
7290003229147,false,סלמי איטלקי 300 גרם,טירת צבי,IL,סלמי בסגנון איטלקי 300 גר,גרמים,300.00,100 גרם,false,,24.90,0.0830,true,1,1341170
7290003229154,false,נקניק קוניאק 300 גרם,טירת צבי,IL,סלמי קוניאק 300 גרם טירת,גרמים,300.00,100 גרם,false,,24.90,0.0830,true,1,1341171
7290003229192,false,נקניק כתף בקר מעושן,טירת צבי,IL,כתף בקר מעושן 400 גרם טיר,גרמים,400.00,100 גרם,false,,34.90,0.0872,true,1,1341173
7290003229215,false,פסטרמה איטלקית 360 ג,טירת צבי,IL,פסטרמה בסגנון איטלקי 360,גרמים,360.00,100 גרם,false,,26.90,0.0747,true,1,1341175
7290003229222,false,א.מ סלמי תה משובח 30,טירת צבי,IL,סלמי תה  300 גר' טירת צבי,גרמים,300.00,100 גרם,false,,22.90,0.0763,true,1,1341176
7290003251087,false,שעווה גוש,שוורץ,IL,"שעווה גוש לפנים 100 סמ""ק",גרמים,100.00,100 גרם,false,,8.90,0.0890,true,1,1328584
7290003251186,false,מסיר לק ריחני,שוורץ,IL,"מסיר לק   150 סמ""ק",מיליליטרים,150.00,"100 מ""ל",false,,5.90,0.0393,true,1,1328586
7290003251797,false,"תחליב חמצן 9% 500 מ""",שוורץ,IL,"תח'  חמ  % 9  500 סמ""ק",מיליליטרים,500.00,"100 מ""ל",false,,9.90,0.0198,true,1,1328594
7290003251865,false,שקית אבקה הבהרה 10,שוורץ,IL,אבקת הבהרה לשיער 10 גר בל,גרמים,10.00,100 גרם,false,,3.90,0.3900,true,1,1328596
7290003251933,false,"תחליב חמצן 6% 500 מ""",שוורץ,IL,"תח'  חמ  % 6  500 סמ""ק",מיליליטרים,500.00,"100 מ""ל",false,,9.90,0.0198,true,1,1328597
7290003258291,false,דאודורנט פנינה מס 3,ביסקול תמרוקים,IL,דאודורנט פנינה מס 3,מיליליטרים,150.00,"100 מ""ל",false,,15.90,0.1060,true,1,1348381
7290003321155,false,דנונה בר פקאן.,שטראוס,IL,בר פקאן בודד – מקט החזרות,גרמים,183.00,100 גרם,false,,4.50,0.0246,true,1,1342470
7290003385881,false,במיה ברוטב עגבניות,פרי הגליל,IL,במיה ברוטב א -2פג,גרמים,540.00,100 גרם,false,,8.90,0.0165,true,1,1347583
7290003387205,false,דאודורנט סטיק-ירוק ס,COLGATE PALMOLIVE,US,ספיד סטיק בסיסי ירוק רגיל,גרמים,56.60,100 גרם,false,,19.90,0.3516,true,1,1339260
7290003387373,false,דאודורנט סטיק-שקוף ס,COLGATE PALMOLIVE,US,ספיד סטיק בסיסי קלאסיק חד,גרמים,50.00,100 גרם,false,,19.90,0.3980,true,1,1339262
7290003387410,false,פדים להסרת איפור שלש,SEPTONA S.A,GR,בלונס מסיר איפור שלשות,יח',3.00,יח',false,,18.90,6.3000,true,1,1339263
7290003400500,false,חטיף קרמל עם בוטנים,הרשי,US,חטיף ריסס נאטרייגס 47 גרם,גרמים,47.00,100 גרם,false,,3.90,0.0830,true,1,1326897
7290003401369,false,קרם לחות לשיער חוחבה,אמיליה קוסמטיקס,IL,קרם לחות לשיער חוחובה400,מיליליטרים,400.00,"100 מ""ל",false,,17.90,0.0447,true,1,1319973
7290003401376,false,קרם לחות לשיער אלוור,אמיליה קוסמטיקס,IL,קרם לחות אלוורה לשיער400,מיליליטרים,400.00,"100 מ""ל",false,,17.90,0.0447,true,1,1319974
7290003402809,false,חטיף שוקולד לבן במיל,,,חטיף שוקולד לבן במיל,גרמים,39.00,100 גרם,false,,4.90,0.1256,true,1,2060397
7290003409068,false,בורגר בקר משפחתי 2 ק,,,בורגר בקר משפחתי 2 ק,גרמים,2000.00,100 גרם,false,,49.90,0.0249,true,1,1361276
7290003409099,false,בשר בקר לחמין,,,בשר בקר לחמין,קילוגרמים,1.00,"ק""ג",true,,39.90,39.9000,true,1,1361279
7290003409105,false,בורגר אנטריקוט 500 ג,,,בורגר אנטריקוט 500 ג,גרמים,500.00,100 גרם,false,,34.90,0.0698,true,1,1361280
7290003409143,false,נקניקיות מיני מרגז 5,,,נקניקיות מיני מרגז 5,גרמים,500.00,100 גרם,false,,29.90,0.0598,true,1,1361283
7290003409204,false,פילה לברק מעדני הים,,,פילה לברק מעדני הים,קילוגרמים,1.00,"ק""ג",true,,39.90,39.9000,true,1,1349521
7290003409372,false,סטייק בורגר פרימיום,,,סטייק בורגר פרימיום,גרמים,500.00,100 גרם,false,,34.90,0.0698,true,1,1361294
7290003409402,false,פילה סלמון נורבגי קפ,,,פילה סלמון נורבגי קפ,קילוגרמים,1.00,"ק""ג",true,,79.90,79.9000,true,1,1361297
7290003409426,false,שווארמה הודו מתובלת,,,שווארמה הודו מתובלת,גרמים,500.00,100 גרם,false,,29.90,0.0598,true,1,1361298
7290003409617,false,פילה נסיכת הנילוס קפ,,,פילה נסיכת הנילוס קפ,קילוגרמים,1.00,"ק""ג",true,,34.90,34.9000,true,1,1472235
7290003409655,false,פילה אמנון 7-9 ללא ע,,,פילה אמנון 7-9 ללא ע,קילוגרמים,1.00,"ק""ג",true,,39.90,39.9000,true,1,1489113
7290003409662,false,נקניקיות מרגז עגל חל,,,נקניקיות מרגז עגל חל,גרמים,500.00,100 גרם,false,,29.90,0.0598,true,1,1557263
7290003409679,false,קבב יווני 400 גרם,,,קבב יווני 400 גרם,יח',1.00,יח',false,,24.90,24.9000,true,1,1645367
7290003409785,false,חזה בקר בשר מס' 3,,,חזה בקר בשר מס' 3,קילוגרמים,1.00,"ק""ג",true,,29.90,29.9000,true,1,1732563
7290003409792,false,פילה אמנון 9/11 ג'מב,,,פילה אמנון 9/11 ג'מב,קילוגרמים,1.00,"ק""ג",true,,39.90,39.9000,true,1,1801230
7290003409822,false,שניצלוני עוף בציפוי,,,שניצלוני עוף בציפוי,גרמים,700.00,100 גרם,false,,19.90,0.0284,true,1,2058654
7290003409907,false,קבב ג'מבו רומני 500,,,קבב ג'מבו רומני 500,גרמים,500.00,100 גרם,false,,29.90,0.0598,true,1,2053931
7290003409938,false,קבב ג'מבו מזרחי 500,,,קבב ג'מבו מזרחי 500,גרמים,500.00,100 גרם,false,,29.90,0.0598,true,1,2053934
7290003409969,false,סינטה דק דק 250 גרם,,,סינטה דק דק 250 גרם,גרמים,250.00,100 גרם,false,,24.90,0.0996,true,1,2152682
7290003411054,false,שקיות לצליה גדול,,,שקיות לצליה גדול,יח',5.00,יח',false,,4.90,0.9800,true,1,1321916
7290003411726,false,קיסמי מלחיה 300 יח,,,קיסמי מלחיה 300 יח,יח',300.00,יח',false,,2.90,0.0097,true,1,1321934
7290003411832,false,גרנולה אגוזים.,,,גרנולה אגוזים.,גרמים,400.00,100 גרם,false,,9.90,0.0248,true,1,1321937
7290003411856,false,גרנולה תפוחי עץ.,,,גרנולה תפוחי עץ.,גרמים,400.00,100 גרם,false,,9.90,0.0248,true,1,1321939
7290003411948,false,צמר-גפן,,,צמר-גפן,גרמים,100.00,100 גרם,false,,3.90,0.0390,true,1,1321940
7290003411993,false,גפרורים 10 יחידות,,,גפרורים 10 יחידות,יח',10.00,יח',false,,2.00,0.2000,true,1,1321941
7290003415120,false,סטייק אנטריקוט דק דק,,,סטייק אנטריקוט דק דק,גרמים,250.00,100 גרם,false,,24.90,0.0996,true,1,1361304
7290003415144,false,שווארמה עוף מתובלת 5,,,שווארמה עוף מתובלת 5,גרמים,500.00,100 גרם,false,,29.90,0.0598,true,1,2196718
7290003415434,false,כבד עוף קפוא ארוז,,,כבד עוף קפוא ארוז,קילוגרמים,1.00,"ק""ג",true,,24.90,24.9000,true,1,1361315
7290003415571,false,צלי כתף עגל מוכשר אר,,,צלי כתף עגל מוכשר אר,קילוגרמים,1.00,"ק""ג",true,,59.90,59.9000,true,1,1361324
7290003415625,false,שיפודי פרגיות קפוא א,,,שיפודי פרגיות קפוא א,קילוגרמים,1.00,"ק""ג",true,,59.90,59.9000,true,1,1361326
7290003415632,false,סטייק פרגיות קפוא אר,,,סטייק פרגיות קפוא אר,קילוגרמים,1.00,"ק""ג",true,,69.90,69.9000,true,1,1361327
7290003415656,false,עדשים שחורות 500 גרם,,,עדשים שחורות 500 גרם,גרמים,500.00,100 גרם,false,,7.90,0.0158,true,1,1364618
7290003415663,false,עוף טחון קפוא 500 גר,,,עוף טחון קפוא 500 גר,גרמים,500.00,100 גרם,false,,14.90,0.0298,true,1,1361328
7290003415694,false,בשר ראש קפוא ארוז,,,בשר ראש קפוא ארוז,קילוגרמים,1.00,"ק""ג",true,,49.90,49.9000,true,1,1361331
7290003415724,false,סטייק עוף ארוז קפוא,,,סטייק עוף ארוז קפוא,קילוגרמים,1.00,"ק""ג",true,,21.90,21.9000,true,1,1361334
7290003415847,false,נקניקיות מרגז 500 גר,,,נקניקיות מרגז 500 גר,גרמים,500.00,100 גרם,false,,29.90,0.0598,true,1,1361341
7290003415854,false,נקניקיות צ'וריסוס 50,,,נקניקיות צ'וריסוס 50,גרמים,500.00,100 גרם,false,,29.90,0.0598,true,1,1361342
7290003415991,false,כתף עגל בשר מס' 4,,,כתף עגל בשר מס' 4,קילוגרמים,1.00,"ק""ג",true,,49.90,49.9000,true,1,1808368
7290003423909,false,חטיף שוקולד לבן עם ש,הרשי,US,קוקיז אנד קרים הרשי 43 גר,גרמים,43.00,100 גרם,false,,4.90,0.1140,true,1,1326898
7290003438006,false,ממרח פסטו איטלקי,אוליביה,IL,פסטו איטלקי,גרמים,180.00,100 גרם,false,,12.90,0.0717,true,1,1309058
7290003438013,false,ממרח זיתים ירוקים,אוליביה,IL,ממרח זיתים ירוקים,גרמים,190.00,100 גרם,false,,12.90,0.0679,true,1,1309059
7290003438020,false,ממרח עגבניות,אוליביה,IL,ממרח עגבניות מיובשות,גרמים,190.00,100 גרם,false,,12.90,0.0679,true,1,1309060
7290003438709,false,ממרח זיתים שחורים,אוליביה,IL,ממרח זיתים,גרמים,190.00,100 גרם,false,,12.90,0.0679,true,1,1309070
7290003438853,false,אריסה חריפה אוליביה,אוליביה,IL,אריסה חריפה 185 גרם,גרמים,180.00,100 גרם,false,,12.90,0.0717,true,1,1309071
7290003444009,false,שוקולד חלב במילוי חמ,הרשי,US,חטיף ריזס שוקולד חלב  42,גרמים,42.00,100 גרם,false,,3.90,0.0929,true,1,1326900
7290003458066,false,פילה מדומה מס.6 קפוא,,,פילה מדומה מס.6 קפוא,קילוגרמים,1.00,"ק""ג",true,,49.90,49.9000,true,1,2270963
7290003475124,false,צמר גפן עננים 100 גר,SEPTONA S.A,GR,עננים צמר גפן 100 גרם,גרמים,100.00,100 גרם,false,,5.90,0.0590,true,1,1339264
7290003485017,false,קווקר דק 500 גרם.,,,קווקר דק 500 גרם.,גרמים,500.00,100 גרם,false,,4.90,0.0098,true,1,1364619
7290003485024,false,קווקר עבה 500 גרם.,,,קווקר עבה 500 גרם.,גרמים,500.00,100 גרם,false,,4.90,0.0098,true,1,1345410
7290003485031,false,בורגול עבה 500 גרם.,,,בורגול עבה 500 גרם.,גרמים,500.00,100 גרם,false,,4.90,0.0098,true,1,1345411
7290003485048,false,כוסמת קלויה 500 גרם.,,,כוסמת קלויה 500 גרם.,גרמים,500.00,100 גרם,false,,5.90,0.0118,true,1,1364620
7290003485055,false,"אורז תאילנדי 1 ק""ג",,,"אורז תאילנדי 1 ק""ג",קילוגרמים,1.00,"ק""ג",false,,8.90,8.9000,true,1,1364621
7290003485123,false,חזה עוף קפוא ארוז,,,חזה עוף קפוא ארוז,קילוגרמים,1.00,"ק""ג",true,,19.90,19.9000,true,1,1361355
7290003485147,false,"אורז יסמין 1 ק""ג",,,"אורז יסמין 1 ק""ג",קילוגרמים,1.00,"ק""ג",false,,9.90,9.9000,true,1,1350780
7290003485161,false,כרעיים עוף קפוא ארוז,,,כרעיים עוף קפוא ארוז,קילוגרמים,1.00,"ק""ג",true,,24.90,24.9000,true,1,1361356
7290003485185,false,"אורז ריזוטו 1 ק""ג",,,"אורז ריזוטו 1 ק""ג",קילוגרמים,1.00,"ק""ג",false,,9.90,9.9000,true,1,1328992
7290003485192,false,"אורז בסמטי 1 ק""ג",,,"אורז בסמטי 1 ק""ג",קילוגרמים,1.00,"ק""ג",false,,9.90,9.9000,true,1,1333878
7290003485215,false,"אורז לסושי 1 ק""ג",,,"אורז לסושי 1 ק""ג",קילוגרמים,1.00,"ק""ג",false,,8.90,8.9000,true,1,1328993
7290003485222,false,"סוכר 1 ק""ג",סוגת תעשיות,IL,"סוכר 1 ק""ג - חצי חינם",קילוגרמים,1.00,"ק""ג",false,,3.90,3.9000,true,1,1333706
7290003485260,false,שוקיים עוף קפוא ארוז,,,שוקיים עוף קפוא ארוז,קילוגרמים,1.00,"ק""ג",true,,29.90,29.9000,true,1,1361358
7290003485277,false,כנפיים עוף קפוא ארוז,,,כנפיים עוף קפוא ארוז,קילוגרמים,1.00,"ק""ג",true,,7.90,7.9000,true,1,1361359
7290003485284,false,שניצל עוף קפוא ארוז,,,שניצל עוף קפוא ארוז,קילוגרמים,1.00,"ק""ג",true,,34.90,34.9000,true,1,1361360
7290003485307,false,"אורז מלא 1 ק""ג",,,"אורז מלא 1 ק""ג",קילוגרמים,1.00,"ק""ג",false,,8.90,8.9000,true,1,1328994
7290003485314,false,בורגול דק 500 גרם.,,,בורגול דק 500 גרם.,גרמים,500.00,100 גרם,false,,4.90,0.0098,true,1,1364622
7290003485321,false,חיטה 500 גרם.,,,חיטה 500 גרם.,גרמים,500.00,100 גרם,false,,4.90,0.0098,true,1,1364623
7290003485338,false,לוביה 500 גרם,,,לוביה 500 גרם,גרמים,500.00,100 גרם,false,,6.90,0.0138,true,1,1335087
7290003485345,false,גריסים 500 גרם,,,גריסים 500 גרם,גרמים,500.00,100 גרם,false,,4.90,0.0098,true,1,1333880
7290003485352,false,"אורז עגול 1 ק""ג",,,"אורז עגול 1 ק""ג",קילוגרמים,1.00,"ק""ג",false,,8.90,8.9000,true,1,1328995
7290003485369,false,חומוס גדול 500 גרם,,,חומוס גדול 500 גרם,גרמים,500.00,100 גרם,false,,9.90,0.0198,true,1,1364624
7290003485376,false,פול קטן 500 גרם,,,פול קטן 500 גרם,גרמים,500.00,100 גרם,false,,4.90,0.0098,true,1,1333881
7290003485383,false,פול גדול 500 גרם,,,פול גדול 500 גרם,גרמים,500.00,100 גרם,false,,8.90,0.0178,true,1,1345413
7290003485390,false,עדשים אדומות 500 גרם,,,עדשים אדומות 500 גרם,גרמים,500.00,100 גרם,false,,5.90,0.0118,true,1,1364625
7290003485406,false,עדשים ירוקות 500 גרם,,,עדשים ירוקות 500 גרם,גרמים,500.00,100 גרם,false,,5.90,0.0118,true,1,1364626
7290003485413,false,פופקורן 500 גרם,,,פופקורן 500 גרם,גרמים,500.00,100 גרם,false,,5.90,0.0118,true,1,1323788
7290003485499,false,מש 500 גרם,,,מש 500 גרם,גרמים,500.00,100 גרם,false,,5.90,0.0118,true,1,1335089
7290003485505,false,שעועית אדומה 500 גרם,,,שעועית אדומה 500 גרם,גרמים,500.00,100 גרם,false,,6.90,0.0138,true,1,1345414
7290003485529,false,שעועית אמריקאית 500,,,שעועית אמריקאית 500,גרמים,500.00,100 גרם,false,,6.90,0.0138,true,1,1364627
7290003485543,false,אפונה 500 גרם,,,אפונה 500 גרם,גרמים,500.00,100 גרם,false,,4.90,0.0098,true,1,1364628
7290003485567,false,תורמוס 500 גרם,,,תורמוס 500 גרם,גרמים,500.00,100 גרם,false,,4.90,0.0098,true,1,1345415
7290003485574,false,שעועית ארגנטינאית 50,,,שעועית ארגנטינאית 50,גרמים,500.00,100 גרם,false,,5.90,0.0118,true,1,1335090
7290003485666,false,חומוס גרגרים 500 גרם,,,חומוס גרגרים 500 גרם,גרמים,500.00,100 גרם,false,,6.90,0.0138,true,1,1335092
7290003485680,false,קוקוס טחון 200 גרם,,,קוקוס טחון 200 גרם,גרמים,200.00,100 גרם,false,,5.90,0.0295,true,1,1335093
7290003485697,false,שומשום 200 גרם,,,שומשום 200 גרם,גרמים,200.00,100 גרם,false,,4.90,0.0245,true,1,1335094
7290003485734,false,דוחן 500 גרם,,,דוחן 500 גרם,גרמים,500.00,100 גרם,false,,5.90,0.0118,true,1,1364630
7290003485796,false,"אורז פרסי 1 ק""ג",,,"אורז פרסי 1 ק""ג",גרמים,1000.00,100 גרם,false,,9.90,0.0099,true,1,1328998
7290003514007,false,שקדי מרק מנה 400 גרם,מנה Mana,IL,מנה שקדי מרק מנה 400 גרם,גרמים,400.00,100 גרם,false,,8.90,0.0223,true,1,1339265
7290003521074,false,מרכך סרקל 1 ליטר,"ד""ר פישר Dr fischer",IL,סרקל מעצב ליטר,ליטרים,1.00,ליטר,false,,28.90,28.9000,true,1,1352249
7290003521081,false,שמפו סרקל 1 ליטר,"ד""ר פישר Dr fischer",IL,סרקל שמפו ליטר,ליטרים,1.00,ליטר,false,,28.90,28.9000,true,1,1352250
7290003521166,false,סרקל קרם רוזמרין 325,"ד""ר פישר Dr fischer",IL,"סרקל קרם רוזמרין 325מ""ל",גרמים,325.00,100 גרם,false,,22.90,0.0705,true,1,1352251
7290003521197,false,סרקל מתיר קשרים 340,"ד""ר פישר Dr fischer",IL,"סרקל מתיר קשרים 340מ""ל",מיליליטרים,340.00,"100 מ""ל",false,,22.90,0.0674,true,1,1352253
7290003521203,false,סרקל שמפו 2 ליטר,"ד""ר פישר Dr fischer",IL,סרקל שמפו 2 ליטר,ליטרים,2.00,ליטר,false,,44.90,22.4500,true,1,1352254
7290003521395,false,אל-סבון קמיל 2 ליטר,"ד""ר פישר Dr fischer",IL,קמיל בלו סנסיטיב אל סבון,ליטרים,2.00,ליטר,false,,42.90,21.4500,true,1,1352258
7290003521418,false,מילוי מגבונים 72 יחי,,,מילוי מגבונים 72 יחי,יח',72.00,יח',false,,9.90,0.1375,true,1,1352260
7290003550753,false,מארז 4 טונה פוסידון,פוסידון,IL,מארז 4 טונה פוסידון,גרמים,432.00,100 גרם,false,,19.90,0.0461,true,1,1330094
7290003561926,false,עוגת קראנץ' שוקולד,,,עוגת קראנץ' שוקולד,יחידה,0.00,יחידה,false,,29.90,0.0000,true,1,1305562
7290003578078,false,לפתן פירות טרופיים ב,,,לפתן פירות טרופיים ב,גרמים,850.00,100 גרם,false,,10.90,0.0128,true,1,1308745
7290003578108,false,חתיכות אננס בסירופ ק,טקרנג,TH,אננס חתוך 850גרם,גרמים,850.00,100 גרם,false,,8.90,0.0105,true,1,1308748
7290003578290,false,איטריות אורז 300 גרם,XIMAN ZHONGSHI,CN,מקלוני אורז 300גרם (24),גרמים,300.00,100 גרם,false,,5.90,0.0197,true,1,1308751
7290003578313,false,דובדבנים ללא חרצנים,יורוביקה,HR,דובדבנים ללא חרצנים 680גר,גרמים,680.00,100 גרם,false,,9.90,0.0146,true,1,1308752
7290003578672,false,שמן חמניות 1 ליטר,,,שמן חמניות 1 ליטר,ליטרים,1.00,ליטר,false,,11.90,11.9000,true,1,2276542
7290003643004,false,אורז בסמטי קלאסי סוג,סוגת תעשיות,IL,"אורז בסמטי 1 ק""ג",קילוגרמים,1.00,"ק""ג",false,,12.90,12.9000,true,1,1333707
7290003643325,false,קוסקוס בינוני 350 גר,אסיף,IL,קוסקוס בינוני 350 גרם,גרמים,350.00,100 גרם,false,,4.90,0.0140,true,1,1333710
7290003643387,false,סוכר לבן בצנצנת 1קג,סוגת תעשיות,IL,סוכר לבן בצנצנת 1 קג,קילוגרמים,1.00,"ק""ג",false,,7.90,7.9000,true,1,1333712
7290003643646,false,"סוכר דמררה 1 ק""ג סוג",סוגת תעשיות,IL,סוכר חום דמררה צנצנת 1 קג,קילוגרמים,1.00,"ק""ג",false,,12.90,12.9000,true,1,1333713
7290003643684,false,אפונה 500 גרם,,,אפונה 500 גרם,יחידה,0.00,יחידה,false,,6.90,0.0000,true,1,2181977
7290003643707,false,גריסים 500 גרם,,,גריסים 500 גרם,גרמים,500.00,100 גרם,false,,4.90,0.0098,true,1,2181978
7290003643738,false,חיטה 500 גרם,,,חיטה 500 גרם,גרמים,500.00,100 גרם,false,,4.90,0.0098,true,1,2181980
7290003643752,false,עדשים ירוקות 500 גרם,,,עדשים ירוקות 500 גרם,גרמים,500.00,100 גרם,false,,7.90,0.0158,true,1,2181982
7290003643769,false,עדשים אדומות 500 גרם,,,עדשים אדומות 500 גרם,גרמים,500.00,100 גרם,false,,6.90,0.0138,true,1,2181983
7290003643776,false,פופקורן 500 גרם,,,פופקורן 500 גרם,יחידה,0.00,יחידה,false,,5.90,0.0000,true,1,2181984
7290003643806,false,שעועית לבנה 500 גרם,,,שעועית לבנה 500 גרם,יחידה,0.00,יחידה,false,,7.90,0.0000,true,1,2181985
7290003643820,false,חומוס ענק 500 גרם,,,חומוס ענק 500 גרם,יחידה,0.00,יחידה,false,,9.90,0.0000,true,1,2181986
7290003681211,false,צנובר,מיה תעשיות מזון,IL,צנובר 100גרם,גרמים,80.00,100 גרם,false,,19.90,0.2487,true,1,1334660
7290003681365,false,קישוט לעוגה,מיה תעשיות מזון,IL,קישוט לעוגה צבעוני בצנצנת,גרמים,80.00,100 גרם,false,,3.90,0.0487,true,1,1334667
7290003681532,false,דובדבנים מסוכרים,מיה תעשיות מזון,IL,דובדבנים מסוכרים 80גרם,גרמים,80.00,100 גרם,false,,6.90,0.0863,true,1,1334671
7290003726615,false,גבינת טופו ויילר 300,,,גבינת טופו ויילר 300,גרמים,300.00,100 גרם,false,,12.90,0.0430,true,1,2129649
7290003744428,false,אובלטים קימל 300 גרם,,,אובלטים קימל 300 גרם,גרמים,300.00,100 גרם,false,,10.90,0.0363,true,1,1337788
7290003744831,false,אובלטים בצל 300גרם,,,אובלטים בצל 300גרם,גרמים,300.00,100 גרם,false,,10.90,0.0363,true,1,1337789
7290003744848,false,אובלטים גריל 300 גרם,,,אובלטים גריל 300 גרם,גרמים,300.00,100 גרם,false,,10.90,0.0363,true,1,1337790
7290003744855,false,אובלטים שומשום 300 ג,,,אובלטים שומשום 300 ג,גרמים,300.00,100 גרם,false,,10.90,0.0363,true,1,1337791
7290003744862,false,אובלטים זעתר 300 גרם,,,אובלטים זעתר 300 גרם,גרמים,300.00,100 גרם,false,,10.90,0.0363,true,1,1337792
7290003781652,false,צנצנת צלפים 350 גרם,טינטאש,TR,צלפים 350גרם,גרמים,350.00,100 גרם,false,,8.90,0.0254,true,1,1308768
7290003781881,false,פנה 500 גרם,,,פנה 500 גרם,גרמים,500.00,100 גרם,false,,4.90,0.0098,true,1,2149164
7290003781904,false,ספגטי 500 גרם,,,ספגטי 500 גרם,גרמים,500.00,100 גרם,false,,4.90,0.0098,true,1,2149157
7290003781959,false,פוזילי 500 גרם,,,פוזילי 500 גרם,גרמים,500.00,100 גרם,false,,4.90,0.0098,true,1,2149158
7290003804252,false,תיבולית קנור הודי 72,יוניליוור,IL,קנור תיבוליות הודי 72 גרם,גרמים,72.00,100 גרם,false,,9.90,0.1375,true,1,1341858
7290003804320,false,תיבולית קנור שום פטר,יוניליוור,IL,קנור תיבוליות שום 72 גרם,גרמים,72.00,100 גרם,false,,9.90,0.1375,true,1,1341860
7290003804368,false,תיבולית קנור בזיליקו,יוניליוור,IL,קנור תיבוליות 72 גרם,גרמים,72.00,100 גרם,false,,9.90,0.1375,true,1,1341863
7290003804382,false,תיבולית קנור פיטריות,יוניליוור,IL,קנור תיבוליות פטריות 72 ג,גרמים,72.00,100 גרם,false,,9.90,0.1375,true,1,1341865
7290003805501,false,פתית שוודי 300 גרם.,יוניליוור,IL,"פתית שוודי בד""צ חדש 300 ג",גרמים,300.00,100 גרם,false,,15.90,0.0530,true,1,1341900
7290003805587,false,פתית חיטה מלאה 250 ג,יוניליוור,IL,פתית חיטה 250גר,גרמים,250.00,100 גרם,false,,15.90,0.0636,true,1,1341907
7290003807178,false,רוטב סויה בסגנון סינ,יוניליוור,IL,קנור רוטב סויה בסגנון סינ,מיליליטרים,300.00,"100 מ""ל",false,,12.90,0.0430,true,1,1341941
7290003807482,false,"רוטב טריאקי 300 מ""ל",יוניליוור,IL,רוטב טריאקי 390 גר,מיליליטרים,300.00,"100 מ""ל",false,,12.90,0.0430,true,1,1341947
7290003864478,false,סרדין בשמן צמחי,גולדן פריז,TH,סרדין בשמן צמחי 110גרם פת,גרמים,110.00,100 גרם,false,,4.40,0.0400,true,1,1308771
7290003864485,false,סרדינים ברוטב עגבניו,גולדן פריז,TH,סרדין ברוטב עגבניות 110גר,גרמים,110.00,100 גרם,false,,4.40,0.0400,true,1,1308772
7290003864492,false,סרדין בשמן צמחי,גולדן פריז,TH,סרדין בשמן צמחי חריף 110ג,גרמים,110.00,100 גרם,false,,4.40,0.0400,true,1,1308773
7290003882922,false,עלי גפן 400 גרם,פליריה,,עלי גפן ממולאים באורז 400,גרמים,400.00,100 גרם,false,,8.90,0.0223,true,1,1308776
7290003903771,false,קפוצינו רגיל 200 גרם,שטראוס,IL,קפוצ'ינו רגיל 200 ג/6יח'/,גרמים,200.00,100 גרם,false,,23.90,0.1195,true,1,1343168
7290003938049,false,נוזל הברקה למדיח הפי,אורו,DE,הפי הברקה למדיח 1 ליטר,ליטרים,1.00,ליטר,false,,19.90,19.9000,true,1,1326097
7290004011338,false,קצפת ריצ' אירוסול חל,ריץ',IT,קצפת ארוסול חלבי,מיליליטרים,250.00,"100 מ""ל",false,,9.90,0.0396,true,1,1330096
7290004011345,false,קצפת ריצ' אירוסול פר,ריץ',IT,קצפת אורוסול פרווה,מיליליטרים,250.00,"100 מ""ל",false,,9.90,0.0396,true,1,1330097
7290004014407,false,אם אנד אמס פינאטבאטר,,,אם אנד אמס פינאטבאטר,גרמים,46.00,100 גרם,false,,4.90,0.1065,true,1,1404222
7290004022309,false,חטיף חמאת בוטנים MַM,,,חטיף חמאת בוטנים MַM,גרמים,89.00,100 גרם,false,,6.90,0.0775,true,1,1702381
7290004026776,false,לחם מחמצת אגוזים וצי,,,לחם מחמצת אגוזים וצי,גרמים,500.00,100 גרם,false,,16.90,0.0338,true,1,1978749
7290004030018,false,"מיץ לימון 500 מ""ל",,,"מיץ לימון 500 מ""ל",מיליליטרים,500.00,"100 מ""ל",false,,7.90,0.0158,true,1,1391571
7290004030216,false,נקטר חמוציות 1 ליטר,,,נקטר חמוציות 1 ליטר,ליטרים,1.00,ליטר,false,,8.90,8.9000,true,1,1391574
7290004030544,false,מיץ לימונענע 1 ליטר,,,מיץ לימונענע 1 ליטר,ליטרים,1.00,ליטר,false,,8.90,8.9000,true,1,1391582
7290004030834,false,מיץ רימון סחוט    1,,,מיץ רימון סחוט    1,ליטרים,1.00,ליטר,false,,21.90,21.9000,true,1,1391590
7290004033705,false,לחמניות המבורגר ביס,,,לחמניות המבורגר ביס,גרמים,600.00,100 גרם,false,,13.50,0.0225,true,1,2249255
7290004033736,false,לחם עננים בסגנון ברי,,,לחם עננים בסגנון ברי,גרמים,500.00,100 גרם,false,,15.50,0.0310,true,1,2267022
7290004043108,false,חטיף שוקולד MַM אריז,,,חטיף שוקולד MַM אריז,גרמים,89.00,100 גרם,false,,6.90,0.0775,true,1,1702382
7290004043205,false,חטיף בוטנים MַM אריז,,,חטיף בוטנים MַM אריז,גרמים,89.00,100 גרם,false,,6.90,0.0775,true,1,1702383
7290004063016,false,"מלח שולחן 1 ק""ג",,,"מלח שולחן 1 ק""ג",קילוגרמים,1.00,"ק""ג",false,,1.80,1.8000,true,1,1348475
7290004063115,false,"מלח בישול 1 ק""ג",,,"מלח בישול 1 ק""ג",קילוגרמים,1.00,"ק""ג",false,,1.80,1.8000,true,1,1348476
7290004064082,false,מטחנה מלח ים טבעי 25,,,מטחנה מלח ים טבעי 25,גרמים,250.00,100 גרם,false,,12.90,0.0516,true,1,1459226
7290004064099,false,מטחנה מלח מהרי ההימל,,,מטחנה מלח מהרי ההימל,גרמים,300.00,100 גרם,false,,14.90,0.0497,true,1,1459227
7290004064174,false,"מלח ההימלאיה דק 1 ק""",,,"מלח ההימלאיה דק 1 ק""",קילוגרמים,1.00,"ק""ג",false,,16.90,16.9000,true,1,1739818
7290004064181,false,"מלח הימלאיה גס 1 ק""ג",,,"מלח הימלאיה גס 1 ק""ג",קילוגרמים,1.00,"ק""ג",false,,16.90,16.9000,true,1,1739819
7290004064280,false,מלח הארץ מופחת נתרן,,,מלח הארץ מופחת נתרן,גרמים,600.00,100 גרם,false,,14.90,0.0248,true,1,2159139
7290004064297,false,מלח הארץ מועשר ביוד,,,מלח הארץ מועשר ביוד,קילוגרמים,1.00,"ק""ג",false,,7.90,7.9000,true,1,2159140
7290004064303,false,מלח הארץ אטלנטי 800,,,מלח הארץ אטלנטי 800,גרמים,800.00,100 גרם,false,,14.90,0.0186,true,1,2159141
7290004064365,false,מלח הארץ דק מועשר בי,,,מלח הארץ דק מועשר בי,קילוגרמים,1.00,"ק""ג",false,,5.90,5.9000,true,1,2171160
7290004064389,false,מלח הימלאיה דק מלחיי,,,מלח הימלאיה דק מלחיי,גרמים,250.00,100 גרם,false,,9.90,0.0396,true,1,2222467
7290004067465,false,קונפיטורת דובדבן,,,קונפיטורת דובדבן,גרמים,370.00,100 גרם,false,,14.90,0.0403,true,1,2233621
7290004068035,false,"איירן 500 מ""ל.",גדיה,IL,"איירן 0.5 ליטר בד""ץ",מיליליטרים,500.00,"100 מ""ל",false,,7.90,0.0158,true,1,1328425
7290004068196,false,מוצרלה מגורדת מיוחדת,מחלבות גד,IL,מוצרלה מגורדת 500 גרם בדץ,גרמים,500.00,100 גרם,false,,29.90,0.0598,true,1,1328429
7290004068585,false,גבינה גאודה עיזים מש,,,גבינה גאודה עיזים מש,קילוגרמים,1.00,"ק""ג",true,,130.00,130.0000,true,1,1397513
7290004078225,false,"פלקס מי-פה 500 מ""ל",COLGATE PALMOLIVE,BR,קולגייט פלקס ירוק  500 מל,מיליליטרים,500.00,"100 מ""ל",false,,24.90,0.0498,true,1,1339295
7290004078263,false,מקלות לאוזניים בלונס,SEPTONA S.A,GR,בלונס מקלות אוזניים זוג,יח',400.00,יח',false,,10.90,0.0273,true,1,1339296
7290004078270,false,סבון לכלים פלמוליב 1,COLGATE PALMOLIVE,GR,פלמוליב צילינדר לימון 1 ל,ליטרים,1.00,ליטר,false,,13.90,13.9000,true,1,1339297
7290004078690,false,אג'קס WC מרענן 750 ג,COLGATE PALMOLIVE,FR,אגקס שירותים מרענן חדש 75,גרמים,750.00,100 גרם,false,,14.90,0.0199,true,1,1339299
7290004078942,false,דאודורנט ג'ל-ספיד סט,COLGATE PALMOLIVE,US,ליידי ספיד סטיק גל בסיסי,גרמים,63.00,100 גרם,false,,19.90,0.3159,true,1,1339300
7290004084110,false,סוכר קוביות 500 גרם,,,סוכר קוביות 500 גרם,גרמים,500.00,100 גרם,false,,7.90,0.0158,true,1,1329003
7290004091248,false,וזלין ג'לי פטרוליום,יוניליוור,US,"וזלין רגיל 100 מ""ל",גרמים,106.00,100 גרם,false,,12.90,0.1217,true,1,1341951
7290004119010,false,גבינת שדה 500 גרם.,,,גבינת שדה 500 גרם.,גרמים,500.00,100 גרם,false,,11.90,0.0238,true,1,1340656
7290004119225,false,יופלה אננס 3%.,,,יופלה אננס 3%.,גרמים,150.00,100 גרם,false,,4.70,0.0313,true,1,1340658
7290004119928,false,מעדן קרלו וניל.,,,מעדן קרלו וניל.,מיליליטרים,125.00,"100 מ""ל",false,,2.70,0.0216,true,1,1340660
7290004119973,false,מעדן קרלו.,,,מעדן קרלו.,מיליליטרים,125.00,"100 מ""ל",false,,2.70,0.0216,true,1,1340661
7290004120061,false,מעדן קרלו שוניל.,,,מעדן קרלו שוניל.,מיליליטרים,125.00,"100 מ""ל",false,,2.80,0.0224,true,1,1340662
7290004120108,false,יופלה דובדבן דיאט.,,,יופלה דובדבן דיאט.,גרמים,150.00,100 גרם,false,,4.70,0.0313,true,1,1340663
7290004120573,false,בולגרית 16% גביע 250,,,בולגרית 16% גביע 250,גרמים,250.00,100 גרם,false,,21.90,0.0876,true,1,1340668
7290004120634,false,בולגרית פיראוס 5% 25,,,בולגרית פיראוס 5% 25,גרמים,250.00,100 גרם,false,,21.90,0.0876,true,1,1340669
7290004121488,false,יופלה אפרסק 0%.,,,יופלה אפרסק 0%.,גרמים,150.00,100 גרם,false,,4.70,0.0313,true,1,1340671
7290004121525,false,מאגדת 8 יופלה 3% אפר,,,מאגדת 8 יופלה 3% אפר,גרמים,1200.00,100 גרם,false,,28.90,0.0241,true,1,1340672
7290004121754,false,עוגת יופלהגבינה+תות.,,,עוגת יופלהגבינה+תות.,גרמים,150.00,100 גרם,false,,4.70,0.0313,true,1,1340673
7290004121839,false,גבינה פטה 20% פיראוס,,,גבינה פטה 20% פיראוס,גרמים,250.00,100 גרם,false,,25.90,0.1036,true,1,1340674
7290004122119,false,פתיתי גבינה פרמזן 10,,,פתיתי גבינה פרמזן 10,גרמים,100.00,100 גרם,false,,11.90,0.1190,true,1,1340678
7290004122195,false,גבינה גוש חלב 200 גר,,,גבינה גוש חלב 200 גר,גרמים,200.00,100 גרם,false,,12.90,0.0645,true,1,1340679
7290004122348,false,גבינה עמק לייט 9% 20,,,גבינה עמק לייט 9% 20,גרמים,200.00,100 גרם,false,,16.90,0.0845,true,1,1340681
7290004122607,false,"גבינה עמק לייט ק""ג.",,,"גבינה עמק לייט ק""ג.",קילוגרמים,1.00,"ק""ג",true,,70.00,70.0000,true,1,1340683
7290004122683,false,אצבעות עמק 28% 172 ג,,,אצבעות עמק 28% 172 ג,גרמים,172.00,100 גרם,false,,15.90,0.0924,true,1,1340685
7290004124205,false,יופלה תות דיאט.,,,יופלה תות דיאט.,גרמים,150.00,100 גרם,false,,4.70,0.0313,true,1,1340693
7290004124847,false,קצפת צמחית השף הלבן,,,קצפת צמחית השף הלבן,מיליליטרים,500.00,"100 מ""ל",false,,14.90,0.0298,true,1,1340694
7290004125370,false,"שמנת 9% שומן 200 מ""ל",,,"שמנת 9% שומן 200 מ""ל",מיליליטרים,200.00,"100 מ""ל",false,,3.50,0.0175,true,1,1340696
7290004125400,false,אשל מהדרין 4.5% 200,,,אשל מהדרין 4.5% 200,מיליליטרים,200.00,"100 מ""ל",false,,1.65,0.0082,true,1,1340697
7290004125417,false,"גיל מהדרין 3% 200 מ""",,,"גיל מהדרין 3% 200 מ""",מיליליטרים,200.00,"100 מ""ל",false,,1.50,0.0075,true,1,1340698
7290004125455,false,שמנת חמוצה מהדרין 20,,,שמנת חמוצה מהדרין 20,מיליליטרים,200.00,"100 מ""ל",false,,2.40,0.0120,true,1,1340699
7290004125509,false,"שמנת אורגינל 100 מ""ל",,,"שמנת אורגינל 100 מ""ל",מיליליטרים,100.00,"100 מ""ל",false,,1.60,0.0160,true,1,1340701
7290004125578,false,משקה סויה מעושר בסיד,,,משקה סויה מעושר בסיד,ליטרים,1.00,ליטר,false,,10.90,10.9000,true,1,1340702
7290004125721,false,שמנת לבישול 15%שומן,,,שמנת לבישול 15%שומן,מיליליטרים,250.00,"100 מ""ל",false,,7.90,0.0316,true,1,1340704
7290004125738,false,שמנת עמידה להקצפה 32,,,שמנת עמידה להקצפה 32,מיליליטרים,250.00,"100 מ""ל",false,,6.50,0.0260,true,1,1340705
7290004125776,false,עמק פרוס בקופסא 28%,,,עמק פרוס בקופסא 28%,גרמים,400.00,100 גרם,false,,28.90,0.0722,true,1,1340706
7290004126674,false,גבינה טל עמק לייט 9%,,,גבינה טל עמק לייט 9%,גרמים,200.00,100 גרם,false,,18.90,0.0945,true,1,1340709
7290004126759,false,יופלה פירות יער דיאט,,,יופלה פירות יער דיאט,גרמים,150.00,100 גרם,false,,4.70,0.0313,true,1,1340710
7290004127329,false,קוטג' 5% תנובה מהדרי,,,קוטג' 5% תנובה מהדרי,גרמים,250.00,100 גרם,false,,5.40,0.0216,true,1,1340713
7290004127336,false,קוטג' 9% תנובה 250 ג,,,קוטג' 9% תנובה 250 ג,גרמים,250.00,100 גרם,false,,5.40,0.0216,true,1,1340714
7290004127862,false,גבינה לבנה 5% 750 גר,,,גבינה לבנה 5% 750 גר,גרמים,750.00,100 גרם,false,,14.85,0.0198,true,1,1340718
7290004127916,false,גבינה למריחה 0.5% 50,,,גבינה למריחה 0.5% 50,גרמים,500.00,100 גרם,false,,9.40,0.0188,true,1,1340720
7290004129101,false,גבינת נפולאון טבעי 2,,,גבינת נפולאון טבעי 2,גרמים,225.00,100 גרם,false,,12.90,0.0573,true,1,1340729
7290004129118,false,גבינת נפולאון + זתים,,,גבינת נפולאון + זתים,גרמים,225.00,100 גרם,false,,12.90,0.0573,true,1,1340730
7290004129156,false,גבינת נפולאון + שום,,,גבינת נפולאון + שום,גרמים,225.00,100 גרם,false,,12.90,0.0573,true,1,1340731
7290004129767,false,מאגדת 8 יופלה לבן.,,,מאגדת 8 יופלה לבן.,גרמים,1200.00,100 גרם,false,,16.90,0.0141,true,1,1340737
7290004130794,false,משקה סויה מעושר טבעי,,,משקה סויה מעושר טבעי,ליטרים,1.00,ליטר,false,,10.90,10.9000,true,1,1340740
7290004131074,false,חלב 3% שומן מהדרין ק,,,חלב 3% שומן מהדרין ק,ליטרים,1.00,ליטר,false,,6.20,6.2000,true,1,1340743
7290004131432,false,יופלה לבן חלב תנובה,,,יופלה לבן חלב תנובה,גרמים,200.00,100 גרם,false,,3.60,0.0180,true,1,1340748
7290004131456,false,יופלה לבן חלב תנובה,,,יופלה לבן חלב תנובה,גרמים,200.00,100 גרם,false,,3.60,0.0180,true,1,1340749
7290004132552,false,משקה סויה בוקר לייט,,,משקה סויה בוקר לייט,ליטרים,1.00,ליטר,false,,10.90,10.9000,true,1,1340757
7290004133511,false,מארז 8 יופלה לבן 1.5,,,מארז 8 יופלה לבן 1.5,גרמים,1200.00,100 גרם,false,,19.90,0.0166,true,1,1340764
7290004135324,false,גבינה בולגרית 5% מעו,,,גבינה בולגרית 5% מעו,קילוגרמים,1.00,"ק""ג",true,,40.00,40.0000,true,1,1340777
7290004135614,false,בולגרית מעודנת 5% פי,,,בולגרית מעודנת 5% פי,גרמים,250.00,100 גרם,false,,21.90,0.0876,true,1,1340780
7290004136291,false,צפתית 5% מעודנת תנוב,,,צפתית 5% מעודנת תנוב,קילוגרמים,1.00,"ק""ג",true,,50.00,50.0000,true,1,1340789
7290004136857,false,ג'לי פטל תנובה.,,,ג'לי פטל תנובה.,מיליליטרים,125.00,"100 מ""ל",false,,2.20,0.0176,true,1,1340794
7290004136871,false,ג'לי אננס + חתיכות א,,,ג'לי אננס + חתיכות א,מיליליטרים,125.00,"100 מ""ל",false,,2.50,0.0200,true,1,1340796
7290004137021,false,שמנת לבישול 10% שומן,,,שמנת לבישול 10% שומן,מיליליטרים,250.00,"100 מ""ל",false,,7.90,0.0316,true,1,1340797
7290004137311,false,עמק לייט משפחתית 9%,,,עמק לייט משפחתית 9%,גרמים,400.00,100 גרם,false,,29.90,0.0747,true,1,1340799
7290004146993,false,מרכך לשיער נקה 7 לשי,אמיליה קוסמטיקס,IL,מרכך נקה 7 שיער צבוע750מ,מיליליטרים,750.00,"100 מ""ל",false,,11.90,0.0159,true,1,1319987
7290004147020,false,ליפה לגוף,איסן,JP,גיישנית   ליפה יפאנית,יחידה,0.00,יחידה,false,,19.90,0.0000,true,1,1308621
7290004147051,false,קיסמי שיניים,וולטרס,,"קיסמי שיניים  300 יח "" רפ",יח',300.00,יח',false,,9.90,0.0330,true,1,1308622
7290004147150,false,רצועות מסג לרחצה,מיה טריידינג,CN,ליפה  גב / כפפה / וספוג י,יחידה,0.00,יחידה,false,,9.90,0.0000,true,1,1308624
7290004147266,false,רפידות פחם,מיה טריידינג,CN,רפידות פחם,יח',2.00,יח',false,,9.90,4.9500,true,1,1308627
7290004147334,false,סוגרן שקיות מזון,מיה טריידינג,CN,סוגרן שקיות,יח',4.00,יח',false,,8.90,2.2250,true,1,1308632
7290004199074,false,פלסטרים,,,פלסטרים,יח',50.00,יח',false,,5.90,0.1180,true,1,1322637
7290004199173,false,כפפות לאטקס M,,,כפפות לאטקס M,יח',100.00,יח',false,,39.90,0.3990,true,1,1322641
7290004199180,false,כפפות לאטקס L,,,כפפות לאטקס L,יח',100.00,יח',false,,39.90,0.3990,true,1,1322642
7290004199821,false,אטבי כביסה סופר,,,אטבי כביסה סופר,יח',24.00,יח',false,,5.90,0.2458,true,1,1322653
7290004219284,false,אנשובי עגול בצנצנת,קונסרבאס פרדו,ES,אנשובי עגול בצנצנת 80גרם(,גרמים,78.00,100 גרם,false,,9.90,0.1269,true,1,1308780
7290004219819,false,מלבין קפה200 גרם.,פריסלנד,NL,מלבין קפה הולנדי 200גרם,גרמים,200.00,100 גרם,false,,9.90,0.0495,true,1,1308781
7290004225285,false,בסגנון דנאבלו 100 גר,,,בסגנון דנאבלו 100 גר,גרמים,100.00,100 גרם,false,,12.90,0.1290,true,1,1330098
7290004228804,false,עלי סיגר,,,עלי סיגר,גרמים,450.00,100 גרם,false,,13.90,0.0309,true,1,2173718
7290004230326,false,שטרודל פילו שגב,שגמור,IL,שטרודל פילו שגב,גרמים,600.00,100 גרם,false,,16.90,0.0282,true,1,1330099
7290004230357,false,בורקס בטטה גבינה שגב,שגמור,IL,בורקס בטטה גבינה שגב,גרמים,600.00,100 גרם,false,,16.90,0.0282,true,1,1330102
7290004230364,false,בורקס פילו צרפתי שגב,שגמור,IL,בורקס פילו צרפתי שגב,גרמים,600.00,100 גרם,false,,16.90,0.0282,true,1,1330103
7290004255305,false,נר נשמה 7 ימים בפלסט,,,נר נשמה 7 ימים בפלסט,יחידה,0.00,יחידה,false,,8.90,0.0000,true,1,2169912
7290004255619,false,נרות חימום 100 יחידו,מנורה,IL,נרות חימום מנורה 100 יחיד,יח',100.00,יח',false,,19.90,0.1990,true,1,1353411
7290004324605,false,גבינת מון בלאן רוקפו,נטו,IL,גבינת מון בלאן רוקפור 120,גרמים,120.00,100 גרם,false,,9.90,0.0825,true,1,1330110
7290004329495,false,גרון עוף,,,גרון עוף,קילוגרמים,1.00,"ק""ג",true,,4.90,4.9000,true,1,1344727
7290004329501,false,גרון הודו,,,גרון הודו,קילוגרמים,1.00,"ק""ג",true,,24.90,24.9000,true,1,1344728
7290004329587,false,לבבות הודו טרי,,,לבבות הודו טרי,קילוגרמים,1.00,"ק""ג",true,,29.90,29.9000,true,1,1344731
7290004329594,false,קורקבן הודו טרי,,,קורקבן הודו טרי,קילוגרמים,1.00,"ק""ג",true,,7.90,7.9000,true,1,1344732
7290004329600,false,כבד הודו,,,כבד הודו,קילוגרמים,1.00,"ק""ג",true,,29.90,29.9000,true,1,1344733
7290004329624,false,שוקיים הודו טרי,,,שוקיים הודו טרי,קילוגרמים,1.00,"ק""ג",true,,24.90,24.9000,true,1,1344735
7290004329631,false,כנפיים הודו טרי,,,כנפיים הודו טרי,קילוגרמים,1.00,"ק""ג",true,,14.90,14.9000,true,1,1344736
7290004329655,false,חזה הודו,,,חזה הודו,קילוגרמים,1.00,"ק""ג",true,,34.90,34.9000,true,1,1344737
7290004329662,false,בשר הודו אדום,,,בשר הודו אדום,קילוגרמים,1.00,"ק""ג",true,,59.90,59.9000,true,1,1344738
7290004329679,false,שווארמה הודו,,,שווארמה הודו,קילוגרמים,1.00,"ק""ג",true,,69.90,69.9000,true,1,1344739
7290004329709,false,קורקבן עוף,,,קורקבן עוף,קילוגרמים,1.00,"ק""ג",true,,7.90,7.9000,true,1,1344741
7290004329716,false,לבבות עוף,,,לבבות עוף,קילוגרמים,1.00,"ק""ג",true,,29.90,29.9000,true,1,1344742
7290004329723,false,כבד עוף טרי,,,כבד עוף טרי,קילוגרמים,1.00,"ק""ג",true,,29.90,29.9000,true,1,1344743
7290004329730,false,חזה עוף שלם,,,חזה עוף שלם,קילוגרמים,1.00,"ק""ג",true,,34.90,34.9000,true,1,1344744
7290004329747,false,כנפיים עוף,,,כנפיים עוף,קילוגרמים,1.00,"ק""ג",true,,9.90,9.9000,true,1,1344745
7290004329754,false,שוקיים עוף טרי,,,שוקיים עוף טרי,קילוגרמים,1.00,"ק""ג",true,,29.90,29.9000,true,1,1344746
7290004329761,false,ירכיים עוף טרי,,,ירכיים עוף טרי,קילוגרמים,1.00,"ק""ג",true,,29.90,29.9000,true,1,1344747
7290004329778,false,כרעיים עוף,,,כרעיים עוף,קילוגרמים,1.00,"ק""ג",true,,29.90,29.9000,true,1,1344748
7290004329808,false,כתף עגל טרי,,,כתף עגל טרי,קילוגרמים,1.00,"ק""ג",true,,69.00,69.0000,true,1,1344751
7290004329860,false,אסאדו עם עצם,,,אסאדו עם עצם,קילוגרמים,1.00,"ק""ג",true,,49.90,49.9000,true,1,1344756
7290004339937,false,סייטן אמרנט רצועות ב,,,סייטן אמרנט רצועות ב,גרמים,350.00,100 גרם,false,,24.90,0.0711,true,1,1410183
7290004456061,false,כבד עגל טרי,,,כבד עגל טרי,קילוגרמים,1.00,"ק""ג",true,,24.90,24.9000,true,1,1344759
7290004456078,false,"חזה בקר ע""ע טרי",,,"חזה בקר ע""ע טרי",קילוגרמים,1.00,"ק""ג",true,,49.90,49.9000,true,1,1344760
7290004456085,false,סטייק אנטריקוט עם עצ,,,סטייק אנטריקוט עם עצ,קילוגרמים,1.00,"ק""ג",true,,99.00,99.0000,true,1,1344761
7290004456801,false,פרגיות עוף שלם טרי,,,פרגיות עוף שלם טרי,קילוגרמים,1.00,"ק""ג",true,,59.90,59.9000,true,1,1344766
7290004456931,false,עוף טרי מפורק,,,עוף טרי מפורק,קילוגרמים,1.00,"ק""ג",true,,24.90,24.9000,true,1,1344768
7290004464851,false,קרם גוף מידנייט,,,קרם גוף מידנייט,מיליליטרים,400.00,"100 מ""ל",false,,25.90,0.0647,true,1,1328283
7290004492274,false,בייגלה גל-גל 400 גרם,יוניליוור,IL,בייגל בייגל בייגלה מלח 40,גרמים,400.00,100 גרם,false,,9.90,0.0248,true,1,1341953
7290004492762,false,נשנושים תירס 325 גרם,יוניליוור,IL,נשנושים תירס 325גר,גרמים,325.00,100 גרם,false,,12.90,0.0397,true,1,1341958
7290004494131,false,יין דלתון קברנה סובי,,,יין דלתון קברנה סובי,מיליליטרים,750.00,"100 מ""ל",false,,59.90,0.0799,true,1,2312750
7290004494148,false,יין דלתון מרלו D,,,יין דלתון מרלו D,מיליליטרים,750.00,"100 מ""ל",false,,59.90,0.0799,true,1,1334399
7290004494377,false,יין דלתון שיראז D,,,יין דלתון שיראז D,מיליליטרים,750.00,"100 מ""ל",false,,59.90,0.0799,true,1,1334405
7290004494919,false,יין דלתון שיראז,,,יין דלתון שיראז,מיליליטרים,750.00,"100 מ""ל",false,,39.90,0.0532,true,1,1377191
7290004502690,false,פינלנדיה 1 ליטר.,,,פינלנדיה 1 ליטר.,ליטרים,1.00,ליטר,false,,94.90,94.9000,true,1,2280916
7290004532246,false,צימוק שחור מגש 200 ג,,,צימוק שחור מגש 200 ג,גרמים,200.00,100 גרם,false,,7.90,0.0395,true,1,1335238
7290004532574,false,גרעינים שחורים 200 ג,,,גרעינים שחורים 200 ג,גרמים,200.00,100 גרם,false,,4.90,0.0245,true,1,1335252
7290004549350,false,גרעין שחור קלוי 400,דין שיווק,,גרעין שחור קלוי 400,גרמים,400.00,100 גרם,false,,8.90,0.0223,true,1,1328080
7290004584306,false,מארז 4 סופר גמדים בנ,שטראוס,IL,4 גמדים תות בננה,גרמים,400.00,100 גרם,false,,10.50,0.0263,true,1,1342475
7290004584351,false,סימפוניה טבעי 200 גר,שטראוס,IL,סימפ' החמישית,גרמים,200.00,100 גרם,false,,10.90,0.0545,true,1,1342476
7290004584528,false,יוגורט דנונה ביו 1.7,שטראוס,IL,"דנונה ביו טבעי 1.5%, 200",גרמים,200.00,100 גרם,false,,3.30,0.0165,true,1,1342477
7290004603175,false,מלח הים האדום גס 500,מלח הארץ,IL,מלח הים האדום גס 500 גרם,גרמים,500.00,100 גרם,false,,7.90,0.0158,true,1,1339936
7290004652401,false,"ג""חנון ללא מרגרינה 6",,,"ג""חנון ללא מרגרינה 6",גרמים,650.00,100 גרם,false,,19.90,0.0306,true,1,2272003
7290004685089,false,לחם חמניות,,,לחם חמניות,גרמים,500.00,100 גרם,false,,15.90,0.0318,true,1,1490600
7290004685126,false,לחם הארץ 5 דגנים 750,,,לחם הארץ 5 דגנים 750,גרמים,750.00,100 גרם,false,,14.90,0.0199,true,1,1327962
7290004685157,false,לחם הארץ שיפון 750 ג,,,לחם הארץ שיפון 750 ג,גרמים,750.00,100 גרם,false,,15.50,0.0207,true,1,1327965
7290004685195,false,לחם הארץ 10 דגנים 75,,,לחם הארץ 10 דגנים 75,גרמים,750.00,100 גרם,false,,15.50,0.0207,true,1,1327966
7290004685201,false,לחם הארץ שיפון אגוזי,,,לחם הארץ שיפון אגוזי,גרמים,500.00,100 גרם,false,,15.50,0.0310,true,1,1327967
7290004685225,false,לחם הארץ שיפון פומפר,,,לחם הארץ שיפון פומפר,גרמים,750.00,100 גרם,false,,15.50,0.0207,true,1,1327968
7290004685447,false,לחמניות כוסמין 6 יח,,,לחמניות כוסמין 6 יח,גרמים,450.00,100 גרם,false,,10.00,0.0222,true,1,2164568
7290004731076,false,אל סבון כיף + משאבה,קוסמופארם,IL,אל סבון כיף אלוורה 1ליטר,ליטרים,1.00,ליטר,false,,8.90,8.9000,true,1,1319988
7290004731083,false,אל סבון כיף + משאבה,קוסמופארם,IL,אל סבון כיף ג'ינסנג1ליטר,ליטרים,1.00,ליטר,false,,8.90,8.9000,true,1,1319989
7290004731090,false,אל סבון כיף + משאבה,קוסמופארם,IL,אל סבון כיף קמומיל 1ליטר,ליטרים,1.00,ליטר,false,,8.90,8.9000,true,1,1319990
7290004731410,false,סקוטש סושי ענק ירוק,סנו,IL,סנו סושי3כרית קרצוף ירוק,יח',3.00,יח',false,,9.90,3.3000,true,1,1320003
7290004731472,false,אל סבון כיף קטיפתי מ,קוסמופארם,IL,500מX3 אלסבון כיף צבעוני,ליטרים,1.50,ליטר,false,,19.90,13.2667,true,1,1320004
7290004731564,false,מרסס למייבש כביסה סנ,,,מרסס למייבש כביסה סנ,מיליליטרים,750.00,"100 מ""ל",false,,17.90,0.0239,true,1,1631603
7290004731687,false,מטהר אוויר דאו פרש ו,סנו,IL,דואו פרש וניל למון 300מל,מיליליטרים,300.00,"100 מ""ל",false,,10.90,0.0363,true,1,1320009
7290004731816,false,מגבות נייר שמיניה סנ,סנו,IL,סנו סושי מגבות הפלא 8 יח,מטרים,84.64,מטר,false,,14.90,0.1760,true,1,1320011
7290004810207,false,פרש ואנס פדיות,על בד,IL,פ.ו פדיות קוסמטיות 80יח',יח',80.00,יח',false,,5.90,0.0738,true,1,1353491
7290004977009,false,עמבה הודית סלטי משני,,,עמבה הודית סלטי משני,גרמים,300.00,100 גרם,false,,14.90,0.0497,true,1,2195986
7290005008184,false,סבון נוזלי פלמוליב ל,COLGATE PALMOLIVE,TR,פלמוליב שקדים 500מל חדש,מיליליטרים,500.00,"100 מ""ל",false,,15.90,0.0318,true,1,1339305
7290005008191,false,סבון נוזלי פלמוליב ל,COLGATE PALMOLIVE,TR,פלמוליב ארומה סגול 500מל,מיליליטרים,500.00,"100 מ""ל",false,,15.90,0.0318,true,1,1339306
7290005068058,false,גרעיני תירס קל   פרי,פרי הגליל,IL,תירס קל א -2פג,גרמים,550.00,100 גרם,false,,6.90,0.0125,true,1,1347587
7290005068447,false,תירס קל ואקום פרי הג,פרי הגליל,IL,תירס קל 12אונק פג,גרמים,340.00,100 גרם,false,,5.90,0.0174,true,1,1347588
7290005068492,false,לקט ירקות פרי הגליל,פרי הגליל,IL,לקט ירק מעורב 700( 20יח'),גרמים,700.00,100 גרם,false,,9.90,0.0141,true,1,1347589
7290005068553,false,לקט בורגונדי פרי הגל,פרי הגליל,IL,לקט בורגונדי 700,גרמים,700.00,100 גרם,false,,14.90,0.0213,true,1,1347590
7290005079290,false,גבינה צהובה נעם 15%,,,גבינה צהובה נעם 15%,קילוגרמים,1.00,"ק""ג",true,,69.00,69.0000,true,1,1395252
7290005079412,false,חריץ אמנטל נעם,,,חריץ אמנטל נעם,קילוגרמים,1.00,"ק""ג",true,,59.00,59.0000,true,1,2167753
7290005084355,false,משחת שיניים סנסודיין,גלקסו סמית קליין,GB,"סנסודיין דואלקר 75 מ""ל",מיליליטרים,75.00,"100 מ""ל",false,,19.90,0.2653,true,1,1346801
7290005174551,false,חומוס יום יום אחלה 1,שטראוס,IL,חומוס יום-יום 125 גרם,גרמים,125.00,100 גרם,false,,4.50,0.0360,true,1,1342480
7290005174568,false,סלט חצילים יום יום א,שטראוס,IL,חציל במיונז 125 גרם,גרמים,125.00,100 גרם,false,,4.50,0.0360,true,1,1342481
7290005174575,false,סלט טחינה יום יום אח,שטראוס,IL,טחינה 125 משובחת,גרמים,125.00,100 גרם,false,,4.50,0.0360,true,1,1342482
7290005197758,false,עוגיות חיוכים שוקו 1,אפיפית נצרת,IL,"חיוכים שוקו 150 בד""צ/24יח",גרמים,150.00,100 גרם,false,,4.90,0.0327,true,1,1343176
7290005199578,false,קפה פלטיניום נטול קפ,שטראוס,IL,פלאטינום נטול חדש200/6יח',גרמים,200.00,100 גרם,false,,29.90,0.1495,true,1,1343182
7290005200786,false,תפוצ'יפס 50 גרם שמנת,שטראוס,IL,תפו50 שמנת ובצל-חדש/1שק'/,גרמים,50.00,100 גרם,false,,3.90,0.0780,true,1,1343857
7290005201455,false,קפה ארומה 200 גרם,אינסטנטה,IL,ארומה 200ג' חדש/6יח'/200ג,גרמים,200.00,100 גרם,false,,24.90,0.1245,true,1,1343189
7290005201882,false,קפה טורקי עלית 200 ג,שטראוס,IL,כשלפ טורקי שקית 200,גרמים,200.00,100 גרם,false,,15.90,0.0795,true,1,1343191
7290005270000,false,עלי סיגר מרוקאי 500,חמים וטעים,IL,עלי סיגר 500 גרם,גרמים,500.00,100 גרם,false,,13.90,0.0278,true,1,1324183
7290005287206,false,טונה סטארקיסט רביעיה,סטארקיסט,,טונה סטארקיסט רביעיה,גרמים,640.00,100 גרם,false,,24.90,0.0389,true,1,1306824
7290005287251,false,טונה סטארקיסט רביעיה,סטארקיסט,,טונה סטארקיסט רביעיה,גרמים,640.00,100 גרם,false,,24.90,0.0389,true,1,1306825
7290005287510,false,טונה ס.ק בשמן עם פלפ,סטארקיסט,,טונה ס.ק בשמן עם פלפ,גרמים,160.00,100 גרם,false,,7.90,0.0494,true,1,1306827
7290005287527,false,טונה ס.ק בשמן עם לימ,סטארקיסט,,טונה ס.ק בשמן עם לימ,גרמים,160.00,100 גרם,false,,7.90,0.0494,true,1,1306828
7290005287534,false,טונה ס.ק בשמן עישון,סטארקיסט,,טונה ס.ק בשמן עישון,גרמים,160.00,100 גרם,false,,7.90,0.0494,true,1,1306829
7290005287657,false,ממרח טונה 160 גרם,סטארקיסט,,ממרח טונה 160 גרם,גרמים,160.00,100 גרם,false,,8.90,0.0556,true,1,1306837
7290005296246,false,פותח סתימות יעקבי,סאמיט,US,פותח סתימות DRAIN OUT,מיליליטרים,946.00,"100 מ""ל",false,,29.90,0.0316,true,1,1326100
7290005296857,false,ספריי לכל יעקבי,דרמרס DRAMERS,PL,הפי-ספריי לרהיטים,מיליליטרים,300.00,"100 מ""ל",false,,14.90,0.0497,true,1,1326104
7290005326523,false,פסטו פטרוזיליה ונענע,אוליביה,IL,פסטו פטרוזיליה ונענע 180,גרמים,180.00,100 גרם,false,,12.90,0.0717,true,1,1309095
7290005326585,false,פסטו בזיליקום-אוליבי,,,פסטו בזיליקום-אוליבי,גרמים,180.00,100 גרם,false,,9.90,0.0550,true,1,1873892
7290005326677,false,רוטב ברביקיו,,,רוטב ברביקיו,גרמים,350.00,100 גרם,false,,12.90,0.0369,true,1,1853932
7290005384851,false,"מיץ לימון 200 מ""ל",,,"מיץ לימון 200 מ""ל",מיליליטרים,200.00,"100 מ""ל",false,,3.90,0.0195,true,1,1308797
7290005384899,false,בסיגנון פטה ים תיכונ,ארלה,DK,פטינה על בסיס ש'צ 12ק'ג(ח,קילוגרמים,1.00,"ק""ג",true,,24.90,24.9000,true,1,1308799
7290005418709,false,קרם לחות לשיער נטורל,אמיליה קוסמטיקס,IL,קר.לחות נטורל קיבוע תלתל,מיליליטרים,400.00,"100 מ""ל",false,,19.90,0.0497,true,1,1320014
7290005418716,false,קרם לחות לשיער נטורל,אמיליה קוסמטיקס,IL,קר.לחות לתלתלים נטורל400,מיליליטרים,400.00,"100 מ""ל",false,,19.90,0.0497,true,1,1320015
7290005418891,false,ג'ל לשיער אקסטרים,,,ג'ל לשיער אקסטרים,מיליליטרים,500.00,"100 מ""ל",false,,19.90,0.0398,true,1,1320017
7290005423253,false,מרסס למייבש כביסה סנ,סנו,IL,"מקסימה למייבש פרש 750מ""ל",מיליליטרים,750.00,"100 מ""ל",false,,17.90,0.0239,true,1,1320021
7290005423420,false,משמיד עש מבושם,סנו,IT,'סנו משמיד עש מבושם 2 יח,יח',2.00,יח',false,,21.90,10.9500,true,1,1320028
7290005423482,false,קרם לניקוי כיריים קר,,,קרם לניקוי כיריים קר,מיליליטרים,300.00,"100 מ""ל",false,,19.90,0.0663,true,1,1320030
7290005423499,false,ספריי למשטחי נירוסטה,סנו,IL,סנו נירוסטה אירוסול500מל,מיליליטרים,500.00,"100 מ""ל",false,,19.90,0.0398,true,1,1320031
7290005423505,false,אורביטול מי-פה,קוסמופארם,IL,"מי פה אורביטול 500 מ""ל",מיליליטרים,500.00,"100 מ""ל",false,,17.90,0.0358,true,1,1320032
7290005423567,false,מטליות לניקוי כללי ב,זינרגד,IL,40מטליות לניקוי סנו סושי,יח',40.00,יח',false,,19.90,0.4975,true,1,1320034
7290005423635,false,ריצפז דוחה תיקנים 2,סנו,IL,ריצפז פלוס דוחה תיקנים2ל,ליטרים,2.00,ליטר,false,,22.90,11.4500,true,1,1320035
7290005423833,false,פוליויקס פרקט 2 ליטר,סנו,IL,פוליויקס פרקט 2 ליטר,ליטרים,2.00,ליטר,false,,19.90,9.9500,true,1,1320037
7290005423888,false,אל סבון כיף קטיפתי מ,קוסמופארם,IL,500מלX3 אלסבון כיף מעורב,מיליליטרים,1500.00,"100 מ""ל",false,,19.90,0.0133,true,1,1320039
7290005424014,false,אבקת כביסה פיסגה 6 ק,סנו,IL,"אבקת כביסה פיסגה 6 ק""ג",קילוגרמים,6.00,"ק""ג",false,,39.90,6.6500,true,1,1320042
7290005424113,false,סושי מטליות ריצפה סנ,עופרטקס,IL,4סנו סושי מטלית רצפ+כרית,יח',4.00,יח',false,,14.90,3.7250,true,1,1320044
7290005424205,false,ריצפז דוחה חרקים 4 ל,סנו,IL,ריצפז פלוס דוחה תיקנים4ל,ליטרים,4.00,ליטר,false,,39.90,9.9750,true,1,1320046
7290005424311,false,K רב קוטל חרקים 500,סנו,IL,רב קוטל בריח פרחים K סנו,מיליליטרים,500.00,"100 מ""ל",false,,22.90,0.0458,true,1,1320047
7290005424403,false,אל סבון כיף + משאבה,קוסמופארם,IL,אל סבון כיף אצות ים1ליטר,ליטרים,1.00,ליטר,false,,8.90,8.9000,true,1,1320048
7290005424762,false,רצפז דוחה תיקנים + ו,סנו,IL,ריצפז+דוחה תיקנים+ווקס2ל,ליטרים,2.00,ליטר,false,,29.90,14.9500,true,1,1320053
7290005424809,false,סקוטש ברייט ענק,סנו,IL,סנו סושי3כרית קרצוף אדום,יח',3.00,יח',false,,9.90,3.3000,true,1,1320056
7290005424915,false,מטהר אויר סנומוד,סנו,IL,סנומוד פצ'ולי לבנדר 150מ,מיליליטרים,150.00,"100 מ""ל",false,,10.90,0.0727,true,1,1320058
7290005424991,false,מטהר אוויר פרש אוטומ,,,מטהר אוויר פרש אוטומ,מיליליטרים,250.00,"100 מ""ל",false,,12.90,0.0516,true,1,2163181
7290005425073,false,מטהר אוויר דאו פרש,סנו,IL,דואו פרש יסמין סנדלווד,מיליליטרים,300.00,"100 מ""ל",false,,10.90,0.0363,true,1,1320061
7290005425097,false,זוג משחת שיניים אורב,טרופיקל דגיל,IL,אורביטול 2משחות+2 מברשות,יח',1.00,יח',false,,24.90,24.9000,true,1,1320062
7290005425110,false,מתז לחיטוי משטחים 99,,,מתז לחיטוי משטחים 99,מיליליטרים,750.00,"100 מ""ל",false,,8.90,0.0119,true,1,2019714
7290005425127,false,מתז לחיטוי עוצמתי 99,,,מתז לחיטוי עוצמתי 99,מיליליטרים,750.00,"100 מ""ל",false,,8.90,0.0119,true,1,2019715
7290005425196,false,אבקת כביסה מקסימה סנ,סנו,IL,אבקת מקסימה סנסיטיב2.5קג,קילוגרמים,2.50,"ק""ג",false,,22.90,9.1600,true,1,1320063
7290005425202,false,אבקת כביסה מקסימה 2.,סנו,IL,"אבקת מקסימה ביו 2.5 ק""ג",קילוגרמים,2.50,"ק""ג",false,,22.90,9.1600,true,1,1320064
7290005425585,false,מטליות סנו רהיט,טרופיקל דגיל,IL,סנו רהיט 20 מטליות ניקוי,יח',20.00,יח',false,,16.90,0.8450,true,1,1320070
7290005425646,false,סנוקליר נוזל לניקוי,סנו,IL,'סנוקליר ניקוי חלונות 1ל,ליטרים,1.00,ליטר,false,,8.90,8.9000,true,1,1320072
7290005425912,false,אוקסיג'ן מסיר כתמים,סנו,IL,ג'ל אוקסיג'ן 4 ליטר,ליטרים,4.00,ליטר,false,,34.90,8.7250,true,1,1320079
7290005426193,false,ספוג הפלא סנו סושי ש,U.F.O,US,'ספוג הפלא סנו סושי 6 יח,יח',6.00,יח',false,,11.90,1.9833,true,1,1320084
7290005426230,false,מטלית לריצפה מיקרופי,,CN,מטלית הפלא לרצפה ס.סושי,יח',1.00,יח',false,,16.90,16.9000,true,1,1320085
7290005426384,false,מטהר אויר סנומוד,סנו,IL,סנומוד מיס מיליון 150 מל,מיליליטרים,150.00,"100 מ""ל",false,,10.90,0.0727,true,1,1320090
7290005426568,false,קרם לחות לשיער קרמה,קוסמופארם,IL,ק.לחות קרמה שיער רגיל400,מיליליטרים,400.00,"100 מ""ל",false,,19.90,0.0497,true,1,1320093
7290005426735,false,אבקת כביסה מקסימה 1.,סנו,IL,1.25קג BLACK אבקת מקסימה,קילוגרמים,1.25,"ק""ג",false,,9.90,7.9200,true,1,1320098
7290005426865,false,משחת שיניים אורביטול,טרופיקל דגיל,IL,משחה אורביטול מסטיק 70 ג,גרמים,70.00,100 גרם,false,,8.90,0.1271,true,1,1320100
7290005426964,false,שלישייה סנובון לאסלה,סנו,IL,50גX3 סנובון כחול אפרסק,יח',3.00,יח',false,,19.90,6.6333,true,1,1320103
7290005427121,false,מגבות נ ייר 12 גלילי,סנו,IL,מגבות הפלא סנו סושי 12גל,מטרים,126.96,מטר,false,,22.90,0.1804,true,1,1320106
7290005427619,false,ג'ל אקסטרים לשיער חז,קוסמופארם,IL,ג'ל כיף אקסטרים ירוק 1קג,קילוגרמים,1.00,"ק""ג",false,,22.90,22.9000,true,1,1320122
7290005427633,false,ג'ל אקסטרים לשיער חז,קוסמופארם,IL,ג'ל כיף אקסטרים כחול 1קג,קילוגרמים,1.00,"ק""ג",false,,22.90,22.9000,true,1,1320124
7290005427725,false,מגבוני בד ליטופים מא,טרופיקל דגיל,IL,'מגבוני ליטופים 5*72 יח,יח',360.00,יח',false,,19.90,0.0553,true,1,1320125
7290005427749,false,אל סבון כיף 2 ליטר,קוסמופארם,IL,אלסבון כיף אצות ים 2ליטר,ליטרים,2.00,ליטר,false,,22.90,11.4500,true,1,1320127
7290005427770,false,קרם לחות לשיער קרמה,קוסמופארם,IL,קרמה לחות לשיער לגבר400מ,מיליליטרים,400.00,"100 מ""ל",false,,19.90,0.0497,true,1,1320130
7290005427848,false,מטליות לניקוי כללי ב,זינרגד,IL,סנו סושי 30מט.בגליל ורוד,יח',40.00,יח',false,,19.90,0.4975,true,1,1320133
7290005427978,false,תחליב רחצה לפנים קרמ,קוסמופארם,IL,קרמה תחליב רחצה לפנים180,מיליליטרים,180.00,"100 מ""ל",false,,14.90,0.0828,true,1,1320138
7290005427985,false,תחליב רחצה לפנים קרמ,קוסמופארם,IL,קרמה ת.רחצה לפנים+ג.פילי,מיליליטרים,180.00,"100 מ""ל",false,,14.90,0.0828,true,1,1320139
7290005428845,false,מפיות אירוח סנו סושי,חיי נייר,IL,סנו סושי מפיות אירוח100י,יח',100.00,יח',false,,6.90,0.0690,true,1,1320147
7290005429019,false,נוזל לשטיפת רצפות פי,סנו,IL,פיסגה לרצפות 4 ליטר,ליטרים,4.00,ליטר,false,,22.90,5.7250,true,1,1320156
7290005430480,false,מטלית הפלא מיקרופייב,,CN,מטלית הפלא מיקרופייבר,יח',1.00,יח',false,,8.90,8.9000,true,1,1320159
7290005430602,false,מרסס כביסה מסיר כתמי,סנו,IL,אוקסיג'ן מ.כתמ.מרסס 750מ,מיליליטרים,750.00,"100 מ""ל",false,,17.90,0.0239,true,1,1320163
7290005430961,false,טקסטיל שמפו לכביסה ב,,,טקסטיל שמפו לכביסה ב,ליטרים,1.00,ליטר,false,,15.90,15.9000,true,1,1320174
7290005431883,false,מלבי חלבי 165 גרם,,,מלבי חלבי 165 גרם,גרמים,165.00,100 גרם,false,,5.90,0.0358,true,1,2193923
7290005431890,false,עוגת בוואריה 95 גרם,,,עוגת בוואריה 95 גרם,גרמים,95.00,100 גרם,false,,5.90,0.0621,true,1,2193924
7290005431906,false,קדאיף 82 גרם,,,קדאיף 82 גרם,גרמים,82.00,100 גרם,false,,5.90,0.0720,true,1,2193925
7290005431913,false,עוגת גבינה פירורים 9,,,עוגת גבינה פירורים 9,גרמים,92.00,100 גרם,false,,5.90,0.0641,true,1,2193926
7290005431920,false,עוגת גבינה פירורים ל,,,עוגת גבינה פירורים ל,גרמים,78.00,100 גרם,false,,5.90,0.0756,true,1,2193927
7290005431937,false,עוגת טירימיסו 82 גרם,,,עוגת טירימיסו 82 גרם,גרמים,82.00,100 גרם,false,,5.90,0.0720,true,1,2193928
7290005431968,false,מלבי שמנת עדן קינוחי,,,מלבי שמנת עדן קינוחי,גרמים,150.00,100 גרם,false,,6.90,0.0460,true,1,2209605
7290005437540,false,פטריות חתוך 5.5,,,פטריות חתוך 5.5,גרמים,290.00,100 גרם,false,,3.90,0.0134,true,1,1333933
7290005437809,false,אננס חתוך במיץ טבעי,,,אננס חתוך במיץ טבעי,גרמים,825.00,100 גרם,false,,10.90,0.0132,true,1,1333941
7290005437830,false,אננס שלם במיץ טבעי 8,,,אננס שלם במיץ טבעי 8,גרמים,825.00,100 גרם,false,,10.90,0.0132,true,1,1333942
7290005437922,false,מיץ ענבים אדום 1.5 ל,,,מיץ ענבים אדום 1.5 ל,ליטרים,1.50,ליטר,false,,22.90,15.2667,true,1,1333944
7290005477669,false,דרמפון-סבון נוזלי מע,אמיליה קוסמטיקס,IL,'דרמפון סבון נוז.+לחות1ל,ליטרים,1.00,ליטר,false,,14.90,14.9000,true,1,1320177
7290005482878,false,"מיכסה למיקרו 25 ס""מ",,,"מיכסה למיקרו 25 ס""מ",יחידה,0.00,יחידה,false,,6.90,0.0000,true,1,2239814
7290005482885,false,"מיכסה למיקרו 30 ס""מ",,,"מיכסה למיקרו 30 ס""מ",יחידה,0.00,יחידה,false,,9.90,0.0000,true,1,2239815
7290005558023,false,ריחנית,,,ריחנית,יחידה,0.00,יחידה,false,,4.90,0.0000,true,1,1336095
7290005559907,false,פיצה משפחתית גבינה.,מעדנות,IL,פיצה משפחתית גבינה מעדנות,גרמים,500.00,100 גרם,false,,24.90,0.0498,true,1,1341183
7290005559914,false,פיצה משפחתית זיתים.,מעדנות,IL,פיצה משפחתית זיתים מעדנות,גרמים,550.00,100 גרם,false,,24.90,0.0453,true,1,1341184
7290005559990,false,בצק פילאס 600 גרם.,מעדנות,IL,בצק פילאס תורכי 600גר מעד,גרמים,600.00,100 גרם,false,,22.90,0.0382,true,1,1341190
7290005591761,false,דבש טהור לחיץ 400 גר,שטראוס,IL,דבש טהור לחיץ 400 גרם,גרמים,400.00,100 גרם,false,,19.90,0.0497,true,1,1343192
7290005684418,false,לחם מקמח כוסמין מלא,,,לחם מקמח כוסמין מלא,גרמים,700.00,100 גרם,false,,14.90,0.0213,true,1,1352068
7290005684579,false,לחם חמצת כוסמין,,,לחם חמצת כוסמין,גרמים,700.00,100 גרם,false,,14.90,0.0213,true,1,2192130
7290005686108,false,משמש מיובש 400 גרם,דין שיווק,,משמש מיובש 400 גרם,גרמים,400.00,100 גרם,false,,19.90,0.0497,true,1,1995699
7290005686115,false,שזיפים 400 גרם,דין שיווק,,שזיפים 400 גרם,גרמים,400.00,100 גרם,false,,18.90,0.0472,true,1,1328082
7290005686122,false,צימוק כהה 400 גרם,דין שיווק,,צימוק כהה 400 גרם,גרמים,400.00,100 גרם,false,,12.90,0.0323,true,1,1328083
7290005719189,false,לחם מחמצת שיפון אגוז,,,לחם מחמצת שיפון אגוז,גרמים,500.00,100 גרם,false,,16.90,0.0338,true,1,2094126
7290005789380,false,מגבונים לאיפור,,,מגבונים לאיפור,יח',54.00,יח',false,,14.90,0.2759,true,1,1304948
7290005838002,false,מעדן דניאלה וניל 88,שטראוס,IL,דניאלה וניל,גרמים,88.00,100 גרם,false,,3.90,0.0443,true,1,1342484
7290005838613,false,מעדן סקי וניל-בודד 1,שטראוס,IL,סקי וניל 125 בודד,גרמים,125.00,100 גרם,false,,3.70,0.0296,true,1,1342485
7290005839078,false,מארז חיסכון 8 ביו דנ,שטראוס,IL,מ. דנונה 8 חסכון ביו 3% 1,גרמים,1200.00,100 גרם,false,,15.90,0.0133,true,1,1342487
7290005839313,false,מעדן מילקי טופ.,שטראוס,IL,מילקי טופ מגולגלת,גרמים,170.00,100 גרם,false,,4.30,0.0253,true,1,1342489
7290005870415,false,קרם רגליים,שוורץ,IL,"ק.רגליים 100 סמ""ק",גרמים,100.00,100 גרם,false,,7.90,0.0790,true,1,1328621
7290005896828,false,סאן-בנדטו שישייה 1.5,,,סאן-בנדטו שישייה 1.5,ליטרים,9.00,ליטר,false,,20.50,2.2778,true,1,1324435
7290005938245,false,פסטו קלאסי,,,פסטו קלאסי,גרמים,220.00,100 גרם,false,,15.90,0.0723,true,1,2112870
7290005992735,false,לאבנה 5% 250 גרם.,מחלבות גד,IL,לאבנה 5% 250 גרם,גרמים,250.00,100 גרם,false,,11.90,0.0476,true,1,1328454
7290005992889,false,גבינת שמנת 30% שום ש,מחלבות גד,IL,גבינת שמנת שום שמיר 30% 2,קילוגרמים,1.00,"ק""ג",true,,45.00,45.0000,true,1,1328457
7290005992940,false,גבינה לבנה 5% ירקות,,,גבינה לבנה 5% ירקות,קילוגרמים,1.00,"ק""ג",true,,25.00,25.0000,true,1,1328461
7290006185952,false,מגבון מסיר איפור,דן מור,IL,מגבון מסיר איפור,יח',30.00,יח',false,,14.90,0.4967,true,1,1348403
7290006199218,false,שלגוני גלידל 8 יח קפ,,,שלגוני גלידל 8 יח קפ,גרמים,400.00,100 גרם,false,,29.90,0.0747,true,1,1335334
7290006229427,false,מים סאן בנדטו 6X 500,,,מים סאן בנדטו 6X 500,ליטרים,3.00,ליטר,false,,11.90,3.9667,true,1,1324440
7290006235220,false,קידס מגבונים הגיינים,"ד""ר פישר Dr fischer",IL,'30 יח TO-GO קידס מגבונים,יח',30.00,יח',false,,5.90,0.1967,true,1,1352273
7290006241214,false,שקד טבעי בשקית,,,שקד טבעי בשקית,גרמים,200.00,100 גרם,false,,17.90,0.0895,true,1,1885240
7290006241504,false,מיץ תפוזים קפוא 280,פריגת,IL,תפוזים 340,גרמים,280.00,100 גרם,false,,9.90,0.0354,true,1,1329079
7290006241535,false,מיץ מנגו קפוא 280 גר,פריגת,IL,מנגו 340- ישן,גרמים,280.00,100 גרם,false,,9.90,0.0354,true,1,1329081
7290006241689,false,מיץ לימון קפוא 280 ג,פריגת,IL,לימון 340,גרמים,280.00,100 גרם,false,,9.90,0.0354,true,1,1329082
7290006251107,false,תה צאי' מסאלה,ויסוצקי,IL,צ'אי מסאלה,גרמים,50.00,100 גרם,false,,14.90,0.2980,true,1,1339937
7290006251268,false,תה ירוק תפוח וקינמון,ויסוצקי,IL,תה ירוק תפוח וקינמון,גרמים,37.50,100 גרם,false,,22.90,0.6107,true,1,1339938
7290006251275,false,תה ירוק סיני,ויסוצקי,IL,תה ירוק סיני קלאסי,גרמים,37.50,100 גרם,false,,22.90,0.6107,true,1,1339939
7290006251374,false,תה ירוק לימונית וגינ,ויסוצקי,IL,תה ירוק לימונית וגינגר,גרמים,37.50,100 גרם,false,,22.90,0.6107,true,1,1339942
7290006251589,false,תה ירוק עלי נענע 50,ויסוצקי,IL,תה ירוק נענע,גרמים,75.00,100 גרם,false,,39.90,0.5320,true,1,1339943
7290006271174,false,ג'חנון בצק.,מעדנות,IL,גחנון בצק 700גר מעדנות,גרמים,700.00,100 גרם,false,,16.90,0.0241,true,1,1341191
7290006271655,false,מיני בורקס גבינה.,מעדנות,IL,מיני בורקס גבינה 800 גרם,גרמים,800.00,100 גרם,false,,24.90,0.0311,true,1,1341199
7290006272072,false,ריבועי פיצה.,,,ריבועי פיצה.,גרמים,650.00,100 גרם,false,,29.90,0.0460,true,1,1341202
7290006272430,false,בצק עלים חמאה 600 גר,מעדנות,IL,בצק עלים חמאה 600גר,גרמים,600.00,100 גרם,false,,27.90,0.0465,true,1,1341203
7290006306296,false,רביולי גבינה לילדים,פסטה נונה Pasta Nonn,IL,רביולי במילוי גבינה במיוח,גרמים,400.00,100 גרם,false,,21.90,0.0547,true,1,1340813
7290006342089,false,גרעין שחור 200 גרם,דין שיווק,,גרעין שחור 200 גרם,גרמים,200.00,100 גרם,false,,5.90,0.0295,true,1,1328089
7290006342577,false,פקאן סיני 200 גרם,דין שיווק,,פקאן סיני 200 גרם,גרמים,200.00,100 גרם,false,,24.90,0.1245,true,1,1328090
7290006342584,false,אגוזי מלך קלופים 300,דין שיווק,,אגוזי מלך קלופים 300,גרמים,300.00,100 גרם,false,,22.90,0.0763,true,1,1328091
7290006342591,false,גרעיני דלעת קלויים 2,דין שיווק,,גרעיני דלעת קלויים 2,גרמים,200.00,100 גרם,false,,7.90,0.0395,true,1,1328092
7290006374653,false,דבש לייט 350 גרם,שטראוס,IL,דש-לייט 350 גרם,גרמים,350.00,100 גרם,false,,24.90,0.0711,true,1,1343196
7290006374660,false,שמן זית כתית מעולה ק,שטראוס,IL,שמן זית 2 קלאסי 1 ליטר,ליטרים,1.00,ליטר,false,,42.90,42.9000,true,1,1343197
7290006374738,false,קונפיטורת תות 340 גר,בית אל מזון,IL,קונפיטורת תות  340 גרם,גרמים,340.00,100 גרם,false,,12.90,0.0379,true,1,1343200
7290006492432,false,מוצרלה בייבי 150 גרם,מחלבות גד,IL,מוצרלה בייבי 150 גרם,גרמים,150.00,100 גרם,false,,12.90,0.0860,true,1,1328469
7290006492616,false,בולגרית 5% בפרוסות 2,דשן,IL,בולגרית פרוסות 5% 250 גרם,גרמים,250.00,100 גרם,false,,25.90,0.1036,true,1,1328472
7290006492630,false,גבינת גדעז מחלב עיזי,מחלבות גד,IL,גליל גד עז 180 גרם,גרמים,180.00,100 גרם,false,,21.90,0.1217,true,1,1328473
7290006492852,false,גבינת עזים למריחה 5%,מחלבות גד,IL,גבינה למריחה 5% עיזים 250,גרמים,250.00,100 גרם,false,,15.90,0.0636,true,1,1328476
7290006492913,false,לאבנה ציזיקי 5% 250,מחלבות גד,IL,גבינה צ'זקי 250 גרם,גרמים,250.00,100 גרם,false,,14.90,0.0596,true,1,1328478
7290006494597,false,מרמולייט תרכיז תפוחי,זנלכל,IL,מרמולייט סירופ בטעם תפוחי,ליטרים,1.00,ליטר,false,,19.90,19.9000,true,1,1353503
7290006494917,false,טוסו ופל קלאסי בטעם,גילרו,IL,טוסו ופל קלאסי בטעם שוקול,גרמים,200.00,100 גרם,false,,9.90,0.0495,true,1,1353511
7290006511010,false,"פרמז'אנו רבעים ק""ג",זנטי,IT,פרמז'נו שקיל רבעים למעדני,קילוגרמים,1.00,"ק""ג",true,,119.00,119.0000,true,1,1308802
7290006511157,false,פטריות שלם 400 גרם,אוקוצמפ,PL,פטריות שלם 400גרם בד'צ,גרמים,400.00,100 גרם,false,,7.90,0.0198,true,1,1308803
7290006546371,false,במיה פרי הגליל.,פרי הגליל,IL,במיה 600פג,גרמים,600.00,100 גרם,false,,14.90,0.0248,true,1,1347600
7290006546388,false,תחתיות ארטישוק פרי ה,פרי הגליל,IL,ת.ארטישוק 400פג,גרמים,400.00,100 גרם,false,,19.90,0.0497,true,1,1347601
7290006546395,false,לקט העונה פרי הגליל,פרי הגליל,IL,לקט העונה 800פג,גרמים,800.00,100 גרם,false,,12.90,0.0161,true,1,1347602
7290006546425,false,תירס קלחונים פרי הגל,פרי הגליל,IL,תירס קלחונים 1קג פג,קילוגרמים,1.00,"ק""ג",false,,14.90,14.9000,true,1,1347603
7290006546982,false,לקט סיני פרי הגליל,פרי הגליל,IL,לקט סיני 800פג,גרמים,800.00,100 גרם,false,,14.90,0.0186,true,1,1347616
7290006567048,false,פתיתי קוסקוס ישראלי,קוסקוס,IL,אסם פתיתי קוסקוס ישראלי 3,גרמים,350.00,100 גרם,false,,6.90,0.0197,true,1,1305616
7290006582355,false,סילאן 900 גרם,שקדיה,,סילאן 900 גרם,גרמים,900.00,100 גרם,false,,12.90,0.0143,true,1,1350781
7290006618078,false,אסטוניש מרסס למטבח,אסטוניש Astonish,GB,אסטוניש מרסס-למטבח,מיליליטרים,750.00,"100 מ""ל",false,,11.90,0.0159,true,1,1326112
7290006618085,false,אסטוניש מרסס לחדר אמ,אסטוניש Astonish,GB,אסטוניש מרסס כחול-לאמבט,מיליליטרים,750.00,"100 מ""ל",false,,11.90,0.0159,true,1,1326113
7290006618610,false,ספוגיות לכלים,פלספק,TR,הפי ספוגיות חלבי/בשרי שיש,יח',6.00,יח',false,,7.90,1.3167,true,1,1326120
7290006651211,false,מגבונים לניקוי עיניי,"ד""ר פישר Dr fischer",IL,40 סשטים בקופסא EYE CARE,יח',40.00,יח',false,,49.90,1.2475,true,1,1352277
7290006651570,false,אל סבון+שמפו קמיל בל,"ד""ר פישר Dr fischer",IL,קמיל בלו צמחי מרפא שמפו ו,מיליליטרים,750.00,"100 מ""ל",false,,19.90,0.0265,true,1,1352286
7290006651730,false,אלכוויפס מגבונים ליד,"ד""ר פישר Dr fischer",IL,20 אלכוויפס מגבונים לשמיר,יח',20.00,יח',false,,15.90,0.7950,true,1,1352288
7290006652027,false,במבה מוליטפק,אסם תעשיות,IL,במבה אריזת תינוק 15 גרם מ,גרמים,300.00,100 גרם,false,,24.90,0.0830,true,1,1305621
7290006653765,false,פסטה פרפקטו 500 גרם.,זארה,IT,פרפקטו פטוצ'יני 500 גרם,גרמים,500.00,100 גרם,false,,6.90,0.0138,true,1,1305624
7290006653819,false,קוסקוס דק 350 גרם.,קוסקוס,IL,אסם קוסקוס דק 350 גרם,גרמים,350.00,100 גרם,false,,6.90,0.0197,true,1,1305625
7290006664051,false,מארז 14 אקטימל לבן,שטראוס,IL,אקטימל 14 טבעי,גרמים,1512.00,100 גרם,false,,31.50,0.0208,true,1,1342495
7290006664532,false,דנונה תות 3% שומן 15,שטראוס,IL,דנונה תות 3%,גרמים,150.00,100 גרם,false,,3.40,0.0227,true,1,1342500
7290006664693,false,יוגורט עם אפרסק 3% 1,שטראוס,IL,דנונה אפרסק 3%,גרמים,150.00,100 גרם,false,,3.40,0.0227,true,1,1342503
7290006664990,false,מארז 8 דנונה ביו חיס,שטראוס,IL,מארז דנונה שמינייה 1.7% ח,גרמים,1200.00,100 גרם,false,,15.90,0.0133,true,1,1342505
7290006666307,false,חומוס סלטי משני,,,חומוס סלטי משני,גרמים,300.00,100 גרם,false,,12.90,0.0430,true,1,2195952
7290006666314,false,סלט טחינה סלטי משני,,,סלט טחינה סלטי משני,גרמים,300.00,100 גרם,false,,12.90,0.0430,true,1,2195953
7290006666338,false,טחינה ירוקה סלטי משנ,,,טחינה ירוקה סלטי משנ,גרמים,300.00,100 גרם,false,,13.90,0.0463,true,1,2195955
7290006666345,false,חציל במיונז סלטי משנ,,,חציל במיונז סלטי משנ,גרמים,300.00,100 גרם,false,,19.90,0.0663,true,1,2195966
7290006666376,false,חציל רומני סלטי משני,,,חציל רומני סלטי משני,גרמים,300.00,100 גרם,false,,19.90,0.0663,true,1,2195969
7290006666406,false,חציל טבעי סלטי משני,,,חציל טבעי סלטי משני,גרמים,300.00,100 גרם,false,,19.90,0.0663,true,1,2195971
7290006666437,false,סלט טורקי סלטי משני,,,סלט טורקי סלטי משני,גרמים,300.00,100 גרם,false,,16.90,0.0563,true,1,2195974
7290006666444,false,סלט מטבוחה סלטי משני,,,סלט מטבוחה סלטי משני,גרמים,300.00,100 גרם,false,,19.90,0.0663,true,1,2195975
7290006666451,false,סלסה סלטי משני,,,סלסה סלטי משני,גרמים,300.00,100 גרם,false,,19.90,0.0663,true,1,2195976
7290006666468,false,גזר בלימון סלטי משני,,,גזר בלימון סלטי משני,גרמים,300.00,100 גרם,false,,19.90,0.0663,true,1,2195977
7290006666475,false,"תפו""א רוסי סלטי משני",,,"תפו""א רוסי סלטי משני",גרמים,300.00,100 גרם,false,,14.90,0.0497,true,1,2195996
7290006666567,false,חציל מרוקאי סלטי משנ,,,חציל מרוקאי סלטי משנ,גרמים,300.00,100 גרם,false,,22.90,0.0763,true,1,2198918
7290006666574,false,חומוס אבו זוהר סלטי,,,חומוס אבו זוהר סלטי,גרמים,300.00,100 גרם,false,,12.90,0.0430,true,1,2195980
7290006666826,false,סחוג ירוק סלטי משני,,,סחוג ירוק סלטי משני,גרמים,150.00,100 גרם,false,,12.90,0.0860,true,1,2195958
7290006666833,false,סחוג אדום סלטי משני,,,סחוג אדום סלטי משני,גרמים,150.00,100 גרם,false,,12.90,0.0860,true,1,2195959
7290006666840,false,עריסה ביתית סלטי משנ,,,עריסה ביתית סלטי משנ,גרמים,150.00,100 גרם,false,,12.90,0.0860,true,1,2195960
7290006681003,false,גלידה קרמיסימו 1.33,גלידות שטראוס,IL,קרמ 1.33 סורבט ת-ל)פסח(,ליטרים,1.33,ליטר,false,,19.90,14.9624,true,1,1337645
7290006681553,false,שמיניית קרמבו וניל ש,גלידות שטראוס,IL,קרמבו 1/8 וניל,גרמים,200.00,100 גרם,false,,13.90,0.0695,true,1,1337649
7290006681560,false,שמיניית קרמבו מוקה ש,גלידות שטראוס,IL,קרמבו 1/8 מוקה,גרמים,200.00,100 גרם,false,,13.90,0.0695,true,1,1337650
7290006712684,false,דאודורנט סטיק-כחול ס,COLGATE PALMOLIVE,US,ספיד סטיק 24/7 סטיק כחול,גרמים,50.00,100 גרם,false,,19.90,0.3980,true,1,1339317
7290006739346,false,נקניקיות פרגיות 400,,,נקניקיות פרגיות 400,גרמים,400.00,100 גרם,false,,12.90,0.0323,true,1,1323172
7290006739407,false,שניצל תירס לייט 630,,,שניצל תירס לייט 630,גרמים,630.00,100 גרם,false,,29.90,0.0475,true,1,1323173
7290006739445,false,שניצל תירס קלאסי 750,,,שניצל תירס קלאסי 750,גרמים,750.00,100 גרם,false,,29.90,0.0399,true,1,1323176
7290006739544,false,כתף בקר 300 גרם,,,כתף בקר 300 גרם,גרמים,300.00,100 גרם,false,,29.90,0.0997,true,1,1323177
7290006764485,false,שישייה נשר מאלט 330,,,שישייה נשר מאלט 330,ליטרים,1.98,ליטר,false,,26.90,13.5859,true,1,1324443
7290006765451,false,פיסטוק קלוי ענק 250,דין שיווק,,פיסטוק קלוי ענק 250,גרמים,250.00,100 גרם,false,,19.90,0.0796,true,1,1328101
7290006765468,false,שקד קלוי ענק 250 גרם,דין שיווק,,שקד קלוי ענק 250 גרם,גרמים,250.00,100 גרם,false,,19.90,0.0796,true,1,1328102
7290006765475,false,בוטן קלוי ענק 250 גר,דין שיווק,,בוטן קלוי ענק 250 גר,גרמים,250.00,100 גרם,false,,9.90,0.0396,true,1,1328103
7290006765482,false,קשיו קלוי ענק 250 גר,דין שיווק,,קשיו קלוי ענק 250 גר,גרמים,250.00,100 גרם,false,,19.90,0.0796,true,1,1328104
7290006775016,false,עוגת תפוז 450 גר.,"אחדות ביח""ר לטחינה ח",IL,עוגת תפוז 450 גרם,גרמים,450.00,100 גרם,false,,8.90,0.0198,true,1,1306643
7290006775023,false,עוגת אנגלית 450ג.,"אחדות ביח""ר לטחינה ח",IL,עוגה אנגלית 450 גרם,גרמים,450.00,100 גרם,false,,8.90,0.0198,true,1,1306644
7290006775030,false,עוגת שוקולד ציפס.,"אחדות ביח""ר לטחינה ח",IL,עוגת שוקו ציפס 450 גרם,גרמים,450.00,100 גרם,false,,8.90,0.0198,true,1,1306645
7290006775047,false,עוגת שוקולד 450ג.,"אחדות ביח""ר לטחינה ח",IL,עוגה בטעם שוקולד 450 גרם,גרמים,450.00,100 גרם,false,,8.90,0.0198,true,1,1306646
7290006775337,false,עוגת שמרים 400 גר.,"אחדות ביח""ר לטחינה ח",IL,עוגת שמרים פרג 400 גרם,גרמים,400.00,100 גרם,false,,10.90,0.0273,true,1,2171117
7290006775344,false,עוגת שמרים 400 גר.,"אחדות ביח""ר לטחינה ח",IL,עוגת שמרים במילוי קרם קינ,גרמים,400.00,100 גרם,false,,10.90,0.0273,true,1,1306654
7290006775764,false,עוגה שוקוצ'יפס ללא ס,"אחדות ביח""ר לטחינה ח",IL,עוגת שוקוצ'יפס ללא תוספת,גרמים,400.00,100 גרם,false,,10.90,0.0273,true,1,1306658
7290006775795,false,"עוגת תפו""ע ממולאת 45","אחדות ביח""ר לטחינה ח",IL,עוגת תפוח עץ עם מילוי  מע,גרמים,450.00,100 גרם,false,,10.90,0.0242,true,1,2171118
7290006775894,false,עוגת שיש ללא סוכר.,"אחדות ביח""ר לטחינה ח",IL,עוגת שיש ללא תוספת  סוכר,גרמים,400.00,100 גרם,false,,10.90,0.0273,true,1,1306660
7290006788375,false,דאודורנט סטיק נושם ו,אמיליה קוסמטיקס,IL,דאו.קרליין סטיק נושם פיור,מיליליטרים,50.00,"100 מ""ל",false,,16.90,0.3380,true,1,1320200
7290006788405,false,דאודורנט  רול און נו,אמיליה קוסמטיקס,IL,דאו.קרליין רולאון נושם אק,מיליליטרים,75.00,"100 מ""ל",false,,12.90,0.1720,true,1,1320203
7290006788412,false,דאודורנט  רול און נו,אמיליה קוסמטיקס,IL,דאו.קרליין רולאון נושם אק,מיליליטרים,75.00,"100 מ""ל",false,,12.90,0.1720,true,1,1320204
7290006788429,false,דאודורנט רול און נוש,אמיליה קוסמטיקס,IL,דאו.קרליין רולאון נושם סנ,מיליליטרים,75.00,"100 מ""ל",false,,12.90,0.1720,true,1,1320205
7290006788436,false,דאודורנט רול און נוש,אמיליה קוסמטיקס,IL,דאו.קרליין רולאון נושם פי,מיליליטרים,75.00,"100 מ""ל",false,,12.90,0.1720,true,1,1320206
7290006788443,false,דאודורנט רול און נוש,אמיליה קוסמטיקס,IL,דאו.קרליין רולאון נושם או,מיליליטרים,75.00,"100 מ""ל",false,,12.90,0.1720,true,1,1320207
7290006788450,false,דאודורנט ספריי נושם,אמיליה קוסמטיקס,IL,דאו.קרליין ספריי סנסטיב 2,מיליליטרים,200.00,"100 מ""ל",false,,12.90,0.0645,true,1,1320208
7290006788474,false,דאודורנט  ספריי נושם,אמיליה קוסמטיקס,IL,דאו.קרליין ספריי אקווה 20,גרמים,75.00,100 גרם,false,,12.90,0.1720,true,1,1320210
7290006788504,false,דאודורנט ספריי נושם,אמיליה קוסמטיקס,IL,דאו.קרליין ספריי אוקסיג'ן,מיליליטרים,200.00,"100 מ""ל",false,,12.90,0.0645,true,1,1320213
7290006789617,false,קרם לחות לתלתלים גמי,אמיליה קוסמטיקס,IL,"קרם ""10"" לחות לתלתל 400מ",מיליליטרים,400.00,"100 מ""ל",false,,16.90,0.0422,true,1,1320219
7290006789655,false,קרם לחות לבניית תלתל,אמיליה קוסמטיקס,IL,"קרם ""10"" לסרוק קל 400מל",מיליליטרים,400.00,"100 מ""ל",false,,16.90,0.0422,true,1,1320223
7290006805850,false,תערובת להכנת פנקייק.,,,תערובת להכנת פנקייק.,גרמים,500.00,100 גרם,false,,19.90,0.0398,true,1,1326906
7290006822192,false,נקטר חמוציות דיאט 1,פריגת,IL,פריגת דיאטאושןספריחמוציות,ליטרים,1.00,ליטר,false,,11.90,11.9000,true,1,1335682
7290006855190,false,חטיף בר תמרים בננה 4,,,חטיף בר תמרים בננה 4,גרמים,120.00,100 גרם,false,,15.90,0.1325,true,1,2192284
7290006855251,false,חטיף בר קשיו אגוזי ה,טבעית מוצרים מן הטבע,IL,ברבריא חטיף בר קשיו אגוזי,גרמים,108.00,100 גרם,false,,15.90,0.1472,true,1,1305632
7290006879653,false,פילה סלמון 1.4-1.8 ק,,,פילה סלמון 1.4-1.8 ק,קילוגרמים,1.00,"ק""ג",true,,79.90,79.9000,true,1,2321500
7290006983152,false,קרוטונים מתובלים למר,עינת תעשיות מזון,IL,קרוטונים מתובלים למרק ולס,גרמים,400.00,100 גרם,false,,18.90,0.0472,true,1,1305634
7290006983176,false,לחמית שיפון.,אסם תעשיות,IL,לחמית שיפון 230 גרם,גרמים,230.00,100 גרם,false,,7.90,0.0343,true,1,1305635
7290006983206,false,פלאפל קלי קלות.,אסם תעשיות,IL,אסם פלאפל בקלי קלות 180 ג,גרמים,180.00,100 גרם,false,,8.90,0.0494,true,1,1305636
7290006983794,false,עוגת הבית תפוז 400 ג,אסם תעשיות,IL,אסם הבית עוגה בטעם תפוז,גרמים,400.00,100 גרם,false,,12.90,0.0323,true,1,1305642
7290006992185,false,דייסת מטרנה 200 גרם,מטרנה,IL,אבקה להכנת דייסת אורז מטר,גרמים,200.00,100 גרם,false,,14.90,0.0745,true,1,1305646
7290006992192,false,דייסת סולת בדצ 200 ג,מטרנה,IL,אבקה להכנת דייסת סולת  מט,גרמים,200.00,100 גרם,false,,14.90,0.0745,true,1,1305647
7290006992208,false,דייסת דגנים 200 גרם,מטרנה,IL,אבקה להכנת דייסת דגנים מע,גרמים,200.00,100 גרם,false,,14.90,0.0745,true,1,1305648
7290006992390,false,דייסת וניל בדצ 200 ג,מטרנה,IL,אבקה להכנת דייסת קורנפלור,גרמים,200.00,100 גרם,false,,14.90,0.0745,true,1,1305650
7290008000246,false,סבון נוזלי פמינה אלו,כצט,IL,"פמינה פרש אלוורה 220 מ""ל",מיליליטרים,220.00,"100 מ""ל",false,,24.90,0.1132,true,1,1346806
7290008000598,false,קרם ידיים,כצט,IL,"SHOW קרם ידיים 100 מ""ל",מיליליטרים,100.00,"100 מ""ל",false,,4.90,0.0490,true,1,1346807
7290008000826,false,משחת שיניים ילדים בר,כצט,IL,"משחת שיניים ברבי 50 מ""ל",גרמים,50.00,100 גרם,false,,11.90,0.2380,true,1,1346812
7290008023542,false,פנטסטיק לריצפה 4 ליט,יוניליוור,IL,סיף רצפות יסמין 4 ל,ליטרים,4.00,ליטר,false,,19.90,4.9750,true,1,1341979
7290008104050,false,סבון נוזלי פמינה,כצט,IL,"פמינה קלאסיק 220 מ""ל",מיליליטרים,220.00,"100 מ""ל",false,,19.90,0.0905,true,1,1346817
7290008116541,false,מי פה ליסטרין קול מי,,,מי פה ליסטרין קול מי,מיליליטרים,500.00,"100 מ""ל",false,,19.90,0.0398,true,1,1306488
7290008116565,false,מי פה ליסטרין פרש 50,,,מי פה ליסטרין פרש 50,מיליליטרים,500.00,"100 מ""ל",false,,19.90,0.0398,true,1,1306489
7290008154222,false,שניצלונים ציפוי מעוד,עיצובים 2020 (4.9),IL,עוף טוב שניצלונים בציפוי,גרמים,700.00,100 גרם,false,,19.90,0.0284,true,1,1305651
7290008166751,false,חמוציות 200 גרם,,,חמוציות 200 גרם,גרמים,200.00,100 גרם,false,,8.90,0.0445,true,1,1335273
7290008175173,false,חמאה 200 גרם ללא תוס,,,חמאה 200 גרם ללא תוס,גרמים,200.00,100 גרם,false,,12.90,0.0645,true,1,1308816
7290008175760,false,גבינת מנצ'גו מחלב כב,אלפסטור,ES,גבינת מנצ'גו מחלב כבשים (,קילוגרמים,1.00,"ק""ג",true,,99.00,99.0000,true,1,1308822
7290008175814,false,פטריות חתוכות 400 גר,אוקוצמפ,PL,פטריות חתוך 400גרם- בד'צ,גרמים,400.00,100 גרם,false,,4.90,0.0123,true,1,1308824
7290008175906,false,גבינת עזים.,אלמטאה,NL,גבינת עיזים (שקיל) חלב יש,קילוגרמים,1.00,"ק""ג",true,,119.00,119.0000,true,1,1308825
7290008190985,false,לקקן בטעם גלידה 50יח,כרמית תעשיות ממתקים,IL,כרמית לקקן גלידה 50יח' כש,גרמים,450.00,100 גרם,false,,18.90,0.0420,true,1,1339331
7290008194266,false,מארזים מתוקים א.אטיא,,,מארזים מתוקים א.אטיא,גרמים,350.00,100 גרם,false,,14.90,0.0426,true,1,2249204
7290008263924,false,טחינה אורגנית שומשום,"אחדות ביח""ר לטחינה ח",IL,טחינה אורגנית שומשום מלא,גרמים,1000.00,100 גרם,false,,39.90,0.0399,true,1,1309124
7290008330107,false,מרכך בדין 4 ליטר סגו,יוניליוור,IL,Badin Std Liquid Purple 4,ליטרים,4.00,ליטר,false,,19.90,4.9750,true,1,1341980
7290008343466,false,בצק פילו 500 גר'.,שגמור,IL,בצק פילו 500 גר',גרמים,500.00,100 גרם,false,,14.90,0.0298,true,1,1330126
7290008343558,false,"סיגרים בשר 1 ק""ג",,,"סיגרים בשר 1 ק""ג",קילוגרמים,1.00,"ק""ג",false,,18.90,18.9000,true,1,2109475
7290008347730,false,פילה סלמון מעושן,,,פילה סלמון מעושן,קילוגרמים,1.00,"ק""ג",true,,199.00,199.0000,true,1,1394025
7290008409049,false,שניצלונים מיני דק דק,,,שניצלונים מיני דק דק,גרמים,500.00,100 גרם,false,,27.90,0.0558,true,1,1341210
7290008409124,false,שניצל ג'ונגל מאמאעוף,,,שניצל ג'ונגל מאמאעוף,גרמים,700.00,100 גרם,false,,32.90,0.0470,true,1,1341215
7290008409315,false,שניצלונים מיני דק דק,,,שניצלונים מיני דק דק,גרמים,500.00,100 גרם,false,,27.90,0.0558,true,1,1341220
7290008423014,false,פלפל שחור,,,פלפל שחור,גרמים,100.00,100 גרם,false,,13.90,0.1390,true,1,2310627
7290008423021,false,כמון טחון,,,כמון טחון,גרמים,400.00,100 גרם,false,,29.90,0.0747,true,1,2310734
7290008423045,false,תבלין קציצות,,,תבלין קציצות,גרמים,100.00,100 גרם,false,,13.90,0.1390,true,1,1335130
7290008423052,false,עגבניות מיובשות בשמן,,,עגבניות מיובשות בשמן,גרמים,250.00,100 גרם,false,,14.90,0.0596,true,1,1335131
7290008423243,false,מלח הים האדום דק,,,מלח הים האדום דק,גרמים,650.00,100 גרם,false,,7.90,0.0122,true,1,1335136
7290008423250,false,מלח גס,,,מלח גס,גרמים,630.00,100 גרם,false,,7.90,0.0125,true,1,2310750
7290008443265,false,אל סבון נוזלי נקה סו,אמיליה קוסמטיקס,IL,סופטקר אל סבון קלאסי 2 לי,ליטרים,2.00,ליטר,false,,29.90,14.9500,true,1,1320265
7290008443616,false,מרכך שיער נקה 7 לשיע,אמיליה קוסמטיקס,IL,מרכך נקה 7 לשיר יבש 750מ,מיליליטרים,750.00,"100 מ""ל",false,,11.90,0.0159,true,1,1320269
7290008443630,false,נקה 7 שמפו לשיער 750,אמיליה קוסמטיקס,IL,שמפו נקה7 שיער מתולתל750,מיליליטרים,750.00,"100 מ""ל",false,,11.90,0.0159,true,1,1320271
7290008443647,false,מרכך לשיער נקה 7 לשי,אמיליה קוסמטיקס,IL,מרכך נקה7 שיער מתולתל750,מיליליטרים,750.00,"100 מ""ל",false,,11.90,0.0159,true,1,1320272
7290008464024,false,פחית גולדסטאר לא מסו,,,פחית גולדסטאר לא מסו,מיליליטרים,500.00,"100 מ""ל",false,,9.90,0.0198,true,1,1324449
7290008464109,false,בירה גולדסטאר לא מסו,,,בירה גולדסטאר לא מסו,מיליליטרים,330.00,"100 מ""ל",false,,8.90,0.0270,true,1,1324450
7290008464130,false,שישייה בירה גולדסטאר,,,שישייה בירה גולדסטאר,ליטרים,1.98,ליטר,false,,39.90,20.1515,true,1,1324451
7290008464222,false,בירה מכבי 7.9 פחית 5,,,בירה מכבי 7.9 פחית 5,מיליליטרים,500.00,"100 מ""ל",false,,9.90,0.0198,true,1,1368182
7290008464345,false,בירה גולדסטאר בקבוק,,,בירה גולדסטאר בקבוק,מיליליטרים,330.00,"100 מ""ל",false,,6.90,0.0209,true,1,1365234
7290008464468,false,בירה גולדסטאר בפחית,,,בירה גולדסטאר בפחית,מיליליטרים,500.00,"100 מ""ל",false,,8.90,0.0178,true,1,1324460
7290008464673,false,"פחית גולדסטאר 500 מ""",,,"פחית גולדסטאר 500 מ""",מיליליטרים,500.00,"100 מ""ל",false,,9.90,0.0198,true,1,2007270
7290008464741,false,שישייה בירה גולדסטאר,,,שישייה בירה גולדסטאר,ליטרים,1.98,ליטר,false,,25.00,12.6263,true,1,1324470
7290008464796,false,הייניקן שישייה 330 מ,,,הייניקן שישייה 330 מ,ליטרים,1.98,ליטר,false,,32.90,16.6162,true,1,1324471
7290008469760,false,שריר בקר מס.8 קפוא,,,שריר בקר מס.8 קפוא,קילוגרמים,1.00,"ק""ג",true,,49.90,49.9000,true,1,2283316
7290008470759,false,מסטיק אורביט שמניות,,,מסטיק אורביט שמניות,גרמים,104.00,100 גרם,false,,14.90,0.1433,true,1,1337363
7290008473057,false,מגבוני טו גו שלישיה,"ד""ר פישר Dr fischer",IL,קמיל בלו סנסטיב מגבונים 3,יח',90.00,יח',false,,15.90,0.1767,true,1,1352289
7290008473637,false,"מגבון אף ד""ר פישר","ד""ר פישר Dr fischer",IL,'קמיל בלו מגבונאף 30 יח,יח',30.00,יח',false,,6.90,0.2300,true,1,1352290
7290008482578,false,פודינג אינסטנט,,,פודינג אינסטנט,גרמים,85.00,100 גרם,false,,4.90,0.0576,true,1,1330219
7290008482592,false,אינסטנט ג'לי תות,,,אינסטנט ג'לי תות,גרמים,85.00,100 גרם,false,,4.90,0.0576,true,1,1330221
7290008493413,false,פירורי גריסיני 200 ג,מאיר בייגל,,פירורי גריסיני 200 ג,גרמים,200.00,100 גרם,false,,5.90,0.0295,true,1,1306858
7290008493710,false,פירורי גריסיני 200 ג,מאיר בייגל,,פירורי גריסיני 200 ג,גרמים,200.00,100 גרם,false,,5.90,0.0295,true,1,1306867
7290008611091,false,פילה סלמון מנות קפוא,,,פילה סלמון מנות קפוא,קילוגרמים,1.00,"ק""ג",true,,79.00,79.0000,true,1,2312867
7290008634045,false,פלסטר ציבעוני,,,פלסטר ציבעוני,יח',30.00,יח',false,,5.90,0.1967,true,1,1322654
7290008634663,false,מארז בקבוקים לתינוקו,,,מארז בקבוקים לתינוקו,יח',3.00,יח',false,,14.90,4.9667,true,1,1322659
7290008636339,false,שבבי תפוחי אדמה,מיה תעשיות מזון,IL,שבבי תפוחי אדמה 400גרם,גרמים,400.00,100 גרם,false,,9.90,0.0248,true,1,1334694
7290008644112,false,מטבוחה יום יום אחלה,שטראוס,IL,מטבוחה יום יום 125 גר',גרמים,125.00,100 גרם,false,,4.50,0.0360,true,1,1342508
7290008645935,false,חומוס ניגוב אחלה 750,שטראוס,IL,חומוס 750  מ. כתומה,גרמים,750.00,100 גרם,false,,9.90,0.0132,true,1,1342515
7290008690713,false,נקטר חמוציות 1 ליטר,פריגת,IL,פריגתאושןספרי חמוציות1ליט,ליטרים,1.00,ליטר,false,,11.90,11.9000,true,1,1335691
7290008693134,false,מעדן דניאלה תות 88 ג,שטראוס,IL,דניאלה תות,גרמים,88.00,100 גרם,false,,3.90,0.0443,true,1,1342516
7290008745239,false,תפוצ'יפס 50 גרם אקסט,שטראוס,IL,תפו קראנצ טבעי 50,גרמים,50.00,100 גרם,false,,3.90,0.0780,true,1,1343860
7290008747547,false,תפוצ'יפס 200 גרם טבע,שטראוס,IL,תפו קראנצ טבעי 200,גרמים,200.00,100 גרם,false,,9.90,0.0495,true,1,1343862
7290008750264,false,מסטיק מאסט דובדבן,שטראוס,IL,MUST LL  פליפ. דובדבן,גרמים,28.00,100 גרם,false,,3.90,0.1393,true,1,1343210
7290008753111,false,תפוצ'יפס 50 גרם מקסי,שטראוס,IL,תפו קראנצ מקסיקני 50,גרמים,50.00,100 גרם,false,,3.90,0.0780,true,1,1343866
7290008754415,false,מסטיק מאסט מנטה עדין,שטראוס,IL,כשלפ מסטיק MUST ספירמינט,גרמים,28.00,100 גרם,false,,3.90,0.1393,true,1,1343219
7290008754422,false,מסטיק מאסט מנטה קלאס,שטראוס,IL,Must  LL קלאסי פפרמינט,גרמים,28.00,100 גרם,false,,3.90,0.1393,true,1,1343220
7290008757980,false,ספרינג רימונים קרטונ,,,ספרינג רימונים קרטונ,ליטרים,1.00,ליטר,false,,6.60,6.6000,true,1,1324906
7290008775816,false,ערגליות שוקו 300 גרם,אסם תעשיות,IL,אסם ערגליות שוקו 300גרם,גרמים,300.00,100 גרם,false,,9.90,0.0330,true,1,1305659
7290008775823,false,ערגליות תות שדה.,אסם תעשיות,IL,אסם ערגליות תות  300גרם,גרמים,300.00,100 גרם,false,,9.90,0.0330,true,1,1305660
7290008775892,false,פסטה פרפקטו 500 גרם.,זארה,IT,פרפקטו לינגוויני 500 גרם,גרמים,500.00,100 גרם,false,,6.90,0.0138,true,1,1305661
7290008784542,false,ספוג רחצה קויוטה מסג,סודובסקי,IL,קויוטה  מסג,יחידה,0.00,יחידה,false,,7.90,0.0000,true,1,1308643
7290008801157,false,יין מרלו סלקטד,,,יין מרלו סלקטד,מיליליטרים,750.00,"100 מ""ל",false,,29.90,0.0399,true,1,1308291
7290008801461,false,יין הנצחון,,,יין הנצחון,מיליליטרים,750.00,"100 מ""ל",false,,18.90,0.0252,true,1,2083702
7290008801478,false,יין טופז זהב,,,יין טופז זהב,מיליליטרים,750.00,"100 מ""ל",false,,18.90,0.0252,true,1,1308296
7290008801522,false,יין קונקורד,,,יין קונקורד,מיליליטרים,750.00,"100 מ""ל",false,,18.90,0.0252,true,1,1308297
7290008801546,false,יין מוסקט מתוק,,,יין מוסקט מתוק,מיליליטרים,750.00,"100 מ""ל",false,,18.90,0.0252,true,1,1762630
7290008801843,false,יין קברנה סוביניון ס,,,יין קברנה סוביניון ס,מיליליטרים,750.00,"100 מ""ל",false,,29.90,0.0399,true,1,1308300
7290008801850,false,יין אמרלנד רזלינג,,,יין אמרלנד רזלינג,מיליליטרים,750.00,"100 מ""ל",false,,29.90,0.0399,true,1,1308301
7290008802529,false,יין וינו לבן,,,יין וינו לבן,מיליליטרים,750.00,"100 מ""ל",false,,18.90,0.0252,true,1,1308304
7290008802895,false,יין קברנה סוביניון,,,יין קברנה סוביניון,מיליליטרים,750.00,"100 מ""ל",false,,38.90,0.0519,true,1,1308305
7290008804332,false,יין שיראז,,,יין שיראז,מיליליטרים,750.00,"100 מ""ל",false,,38.90,0.0519,true,1,1308313
7290008805384,false,יין מוסקטו סלקטד,,,יין מוסקטו סלקטד,מיליליטרים,750.00,"100 מ""ל",false,,29.90,0.0399,true,1,1308323
7290008805520,false,יין קברנה /מרלו,,,יין קברנה /מרלו,מיליליטרים,750.00,"100 מ""ל",false,,29.90,0.0399,true,1,1308324
7290008806985,false,נשנושי גלידת פרווה ו,גלידות שטראוס,IL,נשנושים פרווה פסח,יח',60.00,יח',false,,44.90,0.7483,true,1,1337659
7290008807272,false,יין גוורצטרמינר חצי,בנימינה Binyamina,IL,ב.רזרב גוורצטרמינר חצי יב,מיליליטרים,750.00,"100 מ""ל",false,,59.90,0.0799,true,1,1347676
7290008807289,false,ייו קיסריה,בנימינה Binyamina,IL,קיסריה יין אדום מתוק 750מ,מיליליטרים,750.00,"100 מ""ל",false,,14.90,0.0199,true,1,1347677
7290008807449,false,יין יוגב סובניון בלא,בנימינה Binyamina,IL,יוגב סוביניון בלאן שרדונה,מיליליטרים,750.00,"100 מ""ל",false,,39.90,0.0532,true,1,1347684
7290008807487,false,יין יוגב קברנה סובינ,,,יין יוגב קברנה סובינ,מיליליטרים,750.00,"100 מ""ל",false,,39.90,0.0532,true,1,1347685
7290008807494,false,יין יוגב ארומטי,בנימינה Binyamina,IL,יוגב ארומטי 2014,מיליליטרים,750.00,"100 מ""ל",false,,39.90,0.0532,true,1,1347686
7290008834117,false,סטייק אנטריקוט טרי,,,סטייק אנטריקוט טרי,קילוגרמים,1.00,"ק""ג",true,,129.00,129.0000,true,1,1344770
7290008834551,false,חזה עוף עם נקיון,,,חזה עוף עם נקיון,קילוגרמים,1.00,"ק""ג",true,,39.90,39.9000,true,1,1344777
7290008834704,false,אוסובוקו עגל טרי,,,אוסובוקו עגל טרי,קילוגרמים,1.00,"ק""ג",true,,39.90,39.9000,true,1,1344781
7290008834711,false,פילה מדומה טרי,,,פילה מדומה טרי,קילוגרמים,1.00,"ק""ג",true,,59.90,59.9000,true,1,1344782
7290008834759,false,צוואר טרי,,,צוואר טרי,קילוגרמים,1.00,"ק""ג",true,,69.00,69.0000,true,1,1344786
7290008834766,false,בקר טחון טרי,,,בקר טחון טרי,קילוגרמים,1.00,"ק""ג",true,,59.90,59.9000,true,1,1344787
7290008834834,false,טחון עוף,,,טחון עוף,קילוגרמים,1.00,"ק""ג",true,,34.90,34.9000,true,1,1344791
7290008834841,false,חזה הודו טחון,,,חזה הודו טחון,קילוגרמים,1.00,"ק""ג",true,,44.90,44.9000,true,1,1344792
7290008834889,false,בשר ראש טרי,,,בשר ראש טרי,קילוגרמים,1.00,"ק""ג",true,,69.90,69.9000,true,1,1344796
7290008835831,false,פרגיות קוביות,,,פרגיות קוביות,קילוגרמים,1.00,"ק""ג",true,,79.90,79.9000,true,1,1344801
7290008835879,false,בשר צלעות טרי,,,בשר צלעות טרי,קילוגרמים,1.00,"ק""ג",true,,79.90,79.9000,true,1,1344802
7290008849470,false,ממרח פלפל צו'מה,אוליביה,IL,פלפל צומה 185 ג,גרמים,185.00,100 גרם,false,,12.90,0.0697,true,1,1309134
7290008849586,false,רוטב ריבת בצל,אוליביה,IL,רוטב לעוף ריבת בצל,גרמים,310.00,100 גרם,false,,12.90,0.0416,true,1,1309138
7290008849609,false,רוטב שום ודבש לעוף,אוליביה,IL,רוטב לעוף שום דבש,מיליליטרים,330.00,"100 מ""ל",false,,12.90,0.0391,true,1,1309139
7290008849739,false,רוטב סויה קלאסית,אוליביה,IL,רוטב סויה אמיתי,מיליליטרים,290.00,"100 מ""ל",false,,12.90,0.0445,true,1,1309140
7290008849753,false,רוטב טריאקי עשיר,אוליביה,IL,רוטב טריאקי,מיליליטרים,290.00,"100 מ""ל",false,,12.90,0.0445,true,1,1309142
7290008849777,false,"רוטב צ""לי מתוק",אוליביה,IL,רוטב צ'ילי מתוק,גרמים,290.00,100 גרם,false,,12.90,0.0445,true,1,1309143
7290008849845,false,אריסה פיקנטית-אוליבי,,,אריסה פיקנטית-אוליבי,גרמים,185.00,100 גרם,false,,9.90,0.0535,true,1,1873886
7290008909761,false,בירה קרלסברג בקבוק 3,,,בירה קרלסברג בקבוק 3,מיליליטרים,330.00,"100 מ""ל",false,,6.90,0.0209,true,1,1335701
7290008909853,false,"ZERO קולה 500 מ""ל",קוקה קולה Coca Cola,IL,קולה ZERO בקבוק 500 מל,מיליליטרים,500.00,"100 מ""ל",false,,6.90,0.0138,true,1,1335702
7290008989091,false,פריכיות אריזת חסכון,בטר אנד דיפרנט B&D,IL,פריכיות שלישיות אריזת חסכ,גרמים,310.00,100 גרם,false,,11.90,0.0384,true,1,1348563
7290010023141,false,תה חליטת צמחים לימונ,ויסוצקי,IL,חליטת לימונענע,גרמים,55.00,100 גרם,false,,16.90,0.3073,true,1,1339963
7290010049028,false,מרמולייט תרכיז פטל ד,זנלכל,IL,מרמולייט סירופ בטעם פטל 1,ליטרים,1.00,ליטר,false,,19.90,19.9000,true,1,1353738
7290010065318,false,"מחית פרינוק תפ""ע 190",fruta,CZ,ג'וניור תפ'ע 190 ג' אדום,גרמים,190.00,100 גרם,false,,5.90,0.0311,true,1,1309191
7290010065332,false,מחית פרינוק תפע+בננה,fruta,CZ,ג'וניור תפ'ע בננה 190 ג',גרמים,190.00,100 גרם,false,,5.90,0.0311,true,1,1309193
7290010065349,false,מחית פרינוק סלט פירו,fruta,CZ,ג'וניור סלט פירות 190 ג',גרמים,190.00,100 גרם,false,,5.90,0.0311,true,1,1309194
7290010065745,false,מחית פרינוק לפתן פיר,fruta,CZ,ג'וניור לפתן פירות 190 ג',גרמים,190.00,100 גרם,false,,5.90,0.0311,true,1,1309201
7290010116980,false,שוקולית 850 גרם,שטראוס,IL,שוקולית 850 גרם 6 יח,גרמים,850.00,100 גרם,false,,18.90,0.0222,true,1,1343256
7290010117864,false,דוריטוס 70 גרם חריף,שטראוס,IL,דוריטוס חריף אש 70 גרם,גרמים,70.00,100 גרם,false,,3.50,0.0500,true,1,1343879
7290010117970,false,בוטנים סבבה עלית טבע,,,בוטנים סבבה עלית טבע,גרמים,50.00,100 גרם,false,,2.00,0.0400,true,1,1343880
7290010118328,false,מארז תפוצ'יפס 6*40,שטראוס,IL,מארז תפוציפס 240*6ג/1מארז,גרמים,240.00,100 גרם,false,,12.90,0.0538,true,1,1343882
7290010119240,false,מארז תפוצ'יפס 12*18,שטראוס,IL,מארז תפוציפס1 /12*18מארז/,גרמים,216.00,100 גרם,false,,16.90,0.0782,true,1,1343883
7290010153541,false,קווקר מהיר הכנה.,מיה תעשיות מזון,IL,קווקר מהיר הכנה 500גרם,גרמים,500.00,100 גרם,false,,6.90,0.0138,true,1,1334714
7290010153688,false,חומץ 5%,פרידמן תעשיות חומץ ו,IL,חומץ טבעי 1ליטר בד''ץ,ליטרים,1.00,ליטר,false,,6.90,6.9000,true,1,1334715
7290010153879,false,ריבת חלב בטעם שמנת,מיה תעשיות מזון,IL,ריבת חלב בטעם שמנת 400גרם,גרמים,400.00,100 גרם,false,,10.90,0.0273,true,1,1334729
7290010154425,false,סחוג ירוק 130 גרם,,,סחוג ירוק 130 גרם,יחידה,0.00,יחידה,false,,7.90,0.0000,true,1,2031253
7290010154548,false,ממרח שום ביטון יוחאי,,,ממרח שום ביטון יוחאי,גרמים,235.00,100 גרם,false,,12.90,0.0549,true,1,2031254
7290010175819,false,חמאת בוטנים,,,חמאת בוטנים,גרמים,510.00,100 גרם,false,,9.90,0.0194,true,1,1333957
7290010175840,false,לבבות דקל שלם 400 גר,,,לבבות דקל שלם 400 גר,גרמים,400.00,100 גרם,false,,10.90,0.0273,true,1,1333960
7290010175857,false,פרוסות לבבות דקל 400,,,פרוסות לבבות דקל 400,גרמים,400.00,100 גרם,false,,9.90,0.0248,true,1,1333961
7290010176793,false,סוכריות רולס 375 גרם,,,סוכריות רולס 375 גרם,גרמים,385.00,100 גרם,false,,18.90,0.0491,true,1,2300677
7290010182237,false,דאודורנט רול און לאב,,,דאודורנט רול און לאב,מיליליטרים,80.00,"100 מ""ל",false,,14.90,0.1863,true,1,1328302
7290010195268,false,פופקורן פופסטאר טבעי,Preston farms,US,פופסטאר מופחת שומן טבעי 5,גרמים,500.00,100 גרם,false,,12.90,0.0258,true,1,1353750
7290010195275,false,פופקורן פופסטאר חמאה,Preston farms,US,פופסטאר מופחת שומן חמאה 5,גרמים,500.00,100 גרם,false,,12.90,0.0258,true,1,1353751
7290010234769,false,דאודורנט איזבלה,ביסקול תמרוקים,IL,דאודורנט איזבלה,מיליליטרים,200.00,"100 מ""ל",false,,15.90,0.0795,true,1,1348406
7290010237548,false,"פפסי מקס 500 מ""ל",,,"פפסי מקס 500 מ""ל",מיליליטרים,500.00,"100 מ""ל",false,,4.50,0.0090,true,1,1324508
7290010237685,false,"הייניקן בקבוק 330 מ""",,,"הייניקן בקבוק 330 מ""",מיליליטרים,330.00,"100 מ""ל",false,,9.90,0.0300,true,1,1324514
7290010259311,false,קרם קוקוס 400 גרם,,,קרם קוקוס 400 גרם,גרמים,400.00,100 גרם,false,,7.90,0.0198,true,1,1837309
7290010259823,false,מנת השף-מרק עם נודלס,נמצ'או,TH,מנת השף- מרק עם נודלס בטע,גרמים,70.00,100 גרם,false,,4.90,0.0700,true,1,1308864
7290010259830,false,מנת השף-מרק עם נודלס,נמצ'או,TH,מנת השף מרק עם נודלס בסגנ,גרמים,70.00,100 גרם,false,,4.90,0.0700,true,1,1308865
7290010259847,false,מנת השף-מרק עם נודלס,נמצ'או,TH,מנת השף- מרק עם נודלס בטע,גרמים,70.00,100 גרם,false,,4.90,0.0700,true,1,1308866
7290010259854,false,מנת השף-מרק עם נודלס,נמצ'או,TH,מנת השף - מרק עם נודלס בט,גרמים,70.00,100 גרם,false,,4.90,0.0700,true,1,1308867
7290010259861,false,מנת השף-מרק עם נודלס,נמצ'או,TH,מנת השף -מרק עם נודלס בטע,גרמים,70.00,100 גרם,false,,4.90,0.0700,true,1,1308868
7290010259977,false,שמן קנולה מזוכך 1 לי,,,שמן קנולה מזוכך 1 לי,ליטרים,1.00,ליטר,false,,9.90,9.9000,true,1,2268885
7290010259991,false,צנימים 250 גרם .,דן קייק,PT,צנימים 250גרם,גרמים,250.00,100 גרם,false,,7.90,0.0316,true,1,1308872
7290010300860,false,"אציטון 100 מ""ל",,,"אציטון 100 מ""ל",מיליליטרים,100.00,"100 מ""ל",false,,4.90,0.0490,true,1,2076422
7290010328253,false,טחינה אחוה גולמית 50,,,טחינה אחוה גולמית 50,גרמים,500.00,100 גרם,false,,9.90,0.0198,true,1,1306666
7290010328451,false,חלווה עם פולי קקאו 4,"אחדות ביח""ר לטחינה ח",IL,חלוה עם פולי קקאו 400 גרם,גרמים,400.00,100 גרם,false,,12.90,0.0323,true,1,1306667
7290010328505,false,מאגדת חטיפי מיני חלו,"אחדות ביח""ר לטחינה ח",IL,חטיפי מיני חלוה ללא תוספת,גרמים,150.00,100 גרם,false,,8.90,0.0593,true,1,1306670
7290010328680,false,עוגה שוקולד צ'יפס מר,"אחדות ביח""ר לטחינה ח",IL,עוגה בטעם שוקולד עם שוקוצ,גרמים,450.00,100 גרם,false,,8.90,0.0198,true,1,1306676
7290010429554,false,שמן זית כתית 2 קלאסי,שטראוס,IL,"שמן זית 2 קלאסי 750 מ""ל",מיליליטרים,750.00,"100 מ""ל",false,,33.90,0.0452,true,1,1343263
7290010471669,false,דנונה בר תות קורנפלק,שטראוס,IL,בר תות קורנפלקס בודד- מקט,גרמים,175.00,100 גרם,false,,4.50,0.0257,true,1,1342531
7290010472390,false,מארז 8 מעדן דני שוקו,שטראוס,IL,מארז 8 דני שוקולד,גרמים,1000.00,100 גרם,false,,15.90,0.0159,true,1,1342536
7290010535408,false,מארז קופסאות למברשת,מיה טריידינג,CN,"זוג  קופ""  למברשת שיניים",יחידה,0.00,יחידה,false,,9.90,0.0000,true,1,1308650
7290010535767,false,כובע רחצה עבה משי,מיה טריידינג,CN,כובע רחצה ממשי   / ענק,יחידה,0.00,יחידה,false,,5.90,0.0000,true,1,1308657
7290010548514,false,עשבי תיבול לבישול אי,עיצובים 2020 (3.8),IL,תערובת איטלקית 70 גרם,גרמים,70.00,100 גרם,false,,9.90,0.1414,true,1,1305724
7290010609727,false,פופס קידס-שלוקים מאר,,,פופס קידס-שלוקים מאר,מיליליטרים,2240.00,"100 מ""ל",false,,13.90,0.0062,true,1,1336092
7290010609734,false,אייס לי שלוקים 8 יח',,,אייס לי שלוקים 8 יח',מיליליטרים,800.00,"100 מ""ל",false,,4.90,0.0061,true,1,1541796
7290010609864,false,טרופיקס משקה ענבים,,,טרופיקס משקה ענבים,ליטרים,8.00,ליטר,false,,34.90,4.3625,true,1,1541780
7290010613823,false,נוזל לניקוי כלים 1.6,,,נוזל לניקוי כלים 1.6,ליטרים,1.60,ליטר,false,,14.90,9.3125,true,1,2259642
7290010613830,false,נוזל לניקוי כלים 1.6,,,נוזל לניקוי כלים 1.6,ליטרים,1.60,ליטר,false,,14.90,9.3125,true,1,2259643
7290010613892,false,תרסיס לניקוי כללי בת,,,תרסיס לניקוי כללי בת,ליטרים,1.00,ליטר,false,,12.90,12.9000,true,1,2239836
7290010613939,false,תרסיס לניקוי כללי בת,,,תרסיס לניקוי כללי בת,ליטרים,1.00,ליטר,false,,12.90,12.9000,true,1,2239837
7290010627004,false,טחינה גולמית ירושלים,,,טחינה גולמית ירושלים,גרמים,500.00,100 גרם,false,,12.90,0.0258,true,1,1459237
7290010627844,false,טחינה גולמית ירושלים,,,טחינה גולמית ירושלים,גרמים,500.00,100 גרם,false,,12.90,0.0258,true,1,1459238
7290010632787,false,צימרוני אוזנים מעץ 3,,,צימרוני אוזנים מעץ 3,יח',300.00,יח',false,,3.50,0.0117,true,1,1322718
7290010711888,false,קולבים איכותיים,תביג ישראל גרובר,IL,קולבים פלסטיק שישיה 1/32,יח',6.00,יח',false,,8.90,1.4833,true,1,1327360
7290010748891,false,קרם גוף אפקטיב לעור,"ד""ר פישר Dr fischer",IL,אפקטיב קר קרם גוף מולטי ו,מיליליטרים,700.00,"100 מ""ל",false,,32.90,0.0470,true,1,1352307
7290010760947,false,עוגיות בדלי בטעמים ש,,,עוגיות בדלי בטעמים ש,גרמים,600.00,100 גרם,false,,15.90,0.0265,true,1,1341341
7290010766185,false,רוטב לפסטה עגבניות ב,אוליביה,IL,רוטב לפסטה עג.בזיליקום,גרמים,420.00,100 גרם,false,,12.90,0.0307,true,1,1309208
7290010766697,false,רוטב שקשוקה,אוליביה,IL,רוטב שקשוקה,גרמים,415.00,100 גרם,false,,12.90,0.0311,true,1,1309211
7290010766734,false,רוטב פיצה,אוליביה,IL,רוטב פיצה,מיליליטרים,415.00,"100 מ""ל",false,,12.90,0.0311,true,1,1309212
7290010766949,false,ממרח ארטישוק,אוליביה,IL,ממרח ארטישוק,גרמים,180.00,100 גרם,false,,12.90,0.0717,true,1,1309214
7290010814244,false,טבליות שוקולד מריר ש,כרמית תעשיות ממתקים,IL,כרמית שוקולד מריר שלשות 1,גרמים,255.00,100 גרם,false,,11.90,0.0467,true,1,1339500
7290010814251,false,טבליות שוקולד חלב של,כרמית תעשיות ממתקים,IL,כרמית שוקולד חלב שלשות 85,גרמים,255.00,100 גרם,false,,11.90,0.0467,true,1,1339501
7290010814268,false,טבליות שוקולד לבן  ש,כרמית תעשיות ממתקים,IL,כרמית שוקולד לבן שלשות 85,גרמים,255.00,100 גרם,false,,11.90,0.0467,true,1,1339502
7290010838219,false,מרמולייט סטיביה 100,קיפל,IL,מר' סטיביה 100שקיות,יח',100.00,יח',false,,25.90,0.2590,true,1,1353754
7290010838424,false,"זוג ט.דאק 750 מ""ל יר",Jonson ג'ונסון,NL,טואלט דאק * 750זוג *ירוק,מיליליטרים,1500.00,"מ""ל",false,,19.90,0.0133,true,1,1353755
7290010839865,false,רוטב רימונים 320 גרם,,,רוטב רימונים 320 גרם,גרמים,320.00,100 גרם,false,,9.90,0.0309,true,1,1308878
7290010849505,false,יין למברוסקו מבעבע,,,יין למברוסקו מבעבע,מיליליטרים,750.00,"100 מ""ל",false,,29.90,0.0399,true,1,1334449
7290010849529,false,יין למברוסקו מבעבע,,,יין למברוסקו מבעבע,מיליליטרים,750.00,"100 מ""ל",false,,29.90,0.0399,true,1,1334451
7290010883042,false,סנובון נוזלי לאסלות,סנו,IL,סנובון נוזלי רענן 750 מל,מיליליטרים,750.00,"100 מ""ל",false,,9.90,0.0132,true,1,1320288
7290010883356,false,כפפות אלוורה מרופדות,Z.H.RUBBER,CN,XL סנו סושי כפפות אלוורה,יח',1.00,יח',false,,9.90,9.9000,true,1,1320290
7290010883363,false,זוג כפפות אלוורה מרו,Z.H.RUBBER,CN,S סנו סושי כפפות אלוורה,יח',1.00,יח',false,,9.90,9.9000,true,1,1320291
7290010883370,false,זוג כפפות אלוורה מרו,Z.H.RUBBER,CN,M סנו סושי כפפות אלוורה,יח',1.00,יח',false,,9.90,9.9000,true,1,1320292
7290010970063,false,שמן שומשום כבישה קרה,טעמים,IL,שמן שומשום 500 מל,מיליליטרים,500.00,"100 מ""ל",false,,39.90,0.0798,true,1,1353015
7290010970216,false,חומץ בלסמי איטלקי,טעמים,IL,חומץ בלסמי  500 מל,מיליליטרים,500.00,"100 מ""ל",false,,19.90,0.0398,true,1,1353017
7290010970223,false,חומץ יין אדום,טעמים,IL,חומץ יין אדום  500 מל,מיליליטרים,500.00,"100 מ""ל",false,,10.90,0.0218,true,1,1353018
7290010970452,false,טחינה גולמית מעודנת,,,טחינה גולמית מעודנת,גרמים,380.00,100 גרם,false,,14.90,0.0392,true,1,2233659
7290010970537,false,תרסיס שמן 200 גרם,טעמים,IL,שמן קנולה בתרסיס  200 גרם,גרמים,200.00,100 גרם,false,,19.90,0.0995,true,1,1353027
7290010970544,false,שמן אבוקדו מעודן,טעמים,IL,שמן זית כתית מעולה 750 מל,מיליליטרים,500.00,"100 מ""ל",false,,39.90,0.0798,true,1,1377334
7290010970704,false,ממרח זיתים ירוקים 18,,,ממרח זיתים ירוקים 18,גרמים,180.00,100 גרם,false,,12.90,0.0717,true,1,1561143
7290010970773,false,סילאן תמרים טבעי בקב,,,סילאן תמרים טבעי בקב,גרמים,350.00,100 גרם,false,,12.90,0.0369,true,1,2233660
7290010970971,false,תרסיס שמן זית 200 גר,,,תרסיס שמן זית 200 גר,גרמים,200.00,100 גרם,false,,19.90,0.0995,true,1,2301873
7290011015985,false,סירופ דיאט אננס 750,סירופ - גבעת חיים,IL,סירופ דיאט אננס 750,מיליליטרים,750.00,"100 מ""ל",false,,22.90,0.0305,true,1,1335722
7290011017866,false,קוקה קולה פחית 330 מ,קוקה קולה Coca Cola,IL,"סליק קוקה-קולה  330 מ""ל",מיליליטרים,330.00,"100 מ""ל",false,,5.40,0.0164,true,1,1335732
7290011017873,false,קולה זירו פחית 330 מ,קוקה קולה Coca Cola,IL,"סליק קולה זירו 330 מ""ל",מיליליטרים,330.00,"100 מ""ל",false,,5.40,0.0164,true,1,1335733
7290011018443,false,פאנטה אורנג' פחית 33,קוקה קולה Coca Cola,IL,"סליק פאנטה אורנג' 330 מ""ל",מיליליטרים,330.00,"100 מ""ל",false,,5.40,0.0164,true,1,1335750
7290011018917,false,מארז שישיית פחיות קו,קוקה קולה Coca Cola,IL,מארז zero 6 פח FRIDGE-PAC,ליטרים,1.98,ליטר,false,,23.90,12.0707,true,1,1335758
7290011018924,false,מארז שישיית פחיות קו,קוקה קולה Coca Cola,IL,"דק""ק מארז פח 6 FRIDGE-PAC",ליטרים,1.98,ליטר,false,,23.90,12.0707,true,1,1335759
7290011026066,false,סרקל שמפו+מעצב 1 ליט,"ד""ר פישר Dr fischer",IL,סרקל שמפו + מעצב ליטר,ליטרים,1.00,ליטר,false,,28.90,28.9000,true,1,1352308
7290011064075,false,גבינה לבנה אבו גוש 2,,,גבינה לבנה אבו גוש 2,גרמים,200.00,100 גרם,false,,12.90,0.0645,true,1,2149216
7290011081492,false,גלידה קרמיסימו 1.33,גלידות שטראוס,IL,קרמ'3 שוקו לפסח,ליטרים,1.33,ליטר,false,,19.90,14.9624,true,1,1337693
7290011081690,false,גלידה קרמיסימו 1.33,גלידות שטראוס,IL,קרמ' פרווה ש/ו צ'יפ פסח,ליטרים,1.33,ליטר,false,,19.90,14.9624,true,1,1337696
7290011091057,false,פפריקה מתוקה,,,פפריקה מתוקה,גרמים,500.00,100 גרם,false,,29.90,0.0598,true,1,2310743
7290011091088,false,כרכום גדול,,,כרכום גדול,גרמים,500.00,100 גרם,false,,29.90,0.0598,true,1,2310727
7290011091125,false,תבלין לסטייק 120 גרם,,,תבלין לסטייק 120 גרם,גרמים,120.00,100 גרם,false,,13.90,0.1158,true,1,1335145
7290011091132,false,קארי הודי 120 גרם,,,קארי הודי 120 גרם,גרמים,120.00,100 גרם,false,,13.90,0.1158,true,1,2310643
7290011091149,false,תבלין קייטגון,,,תבלין קייטגון,גרמים,150.00,100 גרם,false,,13.90,0.0927,true,1,1335147
7290011091217,false,שמיר 40 גרם,,,שמיר 40 גרם,גרמים,40.00,100 גרם,false,,13.90,0.3475,true,1,1335151
7290011091224,false,תבלין רוזמרין,,,תבלין רוזמרין,גרמים,60.00,100 גרם,false,,13.90,0.2317,true,1,1335152
7290011091248,false,טימין,,,טימין,גרמים,40.00,100 גרם,false,,13.90,0.3475,true,1,2310606
7290011091323,false,זעתר בלאדי,,,זעתר בלאדי,גרמים,120.00,100 גרם,false,,13.90,0.1158,true,1,1335156
7290011091347,false,גריל עוף 120 גרם,,,גריל עוף 120 גרם,גרמים,120.00,100 גרם,false,,13.90,0.1158,true,1,1335157
7290011091354,false,תבלין לשווארמה,,,תבלין לשווארמה,גרמים,120.00,100 גרם,false,,13.90,0.1158,true,1,1335158
7290011091408,false,תבליין חוויג מרק 120,,,תבליין חוויג מרק 120,גרמים,120.00,100 גרם,false,,13.90,0.1158,true,1,1335162
7290011091415,false,חוויג לקפה,,,חוויג לקפה,גרמים,100.00,100 גרם,false,,13.90,0.1390,true,1,1335163
7290011091460,false,כורכום טחון 150 גרם,,,כורכום טחון 150 גרם,גרמים,150.00,100 גרם,false,,13.90,0.0927,true,1,1335166
7290011091477,false,מלח לימון,,,מלח לימון,גרמים,200.00,100 גרם,false,,13.90,0.0695,true,1,1335167
7290011091491,false,קינמון טחון 120 גרם,,,קינמון טחון 120 גרם,גרמים,120.00,100 גרם,false,,13.90,0.1158,true,1,1335169
7290011091507,false,פלפל שחור טחון,,,פלפל שחור טחון,גרמים,100.00,100 גרם,false,,13.90,0.1390,true,1,1335170
7290011091514,false,פפריקה מתוקה בשמן,,,פפריקה מתוקה בשמן,גרמים,120.00,100 גרם,false,,13.90,0.1158,true,1,1335171
7290011091521,false,כמון טחון,,,כמון טחון,גרמים,120.00,100 גרם,false,,13.90,0.1158,true,1,1335172
7290011091620,false,קימל טחון,,,קימל טחון,גרמים,120.00,100 גרם,false,,13.90,0.1158,true,1,1335177
7290011091637,false,בהר פלפל אנגלי טחון,,,בהר פלפל אנגלי טחון,גרמים,120.00,100 גרם,false,,13.90,0.1158,true,1,1335178
7290011091651,false,תבלין גבישי שום,,,תבלין גבישי שום,גרמים,150.00,100 גרם,false,,13.90,0.0927,true,1,1335180
7290011115159,false,רביעיית סבון מוצק לח,גליל כימיכלים,IL,רביעיית סבון מוצק נקה 7 ל,גרמים,400.00,100 גרם,false,,9.90,0.0248,true,1,1320313
7290011115166,false,תחליב רחצה נקה 7 לבנ,אמיליה קוסמטיקס,IL,תחליב רחצה ארומה לבנדר1ל,ליטרים,1.00,ליטר,false,,14.90,14.9000,true,1,1320314
7290011115173,false,תחליב רחצה נקה 7 וני,אמיליה קוסמטיקס,IL,תחליב רחצה ארומה וניל שקד,ליטרים,1.00,ליטר,false,,14.90,14.9000,true,1,1320315
7290011115203,false,רביעיית סבון מוצק נק,גליל כימיכלים,IL,רבעיית סבון מוצק נקה 7 קל,גרמים,400.00,100 גרם,false,,9.90,0.0248,true,1,1320316
7290011115241,false,רביעיית סבון מוצק אר,גליל כימיכלים,IL,רבעיית סבון מוצק נקה 7 אר,גרמים,400.00,100 גרם,false,,9.90,0.0248,true,1,1320317
7290011115258,false,רביעיית סבון מוצק נק,גליל כימיכלים,IL,רבעיית סבון מוצק נקה 7 קל,גרמים,400.00,100 גרם,false,,9.90,0.0248,true,1,1320318
7290011115265,false,רביעיית סבון מוצק אר,גליל כימיכלים,IL,רבעיית סבון מוצק נקה 7 אר,גרמים,400.00,100 גרם,false,,9.90,0.0248,true,1,1320319
7290011115272,false,רביעיית סבון מוצק לח,גליל כימיכלים,IL,רבעיית סבון מוצק נקה 7 לח,גרמים,400.00,100 גרם,false,,9.90,0.0248,true,1,1320320
7290011115289,false,רביעיית סבון מוצק נק,גליל כימיכלים,IL,רבעיית סבון מוצק נקה 7 קל,גרמים,400.00,100 גרם,false,,9.90,0.0248,true,1,1320321
7290011115296,false,רביעיית סבון מוצק לח,,,רביעיית סבון מוצק לח,גרמים,400.00,100 גרם,false,,9.90,0.0248,true,1,1320322
7290011115401,false,רביעיית סבון מוצק אר,,,רביעיית סבון מוצק אר,גרמים,400.00,100 גרם,false,,9.90,0.0248,true,1,1320330
7290011126209,false,תה חליטת צמחים תפוח,ויסוצקי,IL,חליטת תפוח וקינמון סיידר,גרמים,67.50,100 גרם,false,,16.90,0.2504,true,1,1339974
7290011126452,false,תה קמומיל ונענע 25 ש,ויסוצקי,IL,חליטת קמומיל ונענע,גרמים,37.50,100 גרם,false,,16.90,0.4507,true,1,1339982
7290011126469,false,תה קמומיל ודבש הגן ה,ויסוצקי,IL,חליטת קמומיל ודבש,גרמים,37.50,100 גרם,false,,16.90,0.4507,true,1,1339983
7290011126957,false,תה ירוק ארל גריי 25,ויסוצקי,IL,תה ירוק ארל גרי,גרמים,37.50,100 גרם,false,,22.90,0.6107,true,1,1339990
7290011131609,false,"מיזלי 1 ק""ג פירות מו",גרין Green,MK,מיזלי1קג מ.שומן30%פירות,קילוגרמים,1.00,"100 ק""ג",false,,24.90,24.9000,true,1,1319271
7290011164164,false,לקקן סודה 40 יחידות,,,לקקן סודה 40 יחידות,100 יח',40.00,100 יח',false,,18.90,0.4725,true,1,1333972
7290011164171,false,לקקן סודה 15 יחידות,,,לקקן סודה 15 יחידות,גרמים,135.00,100 גרם,false,,8.90,0.0659,true,1,1333973
7290011174156,false,"תירס א-2 בד""צ",פרי הגליל,IL,תירס א -2ויטה בדצ,גרמים,550.00,100 גרם,false,,5.90,0.0107,true,1,1347750
7290011174163,false,תירס 12 אונק בדצ,פרי הגליל,IL,תירס 12אונק ויטה בדצ,גרמים,340.00,100 גרם,false,,5.90,0.0174,true,1,1347751
7290011174187,false,"אפונה א-2 בד""צ",פרי הגליל,IL,אפונה א -2ויטה בדצ,גרמים,550.00,100 גרם,false,,5.90,0.0107,true,1,1347753
7290011174392,false,"שעועית ברוטב א-2 בד""",פרי הגליל,IL,שע ברוטב א -2ויטה בדצ - ח,גרמים,580.00,100 גרם,false,,6.90,0.0119,true,1,1347757
7290011174491,false,"תירס קל א-2 בד""צ",פרי הגליל,IL,תירס קל א -2ויטה בדצ,גרמים,550.00,100 גרם,false,,6.90,0.0125,true,1,1347759
7290011174903,false,שעועית עדינה,,,שעועית עדינה,גרמים,600.00,100 גרם,false,,14.90,0.0248,true,1,1365400
7290011194215,false,מעדן דניאלה בננה 88,שטראוס,IL,דניאלה בננה,גרמים,88.00,100 גרם,false,,3.90,0.0443,true,1,1342540
7290011194246,false,קוטג' 5% עם סידן שטר,שטראוס,IL,קוטג' %5 עם סידן 250 גרם,גרמים,250.00,100 גרם,false,,5.90,0.0236,true,1,1342541
7290011210564,false,יין יוגב קברנה סובינ,בנימינה Binyamina,IL,יוגב קברנה סוביניון פטי ו,מיליליטרים,750.00,"100 מ""ל",false,,39.90,0.0532,true,1,1347772
7290011223038,false,עלים לקרמשניט 300 גר,Bonomi,IT,עלים לקרמשניט - בונומי 30,גרמים,300.00,100 גרם,false,,14.90,0.0497,true,1,1353765
7290011223045,false,ביסקוטים בונומי 200,Bonomi,IT,בישקוטים בונומי 200גרם,גרמים,200.00,100 גרם,false,,4.90,0.0245,true,1,1353766
7290011223229,false,"טואלט דאק ג""ל",DEOFLOR,IT,ט.ד ג'ל אסלה טיפות טל רענ,מיליליטרים,55.00,"100 מ""ל",false,,9.90,0.1800,true,1,1353770
7290011223243,false,"טואלט דאק ג""ל",DEOFLOR,IT,ט.ד ג'ל אסלה ניחוח לבנדר,מיליליטרים,55.00,"100 מ""ל",false,,9.90,0.1800,true,1,1353771
7290011249212,false,וופל בלגי לימון.,,,וופל בלגי לימון.,גרמים,200.00,100 גרם,false,,2.90,0.0145,true,1,1347159
7290011249748,false,רולים שוקולד.,,,רולים שוקולד.,גרמים,100.00,100 גרם,false,,2.90,0.0290,true,1,1347170
7290011249755,false,רולים אגוז.,,,רולים אגוז.,גרמים,100.00,100 גרם,false,,2.90,0.0290,true,1,1347171
7290011254049,false,סובין שיבולת שועל.,מיה תעשיות מזון,IL,סובין שבולת שועל 400גרם,גרמים,400.00,100 גרם,false,,9.90,0.0248,true,1,1334735
7290011254254,false,שוקולד צ'יפס,מיה תעשיות מזון,IL,נטיפים בטעם שוקולד 300גרם,גרמים,300.00,100 גרם,false,,9.90,0.0330,true,1,1334752
7290011254346,false,קינואה 1 קג,,,קינואה 1 קג,קילוגרמים,1.00,"100 ק""ג",false,,16.90,16.9000,true,1,1768822
7290011254469,false,סוכריות ללא סוכר לימ,מיה תעשיות מזון,IL,סוכריות לימון ללא סוכר 80,גרמים,80.00,100 גרם,false,,6.90,0.0863,true,1,1334757
7290011254476,false,סוכריות ללא סוכר תפו,מיה תעשיות מזון,IL,סוכריות תפוח דובדבן ללא ס,גרמים,80.00,100 גרם,false,,6.90,0.0863,true,1,1334758
7290011254483,false,סוכריות ללא סוכר אפר,מיה תעשיות מזון,IL,סוכריות אפרסק ללא סוכר 80,גרמים,80.00,100 גרם,false,,6.90,0.0863,true,1,1334759
7290011254490,false,סוכריות ללא סוכר פיר,מיה תעשיות מזון,IL,סוכריות פירות יער ללא סוכ,גרמים,80.00,100 גרם,false,,6.90,0.0863,true,1,1334760
7290011254698,false,שמן זית,מיולאוליבה ספרד,ES,שמן זית כתית מעולה 750מ'ל,מיליליטרים,750.00,"100 מ""ל",false,,29.90,0.0399,true,1,1334765
7290011254728,false,ג'לטין טהור,מיה תעשיות מזון,IL,ג'לטין טהור 25גרם בד'ץ,גרמים,25.00,100 גרם,false,,8.90,0.3560,true,1,1334766
7290011254841,false,סוכריות גלי טבעי,מיה תעשיות מזון,IL,ג'לילנד חמוצמוצים 125גרם,גרמים,125.00,100 גרם,false,,4.90,0.0392,true,1,1334771
7290011254858,false,סוכריות גלי טבעי,,,סוכריות גלי טבעי,גרמים,100.00,100 גרם,false,,4.90,0.0490,true,1,1334772
7290011300982,false,סבון כחול אושן 500 מ,סאסא קוסמטיקס,IL,סבון כחול אושן 500 מ,מיליליטרים,500.00,"500 מ""ל",false,,7.90,0.0158,true,1,1348418
7290011316891,false,"סכין חיתוך 18 מ""מ S8",,,"סכין חיתוך 18 מ""מ S8",יחידה,0.00,יחידה,false,,3.90,0.0000,true,1,2296768
7290011378028,false,חלבה בארכה ללא תוספת,רושדי תעשיות מזון,IL,חלבה בארכה קלאסית וניל לל,גרמים,350.00,100 גרם,false,,15.90,0.0454,true,1,1339992
7290011378233,false,מאגדת חלבה בארכה ללא,רושדי תעשיות מזון,IL,מאגדת חטיף חלבה בארכה בקט,גרמים,120.00,100 גרם,false,,9.90,0.0825,true,1,1339993
7290011378257,false,מאגדת חלבה בארכה ללא,רושדי תעשיות מזון,IL,מאגדת חלבה בארכה בקטנה לל,גרמים,120.00,100 גרם,false,,9.90,0.0825,true,1,1339994
7290011378769,false,מאגדת חטיף חלבה וניל,רושדי תעשיות מזון,IL,מאגדת חטיף חלבה בארכה בקט,גרמים,126.00,100 גרם,false,,9.90,0.0786,true,1,1339996
7290011378776,false,מאגדת חטיף חלבה פיסט,רושדי תעשיות מזון,IL,מאגדת חטיף חלבה בארכה בקט,גרמים,120.00,100 גרם,false,,9.90,0.0825,true,1,1339997
7290011435226,false,דבש טהור לחיץ 650 גר,,,דבש טהור לחיץ 650 גר,גרמים,650.00,100 גרם,false,,29.90,0.0460,true,1,1754069
7290011447281,false,מטרנה חלבי שלב 2 700,מטרנה,IL,תרכובת מזון המשך לתינוקות,גרמים,700.00,100 גרם,false,,59.90,0.0856,true,1,1305745
7290011447304,false,מטרנה חלבי שלב 3 700,מטרנה,IL,תרכובת מזון המשך לפעוטות,גרמים,700.00,100 גרם,false,,59.90,0.0856,true,1,1305746
7290011473051,false,קוואקר עבה אורגני 50,,,קוואקר עבה אורגני 50,גרמים,500.00,100 גרם,false,,10.90,0.0218,true,1,1359415
7290011473273,false,בורגול מלא אורגני 50,,,בורגול מלא אורגני 50,גרמים,500.00,100 גרם,false,,9.90,0.0198,true,1,1359433
7290011473280,false,חומוס אורגני 500 גרם,,,חומוס אורגני 500 גרם,גרמים,500.00,100 גרם,false,,9.90,0.0198,true,1,1359434
7290011473433,false,כוסמת אורגנית 500 גר,,,כוסמת אורגנית 500 גר,גרמים,500.00,100 גרם,false,,9.90,0.0198,true,1,1359442
7290011473648,false,סוכר דמררה אורגני 1,,,סוכר דמררה אורגני 1,גרמים,1000.00,100 גרם,false,,14.90,0.0149,true,1,1359453
7290011473655,false,סוכר קנים אורגני 1 ק,,,סוכר קנים אורגני 1 ק,גרמים,1000.00,100 גרם,false,,10.90,0.0109,true,1,1359454
7290011473723,false,מלח הימליה דק 1 קילו,,,מלח הימליה דק 1 קילו,קילוגרמים,1.00,"ק""ג",false,,19.90,19.9000,true,1,1435737
7290011473891,false,עדש צהוב אורגני 500,,,עדש צהוב אורגני 500,גרמים,500.00,100 גרם,false,,12.90,0.0258,true,1,1359457
7290011474256,false,"הימליה גס שקית 1 ק""ג",,,"הימליה גס שקית 1 ק""ג",גרמים,1000.00,100 גרם,false,,19.90,0.0199,true,1,1490548
7290011474331,false,קמח כוסמין מלא טבעי,,,קמח כוסמין מלא טבעי,קילוגרמים,1.00,"ק""ג",false,,15.90,15.9000,true,1,1400454
7290011489625,false,ביסקוויט תה שוקו 110,אפיפית נצרת,IL,ביסקויט תה ביסקויט שוקו 2,גרמים,110.00,100 גרם,false,,3.90,0.0355,true,1,1348526
7290011489694,false,פרורי ביסקוויט בטעם,אפיפית נצרת,IL,פירורי בסקויט בטעם וניל,גרמים,300.00,100 גרם,false,,5.90,0.0197,true,1,1348531
7290011499051,false,פטה כבשים 250 גרם.,גדישון,IL,פטה כבשים 20% בגביע 250 ג,גרמים,250.00,100 גרם,false,,23.90,0.0956,true,1,1328481
7290011499105,false,בולגרית 5% 250 גרם.,דשן,IL,בולגרית גביע 250 גרם 5%,גרמים,250.00,100 גרם,false,,21.90,0.0876,true,1,1328482
7290011499129,false,קוביות בולגרית 5% 20,דשן,IL,קוביות בולגרית מעודנת 200,גרמים,200.00,100 גרם,false,,19.90,0.0995,true,1,1328484
7290011499327,false,בולגרית מעודנת 5% מח,דשן,IL,בולגרית מעודנת 250 גרם 5%,גרמים,250.00,100 גרם,false,,21.90,0.0876,true,1,1328491
7290011499341,false,גבינת קאשקבלו 26% 20,מחלבות גד,IL,קשקבל 250 גרם,גרמים,200.00,100 גרם,false,,25.90,0.1295,true,1,1328493
7290011499358,false,גבינת פטה עזים 200 ג,טבע עז,IL,פטה עיזים 20% בשקית 200 ג,גרמים,200.00,100 גרם,false,,24.90,0.1245,true,1,1328494
7290011499365,false,גבינת חלומי 24% 200,מחלבות גד,IL,"חלומי 200 גרם בד""ץ",גרמים,200.00,100 גרם,false,,19.90,0.0995,true,1,1328495
7290011499419,false,גבינה במרקם שמנת 5%,מחלבות גד,IL,גבינת שמנת NEY YORK לייט,גרמים,200.00,100 גרם,false,,12.90,0.0645,true,1,1328497
7290011499525,false,לאבנה 9% 500 גרם.,מחלבות גד,IL,לאבנה דרוזית 9% 500 גרם,גרמים,500.00,100 גרם,false,,18.90,0.0378,true,1,1328501
7290011499624,false,גבינת שמנת 30% ניו י,מחלבות גד,IL,גבינת שמנת NEY YORK  טבעי,גרמים,200.00,100 גרם,false,,12.90,0.0645,true,1,1328503
7290011499723,false,בולגרית 5% בפרוסות מ,דשן,IL,בולגרית פרוסות 5% 250 גרם,גרמים,250.00,100 גרם,false,,25.90,0.1036,true,1,1328510
7290011501617,false,חמוציות ברכז תפוחים,דין שיווק,,חמוציות ברכז תפוחים,גרמים,250.00,100 גרם,false,,12.90,0.0516,true,1,1328125
7290011501716,false,שקד טבעי 250 גרם,דין שיווק,,שקד טבעי 250 גרם,גרמים,250.00,100 גרם,false,,24.90,0.0996,true,1,1328128
7290011501723,false,תערובת פיצוחים 250 ג,דין שיווק,,תערובת פיצוחים 250 ג,גרמים,250.00,100 גרם,false,,19.90,0.0796,true,1,1328129
7290011501747,false,חמוציות 300 גרם,דין שיווק,,חמוציות 300 גרם,גרמים,300.00,100 גרם,false,,9.90,0.0330,true,1,1328130
7290011502850,false,גרנולה מוזלי פירות 5,דין שיווק,,גרנולה מוזלי פירות 5,גרמים,500.00,100 גרם,false,,12.90,0.0258,true,1,1328131
7290011502867,false,גרנולה אגוזים 500 גר,דין שיווק,,גרנולה אגוזים 500 גר,גרמים,500.00,100 גרם,false,,12.90,0.0258,true,1,1328132
7290011505011,false,אטב כביסה,,,אטב כביסה,יח',9.00,יח',false,,3.00,0.3333,true,1,1322729
7290011505790,false,צימרוני אוזניים מפלס,,,צימרוני אוזניים מפלס,יח',500.00,יח',false,,8.90,0.0178,true,1,1322770
7290011505806,false,קיסמי שיניים דנטאליי,,,קיסמי שיניים דנטאליי,יח',200.00,יח',false,,8.90,0.0445,true,1,1322771
7290011517564,false,דאודורנט רול און,,,דאודורנט רול און,מיליליטרים,80.00,"100 מ""ל",false,,12.90,0.1613,true,1,1328308
7290011518561,false,מארז 14 אקטימל תות,שטראוס,IL,אקטימל 14 תות,גרמים,1512.00,100 גרם,false,,31.50,0.0208,true,1,1342554
7290011524524,false,4 יח' טונה בשמן זית,,,4 יח' טונה בשמן זית,גרמים,560.00,100 גרם,false,,29.90,0.0534,true,1,2191419
7290011524548,false,גרגירי חומוס פרי הגל,פרי הגליל,IL,חומוס 800פג,גרמים,800.00,100 גרם,false,,14.90,0.0186,true,1,1347786
7290011524555,false,שעועית לבנה מבושלת פ,פרי הגליל,IL,שע.לבנה 800פג,גרמים,800.00,100 גרם,false,,14.90,0.0186,true,1,1347787
7290011525712,false,קמיל בלו אלסבון סנסי,"ד""ר פישר Dr fischer",IL,קמיל בלו סנסיטיב אל סבון,ליטרים,1.00,ליטר,false,,24.90,24.9000,true,1,1352324
7290011570798,false,תערובת להכנת עוגה בט,,,תערובת להכנת עוגה בט,גרמים,450.00,100 גרם,false,,19.90,0.0442,true,1,1464916
7290011575007,false,מנקה אמבטיות פרפקט,דומל,DE,הפי למקלחון - מסיר אבנית-,מיליליטרים,750.00,"100 מ""ל",false,,14.90,0.0199,true,1,1326147
7290011587444,false,מוזלי 600 גרם קראהצי,,,מוזלי 600 גרם קראהצי,גרמים,600.00,100 גרם,false,,14.90,0.0248,true,1,1340303
7290011587611,false,מקרל מרוקאי בשמן,,,מקרל מרוקאי בשמן,גרמים,125.00,100 גרם,false,,5.90,0.0472,true,1,1340307
7290011598211,false,לניקוי רב שימושי אנט,סנו,IL,סנו אנטי קאלק נ.כללי700מ,מיליליטרים,700.00,"100 מ""ל",false,,18.90,0.0270,true,1,1320339
7290011598259,false,מטהר אוויר פרש אוטומ,,,מטהר אוויר פרש אוטומ,מיליליטרים,250.00,"100 מ""ל",false,,12.90,0.0516,true,1,1320340
7290011598372,false,מטלית רצפה מיקרופייב,,CN,מטלית רצפה פרופשיונל,יח',1.00,יח',false,,10.90,10.9000,true,1,1320342
7290011607180,false,"אבקת כביסה 1.25ק""ג -",זהר דליה,IL,קולון 101 1.25,קילוגרמים,1.25,"ק""ג",false,,19.90,15.9200,true,1,1309414
7290011615260,false,טורטיות 540 גרם.,מוטלוקאל גידה סאן טי,TR,טורטייה ( 20ס'מ קוטר) 540,גרמים,540.00,100 גרם,false,,7.90,0.0146,true,1,1308885
7290011615277,false,טורטיות 840 גרם.,מוטלוקאל גידה סאן טי,,טורטייה ( 25ס'מ קוטר) 840,גרמים,840.00,100 גרם,false,,14.90,0.0177,true,1,1781423
7290011622428,false,כתמטמינים 45 גרם.,אשבול,IL,'כתמטמינים 45גר,גרמים,45.00,100 גרם,false,,5.90,0.1311,true,1,1309221
7290011644000,false,"""סנקי"" חטיף תירס מקל",,,"""סנקי"" חטיף תירס מקל",גרמים,80.00,100 גרם,false,,3.90,0.0487,true,1,2214902
7290011668570,false,גרנולה פירות יבשים,אפקטבעי,IL,גרנולה פירות יבשים,גרמים,450.00,100 גרם,false,,22.90,0.0509,true,1,1348448
7290011695545,false,אטבים איכותיים אלפא,,,אטבים איכותיים אלפא,יח',55.00,יח',false,,8.90,0.1618,true,1,1330251
7290011695705,false,חמאת בוטנים קרמי אדו,,,חמאת בוטנים קרמי אדו,גרמים,340.00,100 גרם,false,,6.90,0.0203,true,1,1330254
7290011695866,false,דפים למייבש,,,דפים למייבש,יחידה,40.00,יחידה,false,,9.90,0.2475,true,1,1330256
7290011695958,false,חומץ תפוחים,,,חומץ תפוחים,מיליליטרים,750.00,"100 מ""ל",false,,12.90,0.0172,true,1,1330257
7290011723101,false,"טחינה הר ברכה 1 ק""ג",,,"טחינה הר ברכה 1 ק""ג",גרמים,1000.00,100 גרם,false,,31.90,0.0319,true,1,1328555
7290011744885,false,משחת שיניים אקווה פר,גלקסו סמית קליין,SK,א.פרש משחת ילדים לשיני חל,מיליליטרים,50.00,"100 מ""ל",false,,12.90,0.2580,true,1,1346871
7290011744892,false,משחת שיניים אקווה פר,גלקסו סמית קליין,SK,א.פרש משחת ילדים ג'וניור,מיליליטרים,50.00,"100 מ""ל",false,,12.90,0.2580,true,1,1346872
7290011745707,false,משחת שיניים סנסודיין,גלקסו סמית קליין,SK,סנסודיין פרונמל ילדים 50,גרמים,50.00,100 גרם,false,,14.90,0.2980,true,1,1346874
7290011765071,false,ג'ל גילוח קרמה מן 20,קוסמופארם,TR,ג'ל גילוח קרמה רגיל 200מ,מיליליטרים,200.00,"100 מ""ל",false,,19.90,0.0995,true,1,1320345
7290011765088,false,ג'ל גילוח קרמה מן 20,קוסמופארם,TR,200מ COOL ג'ל גילוח קרמה,מיליליטרים,200.00,"100 מ""ל",false,,19.90,0.0995,true,1,1320346
7290011765118,false,קצף גילוח קרמה 200 מ,קוסמופארם,TR,קצף גילוח קרמה דליקט200מ,מיליליטרים,200.00,"100 מ""ל",false,,9.90,0.0495,true,1,1320349
7290011765200,false,ג'ל לניקוי ידיים 300,,,ג'ל לניקוי ידיים 300,מיליליטרים,300.00,"100 מ""ל",false,,11.90,0.0397,true,1,1320352
7290011765392,false,שמפו כיף בוב ספוג 75,קוסמופארם,IL,שמ.כיף ילדים בוב ספוג750,מיליליטרים,750.00,"100 מ""ל",false,,14.90,0.0199,true,1,1320364
7290011765408,false,שמפו+מרכך כיף בוב ספ,קוסמופארם,IL,שמפו+מרכ.כיף בוב ספוג750,מיליליטרים,750.00,"100 מ""ל",false,,14.90,0.0199,true,1,1320365
7290011765422,false,אל סבון כיף בוב ספוג,קוסמופארם,IL,אלסבון כיף בוב ספוג750מל,מיליליטרים,750.00,"100 מ""ל",false,,14.90,0.0199,true,1,1320367
7290011765446,false,משחת שיניים בוב ספוג,טרופיקל דגיל,IL,משחה אורביטול ענבים 70 ג,גרמים,70.00,100 גרם,false,,8.90,0.1271,true,1,1320368
7290011765613,false,מתז מסיר עובש בניחוח,,,מתז מסיר עובש בניחוח,ליטרים,1.00,ליטר,false,,18.90,18.9000,true,1,2019706
7290011765620,false,נוזל כלים אקולוגי GR,,,נוזל כלים אקולוגי GR,מיליליטרים,700.00,"100 מ""ל",false,,9.90,0.0141,true,1,2189986
7290011800840,false,סלט טחינה לבנה 400 ג,צבר,IL,צבר טחינה בלאדי סלטי השף,גרמים,400.00,100 גרם,false,,14.90,0.0373,true,1,1305754
7290011860271,false,תפוגן ביסבול טיבעי.,עיצובים 2020 (4.5),IL,תפוגן ביסבול טבעי 700 גרם,גרמים,700.00,100 גרם,false,,14.90,0.0213,true,1,1305756
7290011877101,false,מטהר אויר סנומוד,סנו,IL,"סנומוד ניחוח מאסק 150מ""ל",מיליליטרים,150.00,"100 מ""ל",false,,10.90,0.0727,true,1,1320375
7290011877156,false,מטהר אויר סנופרש יבש,סנו,IL,"סנו פרש ענק מאסק 375 מ""ל",מיליליטרים,375.00,"100 מ""ל",false,,9.90,0.0264,true,1,1320376
7290011877835,false,אריזות ואקום לאחסון,,CN,XXL2 שקיות ואקום לאיחסון,יח',2.00,יח',false,,24.90,12.4500,true,1,1320385
7290011877842,false,אריזות ואקום לאחסון,,,אריזות ואקום לאחסון,יח',2.00,יח',false,,24.90,12.4500,true,1,1320386
7290011877859,false,פותח סתימות סנו אינס,סנו,IL,סנו אינסטלטור 200 גרם,גרמים,200.00,100 גרם,false,,15.90,0.0795,true,1,1320387
7290011885007,false,פקאן סיני 200 גרם,,,פקאן סיני 200 גרם,גרמים,200.00,100 גרם,false,,24.90,0.1245,true,1,1335276
7290011912635,false,מי פה ליסטרין טאגד פ,,,מי פה ליסטרין טאגד פ,מיליליטרים,250.00,"100 מ""ל",false,,12.90,0.0516,true,1,2044419
7290011912642,false,מי פה ליסטרין TAGD מ,,,מי פה ליסטרין TAGD מ,מיליליטרים,500.00,"100 מ""ל",false,,19.90,0.0398,true,1,1306569
7290011931162,false,סוכרלייט נוזלי 220 ג,סוכרזית Sucrazit,IL,סוכרלייט נוזלי/6יח'/220גר,גרמים,220.00,100 גרם,false,,24.90,0.1132,true,1,1343269
7290011947309,false,זית סורי מבוקע עם לי,,,זית סורי מבוקע עם לי,גרמים,230.00,100 גרם,false,,12.90,0.0561,true,1,1459241
7290011947316,false,זיתי קלמטה זיתא 215,,,זיתי קלמטה זיתא 215,גרמים,215.00,100 גרם,false,,12.90,0.0600,true,1,1904896
7290011947781,false,מיקס זית ירוק וזית ק,,,מיקס זית ירוק וזית ק,גרמים,165.00,100 גרם,false,,12.90,0.0782,true,1,2218209
7290011947798,false,זית קלמטה ללא גלעין,,,זית קלמטה ללא גלעין,גרמים,190.00,100 גרם,false,,12.90,0.0679,true,1,2218210
7290011964344,false,שום גבישי,תבליני טעם וריח,IL,מיכל שום גבישי 120 גר',גרמים,120.00,100 גרם,false,,9.90,0.0825,true,1,1351146
7290011964658,false,מלח לימון 170 גרם,תבליני טעם וריח,IL,מיכל מלח לימון 170 גר',גרמים,170.00,100 גרם,false,,6.90,0.0406,true,1,1351155
7290011964702,false,תיבול לשווארמה,תבליני טעם וריח,IL,מיכל שוארמה ללא מונוסודיו,גרמים,100.00,100 גרם,false,,7.90,0.0790,true,1,1351158
7290011977627,false,סרדינים בשמן 125 גרם,,,סרדינים בשמן 125 גרם,גרמים,125.00,100 גרם,false,,4.90,0.0392,true,1,1334003
7290011977634,false,סרדינים פלפל חריף 12,,,סרדינים פלפל חריף 12,גרמים,125.00,100 גרם,false,,4.90,0.0392,true,1,1334004
7290011977641,false,סרדינים לימון 125 גר,,,סרדינים לימון 125 גר,גרמים,125.00,100 גרם,false,,4.90,0.0392,true,1,1334005
7290011996062,false,אורז לסושי,dacsa maicereias,ES,"אורז לסושי 1 ק""ג - כשר",קילוגרמים,1.00,"ק""ג",false,,12.90,12.9000,true,1,1344054
7290011996086,false,צילי חריף 700 גרם,krs spicy food,TH,"רוטב צ'ילי חריף 700 מ""ל כ",גרמים,700.00,100 גרם,false,,9.90,0.0141,true,1,1344055
7290011996109,false,צילי מתוק 700 גרם,krs spicy food,TH,"רוטב צ'ילי מתוק 700 מ""ל כ",גרמים,700.00,100 גרם,false,,9.90,0.0141,true,1,1344057
7290011996123,false,אצות נורי 10 דף,nantong j. top,CN,אצות נורי גולד 10 דפים כש,יח',10.00,יח',false,,10.90,1.0900,true,1,1344058
7290011996130,false,אצות נורי 10 דף,nantong j. top,CN,אצות נורי סילוור 10 דפים,גרמים,25.00,100 גרם,false,,9.90,0.3960,true,1,1344059
7290011996185,false,חומץ אורז לסושי 250,jiangsu mengshun vin,CN,"חומץ אורז לסושי 250 מ""ל כ",מיליליטרים,250.00,"100 מ""ל",false,,8.90,0.0356,true,1,1344062
7290011996222,false,נוזל אגוזי קוקוס ללא,asiatic agro industr,TH,"חלב קוקוס מבצע 400 מ""ל כש",מיליליטרים,400.00,"100 מ""ל",false,,6.90,0.0173,true,1,1344065
7290011996529,false,"אטריות אורז 400 ג""ר",lhian thai rice verm,TH,"אטריות אורז 5מ""מ 400 ג' כ",גרמים,400.00,100 גרם,false,,8.90,0.0223,true,1,1344077
7290011996642,false,שומשום שחור 100 גרם,qingda bolan foods,CN,"שומשום שחור 100 ג""ר -כשר",גרמים,100.00,100 גרם,false,,12.90,0.1290,true,1,1344082
7290011996741,false,חומץ אורז לסושי 500,,,חומץ אורז לסושי 500,מיליליטרים,500.00,"100 מ""ל",false,,11.90,0.0238,true,1,1344084
7290011996789,false,פנקו פירורי לחם 200,espanolas s.a kerry,CN,פנקו - פירורי לחם יפניים,גרמים,200.00,100 גרם,false,,7.90,0.0395,true,1,1344087
7290011996819,false,אטריות שעועית סיניות,yantai yinsida,CN,אטריות שעועית סיני 250ג-כ,גרמים,250.00,100 גרם,false,,5.90,0.0236,true,1,1344090
7290011996888,false,רוטב טריאקי,krs spicy food,TH,"רוטב טריאקי 300 מ""ל כשר",מיליליטרים,300.00,"100 מ""ל",false,,10.90,0.0363,true,1,1344092
7290012001994,false,חרדל דיזון 350 גרם,מרום את קונפינו,,חרדל דיזון 350 גרם,גרמים,350.00,100 גרם,false,,9.90,0.0283,true,1,1306937
7290012019050,false,שום צעיר ובוגר וציפו,,,שום צעיר ובוגר וציפו,גרמים,330.00,100 גרם,false,,10.90,0.0330,true,1,1340324
7290012019265,false,"רסק תפו""ח דיאט 4 יח'",,,"רסק תפו""ח דיאט 4 יח'",גרמים,452.00,100 גרם,false,,9.90,0.0219,true,1,1340325
7290012019401,false,נקטר דובדבן 100% ליט,,,נקטר דובדבן 100% ליט,ליטרים,1.00,ליטר,false,,19.90,19.9000,true,1,1340329
7290012052361,false,גרנולה מוזלי.,,,גרנולה מוזלי.,גרמים,350.00,100 גרם,false,,17.90,0.0511,true,1,1362107
7290012052897,false,חטיף 7 דגנים שוקולד,,,חטיף 7 דגנים שוקולד,גרמים,132.00,100 גרם,false,,12.90,0.0977,true,1,1402188
7290012071003,false,קמיל משחה לתינוק 200,"ד""ר פישר Dr fischer",IL,קמיל בלו משחה לתינוק 200,גרמים,200.00,100 גרם,false,,19.90,0.0995,true,1,1352329
7290012071690,false,אלכוג'ל מגבונים למשט,"ד""ר פישר Dr fischer",IL,אלכוגל מגבונים אנטי בקטרי,יח',20.00,יח',false,,12.90,0.6450,true,1,1352332
7290012116032,false,"מרכך כיף פיות 750 מ""",קוסמופארם,IL,"מרכך כיף פיות 750 מ""ל",מיליליטרים,750.00,"100 מ""ל",false,,14.90,0.0199,true,1,1320400
7290012116063,false,אלסבון כיף פיות 750,קוסמופארם,IL,אלסב.כיף פיות קמומיל750מ,מיליליטרים,750.00,"100 מ""ל",false,,14.90,0.0199,true,1,1320401
7290012116070,false,אל סבון כיף פיות 750,קוסמופארם,IL,אלסב.כיף פיות אלוורה750מ,מיליליטרים,750.00,"100 מ""ל",false,,14.90,0.0199,true,1,1320402
7290012116179,false,סנובון נוזלי לאסלות,סנו,IL,"סנובון נוזלי טבע 750 מ""ל",מיליליטרים,750.00,"100 מ""ל",false,,9.90,0.0132,true,1,1320403
7290012116360,false,פוליויקס גרניט פורצל,סנו,IL,'פוליויקס גרניט פורצלן2ל,ליטרים,2.00,ליטר,false,,24.90,12.4500,true,1,1320408
7290012116537,false,אבקת כביסה מקסימה 2.,סנו,IL,אבקת כב.מקסימה מאסק 2.5ק,קילוגרמים,2.50,"ק""ג",false,,22.90,9.1600,true,1,1320411
7290012116551,false,אנטי קאלק ניקוי רב ש,סנו,IL,"סנו אנטי קאלק רב""ש 2ליטר",ליטרים,2.00,ליטר,false,,27.90,13.9500,true,1,1320412
7290012116612,false,רביעיית מברשות שיניי,z.h. plastic,CN,4 מברשות שיניים אורביטול,יח',4.00,יח',false,,14.90,3.7250,true,1,1320418
7290012116674,false,דאודורנט ג'ל קרמה 70,קוסמופארם,IL,"קרמה דאו.ג'ל קול 70 מ""ל",מיליליטרים,70.00,"100 מ""ל",false,,14.90,0.2129,true,1,1320424
7290012116698,false,דאודורנט ג'ל קרמה 70,קוסמופארם,IL,קרמה דאו.ג'ל אולטימט 70מ,מיליליטרים,70.00,"100 מ""ל",false,,14.90,0.2129,true,1,1320426
7290012117039,false,מנקה 00 לאמבטיות ומס,סנו,IL,"סנו""00"" לניקוי אמבטיה 1ל",ליטרים,1.00,ליטר,false,,8.90,8.9000,true,1,1320438
7290012117275,false,שקית מילוי סנוקליר ל,סנו,IL,סנוקליר שקית מילוי 750מל,מיליליטרים,750.00,"100 מ""ל",false,,8.90,0.0119,true,1,1320443
7290012117350,false,ריצפז פרש לרצפות 2 ל,סנו,IL,סנו ריצפז פרש לילך 2ליטר,ליטרים,2.00,ליטר,false,,17.90,8.9500,true,1,1320444
7290012117411,false,קרמה מן ג'ל רחצה לגב,קוסמופארם,IL,קרמה ג'ל רח.גבר במבוק700,מיליליטרים,700.00,"100 מ""ל",false,,18.90,0.0270,true,1,1320449
7290012117428,false,קרמה מן שמפו וג'ל רח,קוסמופארם,IL,קרמה ג'ל רח.ושמפו גבר700,מיליליטרים,700.00,"100 מ""ל",false,,18.90,0.0270,true,1,1320450
7290012117435,false,קרמה מן ג'ל רחצה אלו,קוסמופארם,IL,קרמה ג'ל רחצה אלוורה700מ,מיליליטרים,700.00,"100 מ""ל",false,,18.90,0.0270,true,1,1320451
7290012117466,false,ג'ל רחצה קרמה לפנים,קוסמופארם,IL,קרמה ת.רחצה פנים תה 180מ,מיליליטרים,180.00,"100 מ""ל",false,,14.90,0.0828,true,1,1320452
7290012117534,false,מרכך כביסה מרוכז מקס,סנו,IL,מרכ.מקסימה ס.מרוכז קול1ל,ליטרים,1.00,ליטר,false,,19.90,19.9000,true,1,1320457
7290012117541,false,מרכך כביסה מקסימה סו,,,מרכך כביסה מקסימה סו,ליטרים,1.00,ליטר,false,,19.90,19.9000,true,1,1320458
7290012117558,false,מרכך כביסה מקסימה סו,סנו,IL,מרכ.מקסימה ס.מרוכז מסק1ל,ליטרים,1.00,ליטר,false,,19.90,19.9000,true,1,1320459
7290012117572,false,כפפות לטקס סנו סושי,ווינפאק,IL,M כפפות לטקס 100 יח מידה,יח',100.00,יח',false,,32.90,0.3290,true,1,1320461
7290012117589,false,כפפות לטקס סנו סושי,ווינפאק,IL,לטקס 100יח Lכפפות מידה,יח',100.00,יח',false,,32.90,0.3290,true,1,1320462
7290012117916,false,נוזל לפתיחת סתימות ס,סנו,IL,'סנו אינסטלטור נוזלי 1 ל,ליטרים,1.00,ליטר,false,,29.90,29.9000,true,1,1320480
7290012191985,false,גפרור קטן מנורה,,,גפרור קטן מנורה,יחידה,0.00,יחידה,false,,2.40,0.0000,true,1,2175305
7290012191992,true,חבילת גפרורים ארוכים,,,חבילת גפרורים ארוכים,יח',45.00,יח',false,,4.90,0.1089,true,1,1344810
7290012212055,false,קוקטייל זיתים,,,קוקטייל זיתים,גרמים,560.00,100 גרם,false,,11.90,0.0213,true,1,1564465
7290012226021,false,נקניק סלמי מעושן פרא,,,נקניק סלמי מעושן פרא,גרמים,400.00,100 גרם,false,,17.90,0.0447,true,1,1323204
7290012226120,false,קבנוס 135 גרם,,,קבנוס 135 גרם,גרמים,135.00,100 גרם,false,,9.90,0.0733,true,1,1323205
7290012226922,false,קבנוס בטעם שום 135 ג,,,קבנוס בטעם שום 135 ג,גרמים,135.00,100 גרם,false,,9.90,0.0733,true,1,1323207
7290012226939,false,קבנוס בטעם צ'ילי חרי,,,קבנוס בטעם צ'ילי חרי,גרמים,135.00,100 גרם,false,,9.90,0.0733,true,1,1323208
7290012226991,false,נקניקיות ג'מבו 1.5 ק,,,נקניקיות ג'מבו 1.5 ק,קילוגרמים,1.50,"ק""ג",false,,25.90,17.2667,true,1,1323211
7290012227172,false,זוג נקניקים כפרית +ח,,,זוג נקניקים כפרית +ח,גרמים,600.00,100 גרם,false,,29.90,0.0498,true,1,1323214
7290012227325,false,סלמי מעושן דק דק 120,,,סלמי מעושן דק דק 120,גרמים,120.00,100 גרם,false,,11.90,0.0992,true,1,1777060
7290012227592,false,מארז זוג הודו ועוף 3,,,מארז זוג הודו ועוף 3,גרמים,700.00,100 גרם,false,,29.90,0.0427,true,1,1323222
7290012227912,false,קבנוס מעודן 135 גרם,,,קבנוס מעודן 135 גרם,גרמים,135.00,100 גרם,false,,9.90,0.0733,true,1,1607497
7290012227981,false,פסטרמה ברביקיו 120 ג,,,פסטרמה ברביקיו 120 ג,גרמים,120.00,100 גרם,false,,11.90,0.0992,true,1,1777069
7290012227998,false,חזה בקר פרוס דק 120,,,חזה בקר פרוס דק 120,גרמים,120.00,100 גרם,false,,11.90,0.0992,true,1,1777128
7290012228766,false,קבנוס מחפוד 120 גרם,,,קבנוס מחפוד 120 גרם,גרמים,120.00,100 גרם,false,,9.90,0.0825,true,1,2202063
7290012309311,false,ערמונים 100 גרם,דין שיווק,,ערמונים 100 גרם,גרמים,100.00,100 גרם,false,,6.90,0.0690,true,1,1328140
7290012309878,false,חלבה עם פיסטוק 500 ג,דין שיווק,,חלבה עם פיסטוק 500 ג,גרמים,500.00,100 גרם,false,,14.90,0.0298,true,1,1328143
7290012309939,false,חלבה מסולסלת 500 גרם,,,חלבה מסולסלת 500 גרם,גרמים,500.00,100 גרם,false,,14.90,0.0298,true,1,1328145
7290012313141,false,מלפפון פרוסות במלח,,,מלפפון פרוסות במלח,גרמים,560.00,100 גרם,false,,6.50,0.0116,true,1,1359703
7290012352034,false,קרם לחות+שמן מקדימה,,,קרם לחות+שמן מקדימה,מיליליטרים,400.00,"100 מ""ל",false,,19.90,0.0497,true,1,1320506
7290012367700,false,קרם גוף אפקטיב שיבול,"ד""ר פישר Dr fischer",IL,אפקטיב קר קרם גוף שיבולת,מיליליטרים,700.00,"100 מ""ל",false,,32.90,0.0470,true,1,1352333
7290012404955,false,ספרינג נקטר חמוציות,,,ספרינג נקטר חמוציות,ליטרים,1.25,ליטר,false,,11.90,9.5200,true,1,1324932
7290012404993,false,ספרינג נקטר דיאט חמו,,,ספרינג נקטר דיאט חמו,ליטרים,1.25,ליטר,false,,11.90,9.5200,true,1,1324934
7290012413643,false,תה ירוק קמומיל,ויסוצקי,IL,תה ירוק קמומיל,גרמים,37.50,100 גרם,false,,22.90,0.6107,true,1,1340008
7290012454202,false,סוכריות ללא סוכר תות,מיה תעשיות מזון,IL,סוכריות ריבת חלב ללא סוכר,גרמים,80.00,100 גרם,false,,6.90,0.0863,true,1,1334782
7290012454592,false,סוכריות ללא סוכר דבש,מיה תעשיות מזון,IL,סוכריות דבש לימון ללא סוכ,גרמים,80.00,100 גרם,false,,6.90,0.0863,true,1,1334789
7290012470479,false,מושבית לאסלות,מיה טריידינג,CN,"אסלונית   10  יח""",יח',10.00,יח',false,,9.90,0.9900,true,1,1308671
7290012470493,false,כובע רחצה ענק,מיה טריידינג,CN,כובע רחצה ענק  2 שכבות,יחידה,0.00,יחידה,false,,14.90,0.0000,true,1,1308673
7290012483608,false,אורז בסמטי מובחר 5 ק,lt foods,IN,אורז בסמטי מובחר 5ק'ג DAA,קילוגרמים,5.00,"ק""ג",false,,52.90,10.5800,true,1,1711607
7290012561337,false,כורכום טרי כתוש,עיצובים 2020 (3.8),,כורכום טרי כתוש,גרמים,70.00,100 גרם,false,,9.90,0.1414,true,1,2104840
7290012561405,false,בצל חצי מטוגן דורות,עיצובים 2020 (3.8),IL,בצל קצוץ ומטוגן 180 גרם,גרמים,180.00,100 גרם,false,,9.90,0.0550,true,1,1305783
7290012576607,false,יין פרימייר אדום 750,,,יין פרימייר אדום 750,מיליליטרים,750.00,"100 מ""ל",false,,26.90,0.0359,true,1,1324546
7290012576614,false,יין פרימייר לבן 750,,,יין פרימייר לבן 750,מיליליטרים,750.00,"100 מ""ל",false,,26.90,0.0359,true,1,1324547
7290012642678,false,לפתן אננס בכוסות פלס,,,לפתן אננס בכוסות פלס,גרמים,452.00,100 גרם,false,,10.90,0.0241,true,1,1340347
7290012642692,false,לפתן קוקטייל פירות ב,,,לפתן קוקטייל פירות ב,גרמים,452.00,100 גרם,false,,10.90,0.0241,true,1,1340349
7290012642807,false,פלפלים ירוקים חריפים,,,פלפלים ירוקים חריפים,גרמים,530.00,100 גרם,false,,9.90,0.0187,true,1,1340350
7290012642838,false,פלפל רצועות אדום בחו,,,פלפל רצועות אדום בחו,מיליליטרים,520.00,"100 מ""ל",false,,9.90,0.0190,true,1,1340352
7290012642869,false,פלפלונים אדום בחומץ,,,פלפלונים אדום בחומץ,גרמים,530.00,100 גרם,false,,9.90,0.0187,true,1,1340355
7290012642876,false,פלפלונים מעורב בחומץ,,,פלפלונים מעורב בחומץ,גרמים,530.00,100 גרם,false,,9.90,0.0187,true,1,1340356
7290012803215,false,טוסו ופל בלגי בטעם ש,גילרו,IL,טוסו ופל בלגי בטעם שוקולד,גרמים,200.00,100 גרם,false,,9.90,0.0495,true,1,1353821
7290012803222,false,טוסו ופל בלגי בטעם ל,גילרו,IL,טוסו ופל בלגי בטעם לימון,גרמים,200.00,100 גרם,false,,9.90,0.0495,true,1,1353822
7290012803314,false,סוכרלוז 300 טבליות מ,קיפל,IL,מר' סוכרלוז 300טבליות,יח',300.00,יח',false,,39.90,0.1330,true,1,1353823
7290012803321,false,סוכרלוז 200 שקיות אי,קיפל,IL,מר' סוכרלוז 200שקיות,יח',200.00,יח',false,,39.90,0.1995,true,1,1353824
7290012803451,false,טוסו שוקולד מריר מעו,ALTINMARKA,TR,טוסו שוקולד מריר מעולה 10,גרמים,100.00,100 גרם,false,,7.90,0.0790,true,1,1353827
7290012803765,false,טוסו שוקולד מריר 100,ALTINMARKA,TR,טוסו שוקולד מריר 100גרם,גרמים,100.00,100 גרם,false,,7.90,0.0790,true,1,1353837
7290012803789,false,שוקולד טוסו עם אגוזי,ALTINMARKA,TR,טוסו שוקולד מריר עם אגוזי,גרמים,100.00,100 גרם,false,,7.90,0.0790,true,1,1353839
7290012803796,false,טוסו שוקולד חלב עם א,ALTINMARKA,TR,טוסו שוקולד חלב עם אגוזים,גרמים,100.00,100 גרם,false,,7.90,0.0790,true,1,1353840
7290012823251,false,אל סבון כיף+משאבה 1,קוסמופארם,IL,אל סבון כיף יסמין 1 ליטר,ליטרים,1.00,ליטר,false,,8.90,8.9000,true,1,1320512
7290012823343,false,משחת שיניים אורביטול,,,משחת שיניים אורביטול,גרמים,70.00,100 גרם,false,,8.90,0.1271,true,1,2190347
7290012823374,false,מטליות לניקוי כללי ס,דינאמיק תעשיות,IL,'אנטי קאלק מטליות 50 יח,יח',50.00,יח',false,,14.90,0.2980,true,1,1320515
7290012823381,false,מרכך כביסה מקסימה סו,סנו,IL,מקסימה ס.מרוכז סנסטיב 1ל,ליטרים,1.00,ליטר,false,,19.90,19.9000,true,1,1320516
7290012823398,false,ריצפז פרש מטליות ענק,,,ריצפז פרש מטליות ענק,יח',10.00,יח',false,,14.90,1.4900,true,1,1631604
7290012823404,false,מטהר אוויר פרש אוטומ,,,מטהר אוויר פרש אוטומ,מיליליטרים,250.00,"100 מ""ל",false,,12.90,0.0516,true,1,1320517
7290012823541,false,ריצפז פרש מטליות ענק,דינאמיק תעשיות,IL,10 מטל.לחות לריצפה ריצפז,יח',10.00,יח',false,,14.90,1.4900,true,1,1320521
7290012823558,false,מטליות לחות לריצפה ס,דינאמיק תעשיות,IL,10מטליות לחות לרצפה סושי,יח',10.00,יח',false,,9.90,0.9900,true,1,1320522
7290012823565,false,מטליות ענק לחות לריצ,דינאמיק תעשיות,IL,10 מטליות לחות פוליויקס,יח',10.00,יח',false,,13.90,1.3900,true,1,1320523
7290012823589,false,ריצפז פרש לרצפות 2 ל,סנו,IL,סנו ריצפז פרש לימון 2 לי,ליטרים,2.00,ליטר,false,,17.90,8.9500,true,1,1320525
7290012823657,false,שקית מילוי רסס כבס 7,סנו,IL,"שק.מילוי רסס כבס 750 מ""ל",מיליליטרים,750.00,"100 מ""ל",false,,12.90,0.0172,true,1,1320529
7290012823886,false,רביעיית אל סבון מוצק,קוסמופארם,IL,סבון כיף אוקיינוס4*100 ג,יח',4.00,יח',false,,9.90,2.4750,true,1,1320547
7290012823916,false,ג'ל כביסה מרוכז סנו,סנו,IL,מקסימה ג'ל כביסה 5ל,ליטרים,5.00,ליטר,false,,44.90,8.9800,true,1,1320548
7290012823923,false,מרכך מקסימה פרפיום 7,סנו,IL,מ.מקסימה פרפיום גולדן750,מיליליטרים,750.00,"100 מ""ל",false,,19.90,0.0265,true,1,1320549
7290012823947,false,מרכך מקסימה פרפיום 7,סנו,IL,מ.מקסימה פרפיום קריסט750,מיליליטרים,750.00,"100 מ""ל",false,,19.90,0.0265,true,1,1320551
7290012871054,false,חטיף שלווה מתוקה 220,,,חטיף שלווה מתוקה 220,גרמים,200.00,100 גרם,false,,5.90,0.0295,true,1,1406019
7290012871061,false,חטיף תירס תפוח 150ג.,,,חטיף תירס תפוח 150ג.,גרמים,150.00,100 גרם,false,,5.90,0.0393,true,1,1406020
7290012884986,false,צ'יפס לתנור עד 4% שו,עיצובים 2020 (4.5),IL,תפוגן צ'יפס לתנור 4% שומן,קילוגרמים,1.50,"ק""ג",false,,24.90,16.6000,true,1,1305787
7290012901355,false,דודלס ארוחת אטריות ע,,,דודלס ארוחת אטריות ע,גרמים,206.00,100 גרם,false,,9.90,0.0481,true,1,2244366
7290012911170,false,"מיסו כהה 500 ג""ר -כש",,,"מיסו כהה 500 ג""ר -כש",גרמים,500.00,100 גרם,false,,10.90,0.0218,true,1,1344098
7290012911187,false,"מיסו בהיר 500 ג""ר -כ",,,"מיסו בהיר 500 ג""ר -כ",גרמים,500.00,100 גרם,false,,10.90,0.0218,true,1,1344099
7290012911293,false,דפי אורז ללא גלוטן,safaco food stuffe,VN,"דפי אורז 22 ס""מ (כשר) 300",גרמים,300.00,100 גרם,false,,12.90,0.0430,true,1,1344103
7290012911477,false,"קרם קוקוס 400 מ""ל",asiatic agro industr,TH,"קרם קוקוס מבצע 400 מ""ל",גרמים,400.00,100 גרם,false,,8.90,0.0223,true,1,1344111
7290012911644,false,רוטב סריראג'ה צילי ח,,,רוטב סריראג'ה צילי ח,מיליליטרים,435.00,"100 מ""ל",false,,19.90,0.0457,true,1,1344115
7290012911651,false,"מקלוני אורז 400 ג""ר",lhian thai rice verm,TH,"אטריות אורז 10 מ""מ 400 ג""",גרמים,400.00,100 גרם,false,,8.90,0.0223,true,1,1344116
7290012911675,false,פטריות שיטאקה,shanghi dashate,CN,"פטריות שטאקה 85 ג""ר - כשר",גרמים,85.00,100 גרם,false,,13.90,0.1635,true,1,1344117
7290012911729,false,גינג'ר ורוד לסושי 25,laiwa manhing,CN,ג'ינג'ר לסושי ( ורוד ) כש,גרמים,250.00,100 גרם,false,,7.90,0.0316,true,1,1344118
7290012911804,false,"שמן שומשום 150 מ""ל כ",oh aik guan,SG,"שמן שומשום 150 מ""ל - כשר",מיליליטרים,150.00,"100 מ""ל",false,,11.90,0.0793,true,1,1344120
7290012911941,false,רוטב צ'ילי מתוק ללא,krs spicy food,TH,"רוטב צ'ילי מתוק  700 מ""ל",גרמים,700.00,100 גרם,false,,13.90,0.0199,true,1,1344124
7290012911965,false,גינגר לסושי ללא צבע,laiwa manhing,CN,"ג'ינג'ר לסושי , ללא צבע -",גרמים,250.00,100 גרם,false,,7.90,0.0316,true,1,1344125
7290012921025,false,בירה מלכה בהירה.,,,בירה מלכה בהירה.,מיליליטרים,330.00,"100 מ""ל",false,,12.90,0.0391,true,1,1334465
7290012921056,false,בירה מלכה חיטה.,,,בירה מלכה חיטה.,מיליליטרים,330.00,"100 מ""ל",false,,12.90,0.0391,true,1,1334468
7290012921063,false,בירה מלכה הינדי.,,,בירה מלכה הינדי.,מיליליטרים,330.00,"100 מ""ל",false,,12.90,0.0391,true,1,1334469
7290012929779,false,פסטה ספירלה מקמח מלא,,,פסטה ספירלה מקמח מלא,גרמים,500.00,100 גרם,false,,4.90,0.0098,true,1,1334031
7290012929793,false,ספגטי מקמח מלא 500 ג,,,ספגטי מקמח מלא 500 ג,גרמים,500.00,100 גרם,false,,4.90,0.0098,true,1,1334033
7290012931055,false,מגב חלון פלסטיק 24 ס,,,מגב חלון פלסטיק 24 ס,יחידה,0.00,יחידה,false,,7.90,0.0000,true,1,2194323
7290012938580,false,משחת שיניים סנסודיין,גלקסו סמית קליין,GB,סנסודיין הלבנה עדינה 75 מ,מיליליטרים,75.00,"100 מ""ל",false,,19.90,0.2653,true,1,1346891
7290012938597,false,משחת שיניים סנסודיין,סמית קליין ביצ'ם,SK,סנסודיין רפיד רליף 75 מ'',מיליליטרים,75.00,"100 מ""ל",false,,23.90,0.3187,true,1,1346892
7290012938740,false,משחת שיניים סנסודיין,גלקסו סמית קליין,GB,"סנסודיין פרש מינט 75 מ""ל",מיליליטרים,75.00,"100 מ""ל",false,,19.90,0.2653,true,1,1346895
7290012962134,false,קיסמי שיניים מפלסטיק,,,קיסמי שיניים מפלסטיק,יח',100.00,יח',false,,8.90,0.0890,true,1,1322780
7290012962561,false,קיסמי שיניים 500יח',,,קיסמי שיניים 500יח',יח',500.00,יח',false,,3.90,0.0078,true,1,1322787
7290012962684,false,שקיות צליה גמבו 5 יח,,,שקיות צליה גמבו 5 יח,יח',5.00,יח',false,,4.90,0.9800,true,1,1322794
7290012996702,false,מבשם דוחה עש,רלוי,IT,הפי שקיות ריחניות לבגדים,יח',2.00,יח',false,,9.90,4.9500,true,1,1326197
7290013083661,false,מטרנה אקסטרה קר שלב,מטרנה,IL,תרכובת מזון לתינוקות על ב,גרמים,700.00,100 גרם,false,,59.90,0.0856,true,1,1305788
7290013083678,false,מטרנה אקסטרה קר שלב,מטרנה,IL,תרכובת מזון  המשך לתינוקו,גרמים,700.00,100 גרם,false,,59.90,0.0856,true,1,1305789
7290013117212,false,בורקס פילו גבינה.,מעדנות,IL,בורקס פילו במילוי גבינה מ,גרמים,600.00,100 גרם,false,,19.90,0.0332,true,1,1341251
7290013117236,false,בורקס פילו פיצה.,מעדנות,IL,בורקס פילו פיצה 600 גר,גרמים,600.00,100 גרם,false,,19.90,0.0332,true,1,1341253
7290013117243,false,בורקס פילו בולגרית.,מעדנות,IL,בורקס פילו בולגרית 600 גר,גרמים,600.00,100 גרם,false,,19.90,0.0332,true,1,1341254
7290013117410,false,בצק פריך מתוק.,מעדנות,IL,בצק פריך מתוק 900 גר מעדנ,גרמים,900.00,100 גרם,false,,22.90,0.0254,true,1,1341257
7290013117427,false,בצק פריך מלוח.,מעדנות,IL,בצק פריך מלוח 900 גר מעדנ,גרמים,900.00,100 גרם,false,,22.90,0.0254,true,1,1341258
7290013117526,false,בצק שמרים.,מעדנות,IL,בצק שמרים למאפים מתוקים 9,גרמים,900.00,100 גרם,false,,22.90,0.0254,true,1,1341262
7290013121028,false,לחם לבן ללא גלוטן,אביב קונדיטוריה מעול,IL,לחם לבן 500,גרמים,500.00,100 גרם,false,,18.90,0.0378,true,1,1350940
7290013121035,false,לחם פשתן ללא גלוטן,אביב קונדיטוריה מעול,IL,לחם פשתן 500,גרמים,500.00,100 גרם,false,,19.90,0.0398,true,1,1350941
7290013121158,false,רביעיית לחמניות סנדב,אביב קונדיטוריה מעול,IL,רביעיית לחמניות סנדביץ 46,גרמים,460.00,100 גרם,false,,19.90,0.0433,true,1,1350949
7290013121165,false,שישיית לחמניות נקניק,אביב קונדיטוריה מעול,IL,6 לחמניות נקניקיה,גרמים,460.00,100 גרם,false,,19.90,0.0433,true,1,1350950
7290013268020,false,מרכך כביסה מקסימה סו,סנו,IL,מקסימה סופר מרוכז פרש 1ל,ליטרים,1.00,ליטר,false,,19.90,19.9000,true,1,1320554
7290013268037,false,מרכך כביסה מקסימה סו,סנו,IL,'מקסימה ס.מרוכז לבנדר 1ל,ליטרים,1.00,ליטר,false,,19.90,19.9000,true,1,1320555
7290013268204,false,מגבונים לחיטוי מושב,,,מגבונים לחיטוי מושב,יח',20.00,יח',false,,9.90,0.4950,true,1,1846035
7290013268242,false,ריצפז פרש הום תרכיז,,,ריצפז פרש הום תרכיז,ליטרים,2.00,ליטר,false,,19.90,9.9500,true,1,2169077
7290013268372,false,פוליויקס פרקט בתוספת,,,פוליויקס פרקט בתוספת,ליטרים,2.00,ליטר,false,,19.90,9.9500,true,1,2187530
7290013268440,false,צמד מברשות שיניים בו,,,צמד מברשות שיניים בו,יח',2.00,יח',false,,14.90,7.4500,true,1,1395745
7290013268570,false,דאודורנט ספריי קרמה,אמיליה קוסמטיקס,IL,"דאו.קרמה מן קלאם 200 מ""ל",מיליליטרים,200.00,"100 מ""ל",false,,11.90,0.0595,true,1,1320581
7290013268594,false,דאודורנט ספריי קרמה,אמיליה קוסמטיקס,IL,"דאו.קרמה מן פאוור 200מ""ל",מיליליטרים,200.00,"100 מ""ל",false,,11.90,0.0595,true,1,1320583
7290013268839,false,פוליויקס פרקט 2 ליטר,,,פוליויקס פרקט 2 ליטר,ליטרים,2.00,ליטר,false,,19.90,9.9500,true,1,1886803
7290013268884,false,ריצפז פרש לרצפות 2 ל,סנו,IL,סנו ריצפז פרש מאסק 2ליטר,ליטרים,2.00,ליטר,false,,17.90,8.9500,true,1,1320604
7290013268891,false,ג'ל אוקסיג'ן לכביסה,סנו,IL,אוקסיג'ן ג'ל 3ליטר,ליטרים,3.00,ליטר,false,,29.90,9.9667,true,1,1320605
7290013268914,false,ג'ל כביסה SMART מקסי,,,ג'ל כביסה SMART מקסי,ליטרים,3.00,ליטר,false,,34.90,11.6333,true,1,1681323
7290013268938,false,שלישיה סנובון לאסלה,NICOLS,PL,55 ג X 'סנובון מאסק 3 יח,יח',3.00,יח',false,,9.90,3.3000,true,1,1320608
7290013268983,false,מרכך כביסה מרוכז מקס,,,מרכך כביסה מרוכז מקס,ליטרים,1.00,ליטר,false,,19.90,19.9000,true,1,2246247
7290013268990,false,מרכך כביסה מרוכז מקס,סנו,IL,מקסימה מרכך מרוכז ביו1ל,ליטרים,1.00,ליטר,false,,19.90,19.9000,true,1,1320609
7290013269003,false,מרכך כביסה מרוכז ביי,סנו,IL,מקסימה מרכך בייבי 1 ליטר,ליטרים,1.00,ליטר,false,,19.90,19.9000,true,1,1320610
7290013269096,false,מטליות לחות לטיפול ב,טרופיקל דגיל,IL,מטליות למוצרי עור 20יח,יח',1.00,יח',false,,18.90,18.9000,true,1,1320614
7290013269157,false,מרסס למייבש כביסה סנ,,,מרסס למייבש כביסה סנ,מיליליטרים,750.00,"100 מ""ל",false,,17.90,0.0239,true,1,1320617
7290013269263,false,ג'ל כביסה מקסימה 3 ל,סנו,IL,מקסימה ג'ל כביסה 3ליטר,ליטרים,3.00,ליטר,false,,29.90,9.9667,true,1,1320623
7290013269287,false,ג'ל כביסה מקסימה 3 ל,סנו,IL,מקסימה ג'ל כביסה מאסק3ל,ליטרים,3.00,ליטר,false,,29.90,9.9667,true,1,1320625
7290013269300,false,ניילון נצמד+ סכין חי,FV.HK,CN,ניילון נצמד פלוס 150 מטר,מטרים,150.00,מטר,false,,29.90,0.1993,true,1,1320626
7290013269621,false,ריצפז פרש הום תרכיז,,,ריצפז פרש הום תרכיז,ליטרים,2.00,ליטר,false,,19.90,9.9500,true,1,1960800
7290013269645,false,ריצפז פרש מטליות לחו,טרופיקל דגיל,IL,10מטליות לחות מאסק,יח',10.00,יח',false,,14.90,1.4900,true,1,1320635
7290013269652,false,פוליויקס גרניט פורצל,סנו,IL,פוליויקס ג.פורצלן מאסק2ל,ליטרים,2.00,ליטר,false,,24.90,12.4500,true,1,1320636
7290013269669,false,ריצפז פנטזיה לרצפות,סנו,IL,'ריצפז בניחוח פנטזיה 3 ל,ליטרים,3.00,ליטר,false,,15.90,5.3000,true,1,1320637
7290013269751,false,ריצפז פרש מטליות ענק,,,ריצפז פרש מטליות ענק,יח',10.00,יח',false,,14.90,1.4900,true,1,1960813
7290013269850,false,נייר אפיה אקולוגי סנ,טופלסט,IL,'נייר אפיה אקולוגי 50 יח,יח',50.00,יח',false,,14.90,0.2980,true,1,1320644
7290013269867,false,זוג מפות שולחן לאירו,ווינפאק,IL,סנו סושי צמד מפות שולחן,יח',2.00,יח',false,,9.90,4.9500,true,1,1320645
7290013269911,false,K-333 קוטל חרקים 750,סנו,IL,"סנו ק-333 750מ""ל",מיליליטרים,750.00,"100 מ""ל",false,,29.90,0.0399,true,1,1320648
7290013302656,false,פילה סרדין בשמן זית,,,פילה סרדין בשמן זית,גרמים,125.00,100 גרם,false,,7.90,0.0632,true,1,1334052
7290013302663,false,פילה סרדין בשמן זית,,,פילה סרדין בשמן זית,גרמים,125.00,100 גרם,false,,7.90,0.0632,true,1,1334053
7290013310019,false,קיסמי שיניים רפואיים,,,קיסמי שיניים רפואיים,יח',30.00,יח',false,,5.90,0.1967,true,1,1322795
7290013310064,false,חוט דנטאלי רפואי עם,,,חוט דנטאלי רפואי עם,מטרים,50.00,מטר,false,,5.90,0.1180,true,1,1322797
7290013310378,false,כפפות כחולות S ללא א,,,כפפות כחולות S ללא א,יח',80.00,יח',false,,24.90,0.3112,true,1,1322809
7290013310385,false,כפפות כחולות M ללא א,,,כפפות כחולות M ללא א,יח',80.00,יח',false,,24.90,0.3112,true,1,1322810
7290013310392,false,כפפות כחולות L ללא א,,,כפפות כחולות L ללא א,יח',80.00,יח',false,,24.90,0.3112,true,1,1322811
7290013310408,false,כפפות כחולות XL ללא,,,כפפות כחולות XL ללא,יח',80.00,יח',false,,24.90,0.3112,true,1,1322812
7290013310576,false,כוסות נייר 50 יח',,,כוסות נייר 50 יח',יח',50.00,יח',false,,11.90,0.2380,true,1,1322814
7290013358356,false,פירורי לחם מוזהבים 3,מנה Mana,IL,מנה פירורי לחם מוזהבים 35,גרמים,320.00,100 גרם,false,,6.90,0.0216,true,1,1339525
7290013358363,false,פירורי לחם פנקו מוזה,מנה Mana,IL,מנה פירורי לחם פנקו מוזהב,גרמים,300.00,100 גרם,false,,9.90,0.0330,true,1,1339526
7290013358417,false,"רוטב טריאקי 300 מ""ל",,,"רוטב טריאקי 300 מ""ל",מיליליטרים,300.00,"100 מ""ל",false,,10.90,0.0363,true,1,1395369
7290013358448,false,קרוטונים לסלט 200 גר,מנה Mana,IL,מנה קרוטונים לסלט אקסטרא,גרמים,200.00,100 גרם,false,,9.90,0.0495,true,1,1339531
7290013358462,false,קרוטונים למרק 350 גר,מנה Mana,IL,מנה מיני קרוטונים למרק שו,גרמים,350.00,100 גרם,false,,17.90,0.0511,true,1,1339533
7290013358486,false,פירורי לחם מוזהבים ל,מנה Mana,IL,מנה פירורי לחם מוזהבים לל,גרמים,300.00,100 גרם,false,,9.90,0.0330,true,1,1339534
7290013358493,false,קרם קוקוס אסיאתי 400,,,קרם קוקוס אסיאתי 400,מיליליטרים,400.00,"100 מ""ל",false,,7.90,0.0198,true,1,1395379
7290013358509,false,מיקסלט מאסטר שף 200,מנה Mana,IL,מנה מיקסלט 200 גרם,גרמים,200.00,100 גרם,false,,14.90,0.0745,true,1,1339535
7290013358516,false,מיקסלט מאסטר שף 200,מנה Mana,IL,מנה מיקסלט עם חמוציות 200,גרמים,200.00,100 גרם,false,,14.90,0.0745,true,1,1339536
7290013358523,false,שבבי בצל מטוגן 150 ג,,,שבבי בצל מטוגן 150 ג,גרמים,150.00,100 גרם,false,,9.90,0.0660,true,1,1642376
7290013358547,false,"רטבים חריף 700 מ""ל א",,,"רטבים חריף 700 מ""ל א",מיליליטרים,700.00,"100 מ""ל",false,,11.90,0.0170,true,1,1395371
7290013358578,false,איטריות אורז רחבות מ,,,איטריות אורז רחבות מ,גרמים,400.00,100 גרם,false,,8.90,0.0223,true,1,1395372
7290013358585,false,נודלס ביצים מנה 400,,,נודלס ביצים מנה 400,גרמים,400.00,100 גרם,false,,8.90,0.0223,true,1,1395373
7290013358837,false,מארז פריכיות מאורז ח,,,מארז פריכיות מאורז ח,גרמים,264.00,100 גרם,false,,12.90,0.0489,true,1,1774813
7290013361103,false,4 יח' טונה במים ויטה,פרי הגליל,IL,מארז טונה 160X4במים פג,גרמים,640.00,100 גרם,false,,19.90,0.0311,true,1,1347804
7290013381088,false,עמבה הודית,,,עמבה הודית,גרמים,500.00,100 גרם,false,,9.90,0.0198,true,1,1330260
7290013381286,false,שקיות פתח סגור 40 יח,,,שקיות פתח סגור 40 יח,יחידה,40.00,יחידה,false,,8.90,0.2225,true,1,1330262
7290013381293,false,שקיות פתח סגור 20 יח,,,שקיות פתח סגור 20 יח,יחידה,20.00,יחידה,false,,8.90,0.4450,true,1,1330263
7290013381323,false,מיץ לימון,,,מיץ לימון,ליטרים,1.00,ליטר,false,,15.90,15.9000,true,1,1330264
7290013381699,false,אבקת קקאו,,,אבקת קקאו,גרמים,500.00,100 גרם,false,,19.90,0.0398,true,1,1330277
7290013389084,false,טורטיה קמח תירס 20 ס,,,טורטיה קמח תירס 20 ס,גרמים,320.00,100 גרם,false,,9.90,0.0309,true,1,1340363
7290013389114,false,"ניוקי תפו""א 500 גרם.",,,"ניוקי תפו""א 500 גרם.",גרמים,500.00,100 גרם,false,,7.90,0.0158,true,1,1340365
7290013389374,false,קמח תירס פולנטה 500,,,קמח תירס פולנטה 500,גרמים,500.00,100 גרם,false,,6.90,0.0138,true,1,1340373
7290013389381,false,"קמח תירס פולנטה 1 ק""",,,"קמח תירס פולנטה 1 ק""",קילוגרמים,1.00,"ק""ג",false,,9.90,9.9000,true,1,1340374
7290013412409,false,נועם סופגנית 15-FREE,,,נועם סופגנית 15-FREE,יח',15.00,יח',false,,9.90,0.6600,true,1,1405179
7290013424921,false,קיווי פרוס ארוז 500,,,קיווי פרוס ארוז 500,גרמים,500.00,100 גרם,false,,11.90,0.0238,true,1,2304147
7290013430090,false,בירה אלכסנדר,,,בירה אלכסנדר,מיליליטרים,330.00,"100 מ""ל",false,,12.90,0.0391,true,1,2241856
7290013451927,false,פריכיות כוסמת ללא מל,,,פריכיות כוסמת ללא מל,גרמים,175.00,100 גרם,false,,9.90,0.0566,true,1,2222506
7290013472199,false,ערמונים קלופים 100 ג,הבי ליקואן,CN,ערמונים קלופים וקלויים 10,גרמים,100.00,100 גרם,false,,5.90,0.0590,true,1,1308898
7290013531117,false,רוטב פסטה ילדים 240,זנלכל,IL,רוטב פסטה לילדים 260 ג יכ,גרמים,240.00,100 גרם,false,,5.50,0.0229,true,1,1323290
7290013531346,false,סירופ דיאט למונענע 1,,,סירופ דיאט למונענע 1,ליטרים,1.00,ליטר,false,,16.90,16.9000,true,1,1323291
7290013531612,false,רוטב פסטה נפוליטנה 2,,,רוטב פסטה נפוליטנה 2,גרמים,240.00,100 גרם,false,,5.50,0.0229,true,1,2217400
7290013531629,false,רוטב פסטה פומדורו 24,,,רוטב פסטה פומדורו 24,גרמים,240.00,100 גרם,false,,5.50,0.0229,true,1,2217406
7290013534057,false,ציפס בטטה,,,ציפס בטטה,גרמים,100.00,100 גרם,false,,7.90,0.0790,true,1,1460659
7290013539892,false,סבון ידיים תה ירוק,רקסאן,TR,סבון ידיים תה ירוק,ליטרים,1.00,ליטר,false,,10.90,10.9000,true,1,1346911
7290013585233,false,ZERO ספרייט פחית 330,קוקה קולה Coca Cola,IL,ספרייט ZERO  סליק 330 מל,מיליליטרים,330.00,"100 מ""ל",false,,4.50,0.0136,true,1,1335772
7290013585257,false,"ZERO ספרייט 500 מ""ל",קוקה קולה Coca Cola,IL,ספרייט 500 מל פקד ZERO,מיליליטרים,500.00,"100 מ""ל",false,,6.90,0.0138,true,1,1335774
7290013585387,false,קולה זירו 1 ליטר,,,קולה זירו 1 ליטר,ליטרים,1.00,ליטר,false,,6.90,6.9000,true,1,1707099
7290013585394,false,קוקה קולה 1 ליטר,,,קוקה קולה 1 ליטר,ליטרים,1.00,ליטר,false,,6.90,6.9000,true,1,1707092
7290013585967,false,מארז שישיית פחיות ספ,,,מארז שישיית פחיות ספ,ליטרים,1.98,ליטר,false,,23.90,12.0707,true,1,2114453
7290013625212,false,פילה מקרל בשמן צמחי,,,פילה מקרל בשמן צמחי,גרמים,125.00,100 גרם,false,,7.90,0.0632,true,1,1334067
7290013625670,false,חומץ סינטטי 1 ליטר,,,חומץ סינטטי 1 ליטר,ליטרים,1.00,ליטר,false,,3.90,3.9000,true,1,1334076
7290013625922,false,איטריות 400 גרם דקות,,,איטריות 400 גרם דקות,גרמים,400.00,100 גרם,false,,4.90,0.0123,true,1,1334086
7290013625939,false,איטריות 400 גרם דקיק,,,איטריות 400 גרם דקיק,גרמים,400.00,100 גרם,false,,4.90,0.0123,true,1,1334087
7290013652164,false,מגבונים להסרת איפור,"ד""ר פישר Dr fischer",IL,נטורל קר שלישיית מגבונים,יח',90.00,יח',false,,24.90,0.2767,true,1,1352379
7290013652171,false,מגבונים להסרת איפור,"ד""ר פישר Dr fischer",IL,נטורל קר שלישיית מגבונים,יח',90.00,יח',false,,24.90,0.2767,true,1,1352380
7290013652782,false,לחות לשיער נטורל קר,"ד""ר פישר Dr fischer",IL,נטורל קר קרם לחות לשיער מ,מיליליטרים,400.00,"100 מ""ל",false,,24.90,0.0622,true,1,1352386
7290013652799,false,לחות לשיער נטורל קר,"ד""ר פישר Dr fischer",IL,נטורל קר קרם לחות לשיער ר,מיליליטרים,400.00,"100 מ""ל",false,,24.90,0.0622,true,1,1352387
7290013652812,false,קרם ידיים נטורל קר 1,"ד""ר פישר Dr fischer",IL,נטורל קר קרם ידיים רגיל/י,מיליליטרים,150.00,"100 מ""ל",false,,11.90,0.0793,true,1,1352389
7290013652843,false,"שמפו נטורל קר 700 מ""","ד""ר פישר Dr fischer",IL,נטורל קר שמפו לשיער רגיל,מיליליטרים,700.00,"100 מ""ל",false,,15.90,0.0227,true,1,1352392
7290013652874,false,"מרכך נטורל קר 700 מ""","ד""ר פישר Dr fischer",IL,נטורל קר מרכך לשיער רגיל,מיליליטרים,700.00,"100 מ""ל",false,,15.90,0.0227,true,1,1352395
7290013677648,false,שמן זית למאור,מיגאסה,ES,שמן זית למאור 1ליטר בד''ץ,ליטרים,1.00,ליטר,false,,24.90,24.9000,true,1,1334814
7290013677662,false,מלח לימון,מיה תעשיות מזון,IL,מלח לימון 500גרם,גרמים,500.00,100 גרם,false,,19.90,0.0398,true,1,1334816
7290013713094,false,בירה ג'מס בקבוקי חיט,,,בירה ג'מס בקבוקי חיט,ליטרים,0.33,100 ליטר,false,,12.90,39.0909,true,1,2298488
7290013724809,false,חטיף גרנולה בתוספת א,דין שיווק,,חטיף גרנולה בתוספת א,גרמים,175.00,100 גרם,false,,9.90,0.0566,true,1,2182266
7290013724816,false,חטיף גרנולה בתוספת צ,דין שיווק,,חטיף גרנולה בתוספת צ,גרמים,175.00,100 גרם,false,,9.90,0.0566,true,1,2182267
7290013724939,false,חמוציות בשוקולד מריר,שקדיה,,חמוציות בשוקולד מריר,גרמים,140.00,100 גרם,false,,9.90,0.0707,true,1,1350788
7290013724960,false,שקדים בשוקולד חלב 14,שקדיה,,שקדים בשוקולד חלב 14,גרמים,140.00,100 גרם,false,,9.90,0.0707,true,1,1350791
7290013724977,false,צימוקים בשוקולד מריר,שקדיה,,צימוקים בשוקולד מריר,גרמים,140.00,100 גרם,false,,9.90,0.0707,true,1,1350792
7290013725639,false,רוטב צילי חריף 700 ג,דין שיווק,,רוטב צילי חריף 700 ג,גרמים,700.00,100 גרם,false,,7.90,0.0113,true,1,1328149
7290013725646,false,רוטב צילי מתוק 700 ג,דין שיווק,,רוטב צילי מתוק 700 ג,גרמים,700.00,100 גרם,false,,7.90,0.0113,true,1,1328150
7290013725820,false,אגוזי לוז בשוקולד מר,שקדיה,,אגוזי לוז בשוקולד מר,גרמים,140.00,100 גרם,false,,9.90,0.0707,true,1,1350795
7290013725837,false,שומשום בשוקולד חלב 1,שקדיה,,שומשום בשוקולד חלב 1,גרמים,140.00,100 גרם,false,,9.90,0.0707,true,1,1350796
7290013767639,false,משחרר ברגים קטן,,,משחרר ברגים קטן,יחידה,0.00,יחידה,false,,14.90,0.0000,true,1,2170317
7290013847102,false,טונה בשמן סטארקיסט ש,סטארקיסט,,טונה בשמן סטארקיסט ש,גרמים,240.00,100 גרם,false,,12.90,0.0538,true,1,2276664
7290013847386,false,טונה ס.ק לייט 4 % שו,סטארקיסט,,טונה ס.ק לייט 4 % שו,גרמים,140.00,100 גרם,false,,7.90,0.0564,true,1,1787679
7290013847409,false,טונה ס.ק לייט 4 % שו,סטארקיסט,,טונה ס.ק לייט 4 % שו,גרמים,140.00,100 גרם,false,,7.90,0.0564,true,1,1787681
7290013847454,false,טונה סטארקיסט רביעיה,סטארקיסט,,טונה סטארקיסט רביעיה,גרמים,640.00,100 גרם,false,,24.90,0.0389,true,1,2258470
7290013847553,false,טונה סטארקיסט רביעיה,סטארקיסט,,טונה סטארקיסט רביעיה,גרמים,640.00,100 גרם,false,,24.90,0.0389,true,1,2033154
7290013847645,false,טונה סטארקיסט שלישיי,סטארקיסט,,טונה סטארקיסט שלישיי,גרמים,240.00,100 גרם,false,,19.90,0.0829,true,1,1997124
7290013847867,false,מארז זוג טונה סטארקי,סטארקיסט,,מארז זוג טונה סטארקי,גרמים,280.00,100 גרם,false,,12.90,0.0461,true,1,2118554
7290013848055,false,קרם גוף קרמה מן בניח,,,קרם גוף קרמה מן בניח,מיליליטרים,400.00,"100 מ""ל",false,,24.90,0.0622,true,1,1471131
7290013848345,false,מארז שלישיה מגבונים,,,מארז שלישיה מגבונים,יח',150.00,יח',false,,19.90,0.1327,true,1,2060321
7290013848383,false,קרמה מן ג'ל רחצה 700,קוסמופארם,IL,קמה מן ג'ל רחצה אקטיב700,מיליליטרים,700.00,"100 מ""ל",false,,18.90,0.0270,true,1,1320663
7290013848611,false,רדיד אלומיניום 61 מט,ווינפאק,IL,רדיד אלומיניום עבה 61מטר,מטרים,61.00,מטר,false,,39.90,0.6541,true,1,1320675
7290013848734,false,מכשיר לבישום סנו פרש,,,מכשיר לבישום סנו פרש,יחידה,0.00,יחידה,false,,39.90,0.0000,true,1,1700420
7290013848758,false,ג'ל כביסה מקסימה ביי,סנו,IL,ג'ל לכביסה בייבי 3 ליטר,ליטרים,3.00,ליטר,false,,34.90,11.6333,true,1,1320685
7290013848789,false,רביעיית אל סבון מוצק,קוסמופארם,IL,סבון מוצק כיף דבש4*100ג,גרמים,400.00,100 גרם,false,,9.90,0.0248,true,1,1320688
7290013848796,false,רביעיית אל סבון מוצק,קוסמופארם,IL,100 *4 סבון מוצק כיף שקד,גרמים,400.00,100 גרם,false,,9.90,0.0248,true,1,1320689
7290013848819,false,רביעיית אל סבון מוצק,קוסמופארם,IL,100*סבון מוצק כיף לוטוס4,גרמים,400.00,100 גרם,false,,9.90,0.0248,true,1,1320691
7290013848833,false,רביעיית אל סבון מוצק,קוסמופארם,IL,סבון מוצק כיף רגיל4*100ג,גרמים,400.00,100 גרם,false,,9.90,0.0248,true,1,1320693
7290013861054,false,צימוקים בשוקולד חלב,שקדיה,,צימוקים בשוקולד חלב,גרמים,140.00,100 גרם,false,,9.90,0.0707,true,1,1350798
7290013861740,false,ניוקי 500 גרם,דין שיווק,,ניוקי 500 גרם,גרמים,500.00,100 גרם,false,,8.90,0.0178,true,1,1328157
7290013863591,false,דאודורנט סטיק חלאבלי,,,דאודורנט סטיק חלאבלי,מיליליטרים,60.00,"100 מ""ל",false,,14.90,0.2483,true,1,1328345
7290013883407,false,דזיטול מרסס מנקה ומח,מרקה,ES,דזיטול מרסס  לחיטוי,מיליליטרים,750.00,"100 מ""ל",false,,14.90,0.0199,true,1,1326214
7290013906052,false,נקניקיות פרגיות 300,,,נקניקיות פרגיות 300,גרמים,300.00,100 גרם,false,,11.90,0.0397,true,1,1341288
7290013906489,false,חטיפי קבנוס 120 גרם,טירת צבי,IL,חטיפי קבנוס טירת צבי 120,גרמים,120.00,100 גרם,false,,12.90,0.1075,true,1,1341294
7290013906496,false,פסטרמה עגל רומנית,טירת צבי,IL,פסטרמה עגל בסגנון רומני ט,גרמים,120.00,100 גרם,false,,12.90,0.1075,true,1,1341295
7290013906687,false,צמד כפרית ברביקיו וד,,,צמד כפרית ברביקיו וד,גרמים,600.00,100 גרם,false,,26.90,0.0448,true,1,1374050
7290013927200,false,עוגת שוקולד צ'יפס עש,"אחדות ביח""ר לטחינה ח",IL,עוגת שוקולד צי'פס עשירה 4,גרמים,400.00,100 גרם,false,,10.90,0.0273,true,1,1306680
7290013927637,false,חלוה ללא תוספת סוכר,,,חלוה ללא תוספת סוכר,גרמים,400.00,100 גרם,false,,12.90,0.0323,true,1,2171071
7290013927996,false,עוגת שמרים קרנץ בטעם,,,עוגת שמרים קרנץ בטעם,גרמים,400.00,100 גרם,false,,10.90,0.0273,true,1,2191407
7290013994042,false,זרעי פשתן הרדוף 300,,,זרעי פשתן הרדוף 300,גרמים,300.00,100 גרם,false,,6.90,0.0230,true,1,1386022
7290013994653,false,קינואה רויאל אורגנית,,,קינואה רויאל אורגנית,גרמים,500.00,100 גרם,false,,17.90,0.0358,true,1,1485024
7290014002135,false,תה ירוק מיקס לימונית,ויסוצקי,IL,תה ירוק מיקס,גרמים,37.50,100 גרם,false,,22.90,0.6107,true,1,1340018
7290014002197,false,תה צמחים קמומיל ולימ,ויסוצקי,IL,חליטת קמומיל ולימונית,גרמים,62.50,100 גרם,false,,16.90,0.2704,true,1,1340021
7290014002203,false,תה צמחים לימונית לוא,ויסוצקי,IL,חליטת לימונית ולואיזה,גרמים,62.50,100 גרם,false,,16.90,0.2704,true,1,1340022
7290014002944,false,תה חליטת פירות וצמחי,ויסוצקי,IL,חליטת חמדת השקד,גרמים,62.50,100 גרם,false,,16.90,0.2704,true,1,1340031
7290014002982,false,תה ירוק עלי סטיביה,ויסוצקי,IL,תה ירוק סטיביה,גרמים,37.50,100 גרם,false,,22.90,0.6107,true,1,1340033
7290014046047,false,צמד פסטרמות 600 גרם,מעדני יחיעם,IL,צמד פסטרמות 600גר',גרמים,600.00,100 גרם,false,,24.90,0.0415,true,1,1343828
7290014046474,false,נקניקיות עוף,,,נקניקיות עוף,קילוגרמים,1.50,"ק""ג",false,,25.90,17.2667,true,1,1495471
7290014046764,false,סלמי פפרוני,,,סלמי פפרוני,גרמים,200.00,100 גרם,false,,12.90,0.0645,true,1,1808380
7290014059085,false,משחת שיניים סנסודיין,סמית קליין ביצ'ם,GB,סנסודיין משחה לשיקום והגנ,מיליליטרים,75.00,"100 מ""ל",false,,23.90,0.3187,true,1,1346918
7290014059436,false,משחת שיניים סנסודיין,סמית קליין ביצ'ם,GB,75 סנסודיין שיקום והגנה מ,מיליליטרים,75.00,"100 מ""ל",false,,23.90,0.3187,true,1,1346925
7290014066359,false,קפסולות קפה לנדוור 1,,,קפסולות קפה לנדוור 1,גרמים,80.00,100 גרם,false,,15.90,0.1988,true,1,2041382
7290014066366,false,קפסולות קפה לנדוור 1,,,קפסולות קפה לנדוור 1,גרמים,80.00,100 גרם,false,,15.90,0.1988,true,1,2041383
7290014066373,false,קפסולות קפה לנדוור 1,,,קפסולות קפה לנדוור 1,גרמים,80.00,100 גרם,false,,15.90,0.1988,true,1,2041384
7290014066380,false,קפסולות קפה לנדוור 1,,,קפסולות קפה לנדוור 1,גרמים,80.00,100 גרם,false,,15.90,0.1988,true,1,2041385
7290014066441,false,קפסולות קפה לנדוור 1,,,קפסולות קפה לנדוור 1,גרמים,80.00,100 גרם,false,,15.90,0.1988,true,1,2186531
7290014066526,false,קפסולות קפה לנדוור 1,,,קפסולות קפה לנדוור 1,גרמים,80.00,100 גרם,false,,15.90,0.1988,true,1,2186537
7290014066533,false,קפסולות קפה לנדוור 1,,,קפסולות קפה לנדוור 1,גרמים,80.00,100 גרם,false,,15.90,0.1988,true,1,2186538
7290014083165,false,ניוקי 500 גרם.,פסטיפיציו,IT,ניוקי 500גרם ( 12יח'),גרמים,500.00,100 גרם,false,,8.90,0.0178,true,1,1308905
7290014083479,false,גבינת גאודה פרוסות 1,,LT,גבינת גאודה פרוסות 150גרם,גרמים,150.00,100 גרם,false,,9.90,0.0660,true,1,1732545
7290014083806,false,עוגיות בטעם חמאה 350,דן קייק,PT,עוגיות בטעם חמאה 350גרם (,גרמים,350.00,100 גרם,false,,11.90,0.0340,true,1,1308925
7290014094352,false,אגוזי מלך 200 גרם בק,דין שיווק,,אגוזי מלך 200 גרם בק,גרמים,200.00,100 גרם,false,,19.90,0.0995,true,1,1328161
7290014094369,false,שקד טבעי 200 גרם בקו,דין שיווק,,שקד טבעי 200 גרם בקו,גרמים,200.00,100 גרם,false,,19.90,0.0995,true,1,1328162
7290014094376,false,שזיף ללא גלעין 250 ג,דין שיווק,,שזיף ללא גלעין 250 ג,גרמים,250.00,100 גרם,false,,19.90,0.0796,true,1,1328163
7290014094390,false,חמוציות 250 גרם בקופ,דין שיווק,,חמוציות 250 גרם בקופ,גרמים,250.00,100 גרם,false,,12.90,0.0516,true,1,1328165
7290014094406,false,צימוק לבן 250 גרם בק,דין שיווק,,צימוק לבן 250 גרם בק,גרמים,250.00,100 גרם,false,,14.90,0.0596,true,1,1328166
7290014094529,false,"רוטב סויה 300 מ""ל",דין שיווק,,"רוטב סויה 300 מ""ל",מיליליטרים,300.00,"100 מ""ל",false,,10.90,0.0363,true,1,1328176
7290014094628,false,פקאן טבעי 200 גרם בק,דין שיווק,,פקאן טבעי 200 גרם בק,גרמים,200.00,100 גרם,false,,22.90,0.1145,true,1,1328183
7290014094642,false,קשיו טבעי גדול 200 ג,דין שיווק,,קשיו טבעי גדול 200 ג,גרמים,200.00,100 גרם,false,,24.90,0.1245,true,1,1328185
7290014095472,false,חטיף דגנים עם חמוציו,דין שיווק,,חטיף דגנים עם חמוציו,גרמים,125.00,100 גרם,false,,9.90,0.0792,true,1,1328187
7290014095861,false,שיבולת שועל דקה 500,דין שיווק,,שיבולת שועל דקה 500,גרמים,500.00,100 גרם,false,,4.90,0.0098,true,1,1328200
7290014095946,false,פקאן בשוקולד מריר 14,שקדיה,,פקאן בשוקולד מריר 14,גרמים,140.00,100 גרם,false,,9.90,0.0707,true,1,1350802
7290014095953,false,פקאן בשוקולד חלב 140,שקדיה,,פקאן בשוקולד חלב 140,גרמים,140.00,100 גרם,false,,9.90,0.0707,true,1,1350803
7290014095960,false,שיבולת שועל עבה 500,דין שיווק,,שיבולת שועל עבה 500,גרמים,500.00,100 גרם,false,,4.90,0.0098,true,1,1364631
7290014126343,false,ביסקוטים בונומי קקאו,,,ביסקוטים בונומי קקאו,גרמים,200.00,100 גרם,false,,4.90,0.0245,true,1,1549477
7290014204713,false,"תרסיס גוף 250 מ""ל",,,"תרסיס גוף 250 מ""ל",מיליליטרים,250.00,"100 מ""ל",false,,29.90,0.1196,true,1,1348473
7290014217065,false,אורגנו מיכל גדול,תבליני טעם וריח,IL,מיכל אורגנו 30 גר',גרמים,30.00,100 גרם,false,,5.90,0.1967,true,1,1351172
7290014217119,false,תערובת לציפס,תבליני טעם וריח,IL,מיכל תע' לצ'יפס 100 גר',גרמים,100.00,100 גרם,false,,7.90,0.0790,true,1,1351173
7290014217157,false,תערובת תיבול טוסקנה,תבליני טעם וריח,IL,מיכל טוסקנה תיבול 120גר',גרמים,120.00,100 גרם,false,,7.90,0.0658,true,1,1351176
7290014217171,false,תערובת תיבול גריל דג,תבליני טעם וריח,IL,מיכל גריל דג תיבול 100גר',גרמים,100.00,100 גרם,false,,7.90,0.0790,true,1,1351178
7290014217201,false,תערובת תיבול סומק,,,תערובת תיבול סומק,גרמים,45.00,100 גרם,false,,4.90,0.1089,true,1,1393063
7290014217225,false,תבלין גריל עוף,תבליני טעם וריח,IL,מיכל גריל עוף 120 גר',גרמים,120.00,100 גרם,false,,7.90,0.0658,true,1,1351179
7290014217355,false,תבלין אבקת קרי,תבליני טעם וריח,IL,מיכל קרי אבקה 100 גר',גרמים,100.00,100 גרם,false,,7.90,0.0790,true,1,1351183
7290014217485,false,קייגון תיבול מיכל,,,קייגון תיבול מיכל,גרמים,100.00,100 גרם,false,,7.90,0.0790,true,1,1950778
7290014218321,false,בורקס יפו גבינה מעדנ,,,בורקס יפו גבינה מעדנ,גרמים,600.00,100 גרם,false,,14.90,0.0248,true,1,1475509
7290014218338,false,"בורקס יפו תפו""א מעדנ",,,"בורקס יפו תפו""א מעדנ",גרמים,600.00,100 גרם,false,,12.90,0.0215,true,1,1475510
7290014218932,false,חטיפי פיצה בתוספת זי,,,חטיפי פיצה בתוספת זי,גרמים,710.00,100 גרם,false,,32.90,0.0463,true,1,2145037
7290014256637,false,יין מוסקטו,,,יין מוסקטו,מיליליטרים,750.00,"100 מ""ל",false,,24.90,0.0332,true,1,1308331
7290014258716,false,מטרנה צמחי 700 גרם,מטרנה,IL,תרכובת מזון לתינוקות על ב,גרמים,700.00,100 גרם,false,,54.90,0.0784,true,1,1305837
7290014308626,false,פלפל שחור גרוס דק דק,,,פלפל שחור גרוס דק דק,גרמים,100.00,100 גרם,false,,13.90,0.1390,true,1,2310628
7290014308978,false,מקלות קינמון,,,מקלות קינמון,גרמים,80.00,100 גרם,false,,13.90,0.1738,true,1,2310620
7290014309012,false,אגוז מוסקט טחון,,,אגוז מוסקט טחון,גרמים,40.00,100 גרם,false,,13.90,0.3475,true,1,2310593
7290014309180,false,סומק,,,סומק,גרמים,120.00,100 גרם,false,,13.90,0.1158,true,1,2310621
7290014318090,false,מיני ניוקי ללא גלוטן,,,מיני ניוקי ללא גלוטן,גרמים,500.00,100 גרם,false,,16.90,0.0338,true,1,1496405
7290014318311,false,עגבניות פולפה (מעגבנ,,,עגבניות פולפה (מעגבנ,גרמים,1200.00,100 גרם,false,,14.90,0.0124,true,1,1483677
7290014318441,false,מחית עגבניות חלקה,,,מחית עגבניות חלקה,גרמים,680.00,100 גרם,false,,9.90,0.0146,true,1,1555496
7290014325036,false,סוכריות בטעם פירות,מיה תעשיות מזון,IL,סוכריות ג'לי שמחות 600גרם,גרמים,600.00,100 גרם,false,,22.90,0.0382,true,1,1334827
7290014325050,false,קורנפלור,מיה תעשיות מזון,IL,קורנפלור 500גרם,גרמים,500.00,100 גרם,false,,4.90,0.0098,true,1,1334829
7290014397170,false,מטהר אוויר פרש אוטומ,,,מטהר אוויר פרש אוטומ,מיליליטרים,250.00,"100 מ""ל",false,,12.90,0.0516,true,1,1747792
7290014397279,false,שקיות מזון XL סנו סו,אשפלסט תעשיות,IL,סנו סושי 300 שקיות מזון,יח',300.00,יח',false,,11.90,0.0397,true,1,1320723
7290014397286,false,מרכך כביסה מקסימה CA,סנו,IL,מרכך מרוכז חלב ודבש 1ל,ליטרים,1.00,ליטר,false,,19.90,19.9000,true,1,1320724
7290014397453,false,ג'ל אוקסיג'ן לכביסה,סנו,IL,מסיר כתמים לכביסה לבנה3ל,ליטרים,3.00,ליטר,false,,29.90,9.9667,true,1,1320727
7290014397491,false,מבשם אוויר פרש הום נ,סנו,IL,סנופרש וניל קוקוס 350מל,מיליליטרים,350.00,"100 מ""ל",false,,10.90,0.0311,true,1,1320728
7290014397507,false,מבשם אוויר פרש הום נ,סנו,IL,סנופרש מאסק מעודן350,מיליליטרים,350.00,"100 מ""ל",false,,10.90,0.0311,true,1,1320729
7290014397521,false,מבשם אוויר פרש הום נ,סנו,IL,סנופרש הום לבנדר,מיליליטרים,350.00,"100 מ""ל",false,,10.90,0.0311,true,1,1320731
7290014397538,false,מבשם אוויר פרש הום נ,סנו,IL,סנופרש הום סבון מפנק,מיליליטרים,350.00,"100 מ""ל",false,,10.90,0.0311,true,1,1320732
7290014397705,false,פוליויקס פרקט 2 ליטר,סנו,IL,פוליויקס פרקט 2 ליטר,ליטרים,2.00,ליטר,false,,19.90,9.9500,true,1,1320744
7290014397767,false,ריצפז פרש הום תרכיז,סנו,IL,ריצפז פרש הום כותנה 2 לי,ליטרים,2.00,ליטר,false,,19.90,9.9500,true,1,1320749
7290014397774,false,ריצפז פרש הום תרכיז,סנו,IL,ריצפז פרש הום טבע רענן2ל,ליטרים,2.00,ליטר,false,,19.90,9.9500,true,1,1320750
7290014426061,false,משחת שיניים לילדים ה,כצט,IL,משחת שיניים הלו קיטי,מיליליטרים,50.00,"100 מ""ל",false,,11.90,0.2380,true,1,1346934
7290014454996,false,ספריי דאודורנט 187 מ,,,ספריי דאודורנט 187 מ,מיליליטרים,187.00,"100 מ""ל",false,,19.90,0.1064,true,1,1328374
7290014455245,false,גבינה גרנה פדנו משול,,,גבינה גרנה פדנו משול,גרמים,200.00,100 גרם,false,,23.90,0.1195,true,1,1397514
7290014455252,false,גבינה גרנה פדנו מגור,,,גבינה גרנה פדנו מגור,גרמים,100.00,100 גרם,false,,10.90,0.1090,true,1,1397515
7290014455320,false,כדור מוצרלה פרסקה 10,,,כדור מוצרלה פרסקה 10,גרמים,100.00,100 גרם,false,,9.90,0.0990,true,1,1328527
7290014455467,false,מעדן שיבולת שועל וחל,,,מעדן שיבולת שועל וחל,גרמים,150.00,100 גרם,false,,5.50,0.0367,true,1,1397517
7290014455627,false,יוגורט עיזים דובדבן,,,יוגורט עיזים דובדבן,גרמים,125.00,100 גרם,false,,5.90,0.0472,true,1,1457866
7290014459137,false,"סטייק צ'יפס 1.5 ק""ג",עיצובים 2020 (4.5),IL,"תפוגן סטייק צ'יפס 1.5 ק""ג",קילוגרמים,1.50,"ק""ג",false,,19.90,13.2667,true,1,1305843
7290014459632,false,"צ'יפס טוגן 1.5 ק""ג",עיצובים 2020 (4.5),,"צ'יפס טוגן 1.5 ק""ג",קילוגרמים,1.50,"ק""ג",false,,17.90,11.9333,true,1,1877809
7290014471412,false,מיזלי בוטנים אגוזים,דין שיווק,,מיזלי בוטנים אגוזים,גרמים,1000.00,100 גרם,false,,19.90,0.0199,true,1,1328201
7290014471429,false,"מיזלי פירות 1 ק""ג.",דין שיווק,,"מיזלי פירות 1 ק""ג.",גרמים,1000.00,100 גרם,false,,19.90,0.0199,true,1,1328202
7290014472464,false,קונפיטורה 450 גרם מש,דין שיווק,,קונפיטורה 450 גרם מש,גרמים,450.00,100 גרם,false,,12.90,0.0287,true,1,1650493
7290014472990,false,ממרח שקדים 300 גרם,דין שיווק,,ממרח שקדים 300 גרם,גרמים,300.00,100 גרם,false,,34.90,0.1163,true,1,1475215
7290014525009,false,חטיף בטעם יוגורט +תפ,מרבה Merba,ES,מרבה סלים פרוט בטעם יוגור,גרמים,182.00,100 גרם,false,,10.90,0.0599,true,1,1339547
7290014525023,false,חטיף במילוי פירות יע,מרבה Merba,ES,מרבה סלים פרוט בטעם פירות,גרמים,215.00,100 גרם,false,,10.90,0.0507,true,1,1339549
7290014525290,false,חטיף קריספי עם מילוי,,,חטיף קריספי עם מילוי,גרמים,125.00,100 גרם,false,,10.90,0.0872,true,1,1415715
7290014525306,false,חטיף קריספי עם מילוי,,,חטיף קריספי עם מילוי,גרמים,125.00,100 גרם,false,,10.90,0.0872,true,1,1415716
7290014525313,false,חטיף קריספי עם מילוי,,,חטיף קריספי עם מילוי,גרמים,125.00,100 גרם,false,,10.90,0.0872,true,1,1415717
7290014525665,false,עוגיות על חלל קקאו ע,,,עוגיות על חלל קקאו ע,גרמים,140.00,100 גרם,false,,9.90,0.0707,true,1,2239437
7290014547353,false,זוג מברשות שיניים סנ,,,זוג מברשות שיניים סנ,יחידה,0.00,יחידה,false,,19.90,0.0000,true,1,1781341
7290014562387,false,תה קמומיל 200 גרם,,,תה קמומיל 200 גרם,גרמים,200.00,100 גרם,false,,19.90,0.0995,true,1,1348598
7290014562394,false,תה שומר 200 גרם,,,תה שומר 200 גרם,גרמים,200.00,100 גרם,false,,19.90,0.0995,true,1,1348599
7290014581449,false,מברשת ברזל עם ידית,,,מברשת ברזל עם ידית,יחידה,0.00,יחידה,false,,24.90,0.0000,true,1,2239720
7290014692299,false,גבינת ברי קסטלו 125,ארלה,DK,גבינת ברי 125גרם CASTELLO,גרמים,125.00,100 גרם,false,,19.90,0.1592,true,1,1308930
7290014692305,false,גבינת קממבר קסטלו 12,ארלה,DK,גבינת קממבר 125גרם CASTEL,גרמים,125.00,100 גרם,false,,19.90,0.1592,true,1,1308931
7290014692749,false,שמן זית כתית מעולה 7,,,שמן זית כתית מעולה 7,מיליליטרים,750.00,"100 מ""ל",false,,29.90,0.0399,true,1,2258561
7290014748651,false,דג טוב - פילה אמנון,עיצובים 2020 (4.9),,דג טוב - פילה אמנון,גרמים,360.00,100 גרם,false,,29.90,0.0831,true,1,1956810
7290014749764,false,שניצל עוף ביתי עדין,עיצובים 2020 (4.9),,שניצל עוף ביתי עדין,גרמים,700.00,100 גרם,false,,42.90,0.0613,true,1,2186369
7290014749788,false,רצועות שניצל בציפוי,עיצובים 2020 (4.9),,רצועות שניצל בציפוי,גרמים,600.00,100 גרם,false,,34.90,0.0582,true,1,2185524
7290014749887,false,שניצל עוף דק ענק קרי,עיצובים 2020 (4.9),,שניצל עוף דק ענק קרי,גרמים,720.00,100 גרם,false,,27.90,0.0387,true,1,2240564
7290014758100,false,מאגדת 8 יוגורט ביו ת,,,מאגדת 8 יוגורט ביו ת,גרמים,1200.00,100 גרם,false,,15.90,0.0133,true,1,1340858
7290014758117,false,מאגדת 8 יוגורט ביו ת,,,מאגדת 8 יוגורט ביו ת,גרמים,1200.00,100 גרם,false,,15.90,0.0133,true,1,1340859
7290014759084,false,גבינת נפולאון טבעי מ,,,גבינת נפולאון טבעי מ,גרמים,225.00,100 גרם,false,,12.90,0.0573,true,1,1340894
7290014760134,false,מעדן סויה בטעם וניל,,,מעדן סויה בטעם וניל,מיליליטרים,125.00,"100 מ""ל",false,,3.90,0.0312,true,1,1757925
7290014760141,false,משקה שקדים 1 ליטר,,DE,רייס דרים משקה שקדים 1 לי,ליטרים,1.00,ליטר,false,,11.90,11.9000,true,1,1340923
7290014760912,false,גבינה צהובה גוש חלב,,,גבינה צהובה גוש חלב,גרמים,400.00,100 גרם,false,,24.90,0.0622,true,1,1340954
7290014761056,false,מעדן YOLO שוקולד חלב,,,מעדן YOLO שוקולד חלב,גרמים,123.00,100 גרם,false,,4.20,0.0341,true,1,1340956
7290014761063,false,מעדן YOLO שוקולד מרי,,,מעדן YOLO שוקולד מרי,גרמים,123.00,100 גרם,false,,4.20,0.0341,true,1,1340957
7290014761070,false,מעדן YOLO שוקולד לבן,,,מעדן YOLO שוקולד לבן,גרמים,123.00,100 גרם,false,,4.20,0.0341,true,1,1340958
7290014761193,false,פרילי פירות יער.,,,פרילי פירות יער.,גרמים,125.00,100 גרם,false,,3.20,0.0256,true,1,1340960
7290014761698,false,גבינת עמק 600 גרם בד,,,גבינת עמק 600 גרם בד,גרמים,600.00,100 גרם,false,,29.90,0.0498,true,1,2086323
7290014762800,false,גביע מעדן סויה בטעם,,,גביע מעדן סויה בטעם,מיליליטרים,125.00,"100 מ""ל",false,,3.90,0.0312,true,1,1466878
7290014762831,false,גבינת נפוליאון 24% ע,,,גבינת נפוליאון 24% ע,גרמים,225.00,100 גרם,false,,12.90,0.0573,true,1,1418370
7290014785007,false,גרגרי טפיוקה קטנים,,,גרגרי טפיוקה קטנים,גרמים,400.00,100 גרם,false,,7.90,0.0198,true,1,1344127
7290014785014,false,גרגרי טפיוקה גדולים.,,,גרגרי טפיוקה גדולים.,גרמים,400.00,100 גרם,false,,7.90,0.0198,true,1,1344128
7290014785052,false,רוטב פטריות צמחוני 5,healthy food product,TH,"רוטב פטריות צמחוני 500 מ""",מיליליטרים,500.00,"100 מ""ל",false,,12.90,0.0258,true,1,1344131
7290014785113,false,"רוטב טריאקי 500 מ""ל",krs spicy food,TH,רוטב טריאקי (גדול) 500  -,מיליליטרים,500.00,"100 מ""ל",false,,12.90,0.0258,true,1,1344135
7290014785441,false,אטריות ביצים 450 גרם,,,אטריות ביצים 450 גרם,גרמים,450.00,100 גרם,false,,8.90,0.0198,true,1,1667581
7290014785564,false,אטריות אודון מוכנות,,,אטריות אודון מוכנות,גרמים,200.00,100 גרם,false,,4.90,0.0245,true,1,2129656
7290014785571,false,אטריות מוכנות להקפצה,,,אטריות מוכנות להקפצה,גרמים,200.00,100 גרם,false,,4.90,0.0245,true,1,2129657
7290014785588,false,אטריות ראמן מוכנות 1,,,אטריות ראמן מוכנות 1,גרמים,180.00,100 גרם,false,,4.90,0.0272,true,1,2129658
7290014803206,false,חומץ יין אדום 5% 500,,,חומץ יין אדום 5% 500,מיליליטרים,500.00,"100 מ""ל",false,,12.90,0.0258,true,1,1455970
7290014803220,false,"חומץ בלסמי 5% 500 מ""",,,"חומץ בלסמי 5% 500 מ""",מיליליטרים,500.00,"100 מ""ל",false,,15.90,0.0318,true,1,1455972
7290014855434,false,מגבונים בייביסיטר פר,,,מגבונים בייביסיטר פר,יח',288.00,יח',false,,15.90,0.0552,true,1,1393557
7290014855458,false,מגבונים בייביסיטר פר,,,מגבונים בייביסיטר פר,יח',288.00,יח',false,,15.90,0.0552,true,1,1393558
7290014855809,false,מטליות לחות לניקוי כ,,,מטליות לחות לניקוי כ,יח',50.00,יח',false,,9.90,0.1980,true,1,1420489
7290014855854,false,בייבי בייסיק מגבונים,,,בייבי בייסיק מגבונים,יח',360.00,יח',false,,14.90,0.0414,true,1,1742266
7290014901254,false,מרכך קרטין סטייל לאח,,,מרכך קרטין סטייל לאח,מיליליטרים,750.00,"100 מ""ל",false,,24.90,0.0332,true,1,1346942
7290014901315,false,משחת שיניים סנסודיין,סמית קליין ביצ'ם,GB,סנסודיין הגנה מלאה פרש 75,מיליליטרים,75.00,"100 מ""ל",false,,23.90,0.3187,true,1,1346946
7290014905344,false,הפי קצף לניקוי שטיחי,שרווין ווליאמס,US,הפי קצף לשטיחים,מיליליטרים,800.00,"100 מ""ל",false,,17.90,0.0224,true,1,1326233
7290014905498,false,מטלית דו צדדית הפי,פלספק,TR,הפי גם וגם--גליל צהוב דו,יחידה,0.00,יחידה,false,,9.90,0.0000,true,1,1326238
7290014905719,false,הפי מרענן למדיח כלים,רלוי,IT,הפי לימונית גדולה למדיח,יחידה,0.00,יחידה,false,,9.90,0.0000,true,1,1326242
7290014947047,false,פריכיות כוסמת עם מלח,,,פריכיות כוסמת עם מלח,גרמים,175.00,100 גרם,false,,9.90,0.0566,true,1,2222507
7290014949744,false,אוטן טרופי ספריי יבש,Jonson ג'ונסון,IT,אוטן טרופי ספריי יבש ל- 8,מיליליטרים,100.00,"100 מ""ל",false,,18.90,0.1890,true,1,1353879
7290014962521,false,משחת שיניים טפטפים,כצט,IL,2-6משחת שיניים טפטפים לגי,מיליליטרים,50.00,"100 מ""ל",false,,9.90,0.1980,true,1,1346961
7290014962538,false,משחת שיניים ג'וניור,כצט,IL,6משחת שיניים טפטפים ג'ניו,גרמים,50.00,100 גרם,false,,9.90,0.1980,true,1,1346962
7290014973213,false,הרמס סלמון מעושן מדג,,,הרמס סלמון מעושן מדג,גרמים,200.00,100 גרם,false,,44.90,0.2245,true,1,2192544
7290014973411,false,הרמס סלמון מעושן מדג,,,הרמס סלמון מעושן מדג,גרמים,100.00,100 גרם,false,,22.90,0.2290,true,1,2192531
7290014974562,false,גביע גלידה,,,גביע גלידה,גרמים,120.00,100 גרם,false,,6.90,0.0575,true,1,1579638
7290015005548,false,"צ'יפס זיג זג 2 ק""ג",פרי הגליל,IL,צ'יפס זיג זג 2קג פג,קילוגרמים,2.00,"ק""ג",false,,24.90,12.4500,true,1,1347915
7290015005555,false,"צ'יפס אמריקאי 2 ק""ג",פרי הגליל,IL,צ'יפס אמריקאי 2קג פג רבנו,קילוגרמים,2.00,"ק""ג",false,,24.90,12.4500,true,1,1347916
7290015009171,false,ניוקי תפוח אדמה 300,,,ניוקי תפוח אדמה 300,גרמים,300.00,100 גרם,false,,8.90,0.0297,true,1,2170181
7290015009188,false,ניוקי תפוח אדמה 300,,,ניוקי תפוח אדמה 300,גרמים,300.00,100 גרם,false,,8.90,0.0297,true,1,2170182
7290015009218,false,ניוקי עם ערמונים 300,,,ניוקי עם ערמונים 300,גרמים,300.00,100 גרם,false,,8.90,0.0297,true,1,2170219
7290015009447,false,זיתים שחורים מזן קלמ,,,זיתים שחורים מזן קלמ,גרמים,440.00,100 גרם,false,,17.90,0.0407,true,1,2170378
7290015039246,false,רביעית נתחי טונה בהי,טרופיקל,TH,רביעית נתחי טונה בהירה בש,גרמים,640.00,100 גרם,false,,19.90,0.0311,true,1,1308948
7290015039253,false,עלי גפן במלח,קורהאן,TR,עלי גפן במי מלח 620גרם,גרמים,620.00,100 גרם,false,,9.90,0.0160,true,1,1308949
7290015039338,false,רביעית טונה במי מלח,,,רביעית טונה במי מלח,גרמים,640.00,100 גרם,false,,19.90,0.0311,true,1,1308951
7290015039482,false,גבינת אדם 230 גרם 24,ברגלנדמיל,AT,גבינת אדם 235גרם SAY CHEE,גרמים,230.00,100 גרם,false,,19.90,0.0865,true,1,1697193
7290015039499,false,עוגיות אטלקיות מובחר,טדסקו אס.אר.אל ויה ד,IT,עוגיות איטלקיות מובחרות 1,גרמים,1000.00,100 גרם,false,,12.90,0.0129,true,1,1308957
7290015057134,false,מקלות חמוצים,,,מקלות חמוצים,גרמים,20.00,100 גרם,false,,1.90,0.0950,true,1,2290714
7290015129121,false,סקיני פסטה נודלס ללא,הוויזאי וואנגייה פוד,CN,סקיני פסטה נודלס 270 ג',גרמים,270.00,100 גרם,false,,12.90,0.0478,true,1,1350985
7290015129220,false,סקיני פסטה קוסקוס לל,,,סקיני פסטה קוסקוס לל,גרמים,270.00,100 גרם,false,,12.90,0.0478,true,1,1367837
7290015129251,false,סקיני פסטה פטוציני,,,סקיני פסטה פטוציני,גרמים,200.00,100 גרם,false,,12.90,0.0645,true,1,1367839
7290015139250,false,שוקולד מריר ללא סוכר,כרמית תעשיות ממתקים,IL,כרמית שוקולד חלב ללא סוכר,גרמים,85.00,100 גרם,false,,4.90,0.0576,true,1,1369758
7290015139267,false,שוקולד מריר ללא סוכר,כרמית תעשיות ממתקים,IL,כרמית שוקולד חלב ללא סוכר,גרמים,85.00,100 גרם,false,,4.90,0.0576,true,1,1369759
7290015139465,false,בייגלה מצופה שוקולד,,,בייגלה מצופה שוקולד,גרמים,55.00,100 גרם,false,,3.90,0.0709,true,1,1401550
7290015150088,false,מחית עגבניות 700 גרם,,,מחית עגבניות 700 גרם,גרמים,700.00,100 גרם,false,,9.90,0.0141,true,1,1459242
7290015150118,false,עגבניות חתוכות דק 3*,,,עגבניות חתוכות דק 3*,גרמים,1200.00,100 גרם,false,,14.90,0.0124,true,1,1396002
7290015150361,false,תה ירוק נענע סטיביה,,,תה ירוק נענע סטיביה,גרמים,37.50,100 גרם,false,,22.90,0.6107,true,1,1340056
7290015150583,false,תה ירוק לימון ודבש,ויסוצקי,IL,תה ירוק לימונית ולואיזה,גרמים,37.50,100 גרם,false,,22.90,0.6107,true,1,1378115
7290015150903,false,תה ירוק קינמון ודבש,,,תה ירוק קינמון ודבש,גרמים,37.50,100 גרם,false,,22.90,0.6107,true,1,1458253
7290015155014,false,פרמיו דנטל מידיום 60,,,פרמיו דנטל מידיום 60,גרמים,180.00,100 גרם,false,,14.90,0.0828,true,1,1386044
7290015155274,false,פרמיו כריות עור ופרו,,,פרמיו כריות עור ופרו,גרמים,60.00,100 גרם,false,,9.90,0.1650,true,1,2320805
7290015155434,false,פרמיו סלמון ופורל 15,,,פרמיו סלמון ופורל 15,גרמים,15.00,100 גרם,false,,6.90,0.4600,true,1,2320809
7290015155816,false,פרמיו כריות עוף וגבי,,,פרמיו כריות עוף וגבי,גרמים,60.00,100 גרם,false,,9.90,0.1650,true,1,2323025
7290015155823,false,חטיפטף פרינוק תפוח 1,,,חטיפטף פרינוק תפוח 1,גרמים,120.00,100 גרם,false,,5.90,0.0492,true,1,1768077
7290015161565,false,"גרנולה ש""ש 28% פירות",,,"גרנולה ש""ש 28% פירות",גרמים,300.00,100 גרם,false,,22.90,0.0763,true,1,2217790
7290015161930,false,פסטPRO עדשים צהובות,,,פסטPRO עדשים צהובות,גרמים,250.00,100 גרם,false,,16.90,0.0676,true,1,2217802
7290015178174,false,פסטו בטעם פרמג'ן-אול,,,פסטו בטעם פרמג'ן-אול,גרמים,180.00,100 גרם,false,,9.90,0.0550,true,1,2217727
7290015178181,false,ארטישוק ברוזמרין -או,,,ארטישוק ברוזמרין -או,גרמים,180.00,100 גרם,false,,9.90,0.0550,true,1,2217728
7290015178266,false,רוטב פלפלת שחור ה,,,רוטב פלפלת שחור ה,גרמים,350.00,100 גרם,false,,12.90,0.0369,true,1,2313323
7290015178273,false,מרינדה לעוף בגריל,,,מרינדה לעוף בגריל,גרמים,350.00,100 גרם,false,,12.90,0.0369,true,1,2313324
7290015293631,false,מסכה לשיער נטורל קר,"ד""ר פישר Dr fischer",IL,נטורל קר מסכה לשיער מתולת,מיליליטרים,450.00,"100 מ""ל",false,,24.90,0.0553,true,1,1352433
7290015304269,false,רול און דאודורנט,,,רול און דאודורנט,מיליליטרים,80.00,"100 מ""ל",false,,19.90,0.2487,true,1,1647692
7290015320047,false,עוגיות טעם חמאה אריז,,,עוגיות טעם חמאה אריז,גרמים,114.00,100 גרם,false,,5.00,0.0439,true,1,1326056
7290015320054,false,עןגיות טעם חמאה בארי,,,עןגיות טעם חמאה בארי,גרמים,340.00,100 גרם,false,,10.90,0.0321,true,1,1326057
7290015320481,false,שוקולד מריר 60% 100,,,שוקולד מריר 60% 100,גרמים,100.00,100 גרם,false,,3.90,0.0390,true,1,2184540
7290015324007,false,תבלין פלפל שחור גרוס,תבליני טעם וריח,IL,שק.80 גר' פל.שחור גרוס,גרמים,80.00,100 גרם,false,,8.90,0.1113,true,1,1351185
7290015324014,false,תבלין פלפל שחור טחון,תבליני טעם וריח,IL,שק.80 גר' פל.שחור טחון,גרמים,80.00,100 גרם,false,,8.90,0.1113,true,1,1351186
7290015324038,false,תבלין פפריקה בשמן,תבליני טעם וריח,IL,שק.80 גר' פפריקה בשמן,גרמים,80.00,100 גרם,false,,4.90,0.0613,true,1,1351187
7290015324045,false,תבלין פפריקה חריפה,תבליני טעם וריח,IL,שק.80 גר' פפריקה חריפה,גרמים,80.00,100 גרם,false,,4.90,0.0613,true,1,1351188
7290015324052,false,תבלין פפריקה מתוקה,תבליני טעם וריח,IL,שק.80 גר' פפריקה מתוקה,גרמים,80.00,100 גרם,false,,4.90,0.0613,true,1,1351189
7290015324069,false,תבלין גריל עוף,תבליני טעם וריח,IL,שק.80 גר' גריל עוף,גרמים,80.00,100 גרם,false,,4.90,0.0613,true,1,1351190
7290015324076,false,תבלין זעתר,תבליני טעם וריח,IL,שק.80 גר' זעתר מעורב,גרמים,80.00,100 גרם,false,,4.90,0.0613,true,1,1351191
7290015324083,false,תבלין מלח לימון,תבליני טעם וריח,IL,שק.80 גר' מלח לימון,גרמים,80.00,100 גרם,false,,4.90,0.0613,true,1,1351192
7290015324090,false,תבלין כמון,תבליני טעם וריח,IL,שק.80 גר' כמון טחון,גרמים,80.00,100 גרם,false,,4.90,0.0613,true,1,1351193
7290015324106,false,תבלין כורכום,תבליני טעם וריח,IL,שק.80 גר' כורכום טחון,גרמים,80.00,100 גרם,false,,4.90,0.0613,true,1,1351194
7290015324113,false,תבלין בהרט,תבליני טעם וריח,IL,שק.80 גר' בהרט,גרמים,80.00,100 גרם,false,,4.90,0.0613,true,1,1351195
7290015324120,false,תבלין שום גבישי,תבליני טעם וריח,IL,שק.80 גר' שום גבישי,גרמים,80.00,100 גרם,false,,6.90,0.0863,true,1,1351196
7290015324151,false,תבלין חוויאג למרק,תבליני טעם וריח,IL,שק.80 גר' חוואיג' למרק,גרמים,80.00,100 גרם,false,,4.90,0.0613,true,1,1351197
7290015324168,false,תבלין על האש,תבליני טעם וריח,IL,שק.80 גר' על האש תיבול,גרמים,80.00,100 גרם,false,,4.90,0.0613,true,1,1351198
7290015324175,false,תבלין שוארמה,תבליני טעם וריח,IL,שק.80 גר' שוארמה תיבול,גרמים,80.00,100 גרם,false,,4.90,0.0613,true,1,1351199
7290015324281,false,בצל מטוגן שקית,,,בצל מטוגן שקית,גרמים,200.00,100 גרם,false,,7.90,0.0395,true,1,1572533
7290015324526,false,תבלין תיבול לפרגיות,,,תבלין תיבול לפרגיות,גרמים,80.00,100 גרם,false,,4.90,0.0613,true,1,2168366
7290015324540,false,תבלין טימין,,,תבלין טימין,גרמים,30.00,100 גרם,false,,5.90,0.1967,true,1,2168379
7290015324588,false,פלפל לבן 100 גרם,,,פלפל לבן 100 גרם,גרמים,100.00,100 גרם,false,,12.90,0.1290,true,1,2188125
7290015324663,false,מיכל צילי גרוס חריף,,,מיכל צילי גרוס חריף,גרמים,70.00,100 גרם,false,,7.90,0.1129,true,1,2215404
7290015339483,false,ערמונים,,,ערמונים,גרמים,100.00,100 גרם,false,,5.90,0.0590,true,1,2304687
7290015347358,false,סודה לשתיה,,,סודה לשתיה,גרמים,50.00,100 גרם,false,,1.90,0.0380,true,1,1377450
7290015347433,false,סוכריות ללא סוכר,,,סוכריות ללא סוכר,גרמים,80.00,100 גרם,false,,6.90,0.0863,true,1,1383563
7290015347464,false,קינואה מעורבת 400 גר,,,קינואה מעורבת 400 גר,גרמים,400.00,100 גרם,false,,14.90,0.0373,true,1,1768828
7290015347488,false,סוכר דמררה שקית,,,סוכר דמררה שקית,קילוגרמים,1.00,"ק""ג",false,,9.90,9.9000,true,1,1485467
7290015347525,false,ציפס בטטה,,,ציפס בטטה,גרמים,80.00,100 גרם,false,,7.90,0.0988,true,1,1630010
7290015347785,false,סוכריות ג'לי לבבות,,,סוכריות ג'לי לבבות,גרמים,125.00,100 גרם,false,,4.90,0.0392,true,1,1771397
7290015348089,false,יין לבן למברוסקו ביא,,,יין לבן למברוסקו ביא,מיליליטרים,750.00,"100 מ""ל",false,,25.00,0.0333,true,1,1405445
7290015348386,false,יין מרום גליל רוזה 7,,,יין מרום גליל רוזה 7,מיליליטרים,750.00,"100 מ""ל",false,,49.90,0.0665,true,1,1417021
7290015350143,false,יין יוקרתי מרלו 750,,,יין יוקרתי מרלו 750,מיליליטרים,750.00,"100 מ""ל",false,,55.90,0.0745,true,1,1996353
7290015350150,false,סגל אדום חצי יבש,,,סגל אדום חצי יבש,מיליליטרים,750.00,"100 מ""ל",false,,24.90,0.0332,true,1,2187720
7290015350402,false,יין רזרב מוסקט ורוד,,,יין רזרב מוסקט ורוד,מיליליטרים,750.00,"100 מ""ל",false,,59.90,0.0799,true,1,1778880
7290015356688,false,ארק שליט,,,ארק שליט,מיליליטרים,700.00,"100 מ""ל",false,,59.90,0.0856,true,1,1930710
7290015366359,false,מכשיר דוחה יתושים 8,זובלה,IT,מכשיר 8 שעות  +רפיל נוזל,יחידה,0.00,יחידה,false,,34.90,0.0000,true,1,1346970
7290015366373,false,דוחה יתושים ספירה,,,דוחה יתושים ספירה,מיליליטרים,50.00,"100 מ""ל",false,,11.90,0.2380,true,1,2116134
7290015366663,false,משחת שיניים אקווה פר,,,משחת שיניים אקווה פר,גרמים,100.00,100 גרם,false,,7.90,0.0790,true,1,1404066
7290015366670,false,משחת שיניים אקוה פרש,,,משחת שיניים אקוה פרש,גרמים,100.00,100 גרם,false,,7.90,0.0790,true,1,1404067
7290015395021,false,גרגירי גוג'י ברי 180,דין שיווק,,גרגירי גוג'י ברי 180,גרמים,180.00,100 גרם,false,,19.90,0.1106,true,1,1328222
7290015395045,false,קינואה 400 גרם,דין שיווק,,קינואה 400 גרם,גרמים,400.00,100 גרם,false,,9.90,0.0248,true,1,2187443
7290015395960,false,בוטן רביולי 150 גרם,דין שיווק,,בוטן רביולי 150 גרם,גרמים,150.00,100 גרם,false,,12.90,0.0860,true,1,2237261
7290015437431,false,רכז רימונים 420 גרם,,,רכז רימונים 420 גרם,גרמים,420.00,100 גרם,false,,19.90,0.0474,true,1,1340404
7290015470094,false,טוסו שוקולד מריר תפו,,,טוסו שוקולד מריר תפו,גרמים,100.00,100 גרם,false,,7.90,0.0790,true,1,1457456
7290015641470,false,תבניות אלומיניום 3 י,,,תבניות אלומיניום 3 י,יח',3.00,יח',false,,9.90,3.3000,true,1,2312464
7290015641487,false,תבניות אלומיניום 4 י,,,תבניות אלומיניום 4 י,יח',4.00,יח',false,,9.90,2.4750,true,1,2312715
7290015641494,false,תבניות אלומיניום 4 י,,,תבניות אלומיניום 4 י,יח',4.00,יח',false,,9.90,2.4750,true,1,2312475
7290015641500,false,תבניות אלומיניום 10,,,תבניות אלומיניום 10,יח',10.00,יח',false,,9.90,0.9900,true,1,2312476
7290015641517,false,תבניות אלומיניום 7 י,,,תבניות אלומיניום 7 י,יח',7.00,יח',false,,9.90,1.4143,true,1,2312477
7290015641524,false,תבניות אלומיניום 4 י,,,תבניות אלומיניום 4 י,יח',4.00,יח',false,,9.90,2.4750,true,1,2312728
7290015699730,false,הפי רצפות מבושם 1.5,,,הפי רצפות מבושם 1.5,ליטרים,1.50,ליטר,false,,14.90,9.9333,true,1,1484872
7290015733120,false,מטרנה גולד שלב 1 700,,,מטרנה גולד שלב 1 700,גרמים,700.00,100 גרם,false,,74.90,0.1070,true,1,1840529
7290015733144,false,מטרנה גולד שלב 2 700,,,מטרנה גולד שלב 2 700,גרמים,700.00,100 גרם,false,,74.90,0.1070,true,1,1840530
7290015733168,false,מטרנה גולד שלב 3 700,,,מטרנה גולד שלב 3 700,גרמים,700.00,100 גרם,false,,74.90,0.1070,true,1,1840531
7290015733205,false,מטרנה אקסטרה קר מהדר,,,מטרנה אקסטרה קר מהדר,גרמים,700.00,100 גרם,false,,59.90,0.0856,true,1,1863346
7290015733427,false,דייסת גם וגם וניל פי,,,דייסת גם וגם וניל פי,גרמים,300.00,100 גרם,false,,22.90,0.0763,true,1,2165274
7290015804400,false,עגבניות מרוסקות טל,,,עגבניות מרוסקות טל,גרמים,250.00,100 גרם,false,,3.50,0.0140,true,1,1394132
7290015804417,false,עגבניות מרוסקות עם ש,,,עגבניות מרוסקות עם ש,גרמים,250.00,100 גרם,false,,3.50,0.0140,true,1,1394133
7290015804424,false,עגבניות מרוסקות בטעם,,,עגבניות מרוסקות בטעם,גרמים,250.00,100 גרם,false,,3.50,0.0140,true,1,1394134
7290015804486,false,רוטב עגבניות מרוכז ו,,,רוטב עגבניות מרוכז ו,גרמים,250.00,100 גרם,false,,3.50,0.0140,true,1,1394150
7290015804813,false,רסק עגבניות,,,רסק עגבניות,יחידה,0.00,יחידה,false,,1.50,0.0000,true,1,1471436
7290015856607,false,קרקר תירוש חצי מצופה,,,קרקר תירוש חצי מצופה,גרמים,175.00,100 גרם,false,,7.90,0.0451,true,1,2179590
7290015856973,false,ביסקוויט תה וניל ללא,,,ביסקוויט תה וניל ללא,גרמים,150.00,100 גרם,false,,5.90,0.0393,true,1,2296347
7290015856980,false,ביסקוויט תה שוקו ללא,,,ביסקוויט תה שוקו ללא,גרמים,150.00,100 גרם,false,,5.90,0.0393,true,1,2296348
7290015858106,false,ממרח פסטו ביתי 180 ג,,,ממרח פסטו ביתי 180 ג,גרמים,180.00,100 גרם,false,,14.90,0.0828,true,1,2106533
7290015858144,false,ממרח ארטישוק 180 גרם,,,ממרח ארטישוק 180 גרם,גרמים,180.00,100 גרם,false,,14.90,0.0828,true,1,2106534
7290015858175,false,ממרח פלפלים קלויים 1,,,ממרח פלפלים קלויים 1,גרמים,180.00,100 גרם,false,,14.90,0.0828,true,1,2106544
7290015858243,false,ממרח צימיצורי 180 גר,,,ממרח צימיצורי 180 גר,גרמים,180.00,100 גרם,false,,14.90,0.0828,true,1,2106546
7290015899390,false,תרסיס לניקוי  והברקת,סאסאטק SASATECK,,תרסיס לניקוי  והברקת,מיליליטרים,500.00,"100 מ""ל",false,,9.90,0.0198,true,1,1530031
7290015899512,false,אקונומיקה מבושמת לימ,סאסאטק SASATECK,,אקונומיקה מבושמת לימ,ליטרים,4.00,ליטר,false,,14.90,3.7250,true,1,1371918
7290015899628,false,נוזל רב תכליתי 1 ליט,סאסאטק SASATECK,,נוזל רב תכליתי 1 ליט,ליטרים,1.00,ליטר,false,,9.90,9.9000,true,1,1380142
7290015899970,false,אקונומיקה סמיכה בניח,סאסאטק SASATECK,,אקונומיקה סמיכה בניח,ליטרים,4.00,ליטר,false,,14.90,3.7250,true,1,1392957
7290015899994,false,מסיר אבן 1 ליטר פרפק,סאסאטק SASATECK,,מסיר אבן 1 ליטר פרפק,ליטרים,1.00,ליטר,false,,9.90,9.9000,true,1,1393912
7290015968713,false,צלחות מעוטרות בינוני,,,צלחות מעוטרות בינוני,יח',10.00,יח',false,,15.90,1.5900,true,1,1766291
7290015968737,false,צלחות מעוטרות ענקיות,,,צלחות מעוטרות ענקיות,יח',10.00,יח',false,,35.90,3.5900,true,1,1766293
7290016006292,false,ספרינג קרטונית מנגו,,,ספרינג קרטונית מנגו,ליטרים,1.00,ליטר,false,,6.60,6.6000,true,1,1415081
7290016006339,false,רביעייה מי עדן 1 ליט,,,רביעייה מי עדן 1 ליט,ליטרים,4.00,ליטר,false,,9.90,2.4750,true,1,1742186
7290016006346,false,שוופס סודה שישייה מו,,,שוופס סודה שישייה מו,ליטרים,3.00,ליטר,false,,14.90,4.9667,true,1,1742187
7290016077759,false,רוטב ברבקיו 480 גרם,היינץ,,רוטב ברבקיו 480 גרם,גרמים,480.00,100 גרם,false,,12.90,0.0269,true,1,1731103
7290016083644,false,עוגיות בדלי בטעמים ש,,,עוגיות בדלי בטעמים ש,גרמים,600.00,100 גרם,false,,15.90,0.0265,true,1,2241265
7290016094695,false,אלכוג'ל טבעי 500 מל,,,אלכוג'ל טבעי 500 מל,מיליליטרים,500.00,"100 מ""ל",false,,19.90,0.0398,true,1,2159607
7290016106411,false,פרוסות מנגו 425 גרם,,,פרוסות מנגו 425 גרם,גרמים,425.00,100 גרם,false,,7.90,0.0186,true,1,2246960
7290016106657,false,רביעיית טונה בשמן בד,,,רביעיית טונה בשמן בד,גרמים,560.00,100 גרם,false,,19.90,0.0355,true,1,2312121
7290016106664,false,רביעיית טונה במים בד,,,רביעיית טונה במים בד,גרמים,560.00,100 גרם,false,,19.90,0.0355,true,1,2312253
7290016106855,false,תירס גמדי,,,תירס גמדי,גרמים,410.00,100 גרם,false,,6.90,0.0168,true,1,2304672
7290016117189,false,ברזלית 5 יחידות פרפק,,,ברזלית 5 יחידות פרפק,יח',5.00,יח',false,,7.90,1.5800,true,1,1421772
7290016117202,false,כריות קרצוף שלישייה,,,כריות קרצוף שלישייה,יח',3.00,יח',false,,9.90,3.3000,true,1,1421773
7290016117233,false,כריות קרצוף 6 יחידות,,,כריות קרצוף 6 יחידות,יח',6.00,יח',false,,7.90,1.3167,true,1,1421774
7290016136111,false,תערובת קמח רב תכליתי,,,תערובת קמח רב תכליתי,גרמים,500.00,100 גרם,false,,16.90,0.0338,true,1,1408939
7290016136692,false,משחת שיניים שלישיה מ,,,משחת שיניים שלישיה מ,מיליליטרים,300.00,"100 מ""ל",false,,19.90,0.0663,true,1,1456962
7290016136708,false,א.פרש שלישיה עדין,,,א.פרש שלישיה עדין,מיליליטרים,300.00,"100 מ""ל",false,,19.90,0.0663,true,1,1456963
7290016188585,false,יין למברוסקו רוזה חצ,,,יין למברוסקו רוזה חצ,מיליליטרים,750.00,"100 מ""ל",false,,23.90,0.0319,true,1,1978633
7290016188592,false,יין למברוסקו אדום חצ,,,יין למברוסקו אדום חצ,מיליליטרים,750.00,"100 מ""ל",false,,23.90,0.0319,true,1,1978634
7290016233261,false,עגבניות מיובשות 250,,,עגבניות מיובשות 250,גרמים,250.00,100 גרם,false,,9.90,0.0396,true,1,1403727
7290016246018,false,בארכה מיקס פינוקיות,,,בארכה מיקס פינוקיות,גרמים,200.00,100 גרם,false,,11.90,0.0595,true,1,1403874
7290016246025,false,בארכה מיקס פינוקיות,,,בארכה מיקס פינוקיות,גרמים,200.00,100 גרם,false,,11.90,0.0595,true,1,1403875
7290016246209,false,חלבה בארכה חטיף וניל,,,חלבה בארכה חטיף וניל,גרמים,100.00,100 גרם,false,,3.00,0.0300,true,1,1498344
7290016246445,false,טחינה גולמית מעודנת,,,טחינה גולמית מעודנת,גרמים,310.00,100 גרם,false,,11.90,0.0384,true,1,1952321
7290016255003,false,"מסיר שומנים 750 מ""ל",סאסאטק SASATECK,,"מסיר שומנים 750 מ""ל",מיליליטרים,750.00,"100 מ""ל",false,,9.90,0.0132,true,1,1399806
7290016255010,false,מרסס מסיר אבנית 750,סאסאטק SASATECK,,מרסס מסיר אבנית 750,מיליליטרים,750.00,"100 מ""ל",false,,9.90,0.0132,true,1,1399817
7290016255027,false,מרסס לניקוי כללי בתו,סאסאטק SASATECK,,מרסס לניקוי כללי בתו,מיליליטרים,750.00,"100 מ""ל",false,,14.90,0.0199,true,1,1399818
7290016255034,false,ג'ל לניקוי אסלות בני,סאסאטק SASATECK,,ג'ל לניקוי אסלות בני,מיליליטרים,750.00,"100 מ""ל",false,,7.90,0.0105,true,1,1392963
7290016255041,false,ג'ל לניקוי אסלות בני,סאסאטק SASATECK,,ג'ל לניקוי אסלות בני,מיליליטרים,750.00,"100 מ""ל",false,,7.90,0.0105,true,1,1392964
7290016255058,false,ג'ל לניקוי אסלות בני,סאסאטק SASATECK,,ג'ל לניקוי אסלות בני,מיליליטרים,750.00,"100 מ""ל",false,,7.90,0.0105,true,1,1392965
7290016255157,false,דלי מטליות לחות לניק,,,דלי מטליות לחות לניק,יח',50.00,יח',false,,29.90,0.5980,true,1,1757212
7290016255393,false,מטליות נשלפות לניקוי,,,מטליות נשלפות לניקוי,יח',400.00,יח',false,,29.90,0.0747,true,1,1403884
7290016255492,false,נוזל מבושם לשטיפת פר,,,נוזל מבושם לשטיפת פר,ליטרים,2.00,ליטר,false,,19.90,9.9500,true,1,1410639
7290016255508,false,נוזל לניקוי כלים 750,,,נוזל לניקוי כלים 750,מיליליטרים,750.00,"100 מ""ל",false,,9.90,0.0132,true,1,1441432
7290016255515,false,נוזל לניקוי כלים 750,,,נוזל לניקוי כלים 750,מיליליטרים,750.00,"100 מ""ל",false,,9.90,0.0132,true,1,1441433
7290016255638,false,נוזל לניקוי רצפות בנ,,,נוזל לניקוי רצפות בנ,ליטרים,2.00,ליטר,false,,9.90,4.9500,true,1,1410640
7290016255645,false,נוזל לניקוי רצפות בנ,,,נוזל לניקוי רצפות בנ,ליטרים,2.00,ליטר,false,,9.90,4.9500,true,1,1410641
7290016255652,false,נוזל לניקוי רצפות בנ,,,נוזל לניקוי רצפות בנ,ליטרים,2.00,ליטר,false,,9.90,4.9500,true,1,1410642
7290016302059,false,מארז פרנה ביס 10 יח',,,מארז פרנה ביס 10 יח',יח',10.00,יח',false,,9.90,0.9900,true,1,2219382
7290016319187,false,עוגיות סנדויץ טוסו ש,,,עוגיות סנדויץ טוסו ש,גרמים,300.00,100 גרם,false,,16.90,0.0563,true,1,2205685
7290016319200,false,עוגיות סנדויץ טוסו א,,,עוגיות סנדויץ טוסו א,גרמים,300.00,100 גרם,false,,16.90,0.0563,true,1,2205687
7290016319309,false,אל סבון פמילי 1 ליטר,,,אל סבון פמילי 1 ליטר,ליטרים,1.00,ליטר,false,,9.90,9.9000,true,1,1880452
7290016321326,false,אל סבון פמילי 1 ליטר,,,אל סבון פמילי 1 ליטר,ליטרים,1.00,ליטר,false,,9.90,9.9000,true,1,2274972
7290016321661,false,רביעיית מגבוני פרשוו,,,רביעיית מגבוני פרשוו,יח',256.00,יח',false,,15.90,0.0621,true,1,2135371
7290016321678,false,רביעיית מגבוני פרשוו,,,רביעיית מגבוני פרשוו,יח',256.00,יח',false,,15.90,0.0621,true,1,2135372
7290016321883,false,מארז שלישייה נייר טו,,,מארז שלישייה נייר טו,יח',40.00,יח',false,,14.90,0.3725,true,1,2164081
7290016321890,false,מארז שלישייה נייר טו,,,מארז שלישייה נייר טו,יח',40.00,יח',false,,14.90,0.3725,true,1,2164082
7290016329261,false,סרקל ספריי מתיר קשרי,,,סרקל ספריי מתיר קשרי,מיליליטרים,300.00,"100 מ""ל",false,,29.90,0.0997,true,1,1456138
7290016329278,false,רביעיית מגבונים קמיל,,,רביעיית מגבונים קמיל,64  יח',256.00,64  יח',false,,19.90,0.0777,true,1,2157451
7290016329292,false,סבון מוצק רביעייה קמ,,,סבון מוצק רביעייה קמ,גרמים,400.00,100 גרם,false,,17.90,0.0447,true,1,2163434
7290016329308,false,סרקל קרם רוזמרין לשי,,,סרקל קרם רוזמרין לשי,מיליליטרים,325.00,"100 מ""ל",false,,27.90,0.0858,true,1,2163435
7290016329315,false,סרקל ספריי מתיר קשרי,,,סרקל ספריי מתיר קשרי,מיליליטרים,300.00,"100 מ""ל",false,,29.90,0.0997,true,1,1488969
7290016370942,false,תערובת ירקות כבושים,,,תערובת ירקות כבושים,גרמים,560.00,100 גרם,false,,9.90,0.0177,true,1,1486772
7290016370959,false,חציל קלוי על האש בצנ,,,חציל קלוי על האש בצנ,גרמים,530.00,100 גרם,false,,9.90,0.0187,true,1,1486773
7290016370973,false,פלפל קלויי על האש,,,פלפל קלויי על האש,גרמים,540.00,100 גרם,false,,9.90,0.0183,true,1,1486775
7290016372342,false,עגבניות חתוכות 3*400,,,עגבניות חתוכות 3*400,גרמים,1200.00,100 גרם,false,,14.90,0.0124,true,1,1754818
7290016372373,false,זוג רסק עגבניות 2*14,,,זוג רסק עגבניות 2*14,גרמים,280.00,100 גרם,false,,7.90,0.0282,true,1,1754820
7290016372458,false,תה הגן הקסום לימונית,,,תה הגן הקסום לימונית,גרמים,75.00,100 גרם,false,,29.90,0.3987,true,1,1643080
7290016372496,false,חליטת ג'ינג'ר ודבש ס,,,חליטת ג'ינג'ר ודבש ס,גרמים,45.00,100 גרם,false,,17.90,0.3978,true,1,1682987
7290016373691,false,מקלות חמוצים,,,מקלות חמוצים,גרמים,20.00,100 גרם,false,,1.90,0.0950,true,1,2297717
7290016408133,false,כעכים טרליני בטעם בצ,,,כעכים טרליני בטעם בצ,גרמים,225.00,100 גרם,false,,6.90,0.0307,true,1,1471066
7290016408294,false,מרשמלו ורוד לבן,,,מרשמלו ורוד לבן,גרמים,150.00,100 גרם,false,,4.90,0.0327,true,1,1801960
7290016408393,false,חטיף קרקר עם שומשום,,,חטיף קרקר עם שומשום,גרמים,130.00,100 גרם,false,,6.90,0.0531,true,1,1471071
7290016408416,false,חטיף קרקר עם צ'ילי פ,,,חטיף קרקר עם צ'ילי פ,גרמים,130.00,100 גרם,false,,6.90,0.0531,true,1,1471073
7290016408423,false,חטיף קרקר עם זיתים ש,,,חטיף קרקר עם זיתים ש,גרמים,130.00,100 גרם,false,,6.90,0.0531,true,1,1471074
7290016408430,false,חטיף קרקר עם תערובת,,,חטיף קרקר עם תערובת,גרמים,130.00,100 גרם,false,,6.90,0.0531,true,1,1471075
7290016408447,false,חטיף קרקר עם עגבניות,,,חטיף קרקר עם עגבניות,גרמים,130.00,100 גרם,false,,6.90,0.0531,true,1,1471076
7290016408744,false,מרשמלו טוויסטר,,,מרשמלו טוויסטר,גרמים,150.00,100 גרם,false,,4.90,0.0327,true,1,1801961
7290016416961,false,עוגת מוס גבינה תות ש,,,עוגת מוס גבינה תות ש,גרמים,400.00,100 גרם,false,,34.90,0.0872,true,1,1491366
7290016437621,false,חיתולי האגיס פרידום,,,חיתולי האגיס פרידום,יח',36.00,יח',false,,44.90,1.2472,true,1,1567525
7290016475067,false,4 יח' לאפות במארז עב,,,4 יח' לאפות במארז עב,יח',4.00,יח',false,,10.90,2.7250,true,1,2120626
7290016492118,false,פפריקה מעושנת,,,פפריקה מעושנת,גרמים,120.00,100 גרם,false,,13.90,0.1158,true,1,2310637
7290016492125,false,פילדלפיה 120 גרם,,,פילדלפיה 120 גרם,גרמים,120.00,100 גרם,false,,13.90,0.1158,true,1,2310630
7290016492132,false,טוסקנה 160 גרם,,,טוסקנה 160 גרם,גרמים,160.00,100 גרם,false,,13.90,0.0869,true,1,2310608
7290016492453,false,אורז עם עדשים,,,אורז עם עדשים,גרמים,300.00,100 גרם,false,,14.90,0.0497,true,1,2310582
7290016492507,false,אורז עם ירקות,,,אורז עם ירקות,גרמים,300.00,100 גרם,false,,14.90,0.0497,true,1,2310583
7290016492514,false,בורגול עם עדשים,,,בורגול עם עדשים,גרמים,300.00,100 גרם,false,,14.90,0.0497,true,1,2310584
7290016492521,false,קינואה עם עדשים,,,קינואה עם עדשים,גרמים,300.00,100 גרם,false,,14.90,0.0497,true,1,2310585
7290016509304,false,סוד סבון לאסלה לבנדר,,,סוד סבון לאסלה לבנדר,גרמים,50.00,100 גרם,false,,5.50,0.1100,true,1,1580873
7290016509342,false,כדוריות שלישייה אסלה,,,כדוריות שלישייה אסלה,יח',3.00,יח',false,,19.90,6.6333,true,1,1731155
7290016509786,false,פרסיל גל 2.5 ליטר יר,,,פרסיל גל 2.5 ליטר יר,ליטרים,2.50,ליטר,false,,29.90,11.9600,true,1,1904975
7290016509793,false,פרסיל גל 4 ליטר ירוק,,,פרסיל גל 4 ליטר ירוק,ליטרים,4.00,ליטר,false,,44.90,11.2250,true,1,1904976
7290016509809,false,פרסיל גל 2.5 ליטר קו,,,פרסיל גל 2.5 ליטר קו,ליטרים,2.50,ליטר,false,,29.90,11.9600,true,1,1904977
7290016509823,false,פרסיל גל 2.5 ליטר בל,,,פרסיל גל 2.5 ליטר בל,ליטרים,2.50,ליטר,false,,29.90,11.9600,true,1,1904978
7290016509847,false,פרסיל גל 2.5 ליטר בל,,,פרסיל גל 2.5 ליטר בל,ליטרים,2.50,ליטר,false,,29.90,11.9600,true,1,1940096
7290016510096,false,שמפו הוואי,,,שמפו הוואי,מיליליטרים,700.00,"100 מ""ל",false,,10.90,0.0156,true,1,1755748
7290016510102,false,מרכך הוואי,,,מרכך הוואי,מיליליטרים,700.00,"100 מ""ל",false,,10.90,0.0156,true,1,1755749
7290016510225,false,הוואי תחליב רחצה וני,,,הוואי תחליב רחצה וני,מיליליטרים,700.00,"100 מ""ל",false,,9.90,0.0141,true,1,1900277
7290016510232,false,הוואי תחליב רחצה יוג,,,הוואי תחליב רחצה יוג,מיליליטרים,700.00,"100 מ""ל",false,,9.90,0.0141,true,1,1900278
7290016510249,false,הוואי תחליב רחצה יוג,,,הוואי תחליב רחצה יוג,מיליליטרים,700.00,"100 מ""ל",false,,9.90,0.0141,true,1,1900279
7290016510287,false,הוואי תחליב רחצה קרם,,,הוואי תחליב רחצה קרם,מיליליטרים,700.00,"100 מ""ל",false,,9.90,0.0141,true,1,1900282
7290016510317,false,הוואי תחליב רחצה לגב,,,הוואי תחליב רחצה לגב,מיליליטרים,700.00,"100 מ""ל",false,,9.90,0.0141,true,1,1900285
7290016510324,false,הוואי תחליב רחצה לגב,,,הוואי תחליב רחצה לגב,מיליליטרים,700.00,"100 מ""ל",false,,9.90,0.0141,true,1,1900286
7290016510331,false,אל סבון ילדים הוואי,,,אל סבון ילדים הוואי,מיליליטרים,700.00,"100 מ""ל",false,,9.90,0.0141,true,1,2191468
7290016510348,false,אל סבון ילדים הוואי,,,אל סבון ילדים הוואי,מיליליטרים,700.00,"100 מ""ל",false,,9.90,0.0141,true,1,2191469
7290016510430,false,הוואי תחליב רחצה עם,,,הוואי תחליב רחצה עם,מיליליטרים,700.00,"100 מ""ל",false,,9.90,0.0141,true,1,1900288
7290016510768,false,הוואי תחליב רחצה יוג,,,הוואי תחליב רחצה יוג,מיליליטרים,700.00,"100 מ""ל",false,,9.90,0.0141,true,1,2021557
7290016510898,false,שמפו הוואי,,,שמפו הוואי,מיליליטרים,700.00,"100 מ""ל",false,,10.90,0.0156,true,1,2079117
7290016510904,false,מרכך הוואי,,,מרכך הוואי,מיליליטרים,700.00,"100 מ""ל",false,,10.90,0.0156,true,1,2079118
7290016567007,false,מחית אסאי,,,מחית אסאי,גרמים,100.00,100 גרם,false,,10.90,0.1090,true,1,2217809
7290016601206,false,פותח סתימות פרפקט 1,,,פותח סתימות פרפקט 1,ליטרים,1.00,ליטר,false,,14.90,14.9000,true,1,1719548
7290016601596,false,מבשם לבית ורד אנגלי,,,מבשם לבית ורד אנגלי,מיליליטרים,350.00,"100 מ""ל",false,,14.90,0.0426,true,1,1493998
7290016601602,false,מבשם לבית פריחת הנרק,,,מבשם לבית פריחת הנרק,מיליליטרים,350.00,"100 מ""ל",false,,14.90,0.0426,true,1,1493999
7290016601619,false,מבשם לבית מאסק מרענן,,,מבשם לבית מאסק מרענן,מיליליטרים,350.00,"100 מ""ל",false,,14.90,0.0426,true,1,1494000
7290016601626,false,מבשם לבית לבנדר טוסק,,,מבשם לבית לבנדר טוסק,מיליליטרים,350.00,"100 מ""ל",false,,14.90,0.0426,true,1,1494001
7290016601701,false,שלישיית אל סבון  בני,,,שלישיית אל סבון  בני,מיליליטרים,1500.00,"100 מ""ל",false,,14.90,0.0099,true,1,1492557
7290016601718,false,שלישיית אל סבון  בני,,,שלישיית אל סבון  בני,מיליליטרים,1500.00,"100 מ""ל",false,,14.90,0.0099,true,1,1492558
7290016601725,false,שלישיית אל סבון  בני,,,שלישיית אל סבון  בני,מיליליטרים,1500.00,"100 מ""ל",false,,14.90,0.0099,true,1,1492559
7290016601749,false,אל סבון נוזלי בניחוח,,,אל סבון נוזלי בניחוח,מיליליטרים,1000.00,"100 מ""ל",false,,9.90,0.0099,true,1,1492588
7290016601756,false,אל סבון נוזלי בניחוח,,,אל סבון נוזלי בניחוח,מיליליטרים,1000.00,"100 מ""ל",false,,9.90,0.0099,true,1,1492589
7290016601800,false,תרסיס לניקוי רהיטים,סאסאטק SASATECK,,תרסיס לניקוי רהיטים,מיליליטרים,300.00,"100 מ""ל",false,,9.90,0.0330,true,1,1526914
7290016601817,false,מרסס לניקוי שטיחים פ,,,מרסס לניקוי שטיחים פ,מיליליטרים,600.00,"100 מ""ל",false,,12.90,0.0215,true,1,1510408
7290016607772,false,יין דלתון רוזה גליל,,,יין דלתון רוזה גליל,מיליליטרים,750.00,"100 מ""ל",false,,59.90,0.0799,true,1,2213621
7290016621358,false,קמיל בלו אל סבון 1 ל,"ד""ר פישר Dr fischer",,קמיל בלו אל סבון 1 ל,ליטרים,1.00,ליטר,false,,15.90,15.9000,true,1,1594614
7290016667424,false,חומץ יין לבן 5% 500,,,חומץ יין לבן 5% 500,מיליליטרים,500.00,"100 מ""ל",false,,12.90,0.0258,true,1,1885234
7290016667479,false,פרכיות כוסמת 130 גרם,,,פרכיות כוסמת 130 גרם,גרמים,130.00,100 גרם,false,,8.90,0.0685,true,1,1952427
7290016667486,false,פריכיות כוסמת דל נתר,,,פריכיות כוסמת דל נתר,גרמים,130.00,100 גרם,false,,8.90,0.0685,true,1,1952428
7290016667578,false,ניוקי מתפוח אדמה 1 ק,,,ניוקי מתפוח אדמה 1 ק,קילוגרמים,1000.00,"ק""ג",false,,9.90,0.0099,true,1,2188712
7290016682199,false,שייק תות בננה מופחת,,,שייק תות בננה מופחת,ליטרים,1.00,ליטר,false,,14.90,14.9000,true,1,1618474
7290016682380,false,מיץ לימונדה לואיזה ו,,,מיץ לימונדה לואיזה ו,ליטרים,2.00,ליטר,false,,15.90,7.9500,true,1,2271831
7290016717099,false,יין סלקטד אדום,,,יין סלקטד אדום,מיליליטרים,750.00,"100 מ""ל",false,,29.90,0.0399,true,1,1488196
7290016717235,false,קונקורד קינג דויד,,,קונקורד קינג דויד,מיליליטרים,187.00,"100 מ""ל",false,,5.90,0.0316,true,1,2179145
7290016717631,false,יין מוסקטו,,,יין מוסקטו,מיליליטרים,750.00,"100 מ""ל",false,,38.90,0.0519,true,1,1977996
7290016717754,false,יין ישן נושן,,,יין ישן נושן,מיליליטרים,750.00,"100 מ""ל",false,,18.90,0.0252,true,1,1914440
7290016865943,false,פסטה ביצים פטוצ'ילי,,,פסטה ביצים פטוצ'ילי,גרמים,400.00,100 גרם,false,,9.90,0.0248,true,1,1663203
7290016866643,false,משחת שיניים פרודונטק,,,משחת שיניים פרודונטק,מיליליטרים,75.00,"100 מ""ל",false,,29.90,0.3987,true,1,1853886
7290016866650,false,משחת שיניים פרודונטק,,,משחת שיניים פרודונטק,מיליליטרים,75.00,"100 מ""ל",false,,29.90,0.3987,true,1,1853887
7290016866667,false,משחת שיניים פרודונטק,,,משחת שיניים פרודונטק,מיליליטרים,75.00,"100 מ""ל",false,,29.90,0.3987,true,1,1853888
7290016866674,false,משחת שיניים פרודונטק,,,משחת שיניים פרודונטק,מיליליטרים,75.00,"100 מ""ל",false,,29.90,0.3987,true,1,1853889
7290016866728,false,מסכת קרטין סטייל E 5,,,מסכת קרטין סטייל E 5,מיליליטרים,500.00,"100 מ""ל",false,,29.90,0.0598,true,1,1731640
7290016866735,false,קרם לחות סטייל קרטין,,,קרם לחות סטייל קרטין,מיליליטרים,500.00,"100 מ""ל",false,,29.90,0.0598,true,1,1731641
7290016882414,false,קונפיטורה 450 גרם שז,דין שיווק,,קונפיטורה 450 גרם שז,גרמים,450.00,100 גרם,false,,12.90,0.0287,true,1,1650494
7290016883107,false,חרדל גרגירים 350 גרם,דין שיווק,,חרדל גרגירים 350 גרם,גרמים,350.00,100 גרם,false,,9.90,0.0283,true,1,1733701
7290016883176,false,מיזלי עם שוקולד מריר,דין שיווק,,מיזלי עם שוקולד מריר,גרמים,1000.00,100 גרם,false,,19.90,0.0199,true,1,2212897
7290016912500,false,תרחיץ פנים אפקטיב קר,,,תרחיץ פנים אפקטיב קר,מיליליטרים,180.00,"100 מ""ל",false,,17.90,0.0994,true,1,1703872
7290016912609,false,סרקל מסכה לילדים 200,,,סרקל מסכה לילדים 200,מיליליטרים,200.00,"100 מ""ל",false,,24.90,0.1245,true,1,1703843
7290016912616,false,שמפו סרקל 1 ליטר בלו,,,שמפו סרקל 1 ליטר בלו,ליטרים,1.00,ליטר,false,,28.90,28.9000,true,1,1703861
7290017023212,false,רבעיית פחיות שוופס מ,,,רבעיית פחיות שוופס מ,ליטרים,1.32,ליטר,false,,11.90,9.0152,true,1,1809114
7290017023854,false,רביעיית סודה שוופס 2,,,רביעיית סודה שוופס 2,ליטרים,1.00,ליטר,false,,10.90,10.9000,true,1,2032402
7290017031262,false,"חטיף ע""ב דגנים אורז",,,"חטיף ע""ב דגנים אורז",גרמים,140.00,100 גרם,false,,14.90,0.1064,true,1,1853924
7290017031477,false,משחת שיניים סנסודיין,,,משחת שיניים סנסודיין,מיליליטרים,75.00,"100 מ""ל",false,,23.90,0.3187,true,1,2072038
7290017031705,false,משחת שיניים סנסודיין,,,משחת שיניים סנסודיין,מיליליטרים,75.00,"100 מ""ל",false,,19.90,0.2653,true,1,1974981
7290017031859,false,משחת שיניים פרודונטק,,,משחת שיניים פרודונטק,מיליליטרים,75.00,"100 מ""ל",false,,29.90,0.3987,true,1,1974982
7290017058139,false,"רסק תפו""ח עם תות שדה",,,"רסק תפו""ח עם תות שדה",גרמים,452.00,100 גרם,false,,9.90,0.0219,true,1,1739032
7290017058146,false,"רסק תפו""ח עם אפרסק 4",,,"רסק תפו""ח עם אפרסק 4",גרמים,452.00,100 גרם,false,,9.90,0.0219,true,1,1739033
7290017058177,false,אנשובי צנצנת עם צילי,,,אנשובי צנצנת עם צילי,גרמים,100.00,100 גרם,false,,9.90,0.0990,true,1,1663959
7290017058573,false,פרוסות פלפל חלפיניו,,,פרוסות פלפל חלפיניו,גרמים,340.00,100 גרם,false,,7.90,0.0232,true,1,2160453
7290017062181,false,אנטיתוש תכשיר     דו,,,אנטיתוש תכשיר     דו,"100 סמ""ק",50.00,"100 סמ""ק",false,,9.90,0.1980,true,1,1649699
7290017062242,false,תחליב רחצה פרפקט בני,,,תחליב רחצה פרפקט בני,מיליליטרים,700.00,"100 מ""ל",false,,9.90,0.0141,true,1,1862472
7290017062259,false,תחליב רחצה פרפקט בני,,,תחליב רחצה פרפקט בני,מיליליטרים,700.00,"100 מ""ל",false,,9.90,0.0141,true,1,1862473
7290017062266,false,תחליב רחצה פרפקט בני,,,תחליב רחצה פרפקט בני,מיליליטרים,700.00,"100 מ""ל",false,,9.90,0.0141,true,1,1862474
7290017062273,false,תחליב רחצה פרפקט בני,,,תחליב רחצה פרפקט בני,מיליליטרים,700.00,"100 מ""ל",false,,9.90,0.0141,true,1,1862475
7290017062280,false,תחליב רחצה פרפקט בני,,,תחליב רחצה פרפקט בני,מיליליטרים,700.00,"100 מ""ל",false,,9.90,0.0141,true,1,1862476
7290017065007,false,מוצרלה פרוסה גד 200,,,מוצרלה פרוסה גד 200,גרמים,200.00,100 גרם,false,,16.90,0.0845,true,1,1558070
7290017065137,false,גבינת ריקוטה 5% טבעי,,,גבינת ריקוטה 5% טבעי,גרמים,200.00,100 גרם,false,,8.90,0.0445,true,1,1766475
7290017065168,false,גבינה כחולה גד 100 ג,,,גבינה כחולה גד 100 ג,גרמים,100.00,100 גרם,false,,15.90,0.1590,true,1,1825230
7290017065236,false,בולגרית מעודנת 24% 2,,,בולגרית מעודנת 24% 2,גרמים,250.00,100 גרם,false,,21.90,0.0876,true,1,1825238
7290017065441,false,גבינת גאודה עיזים 20,,,גבינת גאודה עיזים 20,גרמים,200.00,100 גרם,false,,29.90,0.1495,true,1,2171028
7290017065526,false,גבינות קוואטרו פורמא,,,גבינות קוואטרו פורמא,גרמים,300.00,100 גרם,false,,25.90,0.0863,true,1,2171029
7290017065649,false,קרם פטיסייר 250 גרם,,,קרם פטיסייר 250 גרם,גרמים,250.00,100 גרם,false,,19.90,0.0796,true,1,2189013
7290017065731,false,גבינת שמנת ניו יורק,,,גבינת שמנת ניו יורק,גרמים,200.00,100 גרם,false,,12.90,0.0645,true,1,2242430
7290017065786,false,צדר,,,צדר,גרמים,200.00,100 גרם,false,,18.90,0.0945,true,1,2294768
7290017068367,false,שמרים,,,שמרים,גרמים,125.00,100 גרם,false,,4.90,0.0392,true,1,2239622
7290017068374,false,שמרים בוואקים,,,שמרים בוואקים,גרמים,500.00,100 גרם,false,,9.90,0.0198,true,1,2125883
7290017068381,false,ריבת משמש בדץ,,,ריבת משמש בדץ,גרמים,370.00,100 גרם,false,,12.90,0.0349,true,1,2220393
7290017068848,false,סוכריות קישוט לעוגה,,,סוכריות קישוט לעוגה,גרמים,200.00,100 גרם,false,,7.90,0.0395,true,1,2222438
7290017068978,false,שיבולת שועל מלאה להכ,,,שיבולת שועל מלאה להכ,גרמים,500.00,100 גרם,false,,9.90,0.0198,true,1,2222428
7290017068992,false,ערמונים קלופיים וקלו,,,ערמונים קלופיים וקלו,גרמים,100.00,100 גרם,false,,5.90,0.0590,true,1,2240690
7290017079677,false,שוקולד חלב,,,שוקולד חלב,גרמים,270.00,100 גרם,false,,11.90,0.0441,true,1,2289632
7290017079691,false,שוקולד חלב עם אגוזים,,,שוקולד חלב עם אגוזים,גרמים,270.00,100 גרם,false,,11.90,0.0441,true,1,2293599
7290017079707,false,שוקולד מריר עם אוגזי,,,שוקולד מריר עם אוגזי,גרמים,270.00,100 גרם,false,,11.90,0.0441,true,1,2289634
7290017088006,false,מטליות לניקוי וחיטוי,,,מטליות לניקוי וחיטוי,יח',50.00,יח',false,,9.90,0.1980,true,1,1700537
7290017088051,false,חיתולים בייביסיטר מי,,,חיתולים בייביסיטר מי,יח',50.00,יח',false,,34.90,0.6980,true,1,1825804
7290017088068,false,חיתולים בייביסיטר מי,,,חיתולים בייביסיטר מי,יח',42.00,יח',false,,34.90,0.8310,true,1,1825805
7290017088075,false,חיתולים בייביסיטר מי,,,חיתולים בייביסיטר מי,יח',40.00,יח',false,,34.90,0.8725,true,1,1825806
7290017088464,false,טופ-פד סופגנית מקסי,,,טופ-פד סופגנית מקסי,יח',20.00,יח',false,,14.90,0.7450,true,1,2206836
7290017088501,false,טופ-פד אקסטרה לונג,,,טופ-פד אקסטרה לונג,יח',20.00,יח',false,,9.90,0.4950,true,1,2206838
7290017088693,false,קוויק מטליות לחות לנ,,,קוויק מטליות לחות לנ,יח',10.00,יח',false,,9.90,0.9900,true,1,2183645
7290017088815,false,BREEZE תחבושות נורמל,,,BREEZE תחבושות נורמל,יח',12.00,יח',false,,16.90,1.4083,true,1,2248691
7290017088983,false,חיתולים בייביסיטר NB,,,חיתולים בייביסיטר NB,יח',38.00,יח',false,,25.90,0.6816,true,1,2272591
7290017105369,false,סירופ דיאט אייס טי א,,,סירופ דיאט אייס טי א,ליטרים,1.00,ליטר,false,,16.90,16.9000,true,1,2190877
7290017105550,false,רביעייה רסק עגבניות,,,רביעייה רסק עגבניות,גרמים,400.00,100 גרם,false,,11.90,0.0298,true,1,2173306
7290017129501,false,אגו מיקס כדורי תירס,,,אגו מיקס כדורי תירס,גרמים,55.00,100 גרם,false,,3.90,0.0709,true,1,1801969
7290017129518,false,אגו מיקס כדורי תירס,,,אגו מיקס כדורי תירס,גרמים,55.00,100 גרם,false,,3.90,0.0709,true,1,1801970
7290017129532,false,לקקן תות 90 גרם,,,לקקן תות 90 גרם,גרמים,90.00,100 גרם,false,,4.90,0.0544,true,1,1942926
7290017129549,false,לקקן גלידה 90 גרם,,,לקקן גלידה 90 גרם,גרמים,90.00,100 גרם,false,,4.90,0.0544,true,1,1942927
7290017129754,false,שוקולד מריר מעולה אג,,,שוקולד מריר מעולה אג,גרמים,100.00,100 גרם,false,,7.90,0.0790,true,1,1853848
7290017129761,false,שוקולד מריר תפוז אגו,,,שוקולד מריר תפוז אגו,גרמים,100.00,100 גרם,false,,7.90,0.0790,true,1,1853854
7290017129778,false,שוקולד מריר קפה אגו,,,שוקולד מריר קפה אגו,גרמים,100.00,100 גרם,false,,7.90,0.0790,true,1,1853855
7290017129983,false,שוקולד ציפס 250 גרם,,,שוקולד ציפס 250 גרם,גרמים,250.00,100 גרם,false,,12.90,0.0516,true,1,2155784
7290017142012,false,שמן קוקוס אורגני 500,,,שמן קוקוס אורגני 500,מיליליטרים,500.00,"100 מ""ל",false,,39.90,0.0798,true,1,1793624
7290017142029,false,שמן קוקוס אורגני 1 ל,,,שמן קוקוס אורגני 1 ל,ליטרים,1.00,ליטר,false,,59.90,59.9000,true,1,1793625
7290017142180,false,פילה טונה בשמן זית ב,,,פילה טונה בשמן זית ב,גרמים,120.00,100 גרם,false,,14.90,0.1242,true,1,2118018
7290017142289,false,תרסיס שמן חמניות מזו,,,תרסיס שמן חמניות מזו,מיליליטרים,200.00,"100 מ""ל",false,,12.90,0.0645,true,1,2000928
7290017142371,false,"שמן שומשום 250 מ""ל",,,"שמן שומשום 250 מ""ל",מיליליטרים,250.00,"100 מ""ל",false,,29.90,0.1196,true,1,2170509
7290017142388,false,שמן חמניות פלוס אומג,,,שמן חמניות פלוס אומג,ליטרים,1.00,ליטר,false,,15.90,15.9000,true,1,2149532
7290017142395,false,פסטה עם טונה,,,פסטה עם טונה,גרמים,160.00,100 גרם,false,,12.90,0.0806,true,1,2170501
7290017142401,false,קינואה לבנה ואדומה ע,,,קינואה לבנה ואדומה ע,גרמים,160.00,100 גרם,false,,12.90,0.0806,true,1,2209943
7290017142418,false,אורז עדשים עם טונה,,,אורז עדשים עם טונה,גרמים,160.00,100 גרם,false,,12.90,0.0806,true,1,2170502
7290017142456,false,נתחי טונה בהירה בשמן,,,נתחי טונה בהירה בשמן,גרמים,320.00,100 גרם,false,,27.90,0.0872,true,1,2170510
7290017142487,false,בורגול וגרגרי חומוס,,,בורגול וגרגרי חומוס,גרמים,160.00,100 גרם,false,,12.90,0.0806,true,1,2241310
7290017197777,false,מגבונים לחים     להי,,,מגבונים לחים     להי,יח',144.00,יח',false,,12.90,0.0896,true,1,1980782
7290017197784,false,רביעיית מגבונים סנסט,,,רביעיית מגבונים סנסט,יח',288.00,יח',false,,14.90,0.0517,true,1,1846754
7290017217727,false,שיפודי במבוק 100 יח',,,שיפודי במבוק 100 יח',יח',100.00,יח',false,,9.90,0.0990,true,1,2188771
7290017266053,false,וופל לימון קראנץ ללא,,,וופל לימון קראנץ ללא,גרמים,175.00,100 גרם,false,,6.90,0.0394,true,1,1793569
7290017266312,false,וופל שוקו,,,וופל שוקו,גרמים,150.00,100 גרם,false,,2.90,0.0193,true,1,2136862
7290017266909,false,וופלים במילוי קרם בט,,,וופלים במילוי קרם בט,גרמים,200.00,100 גרם,false,,4.90,0.0245,true,1,2313656
7290017266916,false,וופלים במילוי קרם בט,,,וופלים במילוי קרם בט,גרמים,200.00,100 גרם,false,,4.90,0.0245,true,1,2313657
7290017275338,false,טחינה גולמית 500 גרם,,,טחינה גולמית 500 גרם,גרמים,500.00,100 גרם,false,,10.90,0.0218,true,1,2271182
7290017275352,false,עוגת שמרים קראנץ תפו,,,עוגת שמרים קראנץ תפו,גרמים,400.00,100 גרם,false,,10.90,0.0273,true,1,2260978
7290017275369,false,טחינה משומשום מלא 50,,,טחינה משומשום מלא 50,גרמים,500.00,100 גרם,false,,10.90,0.0218,true,1,2271183
7290017297149,false,גרגירי חומוס להכנת ח,,,גרגירי חומוס להכנת ח,גרמים,550.00,100 גרם,false,,6.90,0.0125,true,1,2213036
7290017297187,false,לקט ירקות להקפצה 800,,,לקט ירקות להקפצה 800,גרמים,800.00,100 גרם,false,,14.90,0.0186,true,1,2216937
7290017297217,false,עדשים ירוקות,,,עדשים ירוקות,גרמים,800.00,100 גרם,false,,14.90,0.0186,true,1,2219173
7290017297323,false,רוטב עגבניות מרוכז ט,,,רוטב עגבניות מרוכז ט,גרמים,100.00,100 גרם,false,,1.50,0.0150,true,1,2261425
7290017297330,false,רוטב עגבניות מרוכז,,,רוטב עגבניות מרוכז,גרמים,240.00,100 גרם,false,,3.50,0.0146,true,1,2289138
7290017297378,false,תירס ללא סוכר ומלח,,,תירס ללא סוכר ומלח,גרמים,550.00,100 גרם,false,,6.90,0.0125,true,1,2276249
7290017297620,false,רוטב עגבניות 22BX A2,,,רוטב עגבניות 22BX A2,גרמים,570.00,100 גרם,false,,5.90,0.0104,true,1,2273720
7290017297637,false,רוטב עגבניות 28BX,,,רוטב עגבניות 28BX,גרמים,580.00,100 גרם,false,,6.50,0.0112,true,1,2273730
7290017297644,false,ברוקולי green & fres,,,ברוקולי green & fres,גרמים,800.00,100 גרם,false,,15.90,0.0199,true,1,2275123
7290017297682,false,כרובית green & fresh,,,כרובית green & fresh,גרמים,800.00,100 גרם,false,,14.90,0.0186,true,1,2275124
7290017374390,false,סט שירותים טורינו,,,סט שירותים טורינו,יחידה,0.00,יחידה,false,,24.90,0.0000,true,1,2194325
7290017374727,false,מברשת אבק מיקרופייבר,,,מברשת אבק מיקרופייבר,יח',1.00,יח',false,,9.90,9.9000,true,1,2194326
7290017440231,false,שמפו סרקל 1 ליטר מתו,,,שמפו סרקל 1 ליטר מתו,ליטרים,1.00,ליטר,false,,28.90,28.9000,true,1,1935552
7290017440323,false,שמפו+מרכך קידס 750 מ,,,שמפו+מרכך קידס 750 מ,מיליליטרים,750.00,"100 מ""ל",false,,16.90,0.0225,true,1,2143638
7290017440965,false,קמיל בלו אל סבון ניק,,,קמיל בלו אל סבון ניק,ליטרים,1.00,ליטר,false,,15.90,15.9000,true,1,2118521
7290017457574,false,סוד כדוריות אסלה,,,סוד כדוריות אסלה,יח',3.00,יח',false,,19.90,6.6333,true,1,2110467
7290017457581,false,סוד מרכך כביסה 20%+ב,,,סוד מרכך כביסה 20%+ב,מיליליטרים,900.00,"100 מ""ל",false,,11.90,0.0132,true,1,2115272
7290017457611,false,סוד ג'ל לכביסה2.5 לי,,,סוד ג'ל לכביסה2.5 לי,ליטרים,2.50,ליטר,false,,19.90,7.9600,true,1,2196172
7290017457710,false,סוד מרכך כביסה 20%+ב,,,סוד מרכך כביסה 20%+ב,מיליליטרים,900.00,"100 מ""ל",false,,11.90,0.0132,true,1,2115275
7290017457727,false,סוד מרכך כביסה 20%+ב,,,סוד מרכך כביסה 20%+ב,מיליליטרים,900.00,"100 מ""ל",false,,11.90,0.0132,true,1,2115276
7290017457734,false,סוד מרכך כביסה 20%+ב,,,סוד מרכך כביסה 20%+ב,מיליליטרים,900.00,"100 מ""ל",false,,11.90,0.0132,true,1,2115277
7290017457918,false,סוד מרכך מרוכז SUPRE,,,סוד מרכך מרוכז SUPRE,ליטרים,1.20,ליטר,false,,19.90,16.5833,true,1,2196157
7290017457925,false,סוד מרכך כביסה 20%+ב,,,סוד מרכך כביסה 20%+ב,מיליליטרים,900.00,"100 מ""ל",false,,11.90,0.0132,true,1,2216258
7290017457932,false,סוד מרכך כביסה 20%+ב,,,סוד מרכך כביסה 20%+ב,מיליליטרים,900.00,"100 מ""ל",false,,11.90,0.0132,true,1,2216259
7290017477305,false,זרעי צ'יה 250 גרם,דין שיווק,,זרעי צ'יה 250 גרם,גרמים,250.00,100 גרם,false,,9.90,0.0396,true,1,1845912
7290017477558,false,שמן זית כתית מעולה 7,,,שמן זית כתית מעולה 7,מיליליטרים,750.00,"100 מ""ל",false,,29.90,0.0399,true,1,2304429
7290017513393,false,תה ירוק בתוספת ספירו,,,תה ירוק בתוספת ספירו,יחידה,0.00,יחידה,false,,22.90,0.0000,true,1,2163704
7290017513409,false,תה ירוק עם צמחים סגו,,,תה ירוק עם צמחים סגו,יחידה,0.00,יחידה,false,,22.90,0.0000,true,1,2163705
7290017513485,false,מחית עגבניות רוסטיקה,,,מחית עגבניות רוסטיקה,גרמים,680.00,100 גרם,false,,10.90,0.0160,true,1,2165261
7290017513775,false,בייגלה מצופה שוקולד,,,בייגלה מצופה שוקולד,גרמים,140.00,100 גרם,false,,8.90,0.0636,true,1,2171187
7290017513867,false,תה ירוק לימונית לואי,,,תה ירוק לימונית לואי,גרמים,37.50,100 גרם,false,,22.90,0.6107,true,1,2212972
7290017516295,false,חטיף פרוטאין אגוז לו,,,חטיף פרוטאין אגוז לו,גרמים,50.00,100 גרם,false,,9.90,0.1980,true,1,2217814
7290017516332,false,חטיף פרוטאין חמאת בו,,,חטיף פרוטאין חמאת בו,גרמים,50.00,100 גרם,false,,9.90,0.1980,true,1,2217816
7290017516479,false,חטיף פרוטאין וניל קפ,,,חטיף פרוטאין וניל קפ,גרמים,50.00,100 גרם,false,,9.90,0.1980,true,1,2217820
7290017516509,false,חטיף פרוטאין קרמל מל,,,חטיף פרוטאין קרמל מל,גרמים,50.00,100 גרם,false,,9.90,0.1980,true,1,2219807
7290017589374,false,יין יוקרתי שרדונה 75,,,יין יוקרתי שרדונה 75,מיליליטרים,750.00,"100 מ""ל",false,,55.90,0.0745,true,1,1996373
7290017589633,false,יין רזרב קברנה גולד,,,יין רזרב קברנה גולד,מיליליטרים,750.00,"100 מ""ל",false,,59.90,0.0799,true,1,2038162
7290017599229,false,סוכרזית סוכרלוז 200,,,סוכרזית סוכרלוז 200,גרמים,365.00,100 גרם,false,,20.90,0.0573,true,1,2272722
7290017599236,false,סוכרזית סטיוויה 200,,,סוכרזית סטיוויה 200,גרמים,365.00,100 גרם,false,,24.90,0.0682,true,1,2272735
7290017599267,false,סוכרזית סוכרלוז 120,,,סוכרזית סוכרלוז 120,גרמים,120.00,100 גרם,false,,23.90,0.1992,true,1,2305717
7290017599274,false,סוכרזית סטיוויה 120,,,סוכרזית סטיוויה 120,גרמים,120.00,100 גרם,false,,35.90,0.2992,true,1,2305718
7290017617107,false,טונה סטארקיסט מיקס ט,סטארקיסט,,טונה סטארקיסט מיקס ט,גרמים,185.00,100 גרם,false,,13.90,0.0751,true,1,2224529
7290017617435,false,סטארקיסט נתחי סלמון,סטארקיסט,,סטארקיסט נתחי סלמון,גרמים,160.00,100 גרם,false,,14.90,0.0931,true,1,2297849
7290017619293,false,מפיץ ריח אפור זהב,,,מפיץ ריח אפור זהב,יחידה,0.00,יחידה,false,,22.90,0.0000,true,1,2179921
7290017619316,false,מפיץ ריח אפור גבוה,,,מפיץ ריח אפור גבוה,יחידה,0.00,יחידה,false,,22.90,0.0000,true,1,2179923
7290017619668,false,אטבי כביסה - מארז חס,,,אטבי כביסה - מארז חס,יחידה,0.00,יחידה,false,,19.90,0.0000,true,1,2279073
7290017619996,false,אטבי כביסה מסיליקון,,,אטבי כביסה מסיליקון,יחידה,0.00,יחידה,false,,19.90,0.0000,true,1,2279074
7290017637365,false,ספריי לשיער לסירוק ק,,,ספריי לשיער לסירוק ק,מיליליטרים,200.00,"100 מ""ל",false,,9.90,0.0495,true,1,2233436
7290017637563,false,שמפו לתלתלים מושלמים,,,שמפו לתלתלים מושלמים,מיליליטרים,500.00,"100 מ""ל",false,,23.90,0.0478,true,1,2295101
7290017637600,false,מרכך לשיער רגיל MB S,,,מרכך לשיער רגיל MB S,מיליליטרים,500.00,"100 מ""ל",false,,23.90,0.0478,true,1,2295103
7290017637617,false,מסיכת הזנה לשיער רגי,,,מסיכת הזנה לשיער רגי,מטרים,250.00,100 מ'ל,false,,27.90,0.1116,true,1,2295116
7290017637624,false,שמפו לשיער רגיל MB M,,,שמפו לשיער רגיל MB M,מיליליטרים,500.00,"100 מ""ל",false,,23.90,0.0478,true,1,2295104
7290017637631,false,מרכך לשיער רגיל MB M,,,מרכך לשיער רגיל MB M,מיליליטרים,500.00,"100 מ""ל",false,,23.90,0.0478,true,1,2295105
7290017637662,false,שמפו להדגשת גוונים ז,,,שמפו להדגשת גוונים ז,מיליליטרים,500.00,"100 מ""ל",false,,23.90,0.0478,true,1,2295119
7290017675008,false,טחינה היונה 900 גרם,,,טחינה היונה 900 גרם,גרמים,900.00,100 גרם,false,,19.90,0.0221,true,1,1862617
7290017677811,false,רוטב סויה קיקומן 296,ראקוטו קאסיי,,רוטב סויה קיקומן 296,מיליליטרים,296.00,"100 מ""ל",false,,17.90,0.0605,true,1,2122829
7290017682334,false,מטאטא ריץ'+מקל,,,מטאטא ריץ'+מקל,יחידה,0.00,יחידה,false,,19.90,0.0000,true,1,2194329
7290017682556,false,שיפודים מעץ עובי 4 א,,,שיפודים מעץ עובי 4 א,יח',80.00,יח',false,,3.90,0.0487,true,1,2205298
7290017682945,false,מגב חד להב סיליקון+מ,,,מגב חד להב סיליקון+מ,יחידה,0.00,יחידה,false,,34.90,0.0000,true,1,2194334
7290017712192,false,פרמיו נתחי פילה עוף,,,פרמיו נתחי פילה עוף,גרמים,100.00,100 גרם,false,,3.90,0.0390,true,1,2320819
7290017712246,false,פרמיו בקר ולבבות 150,,,פרמיו בקר ולבבות 150,גרמים,150.00,100 גרם,false,,3.90,0.0260,true,1,2320824
7290017712260,false,פרמיו פטה סלמון לכלב,,,פרמיו פטה סלמון לכלב,גרמים,150.00,100 גרם,false,,3.90,0.0260,true,1,2320825
7290017712277,false,פרמיו פטה כבש לכלב 1,,,פרמיו פטה כבש לכלב 1,גרמים,150.00,100 גרם,false,,3.90,0.0260,true,1,2320826
7290017712574,false,הורייזן עוף לחתלתול,,,הורייזן עוף לחתלתול,גרמים,85.00,100 גרם,false,,3.90,0.0459,true,1,2320830
7290017712581,false,הורייזן עוף לחתול מע,,,הורייזן עוף לחתול מע,גרמים,85.00,100 גרם,false,,3.90,0.0459,true,1,2320831
7290017712604,false,הורייזן בקר לחתול מע,,,הורייזן בקר לחתול מע,גרמים,85.00,100 גרם,false,,3.90,0.0459,true,1,2320833
7290017712727,false,פרמיו גור בקר וכבד 1,,,פרמיו גור בקר וכבד 1,גרמים,100.00,100 גרם,false,,3.90,0.0390,true,1,2320841
7290017712734,false,פרמיו גור עוף וכבד 1,,,פרמיו גור עוף וכבד 1,גרמים,100.00,100 גרם,false,,3.90,0.0390,true,1,2320842
7290017712758,false,פרמיו סלמון 100ג',,,פרמיו סלמון 100ג',גרמים,100.00,100 גרם,false,,3.90,0.0390,true,1,2320844
7290017712765,false,פרמיו סלמון ופורל 10,,,פרמיו סלמון ופורל 10,גרמים,100.00,100 גרם,false,,3.90,0.0390,true,1,2320845
7290017712772,false,פרמיו בקר וכבד 100ג',,,פרמיו בקר וכבד 100ג',גרמים,100.00,100 גרם,false,,3.90,0.0390,true,1,2320846
7290017712864,false,פרמיו מקלות סלמון 10,,,פרמיו מקלות סלמון 10,גרמים,100.00,100 גרם,false,,14.90,0.1490,true,1,2320849
7290017712956,false,פרמיו כריות עוף וגבי,,,פרמיו כריות עוף וגבי,גרמים,60.00,100 גרם,false,,9.90,0.1650,true,1,2320855
7290017715186,false,"טורטיה קמח 20 ס""מ",,,"טורטיה קמח 20 ס""מ",גרמים,320.00,100 גרם,false,,9.90,0.0309,true,1,2224281
7290017715285,false,"רסק תפו""ח עץ עם דובד",,,"רסק תפו""ח עץ עם דובד",גרמים,452.00,100 גרם,false,,9.90,0.0219,true,1,2159383
7290017715964,false,"רסק תפו""ח דיאט אפרסק",,,"רסק תפו""ח דיאט אפרסק",גרמים,452.00,100 גרם,false,,9.90,0.0219,true,1,2207951
7290017812069,false,יין שרדונה אקסלנס רי,,,יין שרדונה אקסלנס רי,מיליליטרים,750.00,"100 מ""ל",false,,24.90,0.0332,true,1,1976503
7290017812571,false,מיץ ענבים תירוש אדום,,,מיץ ענבים תירוש אדום,ליטרים,1.00,ליטר,false,,19.90,19.9000,true,1,2179177
7290017812588,false,מיץ ענבים תירוש לבן,,,מיץ ענבים תירוש לבן,ליטרים,1.00,ליטר,false,,19.90,19.9000,true,1,2179178
7290017812618,false,תירוש ענבים 1 ליטר,,,תירוש ענבים 1 ליטר,ליטרים,1.00,ליטר,false,,19.90,19.9000,true,1,2179180
7290017812861,false,יין לבן וינו,,,יין לבן וינו,מיליליטרים,750.00,"100 מ""ל",false,,18.90,0.0252,true,1,2216393
7290017812977,false,יין  מבעבע באז אננס,,,יין  מבעבע באז אננס,מיליליטרים,750.00,"100 מ""ל",false,,24.90,0.0332,true,1,2243992
7290017816128,false,קרקר כוסמין 220 גרם,,,קרקר כוסמין 220 גרם,גרמים,220.00,100 גרם,false,,14.90,0.0677,true,1,2216429
7290017871363,false,אל סבון פמילי יהלום,,,אל סבון פמילי יהלום,מיליליטרים,500.00,"100 מ""ל",false,,9.90,0.0198,true,1,2188073
7290017871370,false,אל סבון פמילי יהלום,,,אל סבון פמילי יהלום,מיליליטרים,500.00,"100 מ""ל",false,,9.90,0.0198,true,1,2188074
7290017871707,false,חטיף פיצפוצי אורז וק,,,חטיף פיצפוצי אורז וק,גרמים,140.00,100 גרם,false,,16.90,0.1207,true,1,2163643
7290017871950,false,מארז שלישייה נייר טו,,,מארז שלישייה נייר טו,יח',40.00,יח',false,,14.90,0.3725,true,1,2221921
7290017872162,false,טוסו עוגיות אגוזי לו,,,טוסו עוגיות אגוזי לו,גרמים,200.00,100 גרם,false,,14.90,0.0745,true,1,2186171
7290017872186,false,טוסו עוגיות פקאן 200,,,טוסו עוגיות פקאן 200,גרמים,200.00,100 גרם,false,,14.90,0.0745,true,1,2186173
7290017872230,false,מגבונים פרשוואנס 100,,,מגבונים פרשוואנס 100,יח',100.00,יח',false,,7.90,0.0790,true,1,2249130
7290017872285,false,חטיף טוסו קראנצ'י בט,,,חטיף טוסו קראנצ'י בט,גרמים,140.00,100 גרם,false,,16.90,0.1207,true,1,2186176
7290017872650,false,אל סבון פמילי יהלום,,,אל סבון פמילי יהלום,מיליליטרים,500.00,"100 מ""ל",false,,9.90,0.0198,true,1,2197685
7290017872667,false,אל סבון פמילי יהלום,,,אל סבון פמילי יהלום,מיליליטרים,500.00,"100 מ""ל",false,,9.90,0.0198,true,1,2197686
7290017888033,false,משקה קל בננה מלון נע,,,משקה קל בננה מלון נע,מיליליטרים,350.00,"100 מ""ל",false,,6.50,0.0186,true,1,2110509
7290017888095,false,רביעיית פחיות שוופס,,,רביעיית פחיות שוופס,ליטרים,1.32,ליטר,false,,11.90,9.0152,true,1,2106541
7290017888729,false,סודה שוופס 1 ליטר,,,סודה שוופס 1 ליטר,ליטרים,1.00,ליטר,false,,3.90,3.9000,true,1,2188233
7290017888972,false,מי עדן 1 ליטר פקק ספ,,,מי עדן 1 ליטר פקק ספ,ליטרים,1.00,ליטר,false,,4.90,4.9000,true,1,2194322
7290017907246,false,"סולת ""תמי""",,,"סולת ""תמי""",גרמים,300.00,100 גרם,false,,15.90,0.0530,true,1,2223280
7290017907260,false,"תערובת ""תמי"" להכנת פ",,,"תערובת ""תמי"" להכנת פ",גרמים,300.00,100 גרם,false,,15.90,0.0530,true,1,2223282
7290017917283,false,רביעיית מגבונים קמיל,,,רביעיית מגבונים קמיל,4   יח',256.00,4   יח',false,,19.90,0.0777,true,1,2167853
7290017917382,false,קמיל אל סבון 1 ליטר,,,קמיל אל סבון 1 ליטר,ליטרים,1.00,ליטר,false,,15.90,15.9000,true,1,2140431
7290017917450,false,קמיל בלו סנסטיב אל ס,,,קמיל בלו סנסטיב אל ס,ליטרים,1.00,ליטר,false,,24.90,24.9000,true,1,2143639
7290017917467,false,קמיל בלו אל סבון שיב,,,קמיל בלו אל סבון שיב,ליטרים,1.00,ליטר,false,,24.90,24.9000,true,1,2143640
7290017917566,false,שמפו לשיער כסוף,,,שמפו לשיער כסוף,מיליליטרים,300.00,"100 מ""ל",false,,39.90,0.1330,true,1,2169958
7290017917634,false,מארז זוג קמיל בלו אל,,,מארז זוג קמיל בלו אל,מיליליטרים,1500.00,"100 מ""ל",false,,29.90,0.0199,true,1,2163436
7290017917665,false,מארז זוג קמיל בלו אל,,,מארז זוג קמיל בלו אל,מיליליטרים,1500.00,"100 מ""ל",false,,29.90,0.0199,true,1,2163437
7290017928036,false,בייגל מקלות גריסיני,מאיר בייגל,,בייגל מקלות גריסיני,גרמים,175.00,100 גרם,false,,9.90,0.0566,true,1,2168203
7290017928043,false,בייגל גריסיני קראנץ,מאיר בייגל,,בייגל גריסיני קראנץ,גרמים,175.00,100 גרם,false,,9.90,0.0566,true,1,2168204
7290017928098,false,בייגל שטוחלה מלח 330,,,בייגל שטוחלה מלח 330,גרמים,300.00,100 גרם,false,,9.90,0.0330,true,1,2269088
7290017928128,false,בייגל ה מקלות 400 גר,,,בייגל ה מקלות 400 גר,גרמים,400.00,100 גרם,false,,9.90,0.0248,true,1,2321659
7290017928210,false,בייגלה גדול שומשום 2,מאיר בייגל,,בייגלה גדול שומשום 2,גרמים,250.00,100 גרם,false,,9.90,0.0396,true,1,2168189
7290017928227,false,בייגל שטוחלה פינוקים,מאיר בייגל,,בייגל שטוחלה פינוקים,גרמים,300.00,100 גרם,false,,9.90,0.0330,true,1,2168205
7290017928432,false,בייגל גריסיני קראנץ,מאיר בייגל,,בייגל גריסיני קראנץ,גרמים,175.00,100 גרם,false,,9.90,0.0566,true,1,2168208
7290017928524,false,בייגל שטוחלה ניגובים,,,בייגל שטוחלה ניגובים,גרמים,330.00,100 גרם,false,,9.90,0.0300,true,1,2269474
7290017928609,false,בייגלה טבעות שומשום,מאיר בייגל,,בייגלה טבעות שומשום,גרמים,300.00,100 גרם,false,,9.90,0.0330,true,1,2168192
7290017928630,false,בייגל גריסיני קראנץ,מאיר בייגל,,בייגל גריסיני קראנץ,גרמים,175.00,100 גרם,false,,9.90,0.0566,true,1,2168210
7290017928685,false,בייגלה שמיניות מלח 4,,,בייגלה שמיניות מלח 4,גרמים,400.00,100 גרם,false,,9.90,0.0248,true,1,2269082
7290017928722,false,בייגל שטוחלה ניגובים,,,בייגל שטוחלה ניגובים,גרמים,300.00,100 גרם,false,,9.90,0.0330,true,1,2269475
7290017928807,false,בייגלה אצבעות שומשום,מאיר בייגל,,בייגלה אצבעות שומשום,גרמים,300.00,100 גרם,false,,9.90,0.0330,true,1,2168194
7290017928821,false,בייגל מקלות גריסיני,מאיר בייגל,,בייגל מקלות גריסיני,גרמים,200.00,100 גרם,false,,9.90,0.0495,true,1,2168212
7290017946184,false,סוד קפסולות גל לכביס,,,סוד קפסולות גל לכביס,100 יח',40.00,100 יח',false,,34.90,0.8725,true,1,2296411
7290017946399,false,סוד מרכך כביסה מרוכז,,,סוד מרכך כביסה מרוכז,מיליליטרים,900.00,"100 מ""ל",false,,11.90,0.0132,true,1,2278583
7290017946764,false,מנקה מכונת כביסה,,,מנקה מכונת כביסה,יח',2.00,יח',false,,19.90,9.9500,true,1,2216261
7290017946979,false,פרסיל ג'ל פרמיום 2.4,,,פרסיל ג'ל פרמיום 2.4,ליטרים,2.40,ליטר,false,,29.90,12.4583,true,1,2221957
7290018043295,false,חטיף פרוטאין קראנץ',פראוד,,חטיף פרוטאין קראנץ',גרמים,60.00,100 גרם,false,,12.90,0.2150,true,1,2219239
7290018045084,false,דגנים במילוי קרם בטע,,,דגנים במילוי קרם בטע,גרמים,480.00,100 גרם,false,,23.90,0.0498,true,1,2279828
7290018091272,false,בצק עוגיות קקאו טריפ,,,בצק עוגיות קקאו טריפ,גרמים,300.00,100 גרם,false,,19.90,0.0663,true,1,2311494
7290018091470,false,גלילת ביסקוויטים בטע,,,גלילת ביסקוויטים בטע,גרמים,300.00,100 גרם,false,,19.90,0.0663,true,1,2311495
7290018091616,false,מקלות פילו גבינה מעד,,,מקלות פילו גבינה מעד,גרמים,450.00,100 גרם,false,,16.90,0.0376,true,1,2184015
7290018091876,false,מאפה פילו גבינה מעדנ,,,מאפה פילו גבינה מעדנ,גרמים,320.00,100 גרם,false,,18.90,0.0591,true,1,2300633
7290018156124,false,שלישיית אל סבון צבעו,,,שלישיית אל סבון צבעו,ליטרים,1.50,ליטר,false,,19.90,13.2667,true,1,2169965
7290018156513,false,אלכוגי'ל וויפס מגבונ,,,אלכוגי'ל וויפס מגבונ,10  יח',40.00,10  יח',false,,29.90,0.7475,true,1,2182920
7290018165027,false,יין רזרב גולד רוזה,,,יין רזרב גולד רוזה,מיליליטרים,750.00,"100 מ""ל",false,,59.90,0.0799,true,1,2169054
7290018195345,false,שמן קנולה טעמן,,,שמן קנולה טעמן,ליטרים,1.00,ליטר,false,,9.90,9.9000,true,1,2290406
7290018198056,false,תפוגן קוביות תפוח אד,עיצובים 2020 (4.5),,תפוגן קוביות תפוח אד,קילוגרמים,1.50,"ק""ג",false,,22.90,15.2667,true,1,2191317
7290018198148,false,תפוגן קריספי ציפס קל,עיצובים 2020 (4.5),,תפוגן קריספי ציפס קל,קילוגרמים,1.25,"ק""ג",false,,22.90,18.3200,true,1,2240547
7290018198209,false,תפוגן צ'יפס בטטה קרא,עיצובים 2020 (4.5),,תפוגן צ'יפס בטטה קרא,גרמים,500.00,100 גרם,false,,17.90,0.0358,true,1,2217438
7290018198384,false,תפוגן צ'יפס קריספי פ,עיצובים 2020 (4.5),,תפוגן צ'יפס קריספי פ,קילוגרמים,1.50,"ק""ג",false,,22.90,15.2667,true,1,2268693
7290018213476,false,יעה מתקפל .,,,יעה מתקפל .,יחידה,0.00,יחידה,false,,17.90,0.0000,true,1,2304209
7290018228067,false,יעה,,,יעה,יחידה,0.00,יחידה,false,,4.90,0.0000,true,1,2240895
7290018228258,false,יעה+מברשת,,,יעה+מברשת,יחידה,0.00,יחידה,false,,9.90,0.0000,true,1,2240896
7290018228463,false,מקל למטאטא/מגב 1.3 מ,,,מקל למטאטא/מגב 1.3 מ,יחידה,0.00,יחידה,false,,4.90,0.0000,true,1,2240899
7290018228869,false,יעה+מקל,,,יעה+מקל,יחידה,0.00,יחידה,false,,14.90,0.0000,true,1,2240902
7290018236635,false,עוף טוב צונגו פופקור,עיצובים 2020 (4.9),,עוף טוב צונגו פופקור,גרמים,600.00,100 גרם,false,,34.90,0.0582,true,1,2220404
7290018236659,false,עוף טוב צונגו פופקור,עיצובים 2020 (4.9),,עוף טוב צונגו פופקור,גרמים,600.00,100 גרם,false,,34.90,0.0582,true,1,2220405
7290018237373,false,עוף טוב פסטרמה צרובה,עיצובים 2020 (4.9),,עוף טוב פסטרמה צרובה,גרמים,300.00,100 גרם,false,,27.90,0.0930,true,1,2254728
7290018237410,false,עוף טוב פסטרמה במעשנ,עיצובים 2020 (4.9),,עוף טוב פסטרמה במעשנ,גרמים,300.00,100 גרם,false,,27.90,0.0930,true,1,2254730
7290018237922,false,שניצלונים ציפוי צ'יפ,עיצובים 2020 (4.9),,שניצלונים ציפוי צ'יפ,גרמים,700.00,100 גרם,false,,19.90,0.0284,true,1,2292897
7290018237939,false,שניצלונים ציפוי שומש,עיצובים 2020 (4.9),,שניצלונים ציפוי שומש,גרמים,700.00,100 גרם,false,,19.90,0.0284,true,1,2292898
7290018237960,false,עוף טוב כתף בקר עסיס,עיצובים 2020 (4.9),,עוף טוב כתף בקר עסיס,גרמים,320.00,100 גרם,false,,24.90,0.0778,true,1,2304018
7290018249802,false,ממתיק סוויטאנגו צנצנ,,,ממתיק סוויטאנגו צנצנ,גרמים,280.00,100 גרם,false,,26.90,0.0961,true,1,2223390
7290018249994,false,ממתיק סוויטאנגו צנצנ,,,ממתיק סוויטאנגו צנצנ,גרמים,700.00,100 גרם,false,,56.90,0.0813,true,1,2223391
7290018282441,false,ג'ל לניקוי ידיים 500,,,ג'ל לניקוי ידיים 500,מיליליטרים,500.00,"100 מ""ל",false,,14.90,0.0298,true,1,2196051
7290018294352,false,ארק כרמל,,,ארק כרמל,מיליליטרים,700.00,"100 מ""ל",false,,59.90,0.0856,true,1,2278317
7290018294369,false,"תירוש אדום 700 מ""ל",,,"תירוש אדום 700 מ""ל",מיליליטרים,700.00,"100 מ""ל",false,,13.90,0.0199,true,1,2318981
7290018333693,false,גרנולה פרו עם קשיו ו,,,גרנולה פרו עם קשיו ו,גרמים,600.00,100 גרם,false,,27.90,0.0465,true,1,2220618
7290018333945,false,חטיף אגוזים רפאלס שק,,,חטיף אגוזים רפאלס שק,גרמים,150.00,100 גרם,false,,14.90,0.0993,true,1,2250794
7290018333952,false,חטיף אגוזים רפאלס חמ,,,חטיף אגוזים רפאלס חמ,גרמים,150.00,100 גרם,false,,14.90,0.0993,true,1,2250801
7290018333969,false,חטיף גרנולה רפאלס שק,,,חטיף גרנולה רפאלס שק,גרמים,150.00,100 גרם,false,,14.90,0.0993,true,1,2250802
7290018333976,false,חטיף גרנולה רפאלס קש,,,חטיף גרנולה רפאלס קש,גרמים,150.00,100 גרם,false,,14.90,0.0993,true,1,2250803
7290018343296,false,"אלכוג'ל 100 מ""ל",,,"אלכוג'ל 100 מ""ל",מיליליטרים,100.00,"100 מ""ל",false,,14.90,0.1490,true,1,2184873
7290018343517,false,אלכוג'ל פרמה וויפס -,,,אלכוג'ל פרמה וויפס -,10  יח',60.00,10  יח',false,,9.90,0.1650,true,1,2198727
7290018343685,false,אלכוג'ל פרמה וויפס 7,,,אלכוג'ל פרמה וויפס 7,10  יח',20.00,10  יח',false,,17.90,0.8950,true,1,2198728
7290018343692,false,אלכוג'ל פרמה וויפס 7,,,אלכוג'ל פרמה וויפס 7,10  יח',60.00,10  יח',false,,24.90,0.4150,true,1,2198729
7290018343715,false,אלכוג'ל פרמה וויפס -,,,אלכוג'ל פרמה וויפס -,10  יח',20.00,10  יח',false,,19.90,0.9950,true,1,2198731
7290018359495,false,תירס השדה בלי תוספת,,,תירס השדה בלי תוספת,גרמים,550.00,100 גרם,false,,8.90,0.0162,true,1,2207283
7290018359679,false,שעועית לימה הקיסרית,,,שעועית לימה הקיסרית,גרמים,550.00,100 גרם,false,,9.90,0.0180,true,1,2300648
7290018359716,false,רוטב פיצה טוסקנה 240,,,רוטב פיצה טוסקנה 240,גרמים,240.00,100 גרם,false,,5.50,0.0229,true,1,2234837
7290018380246,false,מזון לכלב עם בקר,,,מזון לכלב עם בקר,גרמים,415.00,100 גרם,false,,3.90,0.0094,true,1,2214772
7290018380253,false,מזון לכלב עם עוף,,,מזון לכלב עם עוף,גרמים,415.00,100 גרם,false,,3.90,0.0094,true,1,2214773
7290018380260,false,מזון לכלב עם כבד,,,מזון לכלב עם כבד,גרמים,400.00,100 גרם,false,,3.90,0.0097,true,1,2225008
7290018380277,false,מזון לכלב עם בשר ציד,,,מזון לכלב עם בשר ציד,גרמים,415.00,100 גרם,false,,3.90,0.0094,true,1,2214774
7290018380284,false,מזון לחתול עם בקר,,,מזון לחתול עם בקר,גרמים,415.00,100 גרם,false,,3.90,0.0094,true,1,2214775
7290018380291,false,מזון לחתול עם בשר עו,,,מזון לחתול עם בשר עו,גרמים,415.00,100 גרם,false,,3.90,0.0094,true,1,2214776
7290018400456,false,סמוטיז עם פיטאיה,,,סמוטיז עם פיטאיה,גרמים,300.00,100 גרם,false,,12.90,0.0430,true,1,2301080
7290018400647,false,בננה תמר מוקפא,,,בננה תמר מוקפא,גרמים,300.00,100 גרם,false,,12.90,0.0430,true,1,2241731
7290018440193,false,בייגלה מצופה קרם בטע,,,בייגלה מצופה קרם בטע,גרמים,140.00,100 גרם,false,,8.90,0.0636,true,1,2221478
7290018440247,false,צאי מסאלה,,,צאי מסאלה,גרמים,50.00,100 גרם,false,,19.90,0.3980,true,1,2272117
7290018440438,false,טונה EASY FLIP בשמן,,,טונה EASY FLIP בשמן,יחידה,0.00,יחידה,false,,22.90,0.0000,true,1,2313748
7290018440483,false,בייגלה מצופה שוקולד,,,בייגלה מצופה שוקולד,גרמים,140.00,100 גרם,false,,8.90,0.0636,true,1,2258031
7290018440490,false,סלט טונה עם קוסקוס-,,,סלט טונה עם קוסקוס-,יחידה,0.00,יחידה,false,,11.90,0.0000,true,1,2313750
7290018440513,false,סלט קליפורניה עם טונ,,,סלט קליפורניה עם טונ,יחידה,0.00,יחידה,false,,11.90,0.0000,true,1,2313752
7290018440520,false,סלט טונה מקסיקני- 15,,,סלט טונה מקסיקני- 15,יחידה,0.00,יחידה,false,,11.90,0.0000,true,1,2313753
7290018468418,false,פסטרמה צמחונית בטעם,,,פסטרמה צמחונית בטעם,גרמים,120.00,100 גרם,false,,19.90,0.1658,true,1,2319482
7290018471029,false,שוופס סודה לימון שיש,,,שוופס סודה לימון שיש,ליטרים,3.00,ליטר,false,,14.90,4.9667,true,1,2215875
7290018471210,false,ספרינג אגס סברס תפוח,,,ספרינג אגס סברס תפוח,ליטרים,1.00,ליטר,false,,6.60,6.6000,true,1,2235179
7290018471449,false,ספרינג שייק 1 ליטר ב,,,ספרינג שייק 1 ליטר ב,ליטרים,1.00,ליטר,false,,12.60,12.6000,true,1,2253762
7290018471463,false,תפוזינה נקטר תפוז מנ,,,תפוזינה נקטר תפוז מנ,ליטרים,1.00,ליטר,false,,6.60,6.6000,true,1,2241393
7290018471470,false,תפוזינה נקטר תפוז פס,,,תפוזינה נקטר תפוז פס,ליטרים,1.00,ליטר,false,,6.60,6.6000,true,1,2241394
7290018471487,false,תפוזינה נקטר תפוז אנ,,,תפוזינה נקטר תפוז אנ,ליטרים,1.00,ליטר,false,,6.60,6.6000,true,1,2241395
7290018471616,false,שוופס אינדיאן טוניק,,,שוופס אינדיאן טוניק,ליטרים,1.00,ליטר,false,,9.90,9.9000,true,1,2246305
7290018471623,false,שוופס טוניק אשכוליות,,,שוופס טוניק אשכוליות,ליטרים,1.00,ליטר,false,,9.90,9.9000,true,1,2246306
7290018471630,false,שוופס טוניק מלפפון ל,,,שוופס טוניק מלפפון ל,ליטרים,1.00,ליטר,false,,9.90,9.9000,true,1,2246307
7290018471906,false,שוופס מוגז 1.5 ליטר,,,שוופס מוגז 1.5 ליטר,ליטרים,1.50,ליטר,false,,9.50,6.3333,true,1,2273660
7290018471913,false,שוופס תפוח מוגז 1.5,,,שוופס תפוח מוגז 1.5,ליטרים,1.50,ליטר,false,,9.50,6.3333,true,1,2273661
7290018471920,false,שוופס ענבים מוגז 1.5,,,שוופס ענבים מוגז 1.5,ליטרים,1.50,ליטר,false,,9.50,6.3333,true,1,2273662
7290018471937,false,שוופס תות ליים מוגז,,,שוופס תות ליים מוגז,ליטרים,1.50,ליטר,false,,9.50,6.3333,true,1,2273663
7290018471944,false,שוופס מוגז 1.5 ליטר,,,שוופס מוגז 1.5 ליטר,ליטרים,1.50,ליטר,false,,9.50,6.3333,true,1,2273664
7290018471951,false,שוופס אשכולית אדומה,,,שוופס אשכולית אדומה,ליטרים,1.50,ליטר,false,,9.50,6.3333,true,1,2273665
7290018493403,false,"קצף אמבט קידס 750 מ""",,,"קצף אמבט קידס 750 מ""",מיליליטרים,750.00,"100 מ""ל",false,,16.90,0.0225,true,1,2248442
7290018516065,false,פרמיו דליקט טונה וסל,,,פרמיו דליקט טונה וסל,גרמים,56.00,100 גרם,false,,9.90,0.1768,true,1,2320858
7290018516072,false,פרמיו דליקט טונה וצד,,,פרמיו דליקט טונה וצד,גרמים,56.00,100 גרם,false,,9.90,0.1768,true,1,2320859
7290018516324,false,חטיפטף פרינוק תפוח ו,,,חטיפטף פרינוק תפוח ו,גרמים,120.00,100 גרם,false,,5.90,0.0492,true,1,2271858
7290018516348,false,חטיפטף פרינוק סלט פי,,,חטיפטף פרינוק סלט פי,גרמים,120.00,100 גרם,false,,5.90,0.0492,true,1,2271865
7290018516379,false,מחית ג'וניות סלט פיר,,,מחית ג'וניות סלט פיר,גרמים,190.00,100 גרם,false,,5.90,0.0311,true,1,2276512
7290018516959,false,פרמיו סופרים עופות ל,,,פרמיו סופרים עופות ל,קילוגרמים,3.00,"ק""ג",false,,59.90,19.9667,true,1,2321185
7290018516966,false,פרמיו סופרים עופות ל,,,פרמיו סופרים עופות ל,קילוגרמים,3.00,"ק""ג",false,,59.90,19.9667,true,1,2321186
7290018571712,false,אורז פרסי 1 קג,,,אורז פרסי 1 קג,קילוגרמים,1.00,"ק""ג",false,,12.90,12.9000,true,1,2309803
7290018571729,false,אורז ריזוטו עגול,,,אורז ריזוטו עגול,קילוגרמים,1.00,"ק""ג",false,,9.90,9.9000,true,1,2309804
7290018571736,false,אורז בסמטי 1 קג,,,אורז בסמטי 1 קג,קילוגרמים,1.00,"ק""ג",false,,12.90,12.9000,true,1,2309805
7290018571798,false,סוכריות ג'לי שמחות,,,סוכריות ג'לי שמחות,גרמים,540.00,100 גרם,false,,22.90,0.0424,true,1,2312661
7290018652923,false,מאגדת עוגת גבינה ותו,,,מאגדת עוגת גבינה ותו,יח',5.00,יח',false,,29.90,5.9800,true,1,2301041
7290018703229,false,חטיף פרוטאין  טבעוני,פראוד,,חטיף פרוטאין  טבעוני,גרמים,60.00,100 גרם,false,,12.90,0.2150,true,1,2301378
7290018703243,false,חטיף פרוטאין  טבעוני,פראוד,,חטיף פרוטאין  טבעוני,גרמים,60.00,100 גרם,false,,12.90,0.2150,true,1,2301379
7290018703496,false,חטיף פרוטאין  בננה ט,פראוד,,חטיף פרוטאין  בננה ט,גרמים,60.00,100 גרם,false,,12.90,0.2150,true,1,2302205
7290018708118,false,חלבה וניל פיסטוק ללא,,,חלבה וניל פיסטוק ללא,גרמים,350.00,100 גרם,false,,15.90,0.0454,true,1,2274400
7290018724804,false,זרעי צ'יה נטורלה,,,זרעי צ'יה נטורלה,גרמים,230.00,100 גרם,false,,13.90,0.0604,true,1,2218046
7290018724811,false,זרעי פשתן קופסא,,,זרעי פשתן קופסא,גרמים,400.00,100 גרם,false,,12.90,0.0323,true,1,2221501
7290018893005,false,חטיף בייגלה אפוי בטע,,,חטיף בייגלה אפוי בטע,גרמים,160.00,100 גרם,false,,6.90,0.0431,true,1,2271548
7290018893104,false,עוגיות מצופות בשוקול,,,עוגיות מצופות בשוקול,גרמים,100.00,100 גרם,false,,8.90,0.0890,true,1,2276904
7290018893111,false,שוקולד מריר בלגי 70%,,,שוקולד מריר בלגי 70%,גרמים,100.00,100 גרם,false,,8.90,0.0890,true,1,2281304
7290018893135,false,גריסיני צ'וקטה מלח 1,,,גריסיני צ'וקטה מלח 1,גרמים,120.00,100 גרם,false,,5.90,0.0492,true,1,2305624
7290018893142,false,גריסיני צ'וקטה שמן ז,,,גריסיני צ'וקטה שמן ז,גרמים,120.00,100 גרם,false,,5.90,0.0492,true,1,2305625
7290018893258,false,צוקטה עוגות אישיות.,,,צוקטה עוגות אישיות.,גרמים,300.00,100 גרם,false,,11.90,0.0397,true,1,2257781
7290018893289,false,צוקטה עוגות מגולגלות,,,צוקטה עוגות מגולגלות,גרמים,222.00,100 גרם,false,,9.90,0.0446,true,1,2271951
7290018893319,false,שוקולד מריר בלגי 85%,,,שוקולד מריר בלגי 85%,גרמים,100.00,100 גרם,false,,8.90,0.0890,true,1,2281305
7290018893401,false,שוקולד מריר 70% צוקט,,,שוקולד מריר 70% צוקט,גרמים,100.00,100 גרם,false,,5.90,0.0590,true,1,2271565
7290018893425,false,ממרח אגוזי לוז עם קק,,,ממרח אגוזי לוז עם קק,גרמים,700.00,100 גרם,false,,18.90,0.0270,true,1,2271551
7290018893456,false,צוקטה עוגות אישיות.,,,צוקטה עוגות אישיות.,גרמים,300.00,100 גרם,false,,11.90,0.0397,true,1,2257783
7290018893487,false,צוקטה עוגות אישיות.,,,צוקטה עוגות אישיות.,גרמים,350.00,100 גרם,false,,11.90,0.0340,true,1,2271952
7290018893609,false,שוקולד מריר 85% צוקט,,,שוקולד מריר 85% צוקט,גרמים,100.00,100 גרם,false,,5.90,0.0590,true,1,2271567
7290018893616,false,שישיית שוקולד מריר צ,,,שישיית שוקולד מריר צ,גרמים,600.00,100 גרם,false,,19.90,0.0332,true,1,2271568
7290018893654,false,חטיפי בייגלה דקיקים,,,חטיפי בייגלה דקיקים,גרמים,200.00,100 גרם,false,,6.90,0.0345,true,1,2271526
7290018893708,false,עוגיות סנדווי'ץ במיל,,,עוגיות סנדווי'ץ במיל,גרמים,250.00,100 גרם,false,,8.90,0.0356,true,1,2276911
7290018893746,false,חטיפי בייגלה עגבניות,,,חטיפי בייגלה עגבניות,גרמים,180.00,100 גרם,false,,6.90,0.0383,true,1,2310384
7290018893753,false,וופל חמאה בטעם לימון,,,וופל חמאה בטעם לימון,גרמים,100.00,100 גרם,false,,8.90,0.0890,true,1,2310390
7290018893807,false,שוקולד מריר 60% שליש,,,שוקולד מריר 60% שליש,גרמים,300.00,100 גרם,false,,11.90,0.0397,true,1,2271552
7290018893814,false,שוקולד מריר 48% אריז,,,שוקולד מריר 48% אריז,גרמים,500.00,100 גרם,false,,17.90,0.0358,true,1,2271570
7290018893852,false,חטיפי בייגלה דקיקים,,,חטיפי בייגלה דקיקים,גרמים,200.00,100 גרם,false,,6.90,0.0345,true,1,2271527
7290018893906,false,עוגיות סנדווי'ץ במיל,,,עוגיות סנדווי'ץ במיל,גרמים,250.00,100 גרם,false,,8.90,0.0356,true,1,2276912
7290018893920,false,סוכריות ג'לי בטעמי פ,,,סוכריות ג'לי בטעמי פ,גרמים,700.00,100 גרם,false,,17.90,0.0256,true,1,2324019
7290018894019,false,עוגות מיקס מקס חלב ב,,,עוגות מיקס מקס חלב ב,גרמים,350.00,100 גרם,false,,11.90,0.0340,true,1,2283199
7290018894217,false,עוגות מיקס מקס קקאו,,,עוגות מיקס מקס קקאו,גרמים,350.00,100 גרם,false,,11.90,0.0340,true,1,2283200
7290018894248,false,שוקולד חלב שלישייה צ,,,שוקולד חלב שלישייה צ,גרמים,300.00,100 גרם,false,,11.90,0.0397,true,1,2321380
7290018921265,false,תחליב רחצה אפקטיב קר,,,תחליב רחצה אפקטיב קר,מיליליטרים,700.00,"100 מ""ל",false,,12.90,0.0184,true,1,2279213
7290018921616,false,רביעיית מגבוני שיבול,,,רביעיית מגבוני שיבול,64  יח',256.00,64  יח',false,,22.90,0.0895,true,1,2279229
7290018921753,false,קמיל בלו  אל סבון 1,,,קמיל בלו  אל סבון 1,ליטרים,1.00,ליטר,false,,15.90,15.9000,true,1,2271934
7290018925065,false,מיץ תפוזים סחוט 2 לי,,,מיץ תפוזים סחוט 2 לי,ליטרים,2.00,ליטר,false,,26.90,13.4500,true,1,2271816
7290019015185,false,"דפיוזר בוהו 200 מ""ל",,,"דפיוזר בוהו 200 מ""ל",יחידה,0.00,יחידה,false,,49.90,0.0000,true,1,2278041
7290019056027,false,שוופס מוגז תפוחים לל,,,שוופס מוגז תפוחים לל,ליטרים,1.50,ליטר,false,,8.90,5.9333,true,1,2273666
7290019056034,false,שוופס מוגז אננס ללא,,,שוופס מוגז אננס ללא,ליטרים,1.50,ליטר,false,,8.90,5.9333,true,1,2273667
7290019056041,false,שוופס מוגז פירות ללא,,,שוופס מוגז פירות ללא,ליטרים,1.50,ליטר,false,,8.90,5.9333,true,1,2273668
7290019056058,false,שוופס מוגז עדין 1.5,,,שוופס מוגז עדין 1.5,ליטרים,1.50,ליטר,false,,8.90,5.9333,true,1,2273649
7290019056065,false,שוופס מוגז עדין 1.5,,,שוופס מוגז עדין 1.5,ליטרים,1.50,ליטר,false,,8.90,5.9333,true,1,2273650
7290019056072,false,שוופס מוגז עדין 1.5,,,שוופס מוגז עדין 1.5,ליטרים,1.50,ליטר,false,,8.90,5.9333,true,1,2273651
7290019056089,false,שוופס ריזלינג מוגז ע,,,שוופס ריזלינג מוגז ע,ליטרים,1.50,ליטר,false,,8.90,5.9333,true,1,2273652
7290019056096,false,שוופס מוגז עדין 1.5,,,שוופס מוגז עדין 1.5,ליטרים,1.50,ליטר,false,,8.90,5.9333,true,1,2273653
7290019056119,false,סודה שוופס 1.5 ליטר,,,סודה שוופס 1.5 ליטר,ליטרים,1.50,ליטר,false,,3.20,2.1333,true,1,2273612
7290019056126,false,שוופס סודה לימון 1.5,,,שוופס סודה לימון 1.5,ליטרים,1.50,ליטר,false,,3.20,2.1333,true,1,2273625
7290019056133,false,סודה שוופס נענע ליים,,,סודה שוופס נענע ליים,ליטרים,1.50,ליטר,false,,3.20,2.1333,true,1,2273626
7290019056140,false,סודה שוופס לימון גרא,,,סודה שוופס לימון גרא,ליטרים,1.50,ליטר,false,,3.20,2.1333,true,1,2273627
7290019056164,false,מארז שוופס סודה 1.5,,,מארז שוופס סודה 1.5,ליטרים,6.00,ליטר,false,,12.10,2.0167,true,1,2273613
7290019056171,false,רביעית שוופס סודה לי,,,רביעית שוופס סודה לי,ליטרים,6.00,ליטר,false,,12.10,2.0167,true,1,2273628
7290019056188,false,מארז 4 יח' שוופס סוד,,,מארז 4 יח' שוופס סוד,ליטרים,6.00,ליטר,false,,12.10,2.0167,true,1,2273629
7290019056195,false,מארז שוופס סודה למון,,,מארז שוופס סודה למון,ליטרים,6.00,ליטר,false,,12.10,2.0167,true,1,2273630
7290019056201,false,מארז 4 יח' שוופס סוד,,,מארז 4 יח' שוופס סוד,ליטרים,6.00,ליטר,false,,12.10,2.0167,true,1,2273642
7290019056232,false,שוופס מוגז ליים מוחי,,,שוופס מוגז ליים מוחי,ליטרים,1.50,ליטר,false,,9.50,6.3333,true,1,2273669
7290019056249,false,שוופס Water ענבים 1.,,,שוופס Water ענבים 1.,ליטרים,1.50,ליטר,false,,8.90,5.9333,true,1,2273597
7290019056263,false,שוופס Water אפרסק 1.,,,שוופס Water אפרסק 1.,ליטרים,1.50,ליטר,false,,8.90,5.9333,true,1,2273599
7290019056270,false,שוופס Water פירות יע,,,שוופס Water פירות יע,ליטרים,1.50,ליטר,false,,8.90,5.9333,true,1,2273600
7290019056287,false,שוופס Water אפרסק לל,,,שוופס Water אפרסק לל,ליטרים,1.50,ליטר,false,,8.90,5.9333,true,1,2273601
7290019056294,false,"שוופס ג""ינג""ר 1.5 לי",,,"שוופס ג""ינג""ר 1.5 לי",ליטרים,1.50,ליטר,false,,11.90,7.9333,true,1,2273670
7290019056300,false,שוופס ביטר לימון 1.5,,,שוופס ביטר לימון 1.5,ליטרים,1.50,ליטר,false,,11.90,7.9333,true,1,2273671
7290019056317,false,שוופס RUSSCHIAN,,,שוופס RUSSCHIAN,ליטרים,1.50,ליטר,false,,11.90,7.9333,true,1,2273677
7290019056324,false,שוופס טוניק 1.5 ליטר,,,שוופס טוניק 1.5 ליטר,ליטרים,1.50,ליטר,false,,11.90,7.9333,true,1,2273678
7290019056331,false,שוופס טוניק ללא סוכר,,,שוופס טוניק ללא סוכר,ליטרים,1.50,ליטר,false,,10.90,7.2667,true,1,2273684
7290019056355,false,תפוזינה 1.5 ליטר לימ,,,תפוזינה 1.5 ליטר לימ,ליטרים,1.50,ליטר,false,,8.90,5.9333,true,1,2273546
7290019056362,false,תפוזינה 1.5 ליטר ענב,,,תפוזינה 1.5 ליטר ענב,ליטרים,1.50,ליטר,false,,8.90,5.9333,true,1,2273547
7290019056379,false,תפוזינה 1.5 ליטר תפו,,,תפוזינה 1.5 ליטר תפו,ליטרים,1.50,ליטר,false,,8.90,5.9333,true,1,2273548
7290019056386,false,תפוזינה 1.5 ליטר אשכ,,,תפוזינה 1.5 ליטר אשכ,ליטרים,1.50,ליטר,false,,8.90,5.9333,true,1,2273549
7290019056393,false,תפוזינה 1.5 ליטר תות,,,תפוזינה 1.5 ליטר תות,ליטרים,1.50,ליטר,false,,8.90,5.9333,true,1,2273550
7290019056409,false,תפוזינה 1.5 ליטר מנג,,,תפוזינה 1.5 ליטר מנג,ליטרים,1.50,ליטר,false,,8.90,5.9333,true,1,2273551
7290019056416,false,תפוזינה 1.5 ליטר לימ,,,תפוזינה 1.5 ליטר לימ,ליטרים,1.50,ליטר,false,,8.90,5.9333,true,1,2273552
7290019056423,false,תפוזינה 1.5 ליטר תפו,,,תפוזינה 1.5 ליטר תפו,ליטרים,1.50,ליטר,false,,8.90,5.9333,true,1,2273553
7290019056430,false,תפוזינה 1.5 ליטר תפו,,,תפוזינה 1.5 ליטר תפו,ליטרים,1.50,ליטר,false,,7.90,5.2667,true,1,2273554
7290019056447,false,תפוזינה 1.5 ליטר אשכ,,,תפוזינה 1.5 ליטר אשכ,ליטרים,1.50,ליטר,false,,7.90,5.2667,true,1,2273555
7290019056454,false,RC קולה 1.5 ליטר,,,RC קולה 1.5 ליטר,ליטרים,1.50,ליטר,false,,6.90,4.6000,true,1,2273702
7290019056461,false,RC קולה שישיית   1.5,,,RC קולה שישיית   1.5,ליטרים,9.00,ליטר,false,,39.90,4.4333,true,1,2273703
7290019056478,false,ספרינג TEA אפרסק 1.5,,,ספרינג TEA אפרסק 1.5,ליטרים,1.50,ליטר,false,,7.90,5.2667,true,1,2273576
7290019056485,false,ספרינג TEA תה ירוק ל,,,ספרינג TEA תה ירוק ל,ליטרים,1.50,ליטר,false,,7.90,5.2667,true,1,2273577
7290019056492,false,ספרינג TEA תה מנגו א,,,ספרינג TEA תה מנגו א,ליטרים,1.50,ליטר,false,,7.90,5.2667,true,1,2273578
7290019056508,false,משקה Fruit Water ענב,,,משקה Fruit Water ענב,ליטרים,1.50,ליטר,false,,8.90,5.9333,true,1,2273585
7290019056515,false,משקה Fruit Water אננ,,,משקה Fruit Water אננ,ליטרים,1.50,ליטר,false,,8.90,5.9333,true,1,2273586
7290019056522,false,משקה Fruit Water תות,,,משקה Fruit Water תות,ליטרים,1.50,ליטר,false,,8.90,5.9333,true,1,2273587
7290019056539,false,משקה Fruit Water אפר,,,משקה Fruit Water אפר,ליטרים,1.50,ליטר,false,,8.90,5.9333,true,1,2273588
7290019056546,false,משקה Fruit Water אבט,,,משקה Fruit Water אבט,ליטרים,1.50,ליטר,false,,8.90,5.9333,true,1,2273589
7290019056553,false,עין גדי מים שישייה 2,,,עין גדי מים שישייה 2,ליטרים,12.00,ליטר,false,,12.70,1.0583,true,1,2273529
7290019056577,false,ספרינג מנגו 1.5 ליטר,,,ספרינג מנגו 1.5 ליטר,ליטרים,1.50,ליטר,false,,8.90,5.9333,true,1,2273530
7290019056584,false,ספרינג תפוזים 1.5 לי,,,ספרינג תפוזים 1.5 לי,ליטרים,1.50,ליטר,false,,8.90,5.9333,true,1,2273531
7290019056591,false,ספרינג ענבים 1.5 ליט,,,ספרינג ענבים 1.5 ליט,ליטרים,1.50,ליטר,false,,8.90,5.9333,true,1,2273532
7290019056607,false,ספרינג תפוחים 1.5 לי,,,ספרינג תפוחים 1.5 לי,ליטרים,1.50,ליטר,false,,8.90,5.9333,true,1,2273533
7290019056614,false,ספרינג אפרסק 1.5 ליט,,,ספרינג אפרסק 1.5 ליט,ליטרים,1.50,ליטר,false,,8.90,5.9333,true,1,2273534
7290019056621,false,ספרינג פירות טרופיים,,,ספרינג פירות טרופיים,ליטרים,1.50,ליטר,false,,8.90,5.9333,true,1,2273535
7290019056638,false,ספרינג תות בננה 1.5,,,ספרינג תות בננה 1.5,ליטרים,1.50,ליטר,false,,8.90,5.9333,true,1,2273536
7290019056645,false,ספרינג אגס תפוח סברס,,,ספרינג אגס תפוח סברס,ליטרים,1.50,ליטר,false,,8.90,5.9333,true,1,2273537
7290019056652,false,ספרינג אננס בננה 1.5,,,ספרינג אננס בננה 1.5,ליטרים,1.50,ליטר,false,,8.90,5.9333,true,1,2273538
7290019056676,false,ספרינג אשכוליות אננס,,,ספרינג אשכוליות אננס,ליטרים,1.50,ליטר,false,,7.90,5.2667,true,1,2273540
7290019056720,false,קריסטל ענבים,,,קריסטל ענבים,ליטרים,2.00,ליטר,false,,7.90,3.9500,true,1,2273685
7290019056737,false,קריסטל אשכוליות,,,קריסטל אשכוליות,ליטרים,2.00,ליטר,false,,7.90,3.9500,true,1,2273686
7290019056768,false,קריסטל מנגו,,,קריסטל מנגו,ליטרים,2.00,ליטר,false,,7.90,3.9500,true,1,2273689
7290019056775,false,קריסטל ענבים,,,קריסטל ענבים,ליטרים,2.00,ליטר,false,,7.90,3.9500,true,1,2273690
7290019056782,false,קריסטל לימון,,,קריסטל לימון,ליטרים,2.00,ליטר,false,,7.90,3.9500,true,1,2273691
7290019056812,false,קריסטל מנטה,,,קריסטל מנטה,ליטרים,2.00,ליטר,false,,7.90,3.9500,true,1,2273694
7290019056829,false,קריסטל אורנג',,,קריסטל אורנג',ליטרים,2.00,ליטר,false,,7.90,3.9500,true,1,2273695
7290019056843,false,קריסטל קולה,,,קריסטל קולה,ליטרים,2.00,ליטר,false,,7.90,3.9500,true,1,2273704
7290019056850,false,ספרינג תה 1.5 אפרסק,,,ספרינג תה 1.5 אפרסק,ליטרים,1.50,ליטר,false,,7.90,5.2667,true,1,2273579
7290019056973,false,מי עדן שישייה 1.5 לי,,,מי עדן שישייה 1.5 לי,ליטרים,9.00,ליטר,false,,13.70,1.5222,true,1,2273706
7290019075899,false,אלסבון קמיל בלו אקסט,,,אלסבון קמיל בלו אקסט,ליטרים,1.00,ליטר,false,,32.90,32.9000,true,1,2318644
7290019153078,false,שוופס ביטר למון לייט,,,שוופס ביטר למון לייט,ליטרים,1.50,ליטר,false,,10.90,7.2667,true,1,2282681
7290019153085,false,שוופס ליים מוחיטו לל,,,שוופס ליים מוחיטו לל,ליטרים,1.50,ליטר,false,,9.50,6.3333,true,1,2282675
7290019153252,false,רביעית שוופס סודה תפ,,,רביעית שוופס סודה תפ,ליטרים,6.00,ליטר,false,,12.10,2.0167,true,1,2298537
7290019153269,false,רביעית שוופס סודה אנ,,,רביעית שוופס סודה אנ,ליטרים,6.00,ליטר,false,,12.10,2.0167,true,1,2298538
7290019153351,false,תפוזינה 1.5 ליטר פינ,,,תפוזינה 1.5 ליטר פינ,ליטרים,1.50,ליטר,false,,8.90,5.9333,true,1,2298545
7290019153375,false,תפוזינה 1.5 ליטר מוח,,,תפוזינה 1.5 ליטר מוח,ליטרים,1.50,ליטר,false,,8.90,5.9333,true,1,2298546
7290019153566,false,ספרינג רימון אוכמניו,,,ספרינג רימון אוכמניו,ליטרים,1.50,ליטר,false,,9.20,6.1333,true,1,2311234
7290019204206,false,עוף טוב פסטרמה בסגנו,עיצובים 2020 (4.9),,עוף טוב פסטרמה בסגנו,גרמים,320.00,100 גרם,false,,24.90,0.0778,true,1,2304022
7290019204404,false,עוף טוב קורנביף נתח,עיצובים 2020 (4.9),,עוף טוב קורנביף נתח,גרמים,220.00,100 גרם,false,,27.90,0.1268,true,1,2304024
7290019232155,false,תה חליטה קמומיל לבנד,,,תה חליטה קמומיל לבנד,גרמים,67.50,100 גרם,false,,23.90,0.3541,true,1,2324717
7290019232162,false,תה חליטה קמומיל מליס,,,תה חליטה קמומיל מליס,גרמים,67.50,100 גרם,false,,23.90,0.3541,true,1,2324718
7290019232353,false,תה ירוק סיני 50,,,תה ירוק סיני 50,גרמים,75.00,100 גרם,false,,39.90,0.5320,true,1,2312612
7290019232834,false,בייגלה מצופה שוקולד,,,בייגלה מצופה שוקולד,גרמים,140.00,100 גרם,false,,8.90,0.0636,true,1,2296931
7290019233008,false,שקשוקה ארטישוק- רוטב,,,שקשוקה ארטישוק- רוטב,יחידה,0.00,יחידה,false,,12.90,0.0000,true,1,2313754
7290019297246,false,שזיפים 250 גרם בקופס,דין שיווק,,שזיפים 250 גרם בקופס,גרמים,250.00,100 גרם,false,,17.90,0.0716,true,1,1328231
7290019297451,false,"מי ורדים 500 מ""ל",,,"מי ורדים 500 מ""ל",מיליליטרים,500.00,"100 מ""ל",false,,13.90,0.0278,true,1,2309724
7290019297505,false,"רוטב רימונים בד""צ 1",דין שיווק,,"רוטב רימונים בד""צ 1",מיליליטרים,1000.00,"100 מ""ל",false,,19.90,0.0199,true,1,1328232
7290019297512,false,"רוטב רימונים בד""צ 34",דין שיווק,,"רוטב רימונים בד""צ 34",גרמים,340.00,100 גרם,false,,9.90,0.0291,true,1,1328233
7290019297550,false,בוטנים מטוגנים 185 ג,דין שיווק,,בוטנים מטוגנים 185 ג,גרמים,185.00,100 גרם,false,,7.90,0.0427,true,1,1328236
7290024486482,false,פרמיו בקר וכבד 15 גר,,,פרמיו בקר וכבד 15 גר,גרמים,15.00,100 גרם,false,,6.90,0.4600,true,1,2320866
7290100240137,false,בדין תרסיס למייבש 50,זהר דליה,IL,ספריי כחול למייבש- 500 מל,מיליליטרים,500.00,"100 מ""ל",false,,16.90,0.0338,true,1,1342058
7290100240144,false,בדין תרסיס למייבש 50,זהר דליה,IL,ספריי ורוד למייבש- 500 מל,מיליליטרים,500.00,"100 מ""ל",false,,16.90,0.0338,true,1,1342059
7290100240632,false,פתית 6 דגנים 250 גרם,יוניליוור,IL,"פתית 6 דגנים בד""צ חדש 250",גרמים,250.00,100 גרם,false,,15.90,0.0636,true,1,1342060
7290100240656,false,פתית שיפון 300 גרם.,יוניליוור,IL,"פתית שיפון בד""צ חדש 300 ג",גרמים,300.00,100 גרם,false,,15.90,0.0530,true,1,1342061
7290100243084,false,מיונז אמיתי הלמנס,יוניליוור,US,הלמנס מיונז אמיתי 789 גרם,גרמים,789.00,100 גרם,false,,15.90,0.0202,true,1,1342080
7290100243671,false,בדין אקסטרא כחול-960,יוניליוור,TR,Badin RC Conc Liquid Blue,מיליליטרים,960.00,"100 מ""ל",false,,15.90,0.0166,true,1,1342086
7290100245231,false,נמס בכוס 48 גרם תלמה,יוניליוור,IL,נמס בכוס טעם עוף ושקדי מר,גרמים,48.00,100 גרם,false,,6.50,0.1354,true,1,1342102
7290100249598,false,רוטב שום ודבש 320 גר,יוניליוור,IL,קנור בישול ברטבים שום ודב,גרמים,320.00,100 גרם,false,,12.90,0.0403,true,1,1342173
7290100249659,false,רוטב צ'ילי שום 320 ג,,,רוטב צ'ילי שום 320 ג,גרמים,320.00,100 גרם,false,,12.90,0.0403,true,1,1342178
7290100412701,false,"תחליב גוף ד""ר עור 40",,,"תחליב גוף ד""ר עור 40",מיליליטרים,400.00,"100 מ""ל",false,,19.90,0.0497,true,1,1689358
7290100412718,false,ג'ל ניקוי פנים 150 מ,,,ג'ל ניקוי פנים 150 מ,מיליליטרים,150.00,"100 מ""ל",false,,19.90,0.1327,true,1,1689359
7290100412756,false,"קרם ידיים 100 מ""ל ד""",,,"קרם ידיים 100 מ""ל ד""",מיליליטרים,100.00,"100 מ""ל",false,,10.00,0.1000,true,1,1689374
7290100412763,false,"תחליב רחצה 700 מ""ל ד",,,"תחליב רחצה 700 מ""ל ד",מיליליטרים,700.00,"100 מ""ל",false,,12.90,0.0184,true,1,1689381
7290100412770,false,"תחליב רחצה 700 מ""ל ד",,,"תחליב רחצה 700 מ""ל ד",מיליליטרים,700.00,"100 מ""ל",false,,12.90,0.0184,true,1,1689382
7290100412787,false,"תחליב רחצה 700 מ""ל ד",,,"תחליב רחצה 700 מ""ל ד",מיליליטרים,700.00,"100 מ""ל",false,,12.90,0.0184,true,1,1689383
7290100412794,false,"פילינג לפנים 150 מ""ל",,,"פילינג לפנים 150 מ""ל",מיליליטרים,150.00,"100 מ""ל",false,,19.90,0.1327,true,1,1689375
7290100412800,false,"תחליב רחצה 700 מ""ל ד",,,"תחליב רחצה 700 מ""ל ד",מיליליטרים,700.00,"100 מ""ל",false,,12.90,0.0184,true,1,1689384
7290100412817,false,"קרם רגליים 100 מ""ל ד",,,"קרם רגליים 100 מ""ל ד",מיליליטרים,100.00,"100 מ""ל",false,,10.00,0.1000,true,1,1689385
7290100412831,false,"תחליב רחצה 700 מ""ל ד",,,"תחליב רחצה 700 מ""ל ד",מיליליטרים,700.00,"100 מ""ל",false,,12.90,0.0184,true,1,1689386
7290100413593,false,מגבונים קוויק מטליות,,,מגבונים קוויק מטליות,יח',40.00,יח',false,,6.90,0.1725,true,1,1505449
7290100653463,false,סבון נוזלי פלמוליב ל,COLGATE PALMOLIVE,IT,פלמוליב סבון נוזלי ספא מס,מיליליטרים,500.00,"100 מ""ל",false,,15.90,0.0318,true,1,1339598
7290100658338,false,נוזל לכלים פלמוליב 7,COLGATE PALMOLIVE,GR,פלמוליב כלים אוקסי כחול פ,מיליליטרים,750.00,"100 מ""ל",false,,9.90,0.0132,true,1,1339605
7290100659090,false,חטיף תמרים וקינמון פ,COLGATE PALMOLIVE,IL,פרי חטיפים ללא סוכר מארז,גרמים,110.00,100 גרם,false,,15.90,0.1445,true,1,1339606
7290100680650,false,מנה חמה נודלס +ירקות,טאי רזידנט,TH,מנה חמה נודלס בסגנון תיאל,גרמים,76.00,100 גרם,false,,6.50,0.0855,true,1,1305900
7290100680667,false,מנה חמה נודלס + ירקו,טאי רזידנט,TH,מנה חמה נודלס בסגנון סצ'ו,גרמים,76.00,100 גרם,false,,6.50,0.0855,true,1,1305901
7290100680711,false,פירורית זהב 350 גרם,עינת תעשיות מזון,IL,אסם פירורית זהב 350 גרם,גרמים,350.00,100 גרם,false,,7.90,0.0226,true,1,1305902
7290100680728,false,פירורית רגילה 350 גר,אסם תעשיות,IL,אסם פירורית 350 גרם,גרמים,350.00,100 גרם,false,,6.90,0.0197,true,1,1305903
7290100681015,false,אינסטנט פודינג בטעם,אסם תעשיות,IL,אסם פודינג אינסטנט בטעם ר,גרמים,84.00,100 גרם,false,,5.50,0.0655,true,1,1305905
7290100681138,false,מארז אפרופו,אסם תעשיות,IL,אפרופו קלאסי 50 גרם מארז,גרמים,150.00,100 גרם,false,,11.90,0.0793,true,1,1305907
7290100681503,false,סירופ לימונענע דיאטט,בית השיטה,IL,עסיס סירופ דיאט בטעם לימו,ליטרים,1.00,ליטר,false,,16.90,16.9000,true,1,1305909
7290100684139,false,פסטה אוסם מיני מקרונ,זארה,IT,אסם פסטה מיני מקרוני 500,גרמים,500.00,100 גרם,false,,5.90,0.0118,true,1,1305919
7290100684306,false,רוטב צ'ילי מתוק 600,אסם תעשיות,IL,"אסם רוטב צ'ילי מתוק 600מ""",מיליליטרים,600.00,"100 מ""ל",false,,16.90,0.0282,true,1,1305921
7290100685136,false,מרק בטעם עוף 1 קג,אסם תעשיות,IL,"אסם מרק בטעם עוף 1 ק""ג",גרמים,1000.00,100 גרם,false,,13.90,0.0139,true,1,1305926
7290100685334,false,מרק עוף אמיתי 400 גר,אסם תעשיות,IL,אסם מרק עוף אמיתי רכיבים,גרמים,400.00,100 גרם,false,,24.90,0.0622,true,1,1305928
7290100685341,false,מרק בטעם עוף.,אסם תעשיות,IL,אסם מרק בטעם עוף זך רכיבי,גרמים,400.00,100 גרם,false,,16.90,0.0422,true,1,1305929
7290100685938,false,עוגת דבש תפוח עץ ופי,אסם תעשיות,IL,אסם הבית עוגת דבש ותפוח ע,גרמים,400.00,100 גרם,false,,15.90,0.0398,true,1,1305935
7290100686171,false,מארז ביסלי גריל.,אסם תעשיות,IL,ביסלי גריל 35 גרם מארז 6,גרמים,210.00,100 גרם,false,,12.90,0.0614,true,1,1305937
7290100687109,false,במבה במילוי נוגט 60,אסם תעשיות,IL,במבה במילוי קרם נוגט 60 ג,גרמים,60.00,100 גרם,false,,4.50,0.0750,true,1,1305940
7290100688618,false,גביעי גלידה בטעם שוק,גילרו,IL,אסם.גלדה ממותקים בטעם שוק,גרמים,85.00,100 גרם,false,,12.90,0.1518,true,1,1305945
7290100689301,false,מרק טעם עוף 400 גרם.,אסם תעשיות,IL,אסם מרק בטעם עוף זך 400 ג,גרמים,400.00,100 גרם,false,,12.90,0.0323,true,1,1305949
7290100700020,false,גריסי פנינה 500 גרם,,,גריסי פנינה 500 גרם,יחידה,0.00,יחידה,false,,4.90,0.0000,true,1,2181987
7290100700068,false,שעועית צבעונית 500 ג,,,שעועית צבעונית 500 ג,יחידה,0.00,יחידה,false,,7.90,0.0000,true,1,2181988
7290100700273,false,קינואה 500 גרם,,,קינואה 500 גרם,גרמים,500.00,100 גרם,false,,12.90,0.0258,true,1,2181989
7290100700297,false,עדשים מנומרות 500 גר,,,עדשים מנומרות 500 גר,יחידה,0.00,יחידה,false,,7.90,0.0000,true,1,2181990
7290100700396,false,אורז יסמין 1קג,סוגת תעשיות,IL,"אורז יסמין קלאסי 1 ק""ג",קילוגרמים,1.00,"ק""ג",false,,11.90,11.9000,true,1,1333717
7290100700563,false,אורז מיקס 1קג,סוגת תעשיות,IL,"אורז מיקס קלאסי 1 ק""ג",קילוגרמים,1.00,"ק""ג",false,,12.90,12.9000,true,1,1333720
7290100700587,false,בורגול 500 גרם,,,בורגול 500 גרם,גרמים,500.00,100 גרם,false,,4.90,0.0098,true,1,2181991
7290100701300,false,קינואה אדומה 500 גרם,,,קינואה אדומה 500 גרם,יחידה,0.00,יחידה,false,,12.90,0.0000,true,1,2181992
7290100701348,false,קמח שיפון מלא.,שטיבל טחנות קמח,IL,קמח שיפון מלא,קילוגרמים,1.00,"ק""ג",false,,5.90,5.9000,true,1,1333735
7290100701454,false,גרישה 500 גרם,,,גרישה 500 גרם,גרמים,500.00,100 גרם,false,,4.90,0.0098,true,1,2181993
7290100701898,false,"קמח פסטה 1 ק""ג.",שטיבל טחנות קמח,IL,קמח פסטה + 9,קילוגרמים,1.00,"ק""ג",false,,13.90,13.9000,true,1,1333746
7290100702260,false,קוסקוס דק 350 גרם.,אסיף,IL,קוסקוס דק 350 גרם,גרמים,350.00,100 גרם,false,,4.90,0.0140,true,1,1333747
7290100702314,false,שעועית שחורה 500 גרם,,,שעועית שחורה 500 גרם,יחידה,0.00,יחידה,false,,7.90,0.0000,true,1,2181994
7290100702611,false,פתיתים אפויים,אסיף,IL,פתיתים אפויים אורז 500 גר,גרמים,500.00,100 גרם,false,,5.90,0.0118,true,1,1333753
7290100702628,false,פתיתים אפויים קוסקוס,אסיף,IL,פתיתים אפויים קוסקוס 500,גרמים,500.00,100 גרם,false,,5.90,0.0118,true,1,1333754
7290100702635,false,פתיתים אפויים כוכבים,אסיף,IL,פתיתים אפויים כוכבים 500,גרמים,500.00,100 גרם,false,,5.90,0.0118,true,1,1333755
7290100702642,false,פתיתים אפויים טבעת.,אסיף,IL,פתיתים אפויים טבעות 500 ג,גרמים,500.00,100 גרם,false,,5.90,0.0118,true,1,1333756
7290100703007,false,עדשים שחורות בלוגה 5,,,עדשים שחורות בלוגה 5,יחידה,0.00,יחידה,false,,7.90,0.0000,true,1,2181995
7290100703175,false,תבשיל אישי נודלס בטע,,,תבשיל אישי נודלס בטע,גרמים,65.00,100 גרם,false,,4.90,0.0754,true,1,2165708
7290100703182,false,תבשיל אישי נודלס בטע,,,תבשיל אישי נודלס בטע,גרמים,65.00,100 גרם,false,,4.90,0.0754,true,1,2165709
7290100703199,false,תבשיל אישי נודלס בטע,,,תבשיל אישי נודלס בטע,גרמים,65.00,100 גרם,false,,4.90,0.0754,true,1,2165710
7290100703533,false,"קמח שמרים 1 ק""ג",,,"קמח שמרים 1 ק""ג",קילוגרמים,1.00,"ק""ג",false,,9.90,9.9000,true,1,1484891
7290100703625,false,קמח לבן ללא ניפוי 1,,,קמח לבן ללא ניפוי 1,קילוגרמים,1.00,"ק""ג",false,,7.90,7.9000,true,1,1484915
7290100703632,false,קמח מלא ללא ניפוי 1,,,קמח מלא ללא ניפוי 1,קילוגרמים,1.00,"ק""ג",false,,9.90,9.9000,true,1,1484916
7290100703915,false,מארז פופקורן למיקרו,,,מארז פופקורן למיקרו,גרמים,540.00,100 גרם,false,,9.90,0.0183,true,1,1845982
7290100704493,false,קמח שמרים פיצה ללא צ,,,קמח שמרים פיצה ללא צ,קילוגרמים,1.00,"ק""ג",false,,9.90,9.9000,true,1,2212518
7290100704578,false,"קמח כוסמין  לבן 1 ק""",,,"קמח כוסמין  לבן 1 ק""",קילוגרמים,1.00,"ק""ג",false,,13.90,13.9000,true,1,2248198
7290100704622,false,סוכר דמררה דק דק בצנ,,,סוכר דמררה דק דק בצנ,גרמים,500.00,100 גרם,false,,7.90,0.0158,true,1,2271897
7290100704660,false,קינואה מיקס  500 גרם,,,קינואה מיקס  500 גרם,גרמים,500.00,100 גרם,false,,12.90,0.0258,true,1,2245838
7290100850909,false,דוריטוס 70 גרם נאצ'ו,שטראוס,IL,דו.נאצו מקסיקני 70ג/1שק'/,גרמים,70.00,100 גרם,false,,3.50,0.0500,true,1,1343885
7290100850916,false,דוריטוס 70 גרם חמוץ,,,דוריטוס 70 גרם חמוץ,גרמים,70.00,100 גרם,false,,3.50,0.0500,true,1,1343886
7290100850923,false,דוריטוס 70 גרם גריל,שטראוס,IL,דוריטוס גריל 70גר/1שק'/70,גרמים,70.00,100 גרם,false,,3.50,0.0500,true,1,1343887
7290100850930,false,דוריטוס 70 גרם טבעי,שטראוס,IL,דוריטוס דיפ טבעי 70 גר,גרמים,70.00,100 גרם,false,,3.50,0.0500,true,1,1343888
7290100858592,false,שקית קקאו עלית 150 ג,שטראוס,IL,שקית קקאו 150גרם/20שק/150,גרמים,150.00,100 גרם,false,,7.90,0.0527,true,1,1343304
7290100921401,false,שמפו הוואי,טרופיקל דגיל,IL,הוואי שמפו קרטין מחזק 700,מיליליטרים,700.00,"100 מ""ל",false,,10.90,0.0156,true,1,1323650
7290100921418,false,מרכך הוואי קרטין 700,טרופיקל דגיל,IL,הוואי מרכך קרטין מחזק 700,מיליליטרים,700.00,"100 מ""ל",false,,10.90,0.0156,true,1,1323651
7290100921593,false,סוד סבון לאסלה לימון,הנקל סוד,HU,סוד סבון אסלה לימון 50 גר,גרמים,50.00,100 גרם,false,,5.50,0.1100,true,1,1361422
7290100921609,false,סוד סבון אסלה אוקיינ,הנקל סוד,HU,סוד סבון אסלה אקיינוס 50,גרמים,50.00,100 גרם,false,,5.50,0.1100,true,1,1361423
7290100921616,false,סוד סבון אסלה אורנים,הנקל סוד,HU,סוד סבון אסלה אורנים 50 ג,גרמים,50.00,100 גרם,false,,5.50,0.1100,true,1,1361424
7290100921623,false,סוד סבון אסלה אקונומ,הנקל סוד,HU,סוד סבון אסלה אקונומיקה 5,גרמים,50.00,100 גרם,false,,5.50,0.1100,true,1,1361425
7290100922651,false,סבון מוצק הוואי מארז,,,סבון מוצק הוואי מארז,יח',4.00,יח',false,,10.90,2.7250,true,1,1467151
7290100924204,false,אבקת כביסה פרסיל 8 ק,הנקל סוד,IL,"פרסיל אבקת כביסה 8 ק""ג",קילוגרמים,8.00,"ק""ג",false,,54.90,6.8625,true,1,1361435
7290100924457,false,כדוריות שלישייה אסלה,הנקל סוד,HU,סוד סבון אסלה שלישיה לימו,גרמים,150.00,100 גרם,false,,19.90,0.1327,true,1,1361443
7290100924570,false,סוד ג'ל לניקוי אסלות,הנקל סוד,HU,סוד ג'ל לניקוי אסלה לימון,מיליליטרים,700.00,"100 מ""ל",false,,9.90,0.0141,true,1,1370646
7290100924631,false,מרכך כביסה מרוכז ביי,הנקל סוד,IL,מרכך כביסה סוד מרוכז בייב,מיליליטרים,900.00,"100 מ""ל",false,,11.90,0.0132,true,1,1387692
7290100924693,false,סוד סבון לאסלה כחול,הנקל סוד,HU,סוד סבון אסלה לימון 50 גר,גרמים,50.00,100 גרם,false,,5.50,0.1100,true,1,1370648
7290100925669,false,דפים למכונה כביסה קו,,,דפים למכונה כביסה קו,יח',10.00,יח',false,,7.50,0.7500,true,1,1437536
7290100925676,false,דפים למכונה כביסה קו,,,דפים למכונה כביסה קו,יח',20.00,יח',false,,19.90,0.9950,true,1,1437537
7290100925751,false,סוד כלים קלאסי 650 מ,,,סוד כלים קלאסי 650 מ,מיליליטרים,650.00,"100 מ""ל",false,,5.90,0.0091,true,1,1459852
7290100925775,false,סוד כלים קלאסי 650 מ,,,סוד כלים קלאסי 650 מ,מיליליטרים,650.00,"100 מ""ל",false,,5.90,0.0091,true,1,1459854
7290100926147,false,אבקת פרסיל כדוריות 2,הנקל סוד,IL,פרסיל קולור אבקת כביסה 2.,קילוגרמים,2.50,"ק""ג",false,,28.90,11.5600,true,1,1361462
7290100926598,false,אבקת כביסה פרסיל 5 ק,הנקל סוד,IL,"אבקת כביסה פרסיל 5 ק""ג",קילוגרמים,5.00,"ק""ג",false,,44.90,8.9800,true,1,1361468
7290100927717,false,"אבקת כביסה פרסיל 5ק""",הנקל סוד,IL,אבקת כביסה פרסיל קולור 5,קילוגרמים,5.00,"ק""ג",false,,44.90,8.9800,true,1,1361472
7290101111269,false,גלידת טריפל 5טעמים.,,,גלידת טריפל 5טעמים.,ליטרים,1.80,ליטר,false,,19.90,11.0556,true,1,1335350
7290101112921,false,שמיניית קרחוני דיאט,,,שמיניית קרחוני דיאט,גרמים,640.00,100 גרם,false,,19.90,0.0311,true,1,1832724
7290101488248,false,דאודורנט רול און-ורו,COLGATE PALMOLIVE,MX,ליידי 24/7 רול און ורוד ח,מיליליטרים,50.00,"100 מ""ל",false,,19.90,0.3980,true,1,1339613
7290101488286,false,דאודורנט ספריי-ורוד,COLGATE PALMOLIVE,MX,ליידי 24/7 ספריי ורוד חדש,מיליליטרים,150.00,"100 מ""ל",false,,24.90,0.1660,true,1,1339615
7290101488316,false,דאודורנט ליידי ספיד,COLGATE PALMOLIVE,US,ליידי ספיד סטיק ללא סימן,גרמים,65.00,100 גרם,false,,19.90,0.3062,true,1,1339617
7290101488323,false,דאודורנט ליידי ספיד,COLGATE PALMOLIVE,US,ליידי ספיד סטיק ללא סימן,גרמים,65.00,100 גרם,false,,19.90,0.3062,true,1,1339618
7290101551263,false,סילאן טבעי ללא תוספת,,,סילאן טבעי ללא תוספת,גרמים,700.00,100 גרם,false,,19.90,0.0284,true,1,1925654
7290101551300,false,סילאן טבעי לחיץ 380,,,סילאן טבעי לחיץ 380,גרמים,380.00,100 גרם,false,,12.90,0.0339,true,1,1925655
7290101551539,false,דנונה פרו 20 גרם חלב,,,דנונה פרו 20 גרם חלב,גרמים,200.00,100 גרם,false,,5.90,0.0295,true,1,1947714
7290101551584,false,מארז תפוציפס קידס,,,מארז תפוציפס קידס,גרמים,200.00,100 גרם,false,,12.90,0.0645,true,1,1961045
7290101551638,false,מארז צ'יטוס כאפה 10*,,,מארז צ'יטוס כאפה 10*,גרמים,200.00,100 גרם,false,,12.90,0.0645,true,1,1960857
7290101551645,false,מארז ציטוס איקס עיגו,,,מארז ציטוס איקס עיגו,גרמים,200.00,100 גרם,false,,12.90,0.0645,true,1,1961039
7290101580089,false,יין יוגב קברנה סובינ,בנימינה Binyamina,IL,יוגב קברנה סוביניון 2012,מיליליטרים,750.00,"100 מ""ל",false,,39.90,0.0532,true,1,1347935
7290101580942,false,יין כרם קברנה,בנימינה Binyamina,IL,כרם קברנה סוביניון 2010,מיליליטרים,750.00,"100 מ""ל",false,,19.90,0.0265,true,1,1347959
7290101580959,false,יין כרם מרלו,בנימינה Binyamina,IL,כרם מרלו 2010,מיליליטרים,750.00,"100 מ""ל",false,,19.90,0.0265,true,1,1347960
7290101581208,false,בנימינה רזרב קברנה ס,בנימינה Binyamina,IL,ב.רזרב קברנה סוביניון 201,מיליליטרים,750.00,"100 מ""ל",false,,49.90,0.0665,true,1,1347964
7290101582304,false,יין יוגב רוזה גראנש,,,יין יוגב רוזה גראנש,מיליליטרים,750.00,"100 מ""ל",false,,39.90,0.0532,true,1,2290737
7290101582380,false,יין המושבה גוורצטרמי,,,יין המושבה גוורצטרמי,מיליליטרים,750.00,"100 מ""ל",false,,29.90,0.0399,true,1,1784999
7290101582397,false,יין המושבה מרלו,,,יין המושבה מרלו,מיליליטרים,750.00,"100 מ""ל",false,,29.90,0.0399,true,1,1785000
7290101582410,false,יין גוורצטרמינר חצי,,,יין גוורצטרמינר חצי,מיליליטרים,750.00,"100 מ""ל",false,,49.90,0.0665,true,1,1886830
7290101582496,false,יין כחול אמרלד ריזלי,,,יין כחול אמרלד ריזלי,מיליליטרים,750.00,"100 מ""ל",false,,49.90,0.0665,true,1,2165234
7290101863410,false,ספריי לניקוי עוצמתי,רקיט בנקיזר,PL,סיליט ספריי אקונומיקה שרו,מיליליטרים,750.00,"100 מ""ל",false,,14.90,0.0199,true,1,1309430
7290101864127,false,ספריי להסרת כתמים 75,רקיט בנקיזר,PL,"וניש ספריי 750 מ""ל סולו 1",מיליליטרים,750.00,"100 מ""ל",false,,14.90,0.0199,true,1,1309433
7290101865261,false,נוזל הברקה למדיח 800,רקיט בנקיזר,PL,"פיניש נוזל הברקה 800 מ""""ל",מיליליטרים,800.00,"100 מ""ל",false,,19.90,0.0249,true,1,1309438
7290101866633,false,ג'ל מסיר כתמים לכביס,סאסאטק SASATECK,IL,וניש ורוד TITAN 3L,ליטרים,3.00,ליטר,false,,34.90,11.6333,true,1,1309444
7290101866787,false,ג'ל מסיר כתמים לכביס,סאסאטק SASATECK,IL,וניש נוזל להלבנה TITAN 3L,ליטרים,3.00,ליטר,false,,34.90,11.6333,true,1,1309448
7290101868460,false,"אבקת כביסה 8 ק""ג קול",זהר דליה,IL,קולון 101 8 ק''ג,קילוגרמים,8.00,"ק""ג",false,,54.90,6.8625,true,1,1309473
7290101868958,false,נוזל הברקה למדיח לימ,רקיט בנקיזר,PL,"פיניש נוזל הברקה 800 מ""ל",מיליליטרים,800.00,"100 מ""ל",false,,19.90,0.0249,true,1,1309476
7290101869726,false,פיניש ג'ל 1000 AIO ל,,,פיניש ג'ל 1000 AIO ל,מיליליטרים,1000.00,"100 מ""ל",false,,42.90,0.0429,true,1,1309486
7290101869733,false,פיניש ג'ל 1000 AIO ל,,,פיניש ג'ל 1000 AIO ל,מיליליטרים,1000.00,"100 מ""ל",false,,42.90,0.0429,true,1,1309487
7290101869788,false,מילוי מבשם אויר אוטו,רקיט בנקיזר,GB,מילוי מבשם אויר אוטומטי א,מיליליטרים,250.00,"100 מ""ל",false,,19.90,0.0796,true,1,1309492
7290101869795,false,מילוי מבשם אויר אוטו,רקיט בנקיזר,GB,מילוי מבשם אויר אוטומטי ח,מיליליטרים,250.00,"100 מ""ל",false,,19.90,0.0796,true,1,1309493
7290101869801,false,מבשם אויר חשמלי מכשי,רקיט בנקיזר,HU,מבשם אויר חשמלי מכשיר אוא,מיליליטרים,19.00,"100 מ""ל",false,,26.90,1.4158,true,1,1309494
7290101869917,false,מילוי מבשם אויר אוטו,רקיט בנקיזר,GB,מילוי מבשם אויר אוטומטי ה,מיליליטרים,250.00,"100 מ""ל",false,,19.90,0.0796,true,1,1309500
7290101869924,false,מילוי מבשם אויר חשמל,רקיט בנקיזר,HU,מילוי מבשם אויר חשמלי מסת,מיליליטרים,19.00,"100 מ""ל",false,,19.90,1.0474,true,1,1309501
7290101925606,false,ממחטות אף רכות פרפקט,,,ממחטות אף רכות פרפקט,יח',120.00,יח',false,,9.90,0.0825,true,1,1474023
7290102030330,false,תפוצ'יפס מקסיקני 200,שטראוס,IL,תפוציפס קראנצ מקסיקני 200,גרמים,200.00,100 גרם,false,,9.90,0.0495,true,1,1343891
7290102032334,false,קפה נמס וניל 200 גרם,שטראוס,IL,קפה נמס וניל 200 גר' חדש,גרמים,200.00,100 גרם,false,,26.90,0.1345,true,1,1343315
7290102060764,false,מברשות שיניים זוג מר,COLGATE PALMOLIVE,CH,מרידול מברשת שיניים זוג,יח',2.00,יח',false,,34.90,17.4500,true,1,1339622
7290102062195,false,משחת שיניים אלמקס 75,COLGATE PALMOLIVE,PE,אלמקס ג'וניור משחת שיניים,גרמים,75.00,100 גרם,false,,15.90,0.2120,true,1,1339627
7290102302833,false,גאודה בקר 150 גרם פר,,,גאודה בקר 150 גרם פר,גרמים,150.00,100 גרם,false,,19.90,0.1327,true,1,2188198
7290102390465,false,יוגורט מולר פרופ 3%,טרה,IL,Muller Froop אפרסק פסיפלו,מיליליטרים,150.00,"100 מ""ל",false,,4.70,0.0313,true,1,1329100
7290102390489,false,יוגורט מולר פרופ 3%,טרה,IL,"Muller Froop לימון 150 מ""",מיליליטרים,150.00,"100 מ""ל",false,,4.70,0.0313,true,1,1329101
7290102391844,false,יוגורט מולר פרופ 3%,טרה,IL,Muller Froop פירות יער 15,מיליליטרים,150.00,"100 מ""ל",false,,4.70,0.0313,true,1,1329105
7290102392254,false,חלב בקרטון 2 ליטר 1%,טרה,IL,חלב בקרטון 1% 2 ליטר,ליטרים,2.00,ליטר,false,,11.70,5.8500,true,1,1329110
7290102392728,false,יוגורט מולר ביו טבעי,טרה,IL,מולר ביאנקו נטורל 2.8% 20,גרמים,200.00,100 גרם,false,,3.70,0.0185,true,1,1329116
7290102393169,false,יוגורט מולר סימפלי פ,טרה,IL,תות שדה Muller Simply fru,גרמים,150.00,100 גרם,false,,4.80,0.0320,true,1,1329128
7290102393176,false,יוגורט מולר סימפלי פ,טרה,IL,אפרסק Muller Simply fruit,גרמים,150.00,100 גרם,false,,4.80,0.0320,true,1,1329129
7290102393190,false,יוגורט מולר סימפלי פ,טרה,IL,פירות יער Muller Simply f,גרמים,150.00,100 גרם,false,,4.80,0.0320,true,1,1329130
7290102394258,false,גבינת עיזים 9% שומן,משק צוריאל,IL,מה עז 9% 180 גרם,גרמים,180.00,100 גרם,false,,21.90,0.1217,true,1,1329140
7290102394463,false,גבינה צהובה פרוסה 28,טרה,IL,וואקום 28% שומן 500 גרם,גרמים,500.00,100 גרם,false,,26.90,0.0538,true,1,1329144
7290102394845,false,גבינה צהובה דק דק 9%,טרה,IL,"דק דק פ""ח 9% 200 גרם",גרמים,200.00,100 גרם,false,,15.90,0.0795,true,1,1329147
7290102395217,false,מאגדת 8 יוגורט מתיקו,טרה,IL,מאגדת שמיניה מולר ביאנקו,גרמים,1200.00,100 גרם,false,,17.90,0.0149,true,1,1329159
7290102395224,false,מאגדת 8 ביו נטורל 1.,טרה,IL,מאגדת שמיניה מולר 1.7% בי,גרמים,1200.00,100 גרם,false,,15.90,0.0133,true,1,1329160
7290102395231,false,מאגדת 8 ביו נטורל 2.,טרה,IL,מאגדת שמינייה 2.8% מולר נ,גרמים,1200.00,100 גרם,false,,15.90,0.0133,true,1,1329161
7290102395262,false,מאגדת 8 יוגורט מולר,טרה,IL,מאגדת שמינייה סימפלי 3% ת,גרמים,1200.00,100 גרם,false,,29.90,0.0249,true,1,1329163
7290102395439,false,מאגדת 8 יוגורט מולר,טרה,IL,מאגדת שמינייה סימפלי פירו,גרמים,1200.00,100 גרם,false,,29.90,0.0249,true,1,1329167
7290102395446,false,מעדן חלב וניל קצפת.,טרה,IL,מוו וניל קצפת,גרמים,123.00,100 גרם,false,,2.60,0.0211,true,1,1329168
7290102395477,false,מעדן חלב שוקולד קצפת,טרה,IL,מוו שוקולד קצפת,גרמים,123.00,100 גרם,false,,2.60,0.0211,true,1,1329171
7290102396436,false,מעדן חלב שוקולד 125,טרה,IL,מוו מעדן שוקולד 1.5% 125,גרמים,125.00,100 גרם,false,,2.60,0.0208,true,1,1329212
7290102396443,false,מעדן מוו וניל 125 גר,טרה,IL,מוו מעדן וניל 1.5% 125 גר,גרמים,125.00,100 גרם,false,,2.60,0.0208,true,1,1329213
7290102396580,false,מעדן חלב שוקולד ומוס,טרה,IL,מעדן מוו שוקולד ומוס שוקו,גרמים,123.00,100 גרם,false,,2.60,0.0211,true,1,1329221
7290102396597,false,מעדן חלב וניל ומוס ש,טרה,IL,מעדן מוו וניל ומוס שוקולד,גרמים,123.00,100 גרם,false,,2.60,0.0211,true,1,1329222
7290102396665,false,גבינה צהובה דק דק 15,,,גבינה צהובה דק דק 15,גרמים,200.00,100 גרם,false,,15.60,0.0780,true,1,1395277
7290102396672,false,גבינה צהובה 9% נעם 3,,,גבינה צהובה 9% נעם 3,גרמים,360.00,100 גרם,false,,25.90,0.0719,true,1,1391682
7290102396719,false,יוגורט מולר סימפלי פ,טרה,IL,תות 0%  Muller Simply fru,גרמים,150.00,100 גרם,false,,4.80,0.0320,true,1,1329229
7290102396740,false,מאגדת 8 מעדן מולר סי,טרה,IL,מאגדת שמינייה סימפלי 0% ת,גרמים,1200.00,100 גרם,false,,29.90,0.0249,true,1,1329232
7290102396788,false,"שוקו שקית 200 מ""ל.טר",טרה,IL,"שוקו בשקית 200 מ""ל",מיליליטרים,200.00,"100 מ""ל",false,,2.40,0.0120,true,1,1329236
7290102396795,false,מאגדת 6 שוקו טרה.,טרה,IL,שישיית שוקו-מאגדת,מיליליטרים,1200.00,"100 מ""ל",false,,14.90,0.0124,true,1,1329237
7290102397464,false,יוגורט מיקס מולר נטו,,,יוגורט מיקס מולר נטו,גרמים,170.00,100 גרם,false,,5.40,0.0318,true,1,1755668
7290102397679,false,קוטג' וחצי 5% טרה 37,,,קוטג' וחצי 5% טרה 37,גרמים,375.00,100 גרם,false,,7.50,0.0200,true,1,1496627
7290102397747,false,מוצרלה נעם 200 גרם ר,,,מוצרלה נעם 200 גרם ר,גרמים,200.00,100 גרם,false,,16.90,0.0845,true,1,1745387
7290102397891,false,גבינה מותכת משק צורי,,,גבינה מותכת משק צורי,גרמים,100.00,100 גרם,false,,6.90,0.0690,true,1,1544643
7290102398072,false,חלב בקרטון 1 ליטר 3%,,,חלב בקרטון 1 ליטר 3%,ליטרים,1.00,ליטר,false,,6.20,6.2000,true,1,1647779
7290102398331,false,חלב מועשר דל לקטוז 2,,,חלב מועשר דל לקטוז 2,ליטרים,1.00,ליטר,false,,7.40,7.4000,true,1,1747992
7290102398560,false,שוקו 1 ליטר טרה,,,שוקו 1 ליטר טרה,ליטרים,1.00,ליטר,false,,10.90,10.9000,true,1,1864318
7290102398669,false,אייס קפוצינו 1 ליטר,,,אייס קפוצינו 1 ליטר,ליטרים,1.00,ליטר,false,,10.90,10.9000,true,1,2194753
7290102398799,false,משקה סויה במתיקות מו,,,משקה סויה במתיקות מו,ליטרים,1.00,ליטר,false,,9.90,9.9000,true,1,2168148
7290102399635,false,יוגורט מולר פרופ 4.1,,,יוגורט מולר פרופ 4.1,מיליליטרים,150.00,"100 מ""ל",false,,4.70,0.0313,true,1,2196724
7290102399697,false,יוגורט מולר סימפלי פ,,,יוגורט מולר סימפלי פ,גרמים,150.00,100 גרם,false,,4.80,0.0320,true,1,2168196
7290102399772,false,ממרח חמאת מולר במליח,,,ממרח חמאת מולר במליח,גרמים,250.00,100 גרם,false,,16.90,0.0676,true,1,2185978
7290102399796,false,יוגורט מולר לבן מועש,,,יוגורט מולר לבן מועש,גרמים,200.00,100 גרם,false,,5.50,0.0275,true,1,2172390
7290102399802,false,יוגורט מולר אקטיב עם,,,יוגורט מולר אקטיב עם,גרמים,200.00,100 גרם,false,,5.80,0.0290,true,1,2172391
7290102399819,false,יוגורט מולר אקטיב עם,,,יוגורט מולר אקטיב עם,גרמים,200.00,100 גרם,false,,5.80,0.0290,true,1,2172401
7290102399857,false,יוגורט מולר אקטיב עם,,,יוגורט מולר אקטיב עם,גרמים,200.00,100 גרם,false,,5.80,0.0290,true,1,2192431
7290102457083,false,לקיטשן פסטל קולפן יד,,,לקיטשן פסטל קולפן יד,יחידה,0.00,יחידה,false,,9.90,0.0000,true,1,2205495
7290102840243,false,אבקה להכנה פלאן בדץ.,,,אבקה להכנה פלאן בדץ.,גרמים,112.00,100 גרם,false,,8.90,0.0795,true,1,1330280
7290102844357,false,אינסטנט ג'לי אננס,,,אינסטנט ג'לי אננס,גרמים,85.00,100 גרם,false,,4.90,0.0576,true,1,1461214
7290103091460,false,דאודורנט ספריי אדם B,זוהר קוסמטיקס,IL,דאו אדם ביסיק 200 מל,מיליליטרים,200.00,"100 מ""ל",false,,14.90,0.0745,true,1,1337159
7290103121600,false,דאודורנט ספריי-כתום,COLGATE PALMOLIVE,MX,ספיד סטיק 24/7 ספריי כתום,מיליליטרים,50.00,"100 מ""ל",false,,24.90,0.4980,true,1,1339635
7290103124588,false,סבון נוזלי פלמוליב ס,COLGATE PALMOLIVE,TR,פלמוליב סבון נוזלי ארומה,מיליליטרים,750.00,"100 מ""ל",false,,17.90,0.0239,true,1,1339640
7290103124601,false,סבון נוזלי פלמוליב ח,COLGATE PALMOLIVE,TR,פלמוליב חלב ודבש 750מל חד,מיליליטרים,750.00,"100 מ""ל",false,,17.90,0.0239,true,1,1339642
7290103128739,false,מקלות אוזניים בלונס,COLGATE PALMOLIVE,GR,בלונס מקלות אוזניים תינוק,יח',50.00,יח',false,,5.90,0.1180,true,1,1339659
7290103129408,false,דאודורנט סטיק-פרש אי,COLGATE PALMOLIVE,US,לסס פרש אסנס פריחת הפרדס,גרמים,65.00,100 גרם,false,,19.90,0.3062,true,1,1339666
7290103129637,false,פדים להסרת איפור בלו,COLGATE PALMOLIVE,GR,בלונס פדים אובאליים להסרת,יח',40.00,יח',false,,7.90,0.1975,true,1,1339668
7290103401429,false,קפה פלטינום ברזילאי,שטראוס,IL,קפה קצב ברזילאי,גרמים,200.00,100 גרם,false,,29.90,0.1495,true,1,1343328
7290103404758,false,כרוב אדום במיונז אחל,שטראוס,IL,כרוב 120,גרמים,120.00,100 גרם,false,,4.50,0.0375,true,1,1342579
7290103681197,false,יין תבור הר שיראז 75,,,יין תבור הר שיראז 75,מיליליטרים,750.00,"100 מ""ל",false,,32.90,0.0439,true,1,2047525
7290103681227,false,יין תבור הר גוורצטרמ,,,יין תבור הר גוורצטרמ,מיליליטרים,750.00,"100 מ""ל",false,,32.90,0.0439,true,1,2047527
7290103681234,false,יין תבור הר רוזה 750,,,יין תבור הר רוזה 750,מיליליטרים,750.00,"100 מ""ל",false,,32.90,0.0439,true,1,2047528
7290103702687,false,מגבות נייר 8 יחידות,,,מגבות נייר 8 יחידות,מטרים,84.64,מטר,false,,12.90,0.1524,true,1,1408377
7290103702731,false,מגבות נייר 6 יחידות,,,מגבות נייר 6 יחידות,מטרים,63.48,מטר,false,,12.90,0.2032,true,1,1419871
7290103702748,false,מגבות נייר 12 יחידות,,,מגבות נייר 12 יחידות,מטרים,126.96,מטר,false,,16.90,0.1331,true,1,1420241
7290103702755,false,נייר טואלט דו שכבתי,,,נייר טואלט דו שכבתי,מטרים,573.44,מטר,false,,32.90,0.0574,true,1,1421533
7290103702908,false,ממחטות טישו 5 יחידות,,,ממחטות טישו 5 יחידות,יח',500.00,יח',false,,12.90,0.0258,true,1,1472023
7290103702915,false,נייר טואלט דו שכבתי,,,נייר טואלט דו שכבתי,מטרים,860.16,מטר,false,,34.90,0.0406,true,1,1476293
7290104061448,false,חומוס חריף אחלה 400,שטראוס,IL,חומוס חריף 400 גרם,גרמים,400.00,100 גרם,false,,9.90,0.0248,true,1,1342589
7290104065187,false,קפה נמס מוקה 200 גרם,שטראוס,IL,קפה נמס מוקה 200 גר',גרמים,200.00,100 גרם,false,,26.90,0.1345,true,1,1343365
7290104066566,false,טחינה אחלה 500 גרם,שטראוס,IL,טחינה משומשום מלא 500 גרם,גרמים,500.00,100 גרם,false,,13.90,0.0278,true,1,1342595
7290104067679,false,טחינה אחלה 400 גרם,,,טחינה אחלה 400 גרם,גרמים,400.00,100 גרם,false,,9.90,0.0248,true,1,1342596
7290104068539,false,מסטיק מאסט אבטיח מיל,שטראוס,IL,MUST LL פליפ. אבטיח מלון,גרמים,28.00,100 גרם,false,,3.90,0.1393,true,1,1343373
7290104501661,false,אינסטנט פודינג וניל,אסם תעשיות,IL,אסם פודינג אינסטנט בטעם ו,גרמים,80.00,100 גרם,false,,5.50,0.0688,true,1,1305959
7290104504228,false,מארז דובונים 5*20 גר,אסם תעשיות,IL,חבורת דובונים  20 גרם מאר,גרמים,100.00,100 גרם,false,,12.90,0.1290,true,1,1305976
7290104508189,false,גביעי גלידה ממותקים.,גילרו,IL,אסם  גביעי גלידה ממותקים,גרמים,95.00,100 גרם,false,,11.90,0.1253,true,1,1305985
7290104508202,false,גביעי גלידה אמריקאים,גילרו,IL,אסם  גביעי גלידה אמריקאים,גרמים,120.00,100 גרם,false,,11.90,0.0992,true,1,1305986
7290104508943,false,במבה קלאסי חסכון 200,אסם תעשיות,IL,במבה קלאסית 200 גרם,גרמים,200.00,100 גרם,false,,9.90,0.0495,true,1,1305992
7290104570131,false,"תמר מגהול 1 ק""ג",,,"תמר מגהול 1 ק""ג",גרמים,1000.00,100 גרם,false,,19.90,0.0199,true,1,1381724
7290104570162,false,תמר כבוש 500 גרם,,,תמר כבוש 500 גרם,גרמים,500.00,100 גרם,false,,12.90,0.0258,true,1,1319484
7290104570629,false,ממרח תמרים 450 גרם ב,,,ממרח תמרים 450 גרם ב,גרמים,450.00,100 גרם,false,,4.90,0.0109,true,1,1377020
7290104720499,false,מארז 8 מעדן דני מהדר,שטראוס,IL,מארז 8 דני וניל,גרמים,1000.00,100 גרם,false,,15.90,0.0159,true,1,1342601
7290104722530,false,תפוצ'יפס שמנת בצל,שטראוס,IL,תפוצ'יפס שמנת בצל 200 גר,גרמים,200.00,100 גרם,false,,9.90,0.0495,true,1,1343904
7290104726262,false,מארז 4 דני שוקולד לש,שטראוס,IL,מארז 4 דני לשתייה,גרמים,500.00,100 גרם,false,,10.90,0.0218,true,1,1342619
7290104726712,false,מארז 8 מילקי שוקולד,שטראוס,IL,מארז 8 מילקי שוקולד,גרמים,1064.00,100 גרם,false,,19.90,0.0187,true,1,1342621
7290104728310,false,שמנת עמידה לקצפת 38%,שטראוס,IL,שמנת להקצפה 38% מהדרין,מיליליטרים,250.00,"100 מ""ל",false,,6.10,0.0244,true,1,1342628
7290104960239,false,תחליב רחצה נקה 7 קמו,אמיליה קוסמטיקס,IL,תחליב רחצה ארומה קמומיל 7,מיליליטרים,750.00,"100 מ""ל",false,,12.90,0.0172,true,1,1320762
7290104960246,false,תחליב רחצה נקה 7 ורד,אמיליה קוסמטיקס,IL,תחליב רחצה ארומה ורד יסמי,מיליליטרים,750.00,"100 מ""ל",false,,12.90,0.0172,true,1,1320763
7290104960253,false,תחליב רחצה נקה 7 לבנ,אמיליה קוסמטיקס,IL,תחליב רחצה ארומה לבנדר 75,מיליליטרים,750.00,"100 מ""ל",false,,12.90,0.0172,true,1,1320764
7290104960338,false,תחליב רחצה נקה 7 אלו,אמיליה קוסמטיקס,IL,תחליב רחצה ארומה אלוורה ו,מיליליטרים,750.00,"100 מ""ל",false,,12.90,0.0172,true,1,1320765
7290104960352,false,תחליב רחצה נקה 7 וני,אמיליה קוסמטיקס,IL,תחליב רחצה ארומה וניל שקד,מיליליטרים,750.00,"100 מ""ל",false,,12.90,0.0172,true,1,1320767
7290104960970,false,דאודורנט תרסיס טיטני,אמיליה קוסמטיקס,IL,"דאו.טיטניום מטאל 180 מ""ל",מיליליטרים,180.00,"100 מ""ל",false,,14.90,0.0828,true,1,1320774
7290104961205,false,תחליב רחצה נקה 7 מלפ,אמיליה קוסמטיקס,IL,תח.רחצה נקה7 מלפפון 750 מ,מיליליטרים,750.00,"100 מ""ל",false,,12.90,0.0172,true,1,1320775
7290104961243,false,תחליב רחצה נקה 7 קוק,אמיליה קוסמטיקס,IL,"תח.רחצה נקה7 קוקוס 750מ""ל",מיליליטרים,750.00,"100 מ""ל",false,,12.90,0.0172,true,1,1320777
7290104961250,false,תחליב רחצה נקה 7 וני,אמיליה קוסמטיקס,IL,תחליב רחצה נקה7 וניל ומאס,מיליליטרים,750.00,"100 מ""ל",false,,12.90,0.0172,true,1,1320778
7290104961403,false,סקינגארד קרם הגנה 60,,,סקינגארד קרם הגנה 60,מיליליטרים,60.00,"100 מ""ל",false,,19.90,0.3317,true,1,1405775
7290104961526,false,טיטניום ספרי גוף קלא,אמיליה קוסמטיקס,IL,טיטניום ספריי קלאסי150מ,מיליליטרים,150.00,"100 מ""ל",false,,12.90,0.0860,true,1,1320783
7290104961540,false,טיטניום ספרי גוף מטא,אמיליה קוסמטיקס,IL,טיטניום ספריי מטאל 150מ,מיליליטרים,150.00,"100 מ""ל",false,,12.90,0.0860,true,1,1320785
7290104961557,false,טיטניום בלו ספריי גו,אמיליה קוסמטיקס,IL,טיטניום ספריי אייס 150מ,מיליליטרים,150.00,"100 מ""ל",false,,12.90,0.0860,true,1,1320786
7290104961601,false,דאודורנט תרסיס מי מא,,,דאודורנט תרסיס מי מא,מיליליטרים,175.00,"100 מ""ל",false,,19.90,0.1137,true,1,1320787
7290104961878,false,שמפו לשיער לאחר החלק,אמיליה קוסמטיקס,IL,"שמפו קרטין נטורל 400 מ""ל",מיליליטרים,400.00,"100 מ""ל",false,,29.90,0.0747,true,1,1320788
7290104961885,false,מרכך לשיער לאחר החלק,אמיליה קוסמטיקס,IL,"מרכך קרטין נטורל 400 מ""ל",מיליליטרים,400.00,"100 מ""ל",false,,29.90,0.0747,true,1,1320789
7290104961892,false,מסיכת שיער לאחר החלק,אמיליה קוסמטיקס,IL,"מסכת קרטין נטורל 350 מ""ל",מיליליטרים,350.00,"100 מ""ל",false,,39.90,0.1140,true,1,1320790
7290104961991,false,שלישייה סבון נוזלי נ,אמיליה קוסמטיקס,IL,נקה 7 - שלישיית אלסבון מפ,מיליליטרים,1500.00,"100 מ""ל",false,,17.90,0.0119,true,1,1320792
7290104962004,false,שלישייה סבון נוזלי נ,אמיליה קוסמטיקס,IL,נקה 7 - שלישיית אלסבון מפ,מיליליטרים,1500.00,"100 מ""ל",false,,17.90,0.0119,true,1,1320793
7290104962080,false,ספרי גוף טיטניום גול,אמיליה קוסמטיקס,IL,ספריי גוף טיטניום 150מ,מיליליטרים,150.00,"100 מ""ל",false,,12.90,0.0860,true,1,1320799
7290104962585,false,דאודורנט  רול און נו,,,דאודורנט  רול און נו,מיליליטרים,75.00,"100 מ""ל",false,,12.90,0.1720,true,1,1556930
7290104962660,false,דאודורנט ספריי ללא א,אמיליה קוסמטיקס,IL,דאו.קרליין ספריי נושם ללא,מיליליטרים,200.00,"100 מ""ל",false,,12.90,0.0645,true,1,1320807
7290104962707,false,25 מגבונים להסרת איפ,,,25 מגבונים להסרת איפ,יח',25.00,יח',false,,9.90,0.3960,true,1,1345399
7290104962752,false,סקינגארד ג'ל פנים 60,,,סקינגארד ג'ל פנים 60,מיליליטרים,60.00,"100 מ""ל",false,,29.90,0.4983,true,1,1405779
7290104962844,false,שמפו נטורל פורמולה א,,,שמפו נטורל פורמולה א,מיליליטרים,400.00,"100 מ""ל",false,,29.90,0.0747,true,1,1320809
7290104962851,false,מרכך נטורל פורמולה א,,,מרכך נטורל פורמולה א,מיליליטרים,400.00,"100 מ""ל",false,,29.90,0.0747,true,1,1320810
7290104962868,false,מסיכת שיער קרטין אמפ,אמיליה קוסמטיקס,IL,"מסכת קרטין נטורל 350 מ""ל",מיליליטרים,350.00,"100 מ""ל",false,,39.90,0.1140,true,1,1320811
7290104963216,false,אלסבון לתינוק סופטקר,,,אלסבון לתינוק סופטקר,ליטרים,1.00,ליטר,false,,18.90,18.9000,true,1,1424892
7290104963223,false,אל סבון סופטקר נוזלי,,,אל סבון סופטקר נוזלי,ליטרים,1.00,ליטר,false,,18.90,18.9000,true,1,1424893
7290104963650,false,שמפו אל דמע סופטקר 1,,,שמפו אל דמע סופטקר 1,ליטרים,1.00,ליטר,false,,18.90,18.9000,true,1,1424894
7290104963667,false,אלסבון +שמפו אל דמע,,,אלסבון +שמפו אל דמע,ליטרים,1.00,ליטר,false,,18.90,18.9000,true,1,1424895
7290104964350,false,שלישייה סבון נוזלי נ,,,שלישייה סבון נוזלי נ,מיליליטרים,1500.00,"100 מ""ל",false,,17.90,0.0119,true,1,1449935
7290104964398,false,שלישייה סבון נוזלי נ,,,שלישייה סבון נוזלי נ,מיליליטרים,1500.00,"100 מ""ל",false,,17.90,0.0119,true,1,1630037
7290104965661,false,דאודורנט ספריי נושם,,,דאודורנט ספריי נושם,מיליליטרים,150.00,"100 מ""ל",false,,12.90,0.0860,true,1,2240953
7290105040794,false,בנפייבר סיבים תזונתי,,,בנפייבר סיבים תזונתי,גרמים,261.00,100 גרם,false,,39.90,0.1529,true,1,1646370
7290105108944,false,מברשת שיער מודפס/פות,,,מברשת שיער מודפס/פות,יחידה,0.00,יחידה,false,,14.90,0.0000,true,1,1497178
7290105360250,false,קפסולות למכונות נספר,שטראוס,IL,קפסולות מקיאטו למכונות נס,גרמים,50.00,100 גרם,false,,16.50,0.3300,true,1,1343421
7290105360335,false,קפסולות למכונות נספר,שטראוס,IL,קפסולות אספרסו מעודן למכו,גרמים,50.00,100 גרם,false,,16.50,0.3300,true,1,1343423
7290105360762,false,שמן זית כתית עדין 75,שטראוס,IL,"שמן זית 1 עדין 750 מ""ל",מיליליטרים,750.00,"100 מ""ל",false,,33.90,0.0452,true,1,1343431
7290105362339,false,שמנת לבישול 15% שומן,שטראוס,IL,שמנת לבישול 15% מהדרין,מיליליטרים,250.00,"100 מ""ל",false,,7.90,0.0316,true,1,1342637
7290105363602,false,חטיף כיף כף מקלות.,SOLEN CIKOLATA GIDA,TR,כיף כף מקלות קלאסי 20% תו,גרמים,40.00,100 גרם,false,,4.90,0.1225,true,1,1343440
7290105364289,false,חטיף כיף כף מקלות פצ,SOLEN CIKOLATA GIDA,TR,כיף כף מקלות פצפוצים 20%,גרמים,40.00,100 גרם,false,,4.90,0.1225,true,1,1343442
7290105364302,false,חטיף כיף כף מקלות אג,,,חטיף כיף כף מקלות אג,גרמים,42.00,100 גרם,false,,4.90,0.1167,true,1,1343443
7290105364678,false,משקה אקטיביה אפרסק 2,שטראוס,IL,משקה אקטיביה אפרסק 1.2% ב,מיליליטרים,250.00,"100 מ""ל",false,,4.90,0.0196,true,1,1342639
7290105368904,false,שמנת עמידה לקצפת 32%,שטראוס,IL,שמנת מתוקה להקצפה 32% מהד,מיליליטרים,250.00,"100 מ""ל",false,,6.90,0.0276,true,1,1342682
7290105368928,false,"שמנת יטבתה 9% 200 מ""",שטראוס,IL,שמנת  9% 200 גר-מהדרין,גרמים,200.00,100 גרם,false,,3.00,0.0150,true,1,1342683
7290105369130,false,סימפוניה 5% בצל ירוק,שטראוס,IL,סימפוניה בצל ירוק,גרמים,200.00,100 גרם,false,,10.90,0.0545,true,1,1342687
7290105369451,false,ציטוס דולפינים 55 גר,שטראוס,IL,צטוס דולפינים 55,גרמים,55.00,100 גרם,false,,3.50,0.0636,true,1,1343915
7290105430458,false,סבון נוזלי פלמוליב ש,COLGATE PALMOLIVE,TR,פלמוליב שקדים 750מל חדש,מיליליטרים,750.00,"100 מ""ל",false,,17.90,0.0239,true,1,1339671
7290105430496,false,דאודורנט ספריי-כחול,COLGATE PALMOLIVE,MX,ספיד סטיק ספריי סטיין גאר,מיליליטרים,50.00,"100 מ""ל",false,,24.90,0.4980,true,1,1339675
7290105431868,false,סבון נוזלי פלמוליב ל,COLGATE PALMOLIVE,TR,פלמוליב ספא קוקוס גרגרים,מיליליטרים,500.00,"100 מ""ל",false,,15.90,0.0318,true,1,1339686
7290105434067,false,דאודורנט ספיד סטיק 8,,,דאודורנט ספיד סטיק 8,גרמים,85.00,100 גרם,false,,19.90,0.2341,true,1,1395325
7290105438539,false,נייר אפייה קוקי,,,נייר אפייה קוקי,יח',40.00,יח',false,,12.90,0.3225,true,1,1917254
7290105438546,false,נייר אפייה קוקי פרימ,,,נייר אפייה קוקי פרימ,יח',40.00,יח',false,,12.90,0.3225,true,1,1917255
7290105439499,false,מיונז מאסטר שף,,,מיונז מאסטר שף,גרמים,481.00,100 גרם,false,,11.90,0.0247,true,1,1406248
7290105439505,false,מיונז לייט מאסטר שף,,,מיונז לייט מאסטר שף,גרמים,479.00,100 גרם,false,,11.90,0.0248,true,1,1641589
7290105439581,false,חרדל צרפתי 370 גרם מ,,,חרדל צרפתי 370 גרם מ,גרמים,370.00,100 גרם,false,,11.90,0.0322,true,1,1403578
7290105500151,false,וודקה פינלנדיה 700 מ,,,וודקה פינלנדיה 700 מ,מיליליטרים,700.00,"100 מ""ל",false,,64.90,0.0927,true,1,1775976
7290105500236,false,ויסקי ג'ק דניאלס.,,,ויסקי ג'ק דניאלס.,מיליליטרים,700.00,"100 מ""ל",false,,110.00,0.1571,true,1,1775977
7290105501547,false,וודקה גריי גוס 700 מ,,,וודקה גריי גוס 700 מ,מיליליטרים,700.00,"100 מ""ל",false,,119.90,0.1713,true,1,2271170
7290105541697,false,קינואה 500 גרם,,,קינואה 500 גרם,גרמים,500.00,100 גרם,false,,9.90,0.0198,true,1,1329006
7290105546609,false,בורגר בקר 400 גרם,,,בורגר בקר 400 גרם,גרמים,400.00,100 גרם,false,,24.90,0.0622,true,1,1361363
7290105546616,false,קבב רומני 400 גרם,,,קבב רומני 400 גרם,גרמים,400.00,100 גרם,false,,24.90,0.0622,true,1,1361364
7290105546623,false,קבב מזרחי 400 גרם,,,קבב מזרחי 400 גרם,גרמים,400.00,100 גרם,false,,24.90,0.0622,true,1,1361365
7290105546630,false,קבב כבש 400 גרם,,,קבב כבש 400 גרם,גרמים,400.00,100 גרם,false,,29.90,0.0747,true,1,1361366
7290105548634,false,טורטייה 840 גרם.,,,טורטייה 840 גרם.,גרמים,840.00,100 גרם,false,,14.90,0.0177,true,1,1349903
7290105691224,false,חטיפי טורטיה שום בצל,פרח תעשיות מזון,IL,אסם חטיפי פריכונים טורטיה,גרמים,60.00,100 גרם,false,,6.90,0.1150,true,1,1306020
7290105691248,false,חטיפי טורטיה תירס,פרח תעשיות מזון,IL,אסם חטיפי פריכונים טורטיה,גרמים,60.00,100 גרם,false,,6.90,0.1150,true,1,1306021
7290105691934,false,קמח אוסם שמרים.,תחנת קמח המפרץ,IL,אסם קמח שמרים לעוגות שמרי,קילוגרמים,1.00,"ק""ג",false,,9.90,9.9000,true,1,1306030
7290105693341,false,מארז במבה אסם 10*25,אסם תעשיות,IL,במבה אריזת תינוק 25 גרם מ,גרמים,250.00,100 גרם,false,,15.90,0.0636,true,1,1306043
7290105693457,false,עוגת הבית דמקה שוקו,אסם תעשיות,IL,אסם הבית עוגת דמקה בטעם ש,גרמים,320.00,100 גרם,false,,12.90,0.0403,true,1,1306044
7290105693952,false,פירורית פירורי לחם ז,עינת תעשיות מזון,IL,אסם פירורית זהב עם שומשום,גרמים,200.00,100 גרם,false,,5.50,0.0275,true,1,1306048
7290105694614,false,פסטה אסם ספגטי 3 דקו,זארה,IT,אסם פסטה ספגטי מהיר הכנה,גרמים,500.00,100 גרם,false,,6.90,0.0138,true,1,1306055
7290105695024,false,פתיתים אפויים אורז ע,אסם תעשיות,IL,אסם פתיתים אפויים אורז עם,גרמים,500.00,100 גרם,false,,7.90,0.0158,true,1,1306066
7290105695321,false,עוגת בראוניס טעם פאד,אסם תעשיות,IL,אסם הבית עוגת בראוניס פאד,גרמים,380.00,100 גרם,false,,15.90,0.0418,true,1,1306071
7290105965738,false,דנונה לשתייה תות בננ,שטראוס,IL,דנונה לשתיה תות בננה 267ג,גרמים,267.00,100 גרם,false,,4.90,0.0184,true,1,1342706
7290105966469,false,חומץ בלסמי יד מורדכי,ACATAIA GIUSEPPE CRE,IT,חומץ בלסמי יד מרדכי,מיליליטרים,250.00,"100 מ""ל",false,,12.90,0.0516,true,1,1343501
7290105968654,false,רביולי בטטה פרווה 40,שטראוס,IL,רביולי בטטה פרווה 400 גרם,גרמים,400.00,100 גרם,false,,18.90,0.0472,true,1,1342721
7290105968777,false,אנרגי פירכיות שוקולד,שטראוס,IL,פריכיות אנרג'י שוק.מריר,גרמים,70.00,100 גרם,false,,7.90,0.1129,true,1,1343513
7290106509818,false,תחבושות אולוויז פלטי,,,תחבושות אולוויז פלטי,יח',48.00,יח',false,,39.90,0.8312,true,1,2162223
7290106509825,false,תחבושות אולוויז פלטי,,,תחבושות אולוויז פלטי,יח',28.00,יח',false,,39.90,1.4250,true,1,2162224
7290106520066,false,גלילי וופל רבע לשבע.,הגביע מוצרי וופלים,IL,רבע לשבע,גרמים,160.00,100 גרם,false,,10.90,0.0681,true,1,1343516
7290106520288,false,דנונה WOW תות 2.4% ש,,,דנונה WOW תות 2.4% ש,גרמים,150.00,100 גרם,false,,4.50,0.0300,true,1,1403749
7290106520912,false,שמנת לבישול 9% שומן,שטראוס,IL,שמנת לבישול 9% מהדרין,מיליליטרים,250.00,"100 מ""ל",false,,7.90,0.0316,true,1,1342729
7290106521926,false,קפה טורקי 150 גרם,,,קפה טורקי 150 גרם,גרמים,150.00,100 גרם,false,,12.90,0.0860,true,1,2276761
7290106525320,false,שוקולית לאפייה קופסא,שטראוס,IL,שוקולית לאפיה,גרמים,500.00,100 גרם,false,,11.90,0.0238,true,1,1343549
7290106525368,false,רבע לשבע אין סייד אא,הגביע מוצרי וופלים,IL,רבע שבע אין סייד אוט,גרמים,125.00,100 גרם,false,,10.90,0.0872,true,1,1691735
7290106525399,false,קפסולות למכונות נספר,,,קפסולות למכונות נספר,גרמים,50.00,100 גרם,false,,16.50,0.3300,true,1,1424704
7290106526822,false,פרכיות אורז מצופה בש,שטראוס,IL,פריכיות אנרגי תחתית שוק.ח,גרמים,80.00,100 גרם,false,,7.90,0.0988,true,1,1343567
7290106528567,false,דוריטוס גריל 185 גר,,,דוריטוס גריל 185 גר,גרמים,185.00,100 גרם,false,,7.90,0.0427,true,1,1419581
7290106528628,false,דוריטוס טבעי 185 גר,,,דוריטוס טבעי 185 גר,גרמים,185.00,100 גרם,false,,7.90,0.0427,true,1,1419582
7290106571921,false,עוגיות חמוציות פיטנס,אסם תעשיות,IL,פיטנס עוגיות עם חמוציות 1,גרמים,180.00,100 גרם,false,,10.90,0.0606,true,1,1306103
7290106572027,false,לחמית חמישה דגנים.,אסם תעשיות,IL,לחמית חמישה דגנים 190 גרם,גרמים,190.00,100 גרם,false,,7.90,0.0416,true,1,1306105
7290106572065,false,חטיפי טורטיה חמוץ מת,פרח תעשיות מזון,IL,אסם חטיפי פריכונים טורטיה,גרמים,60.00,100 גרם,false,,6.90,0.1150,true,1,1306106
7290106572959,false,מארז אפרופו קלאסי 5*,אסם תעשיות,IL,אפרופו קלאסי 25 גרם מארז,גרמים,125.00,100 גרם,false,,11.90,0.0952,true,1,1306114
7290106572997,false,קמח אוסם שמרים לפיצה,תחנת קמח המפרץ,IL,"אסם קמח שמרים לפיצה 1 ק""ג",קילוגרמים,1.00,"ק""ג",false,,9.90,9.9000,true,1,1306116
7290106573024,false,סירופ אננס דיאט 1 לי,בית השיטה,IL,עסיס סירופ דיאט בטעם אננס,ליטרים,1.00,ליטר,false,,16.90,16.9000,true,1,1306117
7290106573277,false,קרקר קריספי עם זיתים,אסם תעשיות,IL,אסם קריספי טאפאס זיתים 15,גרמים,150.00,100 גרם,false,,10.90,0.0727,true,1,1306120
7290106574953,false,בייגלה שטוחים עם שומ,אסם תעשיות,IL,אסם בייגלה שטוחים שומשום,גרמים,300.00,100 גרם,false,,10.90,0.0363,true,1,1306145
7290106574977,false,בייגלה שטוחים עם מלח,אסם תעשיות,IL,אסם בייגלה שטוחים עם מלח,גרמים,300.00,100 גרם,false,,10.90,0.0363,true,1,1306146
7290106575257,false,עוגת סופלה בטעם שוקו,אסם תעשיות,IL,אסם הבית עוגת סופלה בטעם,גרמים,340.00,100 גרם,false,,12.90,0.0379,true,1,1306152
7290106575332,false,פתיתים אפויים פלוס ב,קוסקוס,IL,אסם פתיתים פלוס בורגול 40,גרמים,400.00,100 גרם,false,,7.90,0.0198,true,1,1306156
7290106575431,false,עוגת סופלה בטעם שוקו,אסם תעשיות,IL,אסם הבית עוגת סופלה בטעם,גרמים,340.00,100 גרם,false,,12.90,0.0379,true,1,1306158
7290106576537,false,חומוס מסעדה 700 גרם,צבר,IL,צבר חומוס מסעדה 700 גרם,גרמים,700.00,100 גרם,false,,10.90,0.0156,true,1,1306174
7290106576810,false,גלידה ל'קרמריה ריבת,גלידות נסטלה,IL,לה קרמריה ריבת חלב,ליטרים,1.40,ליטר,false,,20.90,14.9286,true,1,1330387
7290106576858,false,גלידה ל'קרמריה תותים,גלידות נסטלה,IL,לה קרמריה תותים בשמנת,ליטרים,1.40,ליטר,false,,20.90,14.9286,true,1,1330389
7290106576957,false,גלידה ל'קרמריה שוקו,גלידות נסטלה,IL,לה קרמריה שוקו וניל פליק,ליטרים,1.40,ליטר,false,,20.90,14.9286,true,1,1330393
7290106577527,false,קולסלו 400 גרם,צבר,IL,צבר סלט קולסלו כרוב לבן ו,גרמים,400.00,100 גרם,false,,10.90,0.0273,true,1,1306188
7290106577541,false,כרוב אדום 400 גרם,צבר,IL,צבר סלט כרוב אדום 400 גרם,גרמים,400.00,100 גרם,false,,10.90,0.0273,true,1,1306189
7290106578692,false,ביסלי במבה מיקס,,,ביסלי במבה מיקס,גרמים,80.00,100 גרם,false,,4.50,0.0563,true,1,1306206
7290106578821,false,עוגת שמרים שוקולד קל,אסם תעשיות,IL,אסם הבית עוגת שמרים שוקול,גרמים,350.00,100 גרם,false,,15.90,0.0454,true,1,1306208
7290106653504,false,בוטנים סבבה עלית ברב,,,בוטנים סבבה עלית ברב,גרמים,50.00,100 גרם,false,,1.90,0.0380,true,1,2197186
7290106654099,false,מאגדת 8 מילקי cake,,,מאגדת 8 מילקי cake,גרמים,272.00,100 גרם,false,,17.90,0.0658,true,1,1406066
7290106662025,false,תפוצ'יפס 50 גרם מלח,,,תפוצ'יפס 50 גרם מלח,גרמים,50.00,100 גרם,false,,3.90,0.0780,true,1,1458086
7290106663503,false,קונפטורה לייט תות,בית אל מזון,IL,קונפיטורת תות שדה לייט,גרמים,230.00,100 גרם,false,,12.90,0.0561,true,1,1343673
7290106666788,false,סוכריות דבש ממולאות,מיישקו,PL,סוכריות דבש ממולאות,גרמים,80.00,100 גרם,false,,4.90,0.0613,true,1,1343685
7290106667266,false,דוריטוס חמוץ חריף 18,,,דוריטוס חמוץ חריף 18,גרמים,185.00,100 גרם,false,,7.90,0.0427,true,1,1419584
7290106668577,false,מיץ לימון טבעי יד מר,,IL,מיץ לימון יכין 1 ליטר,מיליליטרים,250.00,"100 מ""ל",false,,6.90,0.0276,true,1,1370033
7290106668713,false,דנונה פירות יער 3% ש,שטראוס,IL,דנונה תות 3%,גרמים,150.00,100 גרם,false,,3.40,0.0227,true,1,1374094
7290106720626,false,ציטוס גבינה 80 גר,,,ציטוס גבינה 80 גר,גרמים,80.00,100 גרם,false,,3.90,0.0487,true,1,1567651
7290106721913,false,קופסאת מסטיק מאסט מנ,שטראוס,IL,כשלפ בזוקה רגיל 30,גרמים,66.00,100 גרם,false,,8.90,0.1348,true,1,1343714
7290106721920,false,קופסאת מסטיק מאסט ספ,שטראוס,IL,כשלפ בזוקה רגיל 30,גרמים,66.00,100 גרם,false,,8.90,0.1348,true,1,1343715
7290106726178,false,דנונה WOW  פירות יער,,,דנונה WOW  פירות יער,גרמים,150.00,100 גרם,false,,4.50,0.0300,true,1,1394666
7290106727984,false,גביע פצפצים 135 גרם,,,גביע פצפצים 135 גרם,גרמים,135.00,100 גרם,false,,8.90,0.0659,true,1,1468308
7290106729650,false,מארז 8 דנונה תות 3%,,,מארז 8 דנונה תות 3%,גרמים,1200.00,100 גרם,false,,22.90,0.0191,true,1,1415639
7290107280020,false,מארז שלישיה מגבונים,דינאמיק תעשיות,IL,מטליות לניקוי כללי50*3יח,יח',150.00,יח',false,,19.90,0.1327,true,1,1320814
7290107280037,false,מגבונים עבים לניקוי,דינאמיק תעשיות,IL,50מגבונים לניקוי כללי,יח',50.00,יח',false,,8.90,0.1780,true,1,1320815
7290107280068,false,זוג תבניות אלומיניום,,,זוג תבניות אלומיניום,יח',2.00,יח',false,,7.90,3.9500,true,1,1320817
7290107280075,false,מארז 4 תבניות אלומינ,,,מארז 4 תבניות אלומינ,יח',4.00,יח',false,,7.90,1.9750,true,1,1320818
7290107280082,false,מארז 7 תבניות אלומינ,,,מארז 7 תבניות אלומינ,יח',7.00,יח',false,,7.90,1.1286,true,1,1320819
7290107280099,false,מארז שלישייה מגבוני,טרופיקל דגיל,IL,מגבוני נייר טואלט3*48יח,יח',144.00,יח',false,,15.90,0.1104,true,1,1320820
7290107280129,false,שקיות אשפה XXL גדולו,אשפלסט תעשיות,IL,שקיות אשפה חזקות 20יח,יח',20.00,יח',false,,22.90,1.1450,true,1,1320822
7290107280341,false,ריצפז פרש מטליות ענק,,,ריצפז פרש מטליות ענק,יח',10.00,יח',false,,14.90,1.4900,true,1,2169071
7290107280389,false,ג'ט לניקוי יסודי לאמ,סנו,IL,"מתז ג'ט לאמבט 750 מ""ל",מיליליטרים,750.00,"100 מ""ל",false,,8.90,0.0119,true,1,1320829
7290107280396,false,ג'ט לניקוי יסודי למט,סנו,IL,"מתז ג'ט למטבח 750 מ""ל",מיליליטרים,750.00,"100 מ""ל",false,,8.90,0.0119,true,1,1320830
7290107280563,false,ג'ל אוקסיג'ן בייבי ל,סנו,IL,ג'ל אוקסיג'ן בייבי 3 ל,ליטרים,3.00,ליטר,false,,29.90,9.9667,true,1,1320836
7290107280570,false,ג'ל כביסה מקסימה מרו,סנו,IL,ג'ל לכביסה מעורבת 3ל,ליטרים,3.00,ליטר,false,,29.90,9.9667,true,1,1320837
7290107280587,false,שלישייה סנובון לאסלה,,,שלישייה סנובון לאסלה,גרמים,165.00,100 גרם,false,,11.90,0.0721,true,1,1395643
7290107280594,false,שלישייה סנובון לאסלה,,,שלישייה סנובון לאסלה,גרמים,165.00,100 גרם,false,,11.90,0.0721,true,1,1395644
7290107280655,false,אבקת כביסה מקסימה 3.,סנו,IL,מקסימה בייבי 3.25קג,קילוגרמים,3.25,"ק""ג",false,,29.90,9.2000,true,1,1320838
7290107280723,false,נוזל לכלים סנו ספארק,סנו,IL,נוזל לכלים לימון 700מל,מיליליטרים,700.00,"100 מ""ל",false,,9.90,0.0141,true,1,1320842
7290107280747,false,נוזל לכלים סנו ספארק,סנו,IL,"נוזל לכלים קלאסי 700מ""ל",מיליליטרים,700.00,"100 מ""ל",false,,9.90,0.0141,true,1,1320844
7290107280754,false,נוזל לכלים סנו ספארק,סנו,IL,"נוזל לכלים שקד 700 מ""ל",מיליליטרים,700.00,"100 מ""ל",false,,9.90,0.0141,true,1,1320845
7290107280761,false,נוזל לכלים סנו ספארק,סנו,IL,סנו ספארק לכלים לימון1ל,ליטרים,1.00,ליטר,false,,12.90,12.9000,true,1,1320846
7290107280822,false,ריצפז פרש הום תרכיז,סנו,IL,ריצפז פרש הום ספא 2 ליטר,ליטרים,2.00,ליטר,false,,19.90,9.9500,true,1,1320847
7290107645584,false,מרק עוף אמיתי 400 גר,,,מרק עוף אמיתי 400 גר,גרמים,400.00,100 גרם,false,,24.90,0.0622,true,1,1815644
7290107645591,false,מרק בטעם עוף רכיבים,,,מרק בטעם עוף רכיבים,גרמים,400.00,100 גרם,false,,18.90,0.0472,true,1,1815655
7290107646062,false,מרק בצל 400 גר רכיבי,,,מרק בצל 400 גר רכיבי,גרמים,400.00,100 גרם,false,,24.90,0.0622,true,1,1815646
7290107646147,false,מאגדת חטיפי שוגי קור,,,מאגדת חטיפי שוגי קור,גרמים,156.00,100 גרם,false,,12.90,0.0827,true,1,1794695
7290107646154,false,מאגדת חטיפי קוקומן ק,,,מאגדת חטיפי קוקומן ק,גרמים,126.00,100 גרם,false,,12.90,0.1024,true,1,1794696
7290107646826,false,מאגדת חטיפי שוגי בטע,,,מאגדת חטיפי שוגי בטע,גרמים,156.00,100 גרם,false,,12.90,0.0827,true,1,1794702
7290107646895,false,רוטב עגבניות נפוליטנ,,,רוטב עגבניות נפוליטנ,גרמים,415.00,100 גרם,false,,12.90,0.0311,true,1,1827006
7290107646918,false,רוטב עגבניות לשקשוקה,,,רוטב עגבניות לשקשוקה,גרמים,415.00,100 גרם,false,,12.90,0.0311,true,1,1827008
7290107646963,false,ממרח ספייסי מיו תלמה,,,ממרח ספייסי מיו תלמה,גרמים,250.00,100 גרם,false,,7.90,0.0316,true,1,2317333
7290107646970,false,ממרח איולי שום תלמה,,,ממרח איולי שום תלמה,גרמים,250.00,100 גרם,false,,7.90,0.0316,true,1,2317334
7290107647731,false,"קוקומן 375 גרם בד""צ",,,"קוקומן 375 גרם בד""צ",גרמים,375.00,100 גרם,false,,19.90,0.0531,true,1,1688150
7290107647816,false,ברנפלקס ללא סוכר 500,,,ברנפלקס ללא סוכר 500,גרמים,500.00,100 גרם,false,,22.90,0.0458,true,1,1738115
7290107647823,false,תלמה ברנפלקס 500 גרם,,,תלמה ברנפלקס 500 גרם,גרמים,500.00,100 גרם,false,,22.90,0.0458,true,1,1738116
7290107647854,false,דגני שוגי מופחת סוכר,,,דגני שוגי מופחת סוכר,גרמים,500.00,100 גרם,false,,21.90,0.0438,true,1,1689346
7290107648943,false,ברנפלקס קרנצ'ים בטעם,,,ברנפלקס קרנצ'ים בטעם,גרמים,375.00,100 גרם,false,,22.90,0.0611,true,1,1836487
7290107648974,false,רוטב עגבניות בזיליקו,,,רוטב עגבניות בזיליקו,גרמים,415.00,100 גרם,false,,12.90,0.0311,true,1,1845182
7290107649100,false,בייגלה טבעות שומשום,,,בייגלה טבעות שומשום,גרמים,300.00,100 גרם,false,,9.90,0.0330,true,1,1989501
7290107649605,false,טבלאות קליק קורנפלקס,,,טבלאות קליק קורנפלקס,גרמים,85.00,100 גרם,false,,4.90,0.0576,true,1,1836465
7290107871297,false,חטיפי פריכונים מיני,פרח תעשיות מזון,IL,אסם פריכונים מיני עשבי תי,גרמים,23.00,100 גרם,false,,3.90,0.1696,true,1,1306240
7290107871990,false,פסטה צינורות 500 גרם,זארה,IT,אסם פסטה צינורות 500 גרם,גרמים,500.00,100 גרם,false,,5.90,0.0118,true,1,1306252
7290107874441,false,חטיפי פריכונים מיני,פרח תעשיות מזון,IL,אסם פריכונים מיני בצל מקו,גרמים,25.00,100 גרם,false,,3.90,0.1560,true,1,1306291
7290107874502,false,מארז ביסלי גריל.,,,מארז ביסלי גריל.,גרמים,220.00,100 גרם,false,,12.90,0.0586,true,1,1425717
7290107875271,false,מארז ביסלי ברביקיו .,,,מארז ביסלי ברביקיו .,גרמים,220.00,100 גרם,false,,12.90,0.0586,true,1,1425718
7290107875400,false,גלידה ל'קרמריה פיסטו,גלידות נסטלה,IL,לה קרמריה פיסטוק מוקה פרו,ליטרים,1.40,ליטר,false,,20.90,14.9286,true,1,1330408
7290107875820,false,קרוטונים אפויים בתיב,עינת תעשיות מזון,IL,קרוטונים אפויים בתיבול בי,גרמים,180.00,100 גרם,false,,10.90,0.0606,true,1,1306302
7290107877619,false,מארז במבה במילוי קרם,אסם תעשיות,IL,במבה במילוי קרם נוגט 60 ג,גרמים,150.00,100 גרם,false,,12.90,0.0860,true,1,1391722
7290107879132,false,פירכיות מיני שוקולד,,,פירכיות מיני שוקולד,גרמים,22.00,100 גרם,false,,4.90,0.2227,true,1,1477674
7290107930321,false,קונפיטורת דובדבן 340,בית אל מזון,IL,קונפיטורת תות  340 גרם,גרמים,340.00,100 גרם,false,,12.90,0.0379,true,1,1384836
7290107931397,false,חטיף כיף כף פצפצים,,,חטיף כיף כף פצפצים,גרמים,40.00,100 גרם,false,,4.90,0.1225,true,1,1419520
7290107932080,false,חלב 1ליטר בבקבוק 3%,,,חלב 1ליטר בבקבוק 3%,ליטרים,1.00,ליטר,false,,7.40,7.4000,true,1,1395818
7290107932134,false,חלב 1 ליטר בבקבוק 1%,,,חלב 1 ליטר בבקבוק 1%,ליטרים,1.00,ליטר,false,,7.40,7.4000,true,1,1395820
7290107934473,false,מארז 8 אקטיביה 1.5%,שטראוס,IL,מ.אקטיביה שמינייה 1.5% חג,גרמים,1200.00,100 גרם,false,,18.90,0.0157,true,1,1386510
7290107936309,false,דנונה יווני לבן,,,דנונה יווני לבן,גרמים,130.00,100 גרם,false,,3.40,0.0262,true,1,1475770
7290107936460,false,מארז 8 דנכול בטעם מע,,,מארז 8 דנכול בטעם מע,גרמים,800.00,100 גרם,false,,27.90,0.0349,true,1,1424216
7290107936965,false,ביסקויט עד חצות עיגו,,,ביסקויט עד חצות עיגו,גרמים,225.00,100 גרם,false,,12.90,0.0573,true,1,1716698
7290107937542,false,משקה אקטיביה תות 1.2,,,משקה אקטיביה תות 1.2,מיליליטרים,265.00,"100 מ""ל",false,,4.90,0.0185,true,1,1425317
7290107937634,false,קופסא מסטיק קוביות פ,,,קופסא מסטיק קוביות פ,גרמים,58.00,100 גרם,false,,8.90,0.1534,true,1,1477687
7290107937641,false,קופסא מסטיק בזוקה קו,,,קופסא מסטיק בזוקה קו,גרמים,58.00,100 גרם,false,,8.90,0.1534,true,1,1477688
7290107937856,false,קפסולות למכונות נספר,,,קפסולות למכונות נספר,גרמים,50.00,100 גרם,false,,16.50,0.3300,true,1,1472194
7290107940467,false,אקטיבייה 1.5% 200 גר,,,אקטיבייה 1.5% 200 גר,גרמים,200.00,100 גרם,false,,3.90,0.0195,true,1,1457180
7290107942355,false,תפוצ'יפס 60גרם מקלות,,,תפוצ'יפס 60גרם מקלות,גרמים,60.00,100 גרם,false,,3.90,0.0650,true,1,1491086
7290107943192,false,שמנת חמוצה מהערבה 27,,,שמנת חמוצה מהערבה 27,מיליליטרים,200.00,"100 מ""ל",false,,3.90,0.0195,true,1,1720335
7290107944472,false,סימפוניה שום שמיר 5%,,,סימפוניה שום שמיר 5%,גרמים,200.00,100 גרם,false,,10.90,0.0545,true,1,1488819
7290107950190,false,מעדן שטראוס דיאט שוק,,,מעדן שטראוס דיאט שוק,גרמים,130.00,100 גרם,false,,2.90,0.0223,true,1,1475784
7290107950206,false,מעדן שטראוס בטעם שוק,,,מעדן שטראוס בטעם שוק,גרמים,130.00,100 גרם,false,,2.90,0.0223,true,1,1475785
7290107951104,false,בפלות בטעם שוקולד 20,,,בפלות בטעם שוקולד 20,גרמים,200.00,100 גרם,false,,3.90,0.0195,true,1,1489490
7290107951111,false,בפלות בטעם לימון 200,,,בפלות בטעם לימון 200,גרמים,200.00,100 גרם,false,,3.90,0.0195,true,1,1489491
7290107951715,false,קופסא מסטיק קוביות ע,,,קופסא מסטיק קוביות ע,גרמים,58.00,100 גרם,false,,8.90,0.1534,true,1,1544467
7290107953559,false,מארז קפה טורקי אישי,,,מארז קפה טורקי אישי,גרמים,168.00,100 גרם,false,,17.90,0.1065,true,1,1494974
7290107954709,false,קונפיטורת פירות יער,,,קונפיטורת פירות יער,גרמים,340.00,100 גרם,false,,12.90,0.0379,true,1,1610962
7290107954976,false,משקה יטבתה פרו בטעם,,,משקה יטבתה פרו בטעם,מיליליטרים,350.00,"100 מ""ל",false,,5.90,0.0169,true,1,1654505
7290107956642,false,"תרסיס שמן זית 150 מ""",,,"תרסיס שמן זית 150 מ""",מיליליטרים,150.00,"100 מ""ל",false,,17.90,0.1193,true,1,1762661
7290107956901,false,קפסולות למכונות נספר,,,קפסולות למכונות נספר,גרמים,50.00,100 גרם,false,,16.50,0.3300,true,1,1731952
7290107956925,false,קפסולות למכונות נספר,,,קפסולות למכונות נספר,גרמים,50.00,100 גרם,false,,16.50,0.3300,true,1,1952394
7290107958035,false,מארז 8 יוגורט מתיקות,,,מארז 8 יוגורט מתיקות,גרמים,1200.00,100 גרם,false,,17.90,0.0149,true,1,1732362
7290107970129,false,דאודורנט רול און ליי,COLGATE PALMOLIVE,MX,ליידי 24/7 רול און ורוד ח,מיליליטרים,50.00,"100 מ""ל",false,,19.90,0.3980,true,1,1387844
7290107973038,false,סבון ידיים פלמוליב 3,,,סבון ידיים פלמוליב 3,מיליליטרים,300.00,"100 מ""ל",false,,10.90,0.0363,true,1,1628533
7290107973311,false,זוג מברשת שיניים קול,,,זוג מברשת שיניים קול,יח',2.00,יח',false,,24.90,12.4500,true,1,2280830
7290107973793,false,עגבניות שלמות 400 גר,,,עגבניות שלמות 400 גר,גרמים,400.00,100 גרם,false,,5.00,0.0125,true,1,1539748
7290107973809,false,עגבניות קוביות 400 ג,,,עגבניות קוביות 400 ג,גרמים,400.00,100 גרם,false,,5.00,0.0125,true,1,1539781
7290107974066,false,עלי טורטיה 5 דגנים מ,,,עלי טורטיה 5 דגנים מ,גרמים,320.00,100 גרם,false,,7.90,0.0247,true,1,1641598
7290107974073,false,עלי טורטיה מקמח לבן,,,עלי טורטיה מקמח לבן,גרמים,320.00,100 גרם,false,,7.90,0.0247,true,1,1641599
7290107974080,false,עלי טורטיה מקמח לבן,,,עלי טורטיה מקמח לבן,גרמים,746.00,100 גרם,false,,15.90,0.0213,true,1,1641600
7290107974301,false,דאודורנט ג'ל- ליידי,COLGATE PALMOLIVE,US,ליידי ספיד סטיק 24/7 גל ו,גרמים,65.00,100 גרם,false,,19.90,0.3062,true,1,1606599
7290107974806,false,אורז בסמטי מאסטר שף,,,אורז בסמטי מאסטר שף,קילוגרמים,1.00,"ק""ג",false,,11.90,11.9000,true,1,1641615
7290107974813,false,אורז יסמין מאסטר שף,,,אורז יסמין מאסטר שף,קילוגרמים,1.00,"ק""ג",false,,10.90,10.9000,true,1,1641616
7290107974820,false,ממרח מתובל ספייסי מא,,,ממרח מתובל ספייסי מא,גרמים,250.00,100 גרם,false,,6.90,0.0276,true,1,1641590
7290107975360,false,דאודורנט ג'ל ספיד סט,,,דאודורנט ג'ל ספיד סט,גרמים,65.00,100 גרם,false,,19.90,0.3062,true,1,1622596
7290107976848,false,סבון מוצק רביעייה פל,,,סבון מוצק רביעייה פל,גרמים,400.00,100 גרם,false,,16.90,0.0422,true,1,1732137
7290107976916,false,סבון ידיים פלמוליב ח,,,סבון ידיים פלמוליב ח,מיליליטרים,300.00,"100 מ""ל",false,,10.90,0.0363,true,1,1666683
7290107977456,false,ג'ל רחצה ושמפו לגבר,,,ג'ל רחצה ושמפו לגבר,מיליליטרים,750.00,"100 מ""ל",false,,17.90,0.0239,true,1,2164192
7290107977753,false,מרידול משחת שיניים פ,,,מרידול משחת שיניים פ,גרמים,75.00,100 גרם,false,,25.90,0.3453,true,1,2188060
7290107978330,false,איטריות דקות מאסטר ש,,,איטריות דקות מאסטר ש,גרמים,400.00,100 גרם,false,,5.00,0.0125,true,1,1628546
7290107978347,false,איטריות בנוניות מאסט,,,איטריות בנוניות מאסט,גרמים,400.00,100 גרם,false,,5.00,0.0125,true,1,1628547
7290107978453,false,חטיף קראנצ'וס גריל 5,,,חטיף קראנצ'וס גריל 5,גרמים,55.00,100 גרם,false,,3.90,0.0709,true,1,1681303
7290107978460,false,חטיף קראנצ'וס פלאפל,,,חטיף קראנצ'וס פלאפל,גרמים,55.00,100 גרם,false,,3.90,0.0709,true,1,1681304
7290107978637,false,מרידול משחת שיניים 7,,,מרידול משחת שיניים 7,גרמים,75.00,100 גרם,false,,19.90,0.2653,true,1,1787506
7290107979184,false,תבנית אלומיניום עם נ,,,תבנית אלומיניום עם נ,יח',3.00,יח',false,,12.90,4.3000,true,1,1663162
7290107979191,false,תבנית אלומיניום עם נ,,,תבנית אלומיניום עם נ,יח',2.00,יח',false,,12.90,6.4500,true,1,1663163
7290108200232,false,וניש גולד אבקה 470 ג,,,וניש גולד אבקה 470 ג,גרמים,470.00,100 גרם,false,,19.90,0.0423,true,1,1309512
7290108201437,false,"אבקת כביסה 2.5 ק""ג -",,,"אבקת כביסה 2.5 ק""ג -",קילוגרמים,2.50,"ק""ג",false,,24.90,9.9600,true,1,2059484
7290108201864,false,קפסולות ג'ל לכביסה -,,,קפסולות ג'ל לכביסה -,יח',28.00,יח',false,,29.90,1.0679,true,1,1858077
7290108350128,false,שקיות אשפה סנו סושי,אשפלסט תעשיות,IL,שקיות אשפה חזקות 40יח,יח',40.00,יח',false,,22.90,0.5725,true,1,1320857
7290108350142,false,שקיות רב שימושיות סנ,אשפלסט תעשיות,IL,35*25 שקיות רב שימושיות,יח',270.00,יח',false,,14.90,0.0552,true,1,1320858
7290108350180,false,מפיות מודפסות 100 יח,,,מפיות מודפסות 100 יח,יח',100.00,יח',false,,6.90,0.0690,true,1,1395604
7290108350203,false,כריות קרצוף עם ספוג,,,כריות קרצוף עם ספוג,יח',6.00,יח',false,,9.90,1.6500,true,1,1449976
7290108350210,false,שקיות אשפה סנו סושי,,,שקיות אשפה סנו סושי,יח',30.00,יח',false,,24.90,0.8300,true,1,1395646
7290108350258,false,נייר טואלט סופט 12 ג,,,נייר טואלט סופט 12 ג,מטרים,662.00,מטר,false,,29.90,0.0452,true,1,1400549
7290108350500,false,שלישייה סנובון לאסלה,,,שלישייה סנובון לאסלה,גרמים,165.00,100 גרם,false,,11.90,0.0721,true,1,1395647
7290108350531,false,נוזל לכלים סנו ספארק,סנו,IL,סנו ספארק לכלים לימון1ל,ליטרים,1.00,ליטר,false,,12.90,12.9000,true,1,1370229
7290108350548,false,נוזל לכלים סנו ספארק,סנו,IL,סנו ספארק לכלים לימון1ל,ליטרים,1.00,ליטר,false,,12.90,12.9000,true,1,1370230
7290108350555,false,נוזל לכלים סנו ספארק,סנו,IL,סנו ספארק לכלים לימון1ל,ליטרים,1.00,ליטר,false,,12.90,12.9000,true,1,1370231
7290108350586,false,נוזל לכלים סנו ספארק,,,נוזל לכלים סנו ספארק,ליטרים,1.50,ליטר,false,,14.90,9.9333,true,1,1395605
7290108350616,false,מרכך כביסה מקסימה סו,,,מרכך כביסה מקסימה סו,ליטרים,1.00,ליטר,false,,19.90,19.9000,true,1,1449977
7290108350623,false,מרכך כביסה מקסימה סו,,,מרכך כביסה מקסימה סו,ליטרים,1.00,ליטר,false,,19.90,19.9000,true,1,1449978
7290108350722,false,משחת שיניים אורביטול,,,משחת שיניים אורביטול,גרמים,70.00,100 גרם,false,,8.90,0.1271,true,1,2218130
7290108350739,false,משחת שיניים אורביטול,,,משחת שיניים אורביטול,גרמים,70.00,100 גרם,false,,8.90,0.1271,true,1,2019708
7290108351149,false,סנו ג'ט ניקוי כללי ו,,,סנו ג'ט ניקוי כללי ו,ליטרים,1.50,ליטר,false,,19.90,13.2667,true,1,1505294
7290108351156,false,סנו ג'ט ניקוי כללי ו,,,סנו ג'ט ניקוי כללי ו,ליטרים,1.50,ליטר,false,,19.90,13.2667,true,1,1497247
7290108351521,false,ג'ל כביסה מרוכז סנו,,,ג'ל כביסה מרוכז סנו,ליטרים,5.00,ליטר,false,,44.90,8.9800,true,1,1491790
7290108351545,false,מבשם אוויר פרש הום י,,,מבשם אוויר פרש הום י,מיליליטרים,200.00,"100 מ""ל",false,,12.90,0.0645,true,1,1886805
7290108351552,false,מתז לניקוי כללי ג'ט+,,,מתז לניקוי כללי ג'ט+,מיליליטרים,750.00,"100 מ""ל",false,,8.90,0.0119,true,1,1758699
7290108351569,false,מרסס למייבש כביסה סנ,,,מרסס למייבש כביסה סנ,מיליליטרים,750.00,"100 מ""ל",false,,17.90,0.0239,true,1,1639655
7290108351583,false,סנו ג'ט + לניקוי אסל,,,סנו ג'ט + לניקוי אסל,מיליליטרים,750.00,"100 מ""ל",false,,9.90,0.0132,true,1,1846748
7290108351613,false,ריצפז פרש הום תרכיז,,,ריצפז פרש הום תרכיז,ליטרים,2.00,ליטר,false,,19.90,9.9500,true,1,1577584
7290108351620,false,סנו פרש לוכד ריחות ר,,,סנו פרש לוכד ריחות ר,"י""ח",1.00,"י""ח",false,,12.90,12.9000,true,1,1681317
7290108351668,false,מטליות לחות לניקוי כ,,,מטליות לחות לניקוי כ,יח',50.00,יח',false,,8.90,0.1780,true,1,1886822
7290108351675,false,ג'ל כביסה מרוכז 5 לי,,,ג'ל כביסה מרוכז 5 לי,ליטרים,5.00,ליטר,false,,44.90,8.9800,true,1,1917948
7290108351682,false,ג'ל כביסה מרוכז סנו,,,ג'ל כביסה מרוכז סנו,ליטרים,5.00,ליטר,false,,44.90,8.9800,true,1,1917949
7290108351699,false,מגבונים לניקוי ג'ט+ח,,,מגבונים לניקוי ג'ט+ח,יח',150.00,יח',false,,19.90,0.1327,true,1,1917960
7290108351804,false,מרכך כביסה מרוכז מקס,,,מרכך כביסה מרוכז מקס,ליטרים,1.00,ליטר,false,,19.90,19.9000,true,1,2152746
7290108351811,false,מרכך כביסה מרוכז מקס,,,מרכך כביסה מרוכז מקס,ליטרים,1.00,ליטר,false,,19.90,19.9000,true,1,2152747
7290108351842,false,בושם מרוכז לכביסה FO,,,בושם מרוכז לכביסה FO,מיליליטרים,600.00,"100 מ""ל",false,,19.90,0.0332,true,1,2032214
7290108351859,false,בושם מרוכז לכביסה FO,,,בושם מרוכז לכביסה FO,מיליליטרים,600.00,"100 מ""ל",false,,19.90,0.0332,true,1,2032215
7290108351866,false,בושם מרוכז לכביסה FO,,,בושם מרוכז לכביסה FO,מיליליטרים,600.00,"100 מ""ל",false,,19.90,0.0332,true,1,2032216
7290108351910,false,טבליות למדיח סנו ספא,,,טבליות למדיח סנו ספא,יח',30.00,יח',false,,19.90,0.6633,true,1,2019658
7290108351927,false,טבליות למדיח סנו ספא,,,טבליות למדיח סנו ספא,יח',70.00,יח',false,,39.90,0.5700,true,1,2019664
7290108351941,false,שלישייה סנובון מוצק,,,שלישייה סנובון מוצק,יח',3.00,יח',false,,12.90,4.3000,true,1,2152749
7290108351958,false,שלישייה סנובון מוצק,,,שלישייה סנובון מוצק,יח',3.00,יח',false,,12.90,4.3000,true,1,2152750
7290108351965,false,ג'ט סבון אסלה מוצק ש,,,ג'ט סבון אסלה מוצק ש,יח',3.00,יח',false,,11.90,3.9667,true,1,2060322
7290108351972,false,מבשם אוויר פרש הום י,,,מבשם אוויר פרש הום י,מיליליטרים,200.00,"100 מ""ל",false,,12.90,0.0645,true,1,2163189
7290108351989,false,מבשם אוויר פרש הום י,,,מבשם אוויר פרש הום י,מיליליטרים,200.00,"100 מ""ל",false,,12.90,0.0645,true,1,2163190
7290108351996,false,מתז בייבי לחיטוי משט,,,מתז בייבי לחיטוי משט,מיליליטרים,750.00,"100 מ""ל",false,,8.90,0.0119,true,1,2104754
7290108352061,false,משחת שיניים אורביטול,,,משחת שיניים אורביטול,גרמים,145.00,100 גרם,false,,9.90,0.0683,true,1,2302177
7290108352078,false,אורביטול מי-פה פרוטק,,,אורביטול מי-פה פרוטק,מיליליטרים,500.00,"100 מ""ל",false,,14.90,0.0298,true,1,2197453
7290108352085,false,שטיפת פה שוקינג פרש,,,שטיפת פה שוקינג פרש,מיליליטרים,500.00,"100 מ""ל",false,,14.90,0.0298,true,1,2197454
7290108352092,false,משחת שיניים אורביטול,,,משחת שיניים אורביטול,גרמים,145.00,100 גרם,false,,9.90,0.0683,true,1,2197697
7290108352207,false,קפסולות ג'ל לכביסה מ,,,קפסולות ג'ל לכביסה מ,יח',40.00,יח',false,,29.90,0.7475,true,1,2189990
7290108352214,false,קפסולות ג'ל לכביסה מ,,,קפסולות ג'ל לכביסה מ,יח',40.00,יח',false,,29.90,0.7475,true,1,2189991
7290108352221,false,מבשם אוויר פרש הום נ,,,מבשם אוויר פרש הום נ,מיליליטרים,350.00,"100 מ""ל",false,,10.90,0.0311,true,1,2190348
7290108352252,false,נוזל לכלים סנו ספארק,,,נוזל לכלים סנו ספארק,ליטרים,1.00,ליטר,false,,12.90,12.9000,true,1,2197505
7290108352269,false,מטליות לחיטוי וניקוי,,,מטליות לחיטוי וניקוי,יח',400.00,יח',false,,34.90,0.0872,true,1,2189992
7290108352276,false,מטליות לחיטויי וניקו,,,מטליות לחיטויי וניקו,יח',10.00,יח',false,,14.90,1.4900,true,1,2186515
7290108352283,false,נוזל לחיטוי וניקוי ר,,,נוזל לחיטוי וניקוי ר,ליטרים,2.00,ליטר,false,,19.90,9.9500,true,1,2186516
7290108352290,false,מארז שלישיה מגבונים,,,מארז שלישיה מגבונים,יח',150.00,יח',false,,19.90,0.1327,true,1,2186517
7290108352313,false,שקית מילוי למתז חיטו,,,שקית מילוי למתז חיטו,מיליליטרים,750.00,"100 מ""ל",false,,9.90,0.0132,true,1,2189993
7290108352320,false,מבשם אוויר פרש הום נ,,,מבשם אוויר פרש הום נ,מיליליטרים,350.00,"100 מ""ל",false,,10.90,0.0311,true,1,2190349
7290108352337,false,מטהר אוויר פרש אוטומ,,,מטהר אוויר פרש אוטומ,מיליליטרים,250.00,"100 מ""ל",false,,12.90,0.0516,true,1,2190350
7290108352344,false,מטהר אוויר פרש אוטומ,,,מטהר אוויר פרש אוטומ,מיליליטרים,250.00,"100 מ""ל",false,,12.90,0.0516,true,1,2190351
7290108352351,false,תרסיס לחיטוי משטחים,,,תרסיס לחיטוי משטחים,מיליליטרים,400.00,"100 מ""ל",false,,19.90,0.0497,true,1,2189994
7290108352368,false,תוסף לחיטוי כביסה 99,,,תוסף לחיטוי כביסה 99,ליטרים,3.00,ליטר,false,,29.90,9.9667,true,1,2257555
7290108352382,false,מגבונים הגיינים לחיט,,,מגבונים הגיינים לחיט,יח',20.00,יח',false,,9.90,0.4950,true,1,2206851
7290108352399,false,ריצפז פרש הום תרכיז,,,ריצפז פרש הום תרכיז,ליטרים,2.00,ליטר,false,,19.90,9.9500,true,1,2275069
7290108352405,false,מבשם אוויר פרש הום v,,,מבשם אוויר פרש הום v,מיליליטרים,300.00,"100 מ""ל",false,,10.90,0.0363,true,1,2197518
7290108352436,false,שלישייה סנובון לאסלה,,,שלישייה סנובון לאסלה,גרמים,165.00,100 גרם,false,,19.90,0.1206,true,1,2221672
7290108352443,false,שלישייה סנובון לאסלה,,,שלישייה סנובון לאסלה,גרמים,165.00,100 גרם,false,,19.90,0.1206,true,1,2221673
7290108352450,false,ריצפז פרש הום תרכיז,,,ריצפז פרש הום תרכיז,ליטרים,2.00,ליטר,false,,19.90,9.9500,true,1,2213884
7290108352528,false,מתז לחיטוי וניקוי חד,,,מתז לחיטוי וניקוי חד,מיליליטרים,750.00,"100 מ""ל",false,,8.90,0.0119,true,1,2241128
7290108352535,false,דפי בישום למייבש כבי,,,דפי בישום למייבש כבי,יח',20.00,יח',false,,12.90,0.6450,true,1,2274258
7290108352566,false,מרכך כביסה מקסימה 4,,,מרכך כביסה מקסימה 4,ליטרים,4.00,ליטר,false,,22.90,5.7250,true,1,2269279
7290108352573,false,מרכך כביסה מקסימה CA,,,מרכך כביסה מקסימה CA,ליטרים,4.00,ליטר,false,,22.90,5.7250,true,1,2289310
7290108352603,false,מגבוני אף סנו סופט ב,,,מגבוני אף סנו סופט ב,יח',56.00,יח',false,,7.90,0.1411,true,1,1471133
7290108352641,false,שלישיית מטליות הפלא,,,שלישיית מטליות הפלא,יח',3.00,יח',false,,14.90,4.9667,true,1,1681335
7290108352689,false,כריות קרצוף לליכלוך,,,כריות קרצוף לליכלוך,יח',9.00,יח',false,,9.90,1.1000,true,1,1449938
7290108352702,false,מארז שלישייה מגבוני,,,מארז שלישייה מגבוני,יח',144.00,יח',false,,15.90,0.1104,true,1,1424896
7290108352788,false,שקיות זיפר 20 יח' מי,,,שקיות זיפר 20 יח' מי,יח',20.00,יח',false,,12.90,0.6450,true,1,2019745
7290108352795,false,שקיות זיפר 50 יח' מי,,,שקיות זיפר 50 יח' מי,יח',50.00,יח',false,,12.90,0.2580,true,1,2019746
7290108352801,false,סושי שקיות אשפה 45*5,,,סושי שקיות אשפה 45*5,יח',100.00,יח',false,,19.90,0.1990,true,1,1846750
7290108352818,false,מטלית במבוק לניקוי ס,,,מטלית במבוק לניקוי ס,יח',1.00,יח',false,,8.90,8.9000,true,1,2019723
7290108352825,false,ספוג הפלא נירוסטה סנ,,,ספוג הפלא נירוסטה סנ,יח',3.00,יח',false,,9.90,3.3000,true,1,1886824
7290108352849,false,שלישיית מטליות הפלא,,,שלישיית מטליות הפלא,יח',3.00,יח',false,,14.90,4.9667,true,1,2197506
7290108352887,false,זוג מפות שולחן לבנות,,,זוג מפות שולחן לבנות,יח',2.00,יח',false,,9.90,4.9500,true,1,1960794
7290108352894,false,מפת שולחן חגיגית סנו,,,מפת שולחן חגיגית סנו,יח',1.00,יח',false,,7.90,7.9000,true,1,2019716
7290108352924,false,כפפות ניטריל כחולות,,,כפפות ניטריל כחולות,יח',80.00,יח',false,,28.90,0.3612,true,1,2032218
7290108352931,false,כפפות ניטריל כחולות,,,כפפות ניטריל כחולות,יח',80.00,יח',false,,28.90,0.3612,true,1,2032219
7290108352962,false,3 תבניות עמוקות סנו,,,3 תבניות עמוקות סנו,יח',3.00,יח',false,,14.90,4.9667,true,1,2032222
7290108353006,false,שקיות מזון נקשרות סנ,,,שקיות מזון נקשרות סנ,יח',250.00,יח',false,,12.90,0.0516,true,1,2128879
7290108353020,false,תבנית אפייה מלבנית מ,,,תבנית אפייה מלבנית מ,יח',4.00,יח',false,,11.90,2.9750,true,1,2157303
7290108353044,false,תבניות אפייה למאפינס,,,תבניות אפייה למאפינס,יח',24.00,יח',false,,9.90,0.4125,true,1,2157305
7290108353051,false,תבניות אפייה למאפינס,,,תבניות אפייה למאפינס,יח',24.00,יח',false,,9.90,0.4125,true,1,2157306
7290108353068,false,כרית קירצוף עם סיבי,,,כרית קירצוף עם סיבי,יח',2.00,יח',false,,9.90,4.9500,true,1,2157325
7290108353075,false,מפיות אירוח סנו סושי,,,מפיות אירוח סנו סושי,יח',50.00,יח',false,,9.90,0.1980,true,1,2128880
7290108353099,false,מארז חמישייה ממחטות,,,מארז חמישייה ממחטות,יח',500.00,יח',false,,11.90,0.0238,true,1,2168167
7290108353334,false,"שמפו כיף 700 מ""ל עם",,,"שמפו כיף 700 מ""ל עם",מיליליטרים,700.00,"100 מ""ל",false,,14.90,0.0213,true,1,2163266
7290108353341,false,"מרכך כיף 700 מ""ל עם",,,"מרכך כיף 700 מ""ל עם",מיליליטרים,700.00,"100 מ""ל",false,,14.90,0.0213,true,1,2163267
7290108353372,false,מברשת שיניים NANO פח,,,מברשת שיניים NANO פח,יח',2.00,יח',false,,29.90,14.9500,true,1,2302178
7290108353402,false,צמד מברשות שיניים או,,,צמד מברשות שיניים או,יח',2.00,יח',false,,14.90,7.4500,true,1,2179661
7290108353426,false,צמד מברשות שיניים או,,,צמד מברשות שיניים או,יח',2.00,יח',false,,14.90,7.4500,true,1,2179663
7290108353433,false,שטיפת פה PROTECT & F,,,שטיפת פה PROTECT & F,מיליליטרים,500.00,"100 מ""ל",false,,19.90,0.0398,true,1,2019717
7290108353440,false,מברשת שיניים NANO או,,,מברשת שיניים NANO או,יח',2.00,יח',false,,29.90,14.9500,true,1,2257928
7290108353501,false,סושי שקיות אשפה 75*9,,,סושי שקיות אשפה 75*9,יח',25.00,יח',false,,21.90,0.8760,true,1,2173157
7290108353525,false,4 תבניות אלומיניום ע,,,4 תבניות אלומיניום ע,יח',4.00,יח',false,,9.90,2.4750,true,1,2168141
7290108353532,false,סושי שקיות אשפה 54*6,,,סושי שקיות אשפה 54*6,יח',100.00,יח',false,,29.90,0.2990,true,1,2173158
7290108353549,false,נייר אפיה סנו סושי 1,,,נייר אפיה סנו סושי 1,יח',100.00,יח',false,,19.90,0.1990,true,1,2173159
7290108353563,false,צלחות מקנה סוכר טבעי,,,צלחות מקנה סוכר טבעי,יח',25.00,יח',false,,19.90,0.7960,true,1,2197729
7290108353570,false,צלחות מקנה סוכר טבעי,,,צלחות מקנה סוכר טבעי,יח',25.00,יח',false,,9.90,0.3960,true,1,2197737
7290108353587,false,קעריות מקנה סוכר טבע,,,קעריות מקנה סוכר טבע,יח',25.00,יח',false,,13.90,0.5560,true,1,2197738
7290108353594,false,צלוחיות מקנה סוכר טב,,,צלוחיות מקנה סוכר טב,יח',25.00,יח',false,,9.90,0.3960,true,1,2197739
7290108353648,false,שקיות אוכל מנייר = מ,,,שקיות אוכל מנייר = מ,יח',70.00,יח',false,,10.90,0.1557,true,1,2217048
7290108353662,false,מפת שולחן מוטבעת סנו,,,מפת שולחן מוטבעת סנו,יח',1.00,יח',false,,10.90,10.9000,true,1,2282873
7290108353679,false,מפות ניילון שקופות 1,,,מפות ניילון שקופות 1,יח',10.00,יח',false,,14.90,1.4900,true,1,2189995
7290108353686,false,מטלית חלומית לרצפה ס,,,מטלית חלומית לרצפה ס,יח',1.00,יח',false,,16.90,16.9000,true,1,2197499
7290108353709,false,כפפות ניטריל שחורות,,,כפפות ניטריל שחורות,יח',80.00,יח',false,,28.90,0.3612,true,1,2294789
7290108353723,false,תחליב רחצה קרמה חימר,,,תחליב רחצה קרמה חימר,מיליליטרים,500.00,"100 מ""ל",false,,16.90,0.0338,true,1,2289626
7290108353730,false,תחליב רחצה קרמה חימר,,,תחליב רחצה קרמה חימר,מיליליטרים,500.00,"100 מ""ל",false,,16.90,0.0338,true,1,2290807
7290108353778,false,תחליב רחצה נקה 7 שוו,,,תחליב רחצה נקה 7 שוו,מיליליטרים,750.00,"100 מ""ל",false,,12.90,0.0172,true,1,2206871
7290108353785,false,תחליב רחצה נקה 7 מרו,,,תחליב רחצה נקה 7 מרו,מיליליטרים,750.00,"100 מ""ל",false,,12.90,0.0172,true,1,2210718
7290108353792,false,תחליב רחצה נקה 7 פרי,,,תחליב רחצה נקה 7 פרי,מיליליטרים,750.00,"100 מ""ל",false,,12.90,0.0172,true,1,2206872
7290108353808,false,תחליב רחצה נקה 7 מדג,,,תחליב רחצה נקה 7 מדג,מיליליטרים,750.00,"100 מ""ל",false,,12.90,0.0172,true,1,2206873
7290108353839,false,כפפות ניטריל שחורות,,,כפפות ניטריל שחורות,יח',80.00,יח',false,,28.90,0.3612,true,1,2294790
7290108353891,false,דאודרנט קרמה רול און,,,דאודרנט קרמה רול און,מיליליטרים,75.00,"100 מ""ל",false,,12.90,0.1720,true,1,2197471
7290108353907,false,דאודרנט קרמה רול און,,,דאודרנט קרמה רול און,מיליליטרים,75.00,"100 מ""ל",false,,12.90,0.1720,true,1,2197472
7290108353952,false,דאודורנט קרמה ספריי,,,דאודורנט קרמה ספריי,מיליליטרים,150.00,"100 מ""ל",false,,12.90,0.0860,true,1,2257557
7290108353969,false,דאודורנט קרמה ספריי,,,דאודורנט קרמה ספריי,מיליליטרים,150.00,"100 מ""ל",false,,12.90,0.0860,true,1,2257549
7290108354034,false,סבון ידיים קרמה חמאת,,,סבון ידיים קרמה חמאת,מיליליטרים,300.00,"100 מ""ל",false,,9.90,0.0330,true,1,2197698
7290108354164,false,אל סבון כיף מועשר בש,,,אל סבון כיף מועשר בש,יח',3.00,יח',false,,19.90,6.6333,true,1,2218131
7290108354270,false,מרכך כביסה מרוכז מקס,,,מרכך כביסה מרוכז מקס,ליטרים,1.00,ליטר,false,,19.90,19.9000,true,1,2269280
7290108354355,false,מגבונים הגיינים לחיט,,,מגבונים הגיינים לחיט,יח',20.00,יח',false,,9.90,0.4950,true,1,2205348
7290108354362,false,אל סבון הגייני לידיי,,,אל סבון הגייני לידיי,מיליליטרים,500.00,"100 מ""ל",false,,9.90,0.0198,true,1,2217049
7290108354430,false,שמפו כיף שמן קוקוס ו,,,שמפו כיף שמן קוקוס ו,מיליליטרים,700.00,"100 מ""ל",false,,14.90,0.0213,true,1,2225726
7290108354447,false,מרכך כיף שמן קוקוס ו,,,מרכך כיף שמן קוקוס ו,מיליליטרים,700.00,"100 מ""ל",false,,14.90,0.0213,true,1,2225727
7290108354485,false,מרכך קרליין 10 לשיער,,,מרכך קרליין 10 לשיער,מיליליטרים,700.00,"100 מ""ל",false,,14.90,0.0213,true,1,2289627
7290108354492,false,שמפו קרליין 10 לשיער,,,שמפו קרליין 10 לשיער,מיליליטרים,700.00,"100 מ""ל",false,,14.90,0.0213,true,1,2289628
7290108354591,false,תחליב רחצה נקה 7 ביו,,,תחליב רחצה נקה 7 ביו,מיליליטרים,750.00,"100 מ""ל",false,,11.90,0.0159,true,1,2297767
7290108354607,false,נקה 7 שמפו ביו 750 מ,,,נקה 7 שמפו ביו 750 מ,מיליליטרים,750.00,"100 מ""ל",false,,11.90,0.0159,true,1,2297768
7290108354614,false,נקה 7 מרכך ביו 750 מ,,,נקה 7 מרכך ביו 750 מ,מיליליטרים,750.00,"100 מ""ל",false,,11.90,0.0159,true,1,2297769
7290108354706,false,תחליב רחצה קרמה מאסק,,,תחליב רחצה קרמה מאסק,מיליליטרים,500.00,"100 מ""ל",false,,16.90,0.0338,true,1,2260627
7290108354751,false,מתז לניקוי כללי ג'ט+,,,מתז לניקוי כללי ג'ט+,מיליליטרים,750.00,"100 מ""ל",false,,8.90,0.0119,true,1,1976541
7290108354782,false,קרם גוף קרמה ג'ינג'ר,,,קרם גוף קרמה ג'ינג'ר,מיליליטרים,500.00,"100 מ""ל",false,,24.90,0.0498,true,1,2206880
7290108354829,false,קרם ידיים קרמה ורד ו,,,קרם ידיים קרמה ורד ו,מיליליטרים,100.00,"100 מ""ל",false,,8.90,0.0890,true,1,2206644
7290108354973,false,סבון ידיים קרמה ורד,,,סבון ידיים קרמה ורד,מיליליטרים,300.00,"100 מ""ל",false,,9.90,0.0330,true,1,2197699
7290108355000,false,שמפו נקה 7 קידס מיני,,,שמפו נקה 7 קידס מיני,מיליליטרים,750.00,"100 מ""ל",false,,14.90,0.0199,true,1,1413094
7290108355031,false,אל סבון נקה 7 קידס מ,,,אל סבון נקה 7 קידס מ,מיליליטרים,750.00,"100 מ""ל",false,,14.90,0.0199,true,1,1413097
7290108355055,false,לחות לשיער עם גלייז,,,לחות לשיער עם גלייז,מיליליטרים,400.00,"100 מ""ל",false,,29.90,0.0747,true,1,1611067
7290108355116,false,אל סבון בייבי כיף לפ,,,אל סבון בייבי כיף לפ,מיליליטרים,750.00,"100 מ""ל",false,,17.90,0.0239,true,1,1960777
7290108355147,false,תחליב רחצה נקה 7 שמנ,,,תחליב רחצה נקה 7 שמנ,מיליליטרים,750.00,"100 מ""ל",false,,12.90,0.0172,true,1,1845178
7290108355154,false,נקה 7 שמפו שמני הזנה,,,נקה 7 שמפו שמני הזנה,מיליליטרים,750.00,"100 מ""ל",false,,11.90,0.0159,true,1,1845179
7290108355161,false,מרכך שיער נקה 7 שמני,,,מרכך שיער נקה 7 שמני,מיליליטרים,750.00,"100 מ""ל",false,,11.90,0.0159,true,1,1845180
7290108355178,false,קרם ידיים קרמה חמאת,,,קרם ידיים קרמה חמאת,מיליליטרים,100.00,"100 מ""ל",false,,8.90,0.0890,true,1,2206858
7290108355192,false,מרכך קרטין אינטנס למ,,,מרכך קרטין אינטנס למ,מיליליטרים,400.00,"100 מ""ל",false,,29.90,0.0747,true,1,1758995
7290108355208,false,שמפו קרטין אינטנס למ,,,שמפו קרטין אינטנס למ,מיליליטרים,400.00,"100 מ""ל",false,,29.90,0.0747,true,1,1758996
7290108355253,false,נקה 7 ג'ל רחצה לגבר,,,נקה 7 ג'ל רחצה לגבר,מיליליטרים,750.00,"100 מ""ל",false,,11.90,0.0159,true,1,1960132
7290108355260,false,נקה 7 שמפו+ג'ל רחצה+,,,נקה 7 שמפו+ג'ל רחצה+,מיליליטרים,750.00,"100 מ""ל",false,,11.90,0.0159,true,1,1960133
7290108355277,false,נקה 7 שמפו 2 ב-1 לגב,,,נקה 7 שמפו 2 ב-1 לגב,מיליליטרים,750.00,"100 מ""ל",false,,11.90,0.0159,true,1,1960134
7290108355307,false,נקה 7 שמפו לשיער רגי,,,נקה 7 שמפו לשיער רגי,מיליליטרים,750.00,"100 מ""ל",false,,11.90,0.0159,true,1,2128883
7290108355314,false,מרכך שיער נקה 7 לשיע,,,מרכך שיער נקה 7 לשיע,מיליליטרים,750.00,"100 מ""ל",false,,11.90,0.0159,true,1,2128884
7290108355451,false,דאודרנט קרמה רול און,,,דאודרנט קרמה רול און,מיליליטרים,75.00,"100 מ""ל",false,,12.90,0.1720,true,1,2217315
7290108355536,false,דאודורנט קרמה ספריי,,,דאודורנט קרמה ספריי,מיליליטרים,150.00,"100 מ""ל",false,,12.90,0.0860,true,1,2257558
7290108355543,false,דאודורנט קרמה ספריי,,,דאודורנט קרמה ספריי,מיליליטרים,150.00,"100 מ""ל",false,,12.90,0.0860,true,1,2257559
7290108355765,false,דאודורנט קרמה ספריי,,,דאודורנט קרמה ספריי,מיליליטרים,150.00,"100 מ""ל",false,,12.90,0.0860,true,1,2257560
7290108355802,false,תחליב רחצה קרמה ורד,,,תחליב רחצה קרמה ורד,מיליליטרים,700.00,"100 מ""ל",false,,12.90,0.0184,true,1,2197493
7290108355949,false,תחליב רחצה קרמה נרול,,,תחליב רחצה קרמה נרול,מיליליטרים,700.00,"100 מ""ל",false,,12.90,0.0184,true,1,2197486
7290108356106,false,תחליב רחצה כיף שקד 7,,,תחליב רחצה כיף שקד 7,מיליליטרים,700.00,"100 מ""ל",false,,12.90,0.0184,true,1,1968568
7290108356113,false,תחליב רחצה כיף דבש 7,,,תחליב רחצה כיף דבש 7,מיליליטרים,700.00,"100 מ""ל",false,,12.90,0.0184,true,1,1968569
7290108356120,false,תחליב רחצה כיף קוקוס,,,תחליב רחצה כיף קוקוס,מיליליטרים,700.00,"100 מ""ל",false,,12.90,0.0184,true,1,1968570
7290108356137,false,תחליב רחצה כיף לבנדר,,,תחליב רחצה כיף לבנדר,מיליליטרים,700.00,"100 מ""ל",false,,12.90,0.0184,true,1,1968571
7290108356151,false,תחליב רחצה כיף מאסק,,,תחליב רחצה כיף מאסק,מיליליטרים,700.00,"100 מ""ל",false,,12.90,0.0184,true,1,1968572
7290108356168,false,תחליב רחצה כיף אוקיי,,,תחליב רחצה כיף אוקיי,מיליליטרים,700.00,"100 מ""ל",false,,12.90,0.0184,true,1,1968573
7290108356175,false,אל סבון כיף אבטיח ומ,,,אל סבון כיף אבטיח ומ,ליטרים,1.00,ליטר,false,,8.90,8.9000,true,1,2193843
7290108356182,false,אל סבון כיף תאנה ותה,,,אל סבון כיף תאנה ותה,ליטרים,1.00,ליטר,false,,8.90,8.9000,true,1,2193849
7290108356199,false,אל סבון כיף אפרסק ופ,,,אל סבון כיף אפרסק ופ,ליטרים,1.00,ליטר,false,,8.90,8.9000,true,1,2193850
7290108356298,false,מוס רחצה כיף בניחוח,,,מוס רחצה כיף בניחוח,מיליליטרים,150.00,"100 מ""ל",false,,12.90,0.0860,true,1,2274260
7290108356489,false,תחליב רחצה כיף אפרסק,,,תחליב רחצה כיף אפרסק,מיליליטרים,700.00,"100 מ""ל",false,,14.90,0.0213,true,1,2289311
7290108356519,false,שמפו קרליין 10 לשיער,,,שמפו קרליין 10 לשיער,מיליליטרים,700.00,"100 מ""ל",false,,14.90,0.0213,true,1,2280663
7290108356526,false,שמפו קרליין 10 לשיער,,,שמפו קרליין 10 לשיער,מיליליטרים,700.00,"100 מ""ל",false,,14.90,0.0213,true,1,2280664
7290108356533,false,שמפו קרליין 10 לשיער,,,שמפו קרליין 10 לשיער,מיליליטרים,700.00,"100 מ""ל",false,,14.90,0.0213,true,1,2280672
7290108356540,false,שמפו קרליין 10 לשיער,,,שמפו קרליין 10 לשיער,מיליליטרים,700.00,"100 מ""ל",false,,14.90,0.0213,true,1,2280673
7290108356557,false,שמפו קרליין 10 למניע,,,שמפו קרליין 10 למניע,מיליליטרים,700.00,"100 מ""ל",false,,14.90,0.0213,true,1,2280674
7290108356564,false,מרכך קרליין 10 לשיער,,,מרכך קרליין 10 לשיער,מיליליטרים,700.00,"100 מ""ל",false,,14.90,0.0213,true,1,2280675
7290108356571,false,מרכך קרליין 10 לשיער,,,מרכך קרליין 10 לשיער,מיליליטרים,700.00,"100 מ""ל",false,,14.90,0.0213,true,1,2280676
7290108356588,false,מרכך קרליין 10 לשיער,,,מרכך קרליין 10 לשיער,מיליליטרים,700.00,"100 מ""ל",false,,14.90,0.0213,true,1,2280677
7290108356809,false,אל סבון כיף + משאבה,,,אל סבון כיף + משאבה,ליטרים,1.00,ליטר,false,,8.90,8.9000,true,1,2310486
7290108356816,false,אל סבון כיף + משאבה,,,אל סבון כיף + משאבה,ליטרים,1.00,ליטר,false,,8.90,8.9000,true,1,2310487
7290108356854,false,מגבונים לחים חמישייה,,,מגבונים לחים חמישייה,יח',320.00,יח',false,,19.90,0.0622,true,1,2239973
7290108356861,false,מגבונים לחים חמישייה,,,מגבונים לחים חמישייה,יח',320.00,יח',false,,19.90,0.0622,true,1,2239974
7290108357004,false,"שמפו כיף 700 מ""ל ורד",,,"שמפו כיף 700 מ""ל ורד",מיליליטרים,700.00,"100 מ""ל",false,,14.90,0.0213,true,1,2168174
7290108357011,false,"מרכך כיף 700 מ""ל ורד",,,"מרכך כיף 700 מ""ל ורד",מיליליטרים,700.00,"100 מ""ל",false,,14.90,0.0213,true,1,2168175
7290108357028,false,תחליב רחצה כיף 700 מ,,,תחליב רחצה כיף 700 מ,מיליליטרים,700.00,"100 מ""ל",false,,12.90,0.0184,true,1,2168176
7290108357080,false,דאודורנט  ספריי נושם,,,דאודורנט  ספריי נושם,מיליליטרים,150.00,"100 מ""ל",false,,12.90,0.0860,true,1,2289630
7290108357189,false,מרסס למייבש כביסה סנ,,,מרסס למייבש כביסה סנ,מיליליטרים,750.00,"100 מ""ל",false,,17.90,0.0239,true,1,2169078
7290108357196,false,מתז לניקוי כללי ג'ט+,,,מתז לניקוי כללי ג'ט+,מיליליטרים,750.00,"100 מ""ל",false,,8.90,0.0119,true,1,2246248
7290108357202,false,סנוקליר רב תכליתי בנ,,,סנוקליר רב תכליתי בנ,ליטרים,1.00,ליטר,false,,8.90,8.9000,true,1,2222557
7290108357226,false,אוקסיג'ן מסיר כתמים,,,אוקסיג'ן מסיר כתמים,גרמים,1400.00,100 גרם,false,,29.90,0.0214,true,1,2282886
7290108357233,false,מטליות לחות לניקוי ו,,,מטליות לחות לניקוי ו,יח',50.00,יח',false,,10.90,0.2180,true,1,2280665
7290108357240,false,אוקסיג'ן מסיר כתמים,,,אוקסיג'ן מסיר כתמים,גרמים,1400.00,100 גרם,false,,29.90,0.0214,true,1,2282887
7290108357264,false,מטהר אויר בהתזה אולט,,,מטהר אויר בהתזה אולט,מיליליטרים,250.00,"100 מ""ל",false,,12.90,0.0516,true,1,2294793
7290108357288,false,אקונומיקה סנו ז'אוול,,,אקונומיקה סנו ז'אוול,ליטרים,4.00,ליטר,false,,16.90,4.2250,true,1,2280666
7290108357301,false,K-300 קוטל חרקים מיי,,,K-300 קוטל חרקים מיי,מיליליטרים,300.00,"100 מ""ל",false,,14.90,0.0497,true,1,2294794
7290108357394,false,תחליב רחצה קרמה חלב,,,תחליב רחצה קרמה חלב,מיליליטרים,700.00,"100 מ""ל",false,,12.90,0.0184,true,1,2225503
7290108357400,false,תחליב רחצה קרמה לבנד,,,תחליב רחצה קרמה לבנד,מיליליטרים,700.00,"100 מ""ל",false,,12.90,0.0184,true,1,2197487
7290108357448,false,קרם גוף קרמה לבנדר ו,,,קרם גוף קרמה לבנדר ו,מיליליטרים,500.00,"100 מ""ל",false,,24.90,0.0498,true,1,2206886
7290108357493,false,תחליב רחצה קרמה וניל,,,תחליב רחצה קרמה וניל,מיליליטרים,700.00,"100 מ""ל",false,,12.90,0.0184,true,1,2225504
7290108357516,false,סבון ידיים קרמה וניל,,,סבון ידיים קרמה וניל,מיליליטרים,500.00,"100 מ""ל",false,,12.90,0.0258,true,1,2282888
7290108357707,false,"שמפו כיף 700 מ""ל תפו",,,"שמפו כיף 700 מ""ל תפו",מיליליטרים,700.00,"100 מ""ל",false,,14.90,0.0213,true,1,2021503
7290108357714,false,"שמפו כיף 700 מ""ל רימ",,,"שמפו כיף 700 מ""ל רימ",מיליליטרים,700.00,"100 מ""ל",false,,14.90,0.0213,true,1,2021504
7290108357745,false,שמפו ומרכך 2+1 תאנה,,,שמפו ומרכך 2+1 תאנה,מיליליטרים,700.00,"100 מ""ל",false,,14.90,0.0213,true,1,2021515
7290108357769,false,"מרכך כיף 700 מ""ל תפו",,,"מרכך כיף 700 מ""ל תפו",מיליליטרים,700.00,"100 מ""ל",false,,14.90,0.0213,true,1,2021506
7290108357776,false,מרכך רימונים ושמן אר,,,מרכך רימונים ושמן אר,מיליליטרים,700.00,"100 מ""ל",false,,14.90,0.0213,true,1,2021507
7290108357837,false,אל סבון  כיף שקית מי,,,אל סבון  כיף שקית מי,ליטרים,1.00,ליטר,false,,9.90,9.9000,true,1,2293680
7290108357844,false,אל סבון  כיף שקית מי,,,אל סבון  כיף שקית מי,ליטרים,1.00,ליטר,false,,9.90,9.9000,true,1,2293681
7290108357868,false,תחליב רחצה כיף ELIXI,,,תחליב רחצה כיף ELIXI,מיליליטרים,700.00,"100 מ""ל",false,,12.90,0.0184,true,1,2275255
7290108357875,false,שמפו כיף לחות מוגברת,,,שמפו כיף לחות מוגברת,מיליליטרים,700.00,"100 מ""ל",false,,14.90,0.0213,true,1,2289312
7290108357882,false,מרכך כיף לחות מוגברת,,,מרכך כיף לחות מוגברת,מיליליטרים,700.00,"100 מ""ל",false,,14.90,0.0213,true,1,2289313
7290108358070,false,תחליב רחצה קרמה קלאס,,,תחליב רחצה קרמה קלאס,מיליליטרים,700.00,"100 מ""ל",false,,12.90,0.0184,true,1,2208279
7290108358087,false,תחליב רחצה קרמה מאסק,,,תחליב רחצה קרמה מאסק,מיליליטרים,700.00,"100 מ""ל",false,,12.90,0.0184,true,1,2208280
7290108358100,false,מקלות ריחניים לבית ב,,,מקלות ריחניים לבית ב,מיליליטרים,100.00,"100 מ""ל",false,,24.90,0.2490,true,1,2282879
7290108359008,false,שקיות זיפר סליידר L,,,שקיות זיפר סליידר L,יח',15.00,יח',false,,14.90,0.9933,true,1,2279579
7290108359015,false,שקיות זיפר סליידר M,,,שקיות זיפר סליידר M,יח',20.00,יח',false,,14.90,0.7450,true,1,2279580
7290108359039,false,סושי שקיות אשפה עם י,,,סושי שקיות אשפה עם י,יח',30.00,יח',false,,21.90,0.7300,true,1,2241454
7290108359046,false,שקיות אשפה סנו סושי,,,שקיות אשפה סנו סושי,יח',20.00,יח',false,,24.90,1.2450,true,1,2257934
7290108359060,false,כריות ניקוי לשבת סנו,,,כריות ניקוי לשבת סנו,יח',4.00,יח',false,,12.90,3.2250,true,1,2261973
7290108359077,false,ממחטות סנו סופט לושן,,,ממחטות סנו סופט לושן,יח',120.00,יח',false,,9.90,0.0825,true,1,2279581
7290108359084,false,כיסוי ניילון עם גומי,,,כיסוי ניילון עם גומי,יח',30.00,יח',false,,9.90,0.3300,true,1,2310502
7290108359091,false,כיסוי ניילון עם גומי,,,כיסוי ניילון עם גומי,יח',30.00,יח',false,,9.90,0.3300,true,1,2310503
7290108359114,false,חמגשית אלומיניום עם,,,חמגשית אלומיניום עם,יח',10.00,יח',false,,10.90,1.0900,true,1,2284062
7290108359169,false,תבניות אלומינים עגול,,,תבניות אלומינים עגול,יח',6.00,יח',false,,11.90,1.9833,true,1,2311751
7290108359183,false,סושי שקיות אשפה 52*7,,,סושי שקיות אשפה 52*7,יח',60.00,יח',false,,22.90,0.3817,true,1,2311761
7290108359824,false,קרם גוף בייבי כיף 50,,,קרם גוף בייבי כיף 50,מיליליטרים,500.00,"100 מ""ל",false,,24.90,0.0498,true,1,1960780
7290108359831,false,שמן גוף בייבי כיף 50,,,שמן גוף בייבי כיף 50,מיליליטרים,500.00,"100 מ""ל",false,,24.90,0.0498,true,1,1960781
7290108359848,false,שמפו בייבי כיף אל דמ,,,שמפו בייבי כיף אל דמ,ליטרים,1.00,ליטר,false,,19.90,19.9000,true,1,1960782
7290108359886,false,תחליב רחצה בייבי כיף,,,תחליב רחצה בייבי כיף,ליטרים,1.00,ליטר,false,,19.90,19.9000,true,1,1960786
7290108359985,false,תרסיס סנו ז'אוול קצף,,,תרסיס סנו ז'אוול קצף,ליטרים,1.00,ליטר,false,,19.90,19.9000,true,1,2280657
7290108500677,false,כבד דג שיבוט,,,כבד דג שיבוט,גרמים,120.00,100 גרם,false,,8.90,0.0742,true,1,1459054
7290108501346,false,גבינת גאודה מגורדת 5,,,גבינת גאודה מגורדת 5,גרמים,500.00,100 גרם,false,,24.90,0.0498,true,1,1731713
7290108501667,false,רביעיית קוקטייל פירו,,,רביעיית קוקטייל פירו,גרמים,113.00,100 גרם,false,,9.90,0.0876,true,1,1878805
7290108501827,false,קדאיף שערות בצק 450ג,,,קדאיף שערות בצק 450ג,גרמים,450.00,100 גרם,false,,19.90,0.0442,true,1,1878818
7290108502305,false,גבינת גרנה פדנו משול,,,גבינת גרנה פדנו משול,גרמים,150.00,100 גרם,false,,22.90,0.1527,true,1,1965221
7290108502329,false,רביעית נתחי טונה בשמ,,,רביעית נתחי טונה בשמ,גרמים,640.00,100 גרם,false,,29.90,0.0467,true,1,1900155
7290108502381,false,תחתיות לפיצה (קוטר 2,,,תחתיות לפיצה (קוטר 2,גרמים,480.00,100 גרם,false,,9.90,0.0206,true,1,1993983
7290108502558,false,גבינה במרקם שמנת ליי,,,גבינה במרקם שמנת ליי,גרמים,200.00,100 גרם,false,,12.90,0.0645,true,1,1929517
7290108503043,false,מארז תפוחונים 4 יח',,,מארז תפוחונים 4 יח',גרמים,88.00,100 גרם,false,,13.90,0.1580,true,1,2014328
7290108503692,false,פיצה מרגריטה 380 גרם,,,פיצה מרגריטה 380 גרם,גרמים,380.00,100 גרם,false,,15.90,0.0418,true,1,2149168
7290108503999,false,פרוסות גבינה בטעם גא,,,פרוסות גבינה בטעם גא,גרמים,150.00,100 גרם,false,,7.90,0.0527,true,1,2106497
7290108504002,false,פרוסות גבינה לייט 9%,,,פרוסות גבינה לייט 9%,גרמים,150.00,100 גרם,false,,7.90,0.0527,true,1,2106498
7290108504286,false,גבינה איבריקו צ'אנק,,,גבינה איבריקו צ'אנק,גרמים,150.00,100 גרם,false,,15.90,0.1060,true,1,2156565
7290108504385,false,גבינת שמנת עם חלפיני,,,גבינת שמנת עם חלפיני,גרמים,200.00,100 גרם,false,,12.90,0.0645,true,1,2164965
7290108504408,false,גבינה במרקם שמנת ליי,,,גבינה במרקם שמנת ליי,גרמים,200.00,100 גרם,false,,12.90,0.0645,true,1,2164967
7290108504699,false,רביעית נתחי טונה בשמ,,,רביעית נתחי טונה בשמ,גרמים,640.00,100 גרם,false,,19.90,0.0311,true,1,2168777
7290108504934,false,דפי אורז למילוי קוטר,,,דפי אורז למילוי קוטר,גרמים,300.00,100 גרם,false,,7.90,0.0263,true,1,2274464
7290108505160,false,יוגורט עם אגסים 150,,,יוגורט עם אגסים 150,גרמים,150.00,100 גרם,false,,4.90,0.0327,true,1,2180416
7290108505184,false,יוגורט עם קוקוס 150,,,יוגורט עם קוקוס 150,גרמים,150.00,100 גרם,false,,4.90,0.0327,true,1,2180418
7290108505191,false,יוגורט עם פצפוצי שוק,,,יוגורט עם פצפוצי שוק,גרמים,150.00,100 גרם,false,,4.90,0.0327,true,1,2180419
7290108505214,false,יוגורט עם אפרסק 150,,,יוגורט עם אפרסק 150,גרמים,150.00,100 גרם,false,,4.90,0.0327,true,1,2180421
7290108505689,false,גבינת גרנה פדנו מגור,,,גבינת גרנה פדנו מגור,גרמים,100.00,100 גרם,false,,9.90,0.0990,true,1,2166913
7290108505726,false,גבינה חצי קשה-אצבעות,,,גבינה חצי קשה-אצבעות,גרמים,200.00,100 גרם,false,,19.90,0.0995,true,1,2185849
7290108505740,false,גבינה חצי קשה-קשקבל,,,גבינה חצי קשה-קשקבל,גרמים,200.00,100 גרם,false,,19.90,0.0995,true,1,2185851
7290108505962,false,שזיפים יבשים 400 גרם,,,שזיפים יבשים 400 גרם,גרמים,400.00,100 גרם,false,,24.90,0.0622,true,1,2188453
7290108506426,false,בייגלה קפוא סימיט 40,,,בייגלה קפוא סימיט 40,גרמים,400.00,100 גרם,false,,12.90,0.0323,true,1,2187528
7290108506495,false,כנאפה קפוא,,,כנאפה קפוא,גרמים,192.50,100 גרם,false,,12.90,0.0670,true,1,2187529
7290108506624,false,גבינת עזים צאנק 32%,,,גבינת עזים צאנק 32%,גרמים,150.00,100 גרם,false,,22.90,0.1527,true,1,2190254
7290108507010,false,מאפה בורקס מים תורכי,,,מאפה בורקס מים תורכי,גרמים,300.00,100 גרם,false,,14.90,0.0497,true,1,2194672
7290108507072,false,שבבי גבינת גרנה פדנו,,,שבבי גבינת גרנה פדנו,גרמים,100.00,100 גרם,false,,9.90,0.0990,true,1,2222879
7290108507126,false,אוכמניות מוקפאות 300,,,אוכמניות מוקפאות 300,גרמים,300.00,100 גרם,false,,9.90,0.0330,true,1,2282837
7290108507188,false,כנאפה אריזה משפחתית,,,כנאפה אריזה משפחתית,גרמים,450.00,100 גרם,false,,24.90,0.0553,true,1,2198398
7290108507645,false,ביסקוויט פריך בשוקול,,,ביסקוויט פריך בשוקול,גרמים,100.00,100 גרם,false,,6.90,0.0690,true,1,2276835
7290108507652,false,ביסקוויט פריך בשוקול,,,ביסקוויט פריך בשוקול,גרמים,100.00,100 גרם,false,,6.90,0.0690,true,1,2276836
7290108508147,false,מחית עגבניות איטלקיו,,,מחית עגבניות איטלקיו,גרמים,500.00,100 גרם,false,,9.90,0.0198,true,1,2271636
7290108508499,false,איירן משקה יוגורט בס,,,איירן משקה יוגורט בס,מיליליטרים,293.00,"100 מ""ל",false,,5.90,0.0201,true,1,2235112
7290108508574,false,פסטה ברוטב עגבניות פ,,,פסטה ברוטב עגבניות פ,גרמים,250.00,100 גרם,false,,12.90,0.0516,true,1,2248083
7290108508703,false,טורטייה  ללא גלוטן 2,,,טורטייה  ללא גלוטן 2,גרמים,270.00,100 גרם,false,,9.90,0.0367,true,1,2233081
7290108508765,false,קונכיות פתיתים 400 ג,,,קונכיות פתיתים 400 ג,גרמים,400.00,100 גרם,false,,7.90,0.0198,true,1,2245892
7290108508772,false,קונכיות פתיתים עם תר,,,קונכיות פתיתים עם תר,גרמים,400.00,100 גרם,false,,7.90,0.0198,true,1,2245893
7290108509052,false,מאפה פילו ממולא גבינ,,,מאפה פילו ממולא גבינ,גרמים,400.00,100 גרם,false,,22.90,0.0572,true,1,2247726
7290108509090,false,גבינה מותכת משולשים,,,גבינה מותכת משולשים,גרמים,200.00,100 גרם,false,,14.90,0.0745,true,1,2259455
7290108509106,false,גבינת בולגרית מעודנת,,,גבינת בולגרית מעודנת,גרמים,200.00,100 גרם,false,,12.90,0.0645,true,1,2255853
7290108509113,false,גבינת בולגרית מעודנת,,,גבינת בולגרית מעודנת,גרמים,250.00,100 גרם,false,,12.90,0.0516,true,1,2255854
7290108509137,false,גבינת בולגרית מעודנת,,,גבינת בולגרית מעודנת,גרמים,250.00,100 גרם,false,,12.90,0.0516,true,1,2255855
7290108509144,false,שלישיית עגבניות מרוס,,,שלישיית עגבניות מרוס,גרמים,1200.00,100 גרם,false,,14.90,0.0124,true,1,2248253
7290108509205,false,חטיף אורז אפוי בטעם,,,חטיף אורז אפוי בטעם,גרמים,50.00,100 גרם,false,,12.90,0.2580,true,1,2274476
7290108509250,false,אנטיפסטי ארטישוק תחת,,,אנטיפסטי ארטישוק תחת,גרמים,530.00,100 גרם,false,,24.90,0.0470,true,1,2247993
7290108509359,false,פופקורן בציפוי בטעם,,,פופקורן בציפוי בטעם,גרמים,90.00,100 גרם,false,,5.90,0.0656,true,1,2274470
7290108509700,false,אורז פרסי DAAWAT 1 ק,,,אורז פרסי DAAWAT 1 ק,קילוגרמים,1.00,"ק""ג",false,,9.90,9.9000,true,1,2256483
7290108509922,false,מנת השף-אטריות להכנה,,,מנת השף-אטריות להכנה,גרמים,85.00,100 גרם,false,,3.90,0.0459,true,1,2260279
7290108509953,false,פולי קפה 100% פולי ק,,,פולי קפה 100% פולי ק,גרמים,250.00,100 גרם,false,,14.90,0.0596,true,1,2310329
7290108509984,false,"רוטב סויה 300 מ""ל",,,"רוטב סויה 300 מ""ל",מיליליטרים,300.00,"100 מ""ל",false,,9.90,0.0330,true,1,2260280
7290108509991,false,"רוטב טריאקי 300 מ""ל",,,"רוטב טריאקי 300 מ""ל",מטרים,300.00,100 מ'ל,false,,9.90,0.0330,true,1,2260286
7290109060293,false,נייר אפייה 50 יח פרפ,,,נייר אפייה 50 יח פרפ,יח',50.00,יח',false,,9.90,0.1980,true,1,1456703
7290109060378,false,מטליות רב שימושיות 4,,,מטליות רב שימושיות 4,יח',40.00,יח',false,,19.90,0.4975,true,1,1461507
7290109060385,false,מטליות לחות לניקוי ר,,,מטליות לחות לניקוי ר,יח',10.00,יח',false,,14.90,1.4900,true,1,1471358
7290109060392,false,מטליות רב שימושיות ת,,,מטליות רב שימושיות ת,יח',9.00,יח',false,,8.90,0.9889,true,1,1473028
7290109060415,false,מטליות מיקרופייבר לר,,,מטליות מיקרופייבר לר,יח',3.00,יח',false,,19.90,6.6333,true,1,1466204
7290109060422,false,מטלית מיקרופייבר לני,,,מטלית מיקרופייבר לני,יחידה,0.00,יחידה,false,,8.90,0.0000,true,1,1466205
7290109060439,false,מטליות מיקרופייבר לנ,,,מטליות מיקרופייבר לנ,יח',3.00,יח',false,,14.90,4.9667,true,1,1466206
7290109060446,false,מטלית מיקרופייבר לני,,,מטלית מיקרופייבר לני,יחידה,0.00,יחידה,false,,9.90,0.0000,true,1,1466207
7290109060453,false,ספוג הפלא 6 יח'-פרפק,,,ספוג הפלא 6 יח'-פרפק,יח',6.00,יח',false,,8.90,1.4833,true,1,1492584
7290109060460,false,סחבה לבנה זיג זג 3 י,,,סחבה לבנה זיג זג 3 י,יח',3.00,יח',false,,9.90,3.3000,true,1,1475019
7290109060613,false,מפיות לבן דו שכבתי 1,,,מפיות לבן דו שכבתי 1,יח',180.00,יח',false,,7.90,0.0439,true,1,1483531
7290109060651,false,משטח ייבוש כלים מיקר,,,משטח ייבוש כלים מיקר,יח',1.00,יח',false,,14.90,14.9000,true,1,1593615
7290109060699,false,כריות ברזל 3 יח'-פרפ,,,כריות ברזל 3 יח'-פרפ,יח',3.00,יח',false,,8.90,2.9667,true,1,1611936
7290109060828,false,9 אטבים מעוצבים-בשלל,,,9 אטבים מעוצבים-בשלל,יח',9.00,יח',false,,8.90,0.9889,true,1,1624569
7290109060835,false,10 אטבים גדולים וחזק,,,10 אטבים גדולים וחזק,יח',10.00,יח',false,,8.90,0.8900,true,1,1624570
7290109060842,false,10 אטבים מילניום הזר,,,10 אטבים מילניום הזר,יח',10.00,יח',false,,8.90,0.8900,true,1,1624571
7290109060859,false,כפפות גומי מידה S פר,,,כפפות גומי מידה S פר,יחידה,0.00,יחידה,false,,6.90,0.0000,true,1,1728346
7290109060873,false,מפיות אירוח 100 יח',,,מפיות אירוח 100 יח',יח',100.00,יח',false,,5.90,0.0590,true,1,1625669
7290109060989,false,כפפות גומי מידה XL פ,,,כפפות גומי מידה XL פ,יחידה,0.00,יחידה,false,,6.90,0.0000,true,1,1728354
7290109061054,false,רביעיית מגבונים בביש,,,רביעיית מגבונים בביש,יח',288.00,יח',false,,14.90,0.0517,true,1,1731078
7290109061061,false,רביעיית מגבונים ללא,,,רביעיית מגבונים ללא,יח',288.00,יח',false,,14.90,0.0517,true,1,1731079
7290109061320,false,ספוג הפלא לנירוסטה פ,,,ספוג הפלא לנירוסטה פ,יח',3.00,יח',false,,10.90,3.6333,true,1,1942216
7290109061405,false,כוסות נייר+מכסים 16,,,כוסות נייר+מכסים 16,יח',16.00,יח',false,,12.90,0.8063,true,1,2070128
7290109061450,false,צימרוני אוזניים שסתו,,,צימרוני אוזניים שסתו,יח',55.00,יח',false,,3.90,0.0709,true,1,2133858
7290109061566,false,סט 3 מגבות מטבח משוב,,,סט 3 מגבות מטבח משוב,מארז,1.00,מארז,false,,10.90,10.9000,true,1,2163339
7290109061863,false,צלחות עבות במיוחד 66,,,צלחות עבות במיוחד 66,יח',66.00,יח',false,,39.90,0.6045,true,1,2183810
7290109062068,false,שמיכת פוך יחיד 200*1,,,שמיכת פוך יחיד 200*1,יחידה,0.00,יחידה,false,,119.90,0.0000,true,1,2211239
7290109062075,false,שמיכת פוך זוגית 220*,,,שמיכת פוך זוגית 220*,יחידה,0.00,יחידה,false,,169.90,0.0000,true,1,2211240
7290109062105,false,נוזל לניקוי רצפות בנ,,,נוזל לניקוי רצפות בנ,ליטרים,2.00,ליטר,false,,9.90,4.9500,true,1,2218003
7290109062112,false,נוזל לניקוי רצפות בנ,,,נוזל לניקוי רצפות בנ,ליטרים,2.00,ליטר,false,,9.90,4.9500,true,1,2218004
7290109062129,false,סל קניה כחול,,,סל קניה כחול,יחידה,0.00,יחידה,false,,5.00,0.0000,true,1,2233112
7290109062174,false,קרחום חצי חינם,,,קרחום חצי חינם,יח',1.00,יח',false,,9.90,9.9000,true,1,2250330
7290109062204,false,כרית שינה פרימיום 70,,,כרית שינה פרימיום 70,יחידה,0.00,יחידה,false,,59.90,0.0000,true,1,2262648
7290109062334,false,כפפות ויניל S פרפקט,,,כפפות ויניל S פרפקט,יח',100.00,יח',false,,24.90,0.2490,true,1,2274579
7290109062341,false,כפפות ויניל M פרפקט,,,כפפות ויניל M פרפקט,יח',100.00,יח',false,,24.90,0.2490,true,1,2274580
7290109062358,false,כפפות ויניל L פרפקט,,,כפפות ויניל L פרפקט,יח',100.00,יח',false,,24.90,0.2490,true,1,2274581
7290109062372,false,תיק צידנית 35 ליטר ח,,,תיק צידנית 35 ליטר ח,יחידה,0.00,יחידה,false,,59.90,0.0000,true,1,2262640
7290109062396,false,כרית ויסקו ממורי 40/,,,כרית ויסקו ממורי 40/,יחידה,0.00,יחידה,false,,89.90,0.0000,true,1,2268446
7290109062440,false,מגבת רחצה 130*70 פרמ,,,מגבת רחצה 130*70 פרמ,יחידה,0.00,יחידה,false,,39.90,0.0000,true,1,2271010
7290109062457,false,מגבת רחצה ענקית 140*,,,מגבת רחצה ענקית 140*,יחידה,0.00,יחידה,false,,49.90,0.0000,true,1,2271011
7290109062464,false,שמן זית כתית מעולה א,,,שמן זית כתית מעולה א,מיליליטרים,750.00,"100 מ""ל",false,,26.90,0.0359,true,1,2277143
7290109062556,false,סט 2 מגבות מטבח פרימ,,,סט 2 מגבות מטבח פרימ,מארז,1.00,מארז,false,,24.90,24.9000,true,1,2289247
7290109062563,false,שמיכת מיקרו פלנל פסי,,,שמיכת מיקרו פלנל פסי,יחידה,0.00,יחידה,false,,69.90,0.0000,true,1,2290790
7290109062587,false,סל קניה כחול בד,,,סל קניה כחול בד,יחידה,0.00,יחידה,false,,5.00,0.0000,true,1,2293843
7290109062594,false,שטיחון אמבטיה  70*50,,,שטיחון אמבטיה  70*50,יחידה,0.00,יחידה,false,,39.90,0.0000,true,1,2297755
7290109062600,false,"שטיח נורדי 60/120 ס""",,,"שטיח נורדי 60/120 ס""",יחידה,0.00,יחידה,false,,59.90,0.0000,true,1,2297756
7290109062617,false,מגבת ידיים 50*30 פרמ,,,מגבת ידיים 50*30 פרמ,יחידה,0.00,יחידה,false,,9.90,0.0000,true,1,2297741
7290109062624,false,מגבת פנים 90*50 פרמי,,,מגבת פנים 90*50 פרמי,יחידה,0.00,יחידה,false,,19.90,0.0000,true,1,2297742
7290109062655,false,טורטייה בתוספת קמח כ,,,טורטייה בתוספת קמח כ,גרמים,360.00,100 גרם,false,,9.90,0.0275,true,1,2321509
7290109062662,false,מנגל ענק מנירוסטה +ר,,,מנגל ענק מנירוסטה +ר,יח',1.00,יח',false,,119.00,119.0000,true,1,2311734
7290109136677,false,מסננת נירוסטה 12.5 ס,,,מסננת נירוסטה 12.5 ס,יחידה,0.00,יחידה,false,,19.90,0.0000,true,1,2075258
7290109351025,false,חומוסטחינה מלך החומו,,,חומוסטחינה מלך החומו,גרמים,400.00,100 גרם,false,,11.90,0.0298,true,1,1399548
7290109351957,false,פירכיות גדולות שוקול,,,פירכיות גדולות שוקול,גרמים,100.00,100 גרם,false,,7.90,0.0790,true,1,1477675
7290109351971,false,פירכיות פיטנס שוקולד,,,פירכיות פיטנס שוקולד,גרמים,84.00,100 גרם,false,,11.90,0.1417,true,1,1458472
7290109352916,false,פירכיות פיטנס שוקולד,,,פירכיות פיטנס שוקולד,גרמים,84.00,100 גרם,false,,11.90,0.1417,true,1,1458473
7290109353272,false,פסטה פרפקטו ספגטי עת,,,פסטה פרפקטו ספגטי עת,גרמים,500.00,100 גרם,false,,6.90,0.0138,true,1,1468018
7290109353494,false,פסטה פרפקטו פאפאלה 5,,,פסטה פרפקטו פאפאלה 5,גרמים,500.00,100 גרם,false,,6.90,0.0138,true,1,1468019
7290109354101,false,לחמית ללא גלוטן,,,לחמית ללא גלוטן,גרמים,200.00,100 גרם,false,,9.90,0.0495,true,1,1595367
7290109354972,false,פתיבר קלאסי ללא גלוט,,,פתיבר קלאסי ללא גלוט,גרמים,200.00,100 גרם,false,,9.90,0.0495,true,1,1458444
7290109354996,false,פתיבר שוקו ללא גלוטן,,,פתיבר שוקו ללא גלוטן,גרמים,200.00,100 גרם,false,,9.90,0.0495,true,1,1458475
7290109358284,false,שניצל תירס עם חלבון,עיצובים 2020 (4.8),,שניצל תירס עם חלבון,גרמים,664.00,100 גרם,false,,29.90,0.0450,true,1,1611005
7290109580012,false,בורגר אנטריקוט קלאסי,,,בורגר אנטריקוט קלאסי,גרמים,360.00,100 גרם,false,,23.90,0.0664,true,1,2197420
7290109580067,false,טחון 340 ג'  Wonders,,,טחון 340 ג'  Wonders,גרמים,340.00,100 גרם,false,,34.90,0.1026,true,1,2241312
7290109580104,false,רוסטביף זוגלובק פרימ,,,רוסטביף זוגלובק פרימ,גרמים,150.00,100 גרם,false,,19.90,0.1327,true,1,2228230
7290109580111,false,צלעות אסאדו מעושנות,,,צלעות אסאדו מעושנות,גרמים,120.00,100 גרם,false,,19.90,0.1658,true,1,2279762
7290109580159,false,פסטרמה בנוסח טוסקנה,,,פסטרמה בנוסח טוסקנה,גרמים,180.00,100 גרם,false,,19.90,0.1106,true,1,2228233
7290109580241,false,נאגטס מן הצומח 500 ג,,,נאגטס מן הצומח 500 ג,גרמים,500.00,100 גרם,false,,24.90,0.0498,true,1,2297868
7290109580432,false,פסטרמה הודו 120 גרם,,,פסטרמה הודו 120 גרם,גרמים,120.00,100 גרם,false,,11.90,0.0992,true,1,2299540
7290109640020,false,גוש גבינה טבעונית בט,,,גוש גבינה טבעונית בט,גרמים,300.00,100 גרם,false,,19.90,0.0663,true,1,1424608
7290109920146,false,דורגול מסיר אבנית מק,,,דורגול מסיר אבנית מק,מיליליטרים,750.00,"100 מ""ל",false,,18.90,0.0252,true,1,2280973
7290109920313,false,אסטוניש מרסס מבריק ש,,,אסטוניש מרסס מבריק ש,מיליליטרים,750.00,"100 מ""ל",false,,11.90,0.0159,true,1,1780381
7290109920597,false,אסטוניש מרסס למקלחון,,,אסטוניש מרסס למקלחון,מיליליטרים,750.00,"100 מ""ל",false,,11.90,0.0159,true,1,1780384
7290109920603,false,אסטוניש קרם מטבח,,,אסטוניש קרם מטבח,מיליליטרים,500.00,"100 מ""ל",false,,11.90,0.0238,true,1,1780385
7290109920627,false,אסטוניש קרם אמבט אקו,,,אסטוניש קרם אמבט אקו,יחידה,0.00,יחידה,false,,11.90,0.0000,true,1,1780386
7290109920665,false,אסטוניש מרסס מסיר או,,,אסטוניש מרסס מסיר או,מיליליטרים,750.00,"100 מ""ל",false,,11.90,0.0159,true,1,1780388
7290109920849,false,אסטוניש מרסס תפוז לנ,,,אסטוניש מרסס תפוז לנ,מיליליטרים,750.00,"100 מ""ל",false,,11.90,0.0159,true,1,1780389
7290109921334,false,15 דפי כביסה,,,15 דפי כביסה,יח',15.00,יח',false,,12.90,0.8600,true,1,2042040
7290109921488,false,דורגול למכונות הכביס,,,דורגול למכונות הכביס,מיליליטרים,500.00,"100 מ""ל",false,,28.90,0.0578,true,1,2210024
7290109921754,false,חידוש פוליטורה עץ,,,חידוש פוליטורה עץ,מיליליטרים,100.00,"100 מ""ל",false,,14.90,0.1490,true,1,2240088
7290109921853,false,אסטוניש משחת פרימיום,,,אסטוניש משחת פרימיום,גרמים,150.00,100 גרם,false,,17.90,0.1193,true,1,2216616
7290109921952,false,ג'ל כביסה מסיר כתמים,,,ג'ל כביסה מסיר כתמים,ליטרים,2.50,ליטר,false,,24.90,9.9600,true,1,2232849
7290109921969,false,ג'ל הפי לכביסה,,,ג'ל הפי לכביסה,ליטרים,2.50,ליטר,false,,24.90,9.9600,true,1,2232850
7290109921976,false,ג'ל כביסה לתינוקות,,,ג'ל כביסה לתינוקות,ליטרים,2.50,ליטר,false,,24.90,9.9600,true,1,2232851
7290109923024,false,אסטוניש מרסס פרמיום,,,אסטוניש מרסס פרמיום,מיליליטרים,750.00,"100 מ""ל",false,,12.90,0.0172,true,1,2291744
7290109923147,false,אסטוניש מרסס פרמיום,,,אסטוניש מרסס פרמיום,מיליליטרים,750.00,"100 מ""ל",false,,14.90,0.0199,true,1,2309941
7290110000493,false,חמאת בוטנים טבעית עם,,,חמאת בוטנים טבעית עם,גרמים,350.00,100 גרם,false,,12.90,0.0369,true,1,2112922
7290110110277,false,רביעיית סומרסבי סייד,,,רביעיית סומרסבי סייד,ליטרים,1.32,ליטר,false,,29.90,22.6515,true,1,1843913
7290110110369,false,שישיית בירה קרלסברג,,,שישיית בירה קרלסברג,ליטרים,1.98,ליטר,false,,37.90,19.1414,true,1,2198052
7290110110659,false,"ספרייט פחית 330 מ""ל",,,"ספרייט פחית 330 מ""ל",מיליליטרים,330.00,"100 מ""ל",false,,4.50,0.0136,true,1,1797855
7290110110703,false,מארז שישיית פחיות ספ,,,מארז שישיית פחיות ספ,ליטרים,1.98,ליטר,false,,23.90,12.0707,true,1,1797868
7290110111564,false,פאוורייד סיטרוס הדרי,,,פאוורייד סיטרוס הדרי,מיליליטרים,500.00,"100 מ""ל",false,,9.90,0.0198,true,1,2298101
7290110113261,false,נקטר חמוציות 1 ליטר,,,נקטר חמוציות 1 ליטר,ליטרים,1.00,ליטר,false,,11.90,11.9000,true,1,2272584
7290110113476,false,שישייה בירה קרלסברג,,,שישייה בירה קרלסברג,ליטרים,1.98,ליטר,false,,32.90,16.6162,true,1,2180056
7290110114787,false,נביעות בטעמים 1.5 לי,,,נביעות בטעמים 1.5 לי,ליטרים,1.50,ליטר,false,,8.90,5.9333,true,1,2273713
7290110114794,false,נביעות בטעמים 1.5 לי,,,נביעות בטעמים 1.5 לי,ליטרים,1.50,ליטר,false,,8.90,5.9333,true,1,2273714
7290110114800,false,נביעות בטעמים 1.5 לי,,,נביעות בטעמים 1.5 לי,ליטרים,1.50,ליטר,false,,8.90,5.9333,true,1,2273715
7290110114817,false,נביעות + פרי מנגו 1.,,,נביעות + פרי מנגו 1.,ליטרים,1.50,ליטר,false,,9.90,6.6000,true,1,2273727
7290110114831,false,נביעות + פרי אננס 1.,,,נביעות + פרי אננס 1.,ליטרים,1.50,ליטר,false,,9.90,6.6000,true,1,2273729
7290110114855,false,נביעות שישייה מים 1.,,,נביעות שישייה מים 1.,ליטרים,9.00,ליטר,false,,11.90,1.3222,true,1,2273991
7290110114893,false,מיץ תפוזים סחוט 2 לי,,,מיץ תפוזים סחוט 2 לי,ליטרים,2.00,ליטר,false,,26.90,13.4500,true,1,2274004
7290110114961,false,פריגת תפוזים 1.5 ליט,,,פריגת תפוזים 1.5 ליט,ליטרים,1.50,ליטר,false,,8.90,5.9333,true,1,2274018
7290110114985,false,פריגת אשכוליות 1.5 ל,,,פריגת אשכוליות 1.5 ל,ליטרים,1.50,ליטר,false,,8.90,5.9333,true,1,2274020
7290110114992,false,פריגת אשכוליות דיאט,,,פריגת אשכוליות דיאט,ליטרים,1.50,ליטר,false,,8.90,5.9333,true,1,2274026
7290110115005,false,פריגת ענבים 1.5 ליטר,,,פריגת ענבים 1.5 ליטר,ליטרים,1.50,ליטר,false,,8.90,5.9333,true,1,2274037
7290110115029,false,פריגת תפוחים 1.5 ליט,,,פריגת תפוחים 1.5 ליט,ליטרים,1.50,ליטר,false,,8.90,5.9333,true,1,2274039
7290110115036,false,פריגת מנגו 1.5 ליטר,,,פריגת מנגו 1.5 ליטר,ליטרים,1.50,ליטר,false,,8.90,5.9333,true,1,2274046
7290110115043,false,פריגת לימונענע 1.5 ל,,,פריגת לימונענע 1.5 ל,ליטרים,1.50,ליטר,false,,8.90,5.9333,true,1,2274047
7290110115050,false,פריגת תות בננה 1.5 ל,,,פריגת תות בננה 1.5 ל,ליטרים,1.50,ליטר,false,,8.90,5.9333,true,1,2274048
7290110115081,false,פריגת צלול ענבים 1.5,,,פריגת צלול ענבים 1.5,ליטרים,1.50,ליטר,false,,8.90,5.9333,true,1,2274098
7290110115104,false,פריגת צלול אפרסק 1.5,,,פריגת צלול אפרסק 1.5,ליטרים,1.50,ליטר,false,,8.90,5.9333,true,1,2274111
7290110115128,false,פריגת צלול לימונענע,,,פריגת צלול לימונענע,ליטרים,1.50,ליטר,false,,8.90,5.9333,true,1,2274118
7290110115203,false,קוקה קולה 1.5 ליטר,,,קוקה קולה 1.5 ליטר,ליטרים,1.50,ליטר,false,,8.60,5.7333,true,1,2274134
7290110115210,false,דיאט קוקה קולה 1.5 ל,,,דיאט קוקה קולה 1.5 ל,ליטרים,1.50,ליטר,false,,8.60,5.7333,true,1,2274135
7290110115227,false,קולה זירו 1.5 ליטר,,,קולה זירו 1.5 ליטר,ליטרים,1.50,ליטר,false,,8.60,5.7333,true,1,2274136
7290110115234,false,קולה זירו נטול 1.5לי,,,קולה זירו נטול 1.5לי,ליטרים,1.50,ליטר,false,,8.60,5.7333,true,1,2274144
7290110115241,false,קולה זירו לימון 1.5ל,,,קולה זירו לימון 1.5ל,ליטרים,1.50,ליטר,false,,8.60,5.7333,true,1,2274145
7290110115258,false,קוקה זירו בטעם מנגו,,,קוקה זירו בטעם מנגו,ליטרים,1.50,ליטר,false,,8.60,5.7333,true,1,2274146
7290110115265,false,ספרייט 1.5 ליטר,,,ספרייט 1.5 ליטר,ליטרים,1.50,ליטר,false,,8.50,5.6667,true,1,2274147
7290110115272,false,ZERO ספרייט 1.5 ליטר,,,ZERO ספרייט 1.5 ליטר,ליטרים,1.50,ליטר,false,,8.50,5.6667,true,1,2275955
7290110115289,false,ספרייט 1.5 ליטר לימו,,,ספרייט 1.5 ליטר לימו,ליטרים,1.50,ליטר,false,,8.50,5.6667,true,1,2274189
7290110115296,false,פאנטה אורנג' 1.5 ליט,,,פאנטה אורנג' 1.5 ליט,ליטרים,1.50,ליטר,false,,8.80,5.8667,true,1,2274197
7290110115302,false,פאנטה זירו אורנג' 1.,,,פאנטה זירו אורנג' 1.,ליטרים,1.50,ליטר,false,,8.80,5.8667,true,1,2274198
7290110115319,false,פאנטה אקזוטי 1.5 ליט,,,פאנטה אקזוטי 1.5 ליט,ליטרים,1.50,ליטר,false,,8.80,5.8667,true,1,2274199
7290110115357,false,סודה קינלי 1.5ליטר,,,סודה קינלי 1.5ליטר,ליטרים,1.50,ליטר,false,,3.80,2.5333,true,1,2274266
7290110115364,false,קוקה קולה שישייה 1.5,,,קוקה קולה שישייה 1.5,ליטרים,9.00,ליטר,false,,49.90,5.5444,true,1,2274148
7290110115371,false,קוקה קולה דיאט שישיי,,,קוקה קולה דיאט שישיי,ליטרים,9.00,ליטר,false,,46.50,5.1667,true,1,2274149
7290110115388,false,ספרייט שישייה 1.5 לי,,,ספרייט שישייה 1.5 לי,ליטרים,9.00,ליטר,false,,49.90,5.5444,true,1,2274190
7290110115395,false,שישיית ZERO ספרייט 1,,,שישיית ZERO ספרייט 1,ליטרים,9.00,ליטר,false,,46.50,5.1667,true,1,2274191
7290110115401,false,שישיית סודה קינלי 1.,,,שישיית סודה קינלי 1.,ליטרים,9.00,ליטר,false,,14.90,1.6556,true,1,2274267
7290110115418,false,ZERO קולה שישייה 1.5,,,ZERO קולה שישייה 1.5,ליטרים,9.00,ליטר,false,,46.50,5.1667,true,1,2274150
7290110115425,false,FUZE-T לימון נענע 1.,,,FUZE-T לימון נענע 1.,ליטרים,1.50,ליטר,false,,8.90,5.9333,true,1,2274268
7290110115456,false,FUZE-T אפרסק 1.5 ליט,,,FUZE-T אפרסק 1.5 ליט,ליטרים,1.50,ליטר,false,,8.90,5.9333,true,1,2274276
7290110115463,false,FUZE-T אפרסק 1.5 ליט,,,FUZE-T אפרסק 1.5 ליט,ליטרים,1.50,ליטר,false,,8.90,5.9333,true,1,2274282
7290110115494,false,FUZE-T ענבים 1.5 ליט,,,FUZE-T ענבים 1.5 ליט,ליטרים,1.50,ליטר,false,,8.90,5.9333,true,1,2274285
7290110115586,false,פריגת תפוזים 40% פחו,,,פריגת תפוזים 40% פחו,ליטרים,1.50,ליטר,false,,8.90,5.9333,true,1,2274091
7290110115593,false,פריגת אשכוליות 40% פ,,,פריגת אשכוליות 40% פ,ליטרים,1.50,ליטר,false,,8.90,5.9333,true,1,2274092
7290110115616,false,FUZE-T זירו גרין אננ,,,FUZE-T זירו גרין אננ,ליטרים,1.50,ליטר,false,,8.90,5.9333,true,1,2279178
7290110115623,false,FUZE-T זירו אפרסק 1.,,,FUZE-T זירו אפרסק 1.,ליטרים,1.50,ליטר,false,,8.90,5.9333,true,1,2279179
7290110116132,false,"סירופ לימון 750 מ""ל",,,"סירופ לימון 750 מ""ל",מיליליטרים,750.00,"100 מ""ל",false,,24.90,0.0332,true,1,2323680
7290110116194,false,נביעות + לימון ליים,,,נביעות + לימון ליים,ליטרים,1.50,ליטר,false,,9.90,6.6000,true,1,2319512
7290110116217,false,נביעות + אשכוליות 1.,,,נביעות + אשכוליות 1.,ליטרים,1.50,ליטר,false,,9.90,6.6000,true,1,2319514
7290110116552,false,ספרייט 1.5 ליטר LEMO,,,ספרייט 1.5 ליטר LEMO,ליטרים,1.50,ליטר,false,,8.50,5.6667,true,1,2323717
7290110116569,false,ספרייט זירו 1.5 ליטר,,,ספרייט זירו 1.5 ליטר,ליטרים,1.50,ליטר,false,,8.50,5.6667,true,1,2323307
7290110320591,false,בולגרית 16% פיראוס ב,,,בולגרית 16% פיראוס ב,גרמים,250.00,100 גרם,false,,21.90,0.0876,true,1,1573178
7290110320850,false,פתיתי עמק למאפים 200,,,פתיתי עמק למאפים 200,גרמים,200.00,100 גרם,false,,14.90,0.0745,true,1,1715183
7290110320867,false,פתיתי עמק למאפים 28%,,,פתיתי עמק למאפים 28%,גרמים,500.00,100 גרם,false,,32.90,0.0658,true,1,1698648
7290110321031,false,יוגורט יופלה GO,,,יוגורט יופלה GO,גרמים,200.00,100 גרם,false,,4.90,0.0245,true,1,1698649
7290110321277,false,קוטג' 5% בקטנה 100 ג,,,קוטג' 5% בקטנה 100 ג,גרמים,100.00,100 גרם,false,,2.90,0.0290,true,1,1732287
7290110321604,false,קוביות בולגרית 5% פי,,,קוביות בולגרית 5% פי,גרמים,200.00,100 גרם,false,,19.90,0.0995,true,1,1873201
7290110321680,false,יוגורט יופלה GO תות,,,יוגורט יופלה GO תות,גרמים,200.00,100 גרם,false,,5.40,0.0270,true,1,1794872
7290110321697,false,יוגורט יופלה GO אפרס,,,יוגורט יופלה GO אפרס,גרמים,200.00,100 גרם,false,,5.40,0.0270,true,1,1794873
7290110323073,false,משקה יוגורט מועשר בח,,,משקה יוגורט מועשר בח,מיליליטרים,236.00,"100 מ""ל",false,,5.90,0.0250,true,1,1923993
7290110323585,false,יוגורט יופלה GO דובד,,,יוגורט יופלה GO דובד,גרמים,200.00,100 גרם,false,,5.40,0.0270,true,1,1993881
7290110324353,false,יוגורט יופלה GO לייט,,,יוגורט יופלה GO לייט,גרמים,200.00,100 גרם,false,,5.40,0.0270,true,1,2133804
7290110324872,false,גבינה גלבוע פרוס 200,,,גבינה גלבוע פרוס 200,גרמים,200.00,100 גרם,false,,17.90,0.0895,true,1,2168974
7290110324926,false,משקה סויה ללא תוספת,,,משקה סויה ללא תוספת,ליטרים,1.00,ליטר,false,,10.90,10.9000,true,1,2163124
7290110325114,false,משקה יוגורט גו לייט,,,משקה יוגורט גו לייט,מיליליטרים,250.00,"100 מ""ל",false,,5.90,0.0236,true,1,2156283
7290110325305,false,מעדן סויה גו 20 גרם,,,מעדן סויה גו 20 גרם,גרמים,200.00,100 גרם,false,,5.90,0.0295,true,1,2166722
7290110325312,false,מעדן סויה גו 20 גרם,,,מעדן סויה גו 20 גרם,גרמים,200.00,100 גרם,false,,5.90,0.0295,true,1,2166723
7290110325893,false,משקה תנובה GO אייס ק,,,משקה תנובה GO אייס ק,מיליליטרים,340.00,"100 מ""ל",false,,7.90,0.0232,true,1,2172639
7290110326210,false,יופלה און טופ פצפוצי,,,יופלה און טופ פצפוצי,גרמים,157.00,100 גרם,false,,5.20,0.0331,true,1,2185174
7290110326227,false,יופלה און טופ קורנפל,,,יופלה און טופ קורנפל,גרמים,157.00,100 גרם,false,,5.20,0.0331,true,1,2185175
7290110326234,false,יופלה און טופ כוכבים,,,יופלה און טופ כוכבים,גרמים,157.00,100 גרם,false,,5.20,0.0331,true,1,2185176
7290110326241,false,יופלה און טופ גרנולה,,,יופלה און טופ גרנולה,גרמים,157.00,100 גרם,false,,5.20,0.0331,true,1,2185177
7290110326333,false,פרוסות גבינה סקנדינב,,,פרוסות גבינה סקנדינב,גרמים,200.00,100 גרם,false,,13.90,0.0695,true,1,2208670
7290110327033,false,משקה  סויה תנובה גו,,,משקה  סויה תנובה גו,ליטרים,1.00,ליטר,false,,11.90,11.9000,true,1,2199509
7290110327125,false,פטה 21% מחלב צאן במי,,,פטה 21% מחלב צאן במי,גרמים,200.00,100 גרם,false,,19.90,0.0995,true,1,2217713
7290110327514,false,משקה שיבולת שועל 1 ל,,,משקה שיבולת שועל 1 ל,ליטרים,1.00,ליטר,false,,11.90,11.9000,true,1,2272618
7290110327545,false,יופלה און טופ בטעם ת,,,יופלה און טופ בטעם ת,גרמים,157.00,100 גרם,false,,5.20,0.0331,true,1,2217715
7290110327798,false,חטיף חלבון GO בטעם ש,,,חטיף חלבון GO בטעם ש,גרמים,20.00,100 גרם,false,,11.90,0.5950,true,1,2248695
7290110327811,false,חטיף חלבון GO בטעם ק,,,חטיף חלבון GO בטעם ק,גרמים,20.00,100 גרם,false,,11.90,0.5950,true,1,2248697
7290110327828,false,חטיף חלבון GO בטעם ח,,,חטיף חלבון GO בטעם ח,גרמים,20.00,100 גרם,false,,11.90,0.5950,true,1,2248698
7290110328627,false,יוגורט יופלה GO בננה,,,יוגורט יופלה GO בננה,גרמים,200.00,100 גרם,false,,5.40,0.0270,true,1,2249393
7290110328764,false,יוגורט יופלה GO תות,,,יוגורט יופלה GO תות,גרמים,200.00,100 גרם,false,,5.40,0.0270,true,1,2249394
7290110328771,false,יוגורט יופלה GO פירו,,,יוגורט יופלה GO פירו,גרמים,200.00,100 גרם,false,,5.40,0.0270,true,1,2249395
7290110328788,false,יוגורט יופלה GO אפרס,,,יוגורט יופלה GO אפרס,גרמים,200.00,100 גרם,false,,5.40,0.0270,true,1,2249396
7290110329136,false,מעדן חלב גו בטעם שוק,,,מעדן חלב גו בטעם שוק,גרמים,120.00,100 גרם,false,,4.90,0.0408,true,1,2274442
7290110329143,false,מעדן חלב גו בטעם וני,,,מעדן חלב גו בטעם וני,גרמים,120.00,100 גרם,false,,4.90,0.0408,true,1,2274443
7290110329686,false,משקה תנובה GO בטעם ע,,,משקה תנובה GO בטעם ע,מיליליטרים,340.00,"100 מ""ל",false,,7.90,0.0232,true,1,2272612
7290110329792,false,מעדן סויה ביו אפרסק,,,מעדן סויה ביו אפרסק,גרמים,150.00,100 גרם,false,,4.50,0.0300,true,1,2280774
7290110329808,false,מעדן סויה ביו תות אל,,,מעדן סויה ביו תות אל,גרמים,150.00,100 גרם,false,,4.50,0.0300,true,1,2280775
7290110329815,false,מעדן סויה ביו מתיקות,,,מעדן סויה ביו מתיקות,גרמים,150.00,100 גרם,false,,4.50,0.0300,true,1,2280776
7290110329846,false,מעדן סויה ביו טבעי א,,,מעדן סויה ביו טבעי א,גרמים,150.00,100 גרם,false,,4.50,0.0300,true,1,2280778
7290110550202,false,מטבעות שוקולד חלב לא,,,מטבעות שוקולד חלב לא,גרמים,400.00,100 גרם,false,,29.90,0.0747,true,1,2298276
7290110550226,false,מטבעות שוקולד מריר ל,,,מטבעות שוקולד מריר ל,גרמים,400.00,100 גרם,false,,29.90,0.0747,true,1,2298278
7290110550363,false,פירכיות משולשות קינו,,,פירכיות משולשות קינו,גרמים,65.00,100 גרם,false,,9.90,0.1523,true,1,2284216
7290110550370,false,פירכיות משולשות קינו,,,פירכיות משולשות קינו,גרמים,65.00,100 גרם,false,,9.90,0.1523,true,1,2313298
7290110552121,false,יוגורט 5%+ויטמין D,,,יוגורט 5%+ויטמין D,גרמים,100.00,100 גרם,false,,2.20,0.0220,true,1,2297710
7290110552220,false,דנונה פרו 20 גר ללא,,,דנונה פרו 20 גר ללא,גרמים,200.00,100 גרם,false,,5.90,0.0295,true,1,2279055
7290110552237,false,דנונה פרו 20 גר ללא,,,דנונה פרו 20 גר ללא,גרמים,200.00,100 גרם,false,,5.90,0.0295,true,1,2279047
7290110552817,false,קופסא מסטיק קוביות ב,,,קופסא מסטיק קוביות ב,גרמים,58.00,100 גרם,false,,8.90,0.1534,true,1,2305724
7290110553029,false,פריכיות חלבון קייל ח,,,פריכיות חלבון קייל ח,גרמים,60.00,100 גרם,false,,9.90,0.1650,true,1,2284217
7290110553036,false,פריכיות חלבון בטטה ס,,,פריכיות חלבון בטטה ס,גרמים,60.00,100 גרם,false,,9.90,0.1650,true,1,2284218
7290110553098,false,אנרג'י מיקס צימוקים,,,אנרג'י מיקס צימוקים,גרמים,100.00,100 גרם,false,,15.90,0.1590,true,1,2311104
7290110553104,false,קפוצ'ינו סטיק קלאסי,,,קפוצ'ינו סטיק קלאסי,גרמים,130.00,100 גרם,false,,15.90,0.1223,true,1,2322845
7290110553135,false,קפוצ'ינו סטיק וניל,,,קפוצ'ינו סטיק וניל,גרמים,130.00,100 גרם,false,,15.90,0.1223,true,1,2322846
7290110553173,false,פרכיות אנרג'י בטעם ק,,,פרכיות אנרג'י בטעם ק,גרמים,40.00,100 גרם,false,,6.90,0.1725,true,1,2317286
7290110553180,false,פרכיות אנרג'י בטעם ת,,,פרכיות אנרג'י בטעם ת,גרמים,40.00,100 גרם,false,,6.90,0.1725,true,1,2317287
7290110553425,false,נס קפה 200 גרם + 20%,,,נס קפה 200 גרם + 20%,גרמים,240.00,100 גרם,false,,19.90,0.0829,true,1,2278484
7290110553623,false,ציטוס קראנץ צ'דר חלפ,,,ציטוס קראנץ צ'דר חלפ,גרמים,80.00,100 גרם,false,,3.90,0.0487,true,1,2304128
7290110554422,false,רוטב עגבניות ופלפלים,,,רוטב עגבניות ופלפלים,גרמים,350.00,100 גרם,false,,11.90,0.0340,true,1,2283226
7290110554507,false,קפה טורקי תימני 100,,,קפה טורקי תימני 100,גרמים,100.00,100 גרם,false,,8.90,0.0890,true,1,2302213
7290110554545,false,קפסולות למכונות נספר,,,קפסולות למכונות נספר,גרמים,50.00,100 גרם,false,,16.50,0.3300,true,1,2302220
7290110554583,false,מארז צ'יטוס פאפס גבי,,,מארז צ'יטוס פאפס גבי,גרמים,200.00,100 גרם,false,,12.90,0.0645,true,1,2279320
7290110554699,false,"קפסולות שת""פ למכונות",,,"קפסולות שת""פ למכונות",גרמים,50.00,100 גרם,false,,18.90,0.3780,true,1,2317504
7290110554705,false,"קפסולות שת""פ למכונות",,,"קפסולות שת""פ למכונות",גרמים,50.00,100 גרם,false,,18.90,0.3780,true,1,2317505
7290110554712,false,"קפסולות שת""פ למכונות",,,"קפסולות שת""פ למכונות",גרמים,50.00,100 גרם,false,,18.90,0.3780,true,1,2317506
7290110554729,false,קפסולות למכונות נספר,,,קפסולות למכונות נספר,גרמים,50.00,100 גרם,false,,16.50,0.3300,true,1,2290057
7290110554798,false,פולי אספרסו עלית 250,,,פולי אספרסו עלית 250,גרמים,250.00,100 גרם,false,,21.90,0.0876,true,1,2295488
7290110555009,false,פסאטה זוג 700ג' יד מ,,,פסאטה זוג 700ג' יד מ,גרמים,700.00,100 גרם,false,,11.90,0.0170,true,1,2298270
7290110555306,false,גלילי וופל רבע לשבע,,,גלילי וופל רבע לשבע,גרמים,125.00,100 גרם,false,,10.90,0.0872,true,1,2304011
7290110555368,false,גלילי רבע לשבע טבעונ,,,גלילי רבע לשבע טבעונ,גרמים,125.00,100 גרם,false,,10.90,0.0872,true,1,2304012
7290110556242,false,שוקולד מריר פרווה 10,,,שוקולד מריר פרווה 10,גרמים,100.00,100 גרם,false,,5.90,0.0590,true,1,2313299
7290110557027,false,חומוס אחלה עשיר ב-50,,,חומוס אחלה עשיר ב-50,גרמים,400.00,100 גרם,false,,11.90,0.0298,true,1,2275780
7290110557102,false,מעדן חלב דנונה פרו 1,,,מעדן חלב דנונה פרו 1,גרמים,150.00,100 גרם,false,,4.90,0.0327,true,1,2268575
7290110557133,false,מעדן הגולן וניל 125,,,מעדן הגולן וניל 125,גרמים,125.00,100 גרם,false,,2.90,0.0232,true,1,2272314
7290110557317,false,יוגורט שיבולת שועל ד,,,יוגורט שיבולת שועל ד,גרמים,100.00,100 גרם,false,,2.20,0.0220,true,1,2297711
7290110557645,false,אנרג'י מיקס צימוקים,,,אנרג'י מיקס צימוקים,גרמים,100.00,100 גרם,false,,15.90,0.1590,true,1,2311105
7290110558154,false,דנונה לייט אנד עוגת,,,דנונה לייט אנד עוגת,גרמים,150.00,100 גרם,false,,4.50,0.0300,true,1,2310260
7290110558222,false,דנונה WOW בנופי 150,,,דנונה WOW בנופי 150,גרמים,150.00,100 גרם,false,,4.50,0.0300,true,1,2310252
7290110558284,false,יוגורט דנונה ביו מול,,,יוגורט דנונה ביו מול,גרמים,200.00,100 גרם,false,,3.90,0.0195,true,1,2306158
7290110558314,false,דנונה פרו 20 גר ללא,,,דנונה פרו 20 גר ללא,גרמים,200.00,100 גרם,false,,5.90,0.0295,true,1,2310261
7290110559007,false,שעועית חומה טעם הטבע,,,שעועית חומה טעם הטבע,גרמים,380.00,100 גרם,false,,6.90,0.0182,true,1,2311114
7290110559014,false,שעועית שחורה טעם הטב,,,שעועית שחורה טעם הטב,גרמים,380.00,100 גרם,false,,6.90,0.0182,true,1,2311115
7290110559755,false,REAL מאגדת בוטנים פי,,,REAL מאגדת בוטנים פי,גרמים,105.00,100 גרם,false,,15.90,0.1514,true,1,2303360
7290110560300,false,פירכיות משולשות פלפל,,,פירכיות משולשות פלפל,גרמים,30.00,100 גרם,false,,4.90,0.1633,true,1,1996296
7290110560317,false,פירכיות משולשות מלח,,,פירכיות משולשות מלח,גרמים,30.00,100 גרם,false,,4.90,0.1633,true,1,1996297
7290110560324,false,פירכיות משולשות אפונ,,,פירכיות משולשות אפונ,גרמים,30.00,100 גרם,false,,4.90,0.1633,true,1,1996298
7290110561352,false,יוגורט דנונה שטראוס,,,יוגורט דנונה שטראוס,גרמים,200.00,100 גרם,false,,3.30,0.0165,true,1,1844568
7290110563431,false,משקה קפה קר בסגנון ק,,,משקה קפה קר בסגנון ק,מיליליטרים,230.00,"100 מ""ל",false,,7.90,0.0343,true,1,2069104
7290110563448,false,משקה קפה קר בסגנון מ,,,משקה קפה קר בסגנון מ,מיליליטרים,230.00,"100 מ""ל",false,,7.90,0.0343,true,1,2069105
7290110563462,false,חלב 1ליטר בקבוק נטול,,,חלב 1ליטר בקבוק נטול,ליטרים,1.00,ליטר,false,,7.90,7.9000,true,1,2068236
7290110564339,false,חומוס אחלה עשיר ב-30,,,חומוס אחלה עשיר ב-30,גרמים,400.00,100 גרם,false,,11.90,0.0298,true,1,1780281
7290110564360,false,חומוס אחלה עשיר ב-40,,,חומוס אחלה עשיר ב-40,גרמים,400.00,100 גרם,false,,11.90,0.0298,true,1,1772905
7290110564742,false,משקה קפה קר בסגנון ח,,,משקה קפה קר בסגנון ח,מיליליטרים,230.00,"100 מ""ל",false,,7.90,0.0343,true,1,2069114
7290110564919,false,דנונה מעודנת ללא סוכ,,,דנונה מעודנת ללא סוכ,גרמים,150.00,100 גרם,false,,3.40,0.0227,true,1,2173325
7290110565435,false,ג'לי בטעם פטל לימבו,,,ג'לי בטעם פטל לימבו,גרמים,125.00,100 גרם,false,,2.00,0.0160,true,1,1754003
7290110565572,false,מארז קפה טורקי עם הל,,,מארז קפה טורקי עם הל,גרמים,168.00,100 גרם,false,,17.90,0.1065,true,1,2149228
7290110566975,false,דנונה פרו 20 גרם חלב,,,דנונה פרו 20 גרם חלב,גרמים,200.00,100 גרם,false,,5.90,0.0295,true,1,1844570
7290110568276,false,משקה יטבתה פרו בטעם,,,משקה יטבתה פרו בטעם,מיליליטרים,350.00,"100 מ""ל",false,,5.90,0.0169,true,1,1867068
7290110571184,false,עדשים חומות טעם הטבע,,,עדשים חומות טעם הטבע,גרמים,380.00,100 גרם,false,,6.90,0.0182,true,1,2311116
7290110571382,false,מעדן חלב דנונה פרו,,,מעדן חלב דנונה פרו,גרמים,150.00,100 גרם,false,,4.90,0.0327,true,1,2295235
7290110571399,false,קופסא מסטיק קוביות ב,,,קופסא מסטיק קוביות ב,גרמים,58.00,100 גרם,false,,8.90,0.1534,true,1,2305725
7290110571474,false,גלילי וופל רבע לשבע,,,גלילי וופל רבע לשבע,גרמים,125.00,100 גרם,false,,10.90,0.0872,true,1,2305733
7290110571535,false,קפה טורקי + הל 100 ג,,,קפה טורקי + הל 100 ג,גרמים,300.00,100 גרם,false,,25.90,0.0863,true,1,2298279
7290110572969,false,חטיף כיף כף פצפצים ק,,,חטיף כיף כף פצפצים ק,גרמים,40.00,100 גרם,false,,4.90,0.1225,true,1,2311107
7290110576318,false,מאגדת שלישיית אגוז ל,,,מאגדת שלישיית אגוז ל,גרמים,300.00,100 גרם,false,,22.90,0.0763,true,1,2313305
7290110576356,false,שוקולד ספלנדיד מריר,,,שוקולד ספלנדיד מריר,גרמים,100.00,100 גרם,false,,8.90,0.0890,true,1,2309947
7290110576363,false,שוקולד ספלנדיד מריר,,,שוקולד ספלנדיד מריר,גרמים,100.00,100 גרם,false,,8.90,0.0890,true,1,2309948
7290110576370,false,מאגדת שלישיית אגוז מ,,,מאגדת שלישיית אגוז מ,גרמים,300.00,100 גרם,false,,22.90,0.0763,true,1,2313306
7290110576387,false,מאגדת שלישייה שוקולד,,,מאגדת שלישייה שוקולד,גרמים,300.00,100 גרם,false,,22.90,0.0763,true,1,2313307
7290111091513,false,מגבונים קוויק XL לאמ,,,מגבונים קוויק XL לאמ,יח',40.00,יח',false,,6.90,0.1725,true,1,1633587
7290111091520,false,"תחליב רחצה 700 מ""ל ד",,,"תחליב רחצה 700 מ""ל ד",מיליליטרים,700.00,"100 מ""ל",false,,12.90,0.0184,true,1,1939905
7290111092985,false,מגבונים בייביסיטר פר,,,מגבונים בייביסיטר פר,יח',288.00,יח',false,,15.90,0.0552,true,1,2303429
7290111093005,false,מגבונים מסיר איפור I,,,מגבונים מסיר איפור I,יח',25.00,יח',false,,5.90,0.2360,true,1,2049698
7290111093760,false,קוויק מטליות לחות לנ,,,קוויק מטליות לחות לנ,יח',10.00,יח',false,,9.90,0.9900,true,1,2311607
7290111093982,false,"תחליב רחצה 700 מ""ל ד",,,"תחליב רחצה 700 מ""ל ד",מיליליטרים,700.00,"100 מ""ל",false,,12.90,0.0184,true,1,2311608
7290111094248,false,קוויק שקיות אשפה XL,,,קוויק שקיות אשפה XL,יח',20.00,יח',false,,16.90,0.8450,true,1,2183652
7290111094651,false,קוויק שקיות אשפה L ע,,,קוויק שקיות אשפה L ע,יח',40.00,יח',false,,10.90,0.2725,true,1,2269978
7290111095818,false,קוויק שקיות אשפה L,,,קוויק שקיות אשפה L,יח',40.00,יח',false,,16.90,0.4225,true,1,2183653
7290111096921,false,מגבונים קוויק לניקוי,,,מגבונים קוויק לניקוי,יח',50.00,יח',false,,7.90,0.1580,true,1,2262317
7290111097546,false,מגבונים לניקוי כללי,,,מגבונים לניקוי כללי,יח',50.00,יח',false,,7.90,0.1580,true,1,2311610
7290111342004,false,מגבוני לחים לילי קיד,,,מגבוני לחים לילי קיד,יח',56.00,יח',false,,7.90,0.1411,true,1,2156409
7290111342059,false,מטלית לחות לחיטוי מש,,,מטלית לחות לחיטוי מש,יח',50.00,יח',false,,11.90,0.2380,true,1,2188531
7290111342523,false,מפיות ניקול צבעוניות,,,מפיות ניקול צבעוניות,יח',100.00,יח',false,,6.90,0.0690,true,1,2172468
7290111343858,false,מטליות לחות לניקוי ו,,,מטליות לחות לניקוי ו,יח',10.00,יח',false,,13.90,1.3900,true,1,2212574
7290111345043,false,מטלית מיקרופייבר למש,,,מטלית מיקרופייבר למש,יח',2.00,יח',false,,14.90,7.4500,true,1,2276218
7290111345050,false,מטלית מיקרופייבר למש,,,מטלית מיקרופייבר למש,יח',2.00,יח',false,,14.90,7.4500,true,1,2276219
7290111350092,false,מארז חטיפי לואקר 200,,,מארז חטיפי לואקר 200,גרמים,200.00,100 גרם,false,,19.90,0.0995,true,1,1647698
7290111350665,false,דבש לחיץ 350 גרם,,,דבש לחיץ 350 גרם,גרמים,350.00,100 גרם,false,,19.90,0.0569,true,1,1889916
7290111350726,false,נאצ'וס חטיף מתירס צה,,,נאצ'וס חטיף מתירס צה,גרמים,322.00,100 גרם,false,,14.90,0.0463,true,1,2155781
7290111352942,false,סוכריות טופי יוגטה 8,,,סוכריות טופי יוגטה 8,גרמים,850.00,100 גרם,false,,24.90,0.0293,true,1,2196294
7290111352959,false,מקלות חמוצים סוכריות,,,מקלות חמוצים סוכריות,גרמים,100.00,100 גרם,false,,5.90,0.0590,true,1,2196295
7290111352966,false,סוכריות ממולאות חמוצ,,,סוכריות ממולאות חמוצ,גרמים,250.00,100 גרם,false,,9.90,0.0396,true,1,2196296
7290111353055,false,סוכריות גומי דובונים,,,סוכריות גומי דובונים,גרמים,200.00,100 גרם,false,,7.90,0.0395,true,1,2211031
7290111353109,false,סוכריות גומי נחשים 2,,,סוכריות גומי נחשים 2,גרמים,200.00,100 גרם,false,,7.90,0.0395,true,1,2211033
7290111353116,false,סוכריות גומי נחשים 8,,,סוכריות גומי נחשים 8,גרמים,800.00,100 גרם,false,,19.90,0.0249,true,1,2211034
7290111353123,false,סוכריות גומי נחשים מ,,,סוכריות גומי נחשים מ,גרמים,200.00,100 גרם,false,,7.90,0.0395,true,1,2211035
7290111353239,false,סוכריות גומי יין 200,,,סוכריות גומי יין 200,גרמים,200.00,100 גרם,false,,7.90,0.0395,true,1,2211037
7290111353246,false,סוכריות גומי יין 800,,,סוכריות גומי יין 800,גרמים,800.00,100 גרם,false,,19.90,0.0249,true,1,2221342
7290111564277,false,פיטנס פריכיות 3 דגני,,,פיטנס פריכיות 3 דגני,גרמים,120.00,100 גרם,false,,9.90,0.0825,true,1,1611014
7290111564291,false,פיטנס פריכיות דקות ק,,,פיטנס פריכיות דקות ק,גרמים,120.00,100 גרם,false,,9.90,0.0825,true,1,1611015
7290111564727,false,עוגיות קרמוגית במילו,,,עוגיות קרמוגית במילו,גרמים,200.00,100 גרם,false,,10.90,0.0545,true,1,1732485
7290111566271,false,חטיפי תירס.,עיצובים 2020 (4.8),,חטיפי תירס.,גרמים,657.00,100 גרם,false,,29.90,0.0455,true,1,1754841
7290111566547,false,חזה בגריל צמחוני,עיצובים 2020 (4.8),,חזה בגריל צמחוני,גרמים,560.00,100 גרם,false,,29.90,0.0534,true,1,1754873
7290111566660,false,קציצות עדשים כתומות.,עיצובים 2020 (4.8),,קציצות עדשים כתומות.,גרמים,530.00,100 גרם,false,,29.00,0.0547,true,1,1754844
7290111566691,false,שניצל תרד 99 קלוריות,עיצובים 2020 (4.8),,שניצל תרד 99 קלוריות,גרמים,560.00,100 גרם,false,,29.90,0.0534,true,1,1816377
7290111566714,false,המבורגר צמחוני 99 קל,עיצובים 2020 (4.8),,המבורגר צמחוני 99 קל,גרמים,600.00,100 גרם,false,,29.90,0.0498,true,1,1754876
7290111566752,false,שניצל תירס 99 קלוריו,עיצובים 2020 (4.8),,שניצל תירס 99 קלוריו,גרמים,693.00,100 גרם,false,,29.90,0.0431,true,1,1754877
7290111566776,false,נקניקיות קוקטייל צמח,עיצובים 2020 (4.8),,נקניקיות קוקטייל צמח,גרמים,680.00,100 גרם,false,,29.90,0.0440,true,1,1754846
7290111568206,false,ביסלי במבה מיקס 150,,,ביסלי במבה מיקס 150,גרמים,150.00,100 גרם,false,,8.90,0.0593,true,1,1841300
7290111568251,false,נודלס אטריות להקפצה,,,נודלס אטריות להקפצה,גרמים,350.00,100 גרם,false,,9.90,0.0283,true,1,1837261
7290111568275,false,נודלס אטריות אורז רח,,,נודלס אטריות אורז רח,גרמים,300.00,100 גרם,false,,9.90,0.0330,true,1,1837262
7290111568299,false,נודלס אטריות עם תרד,,,נודלס אטריות עם תרד,גרמים,300.00,100 גרם,false,,9.90,0.0330,true,1,1837279
7290111568466,false,רוטב אסייתי למוקפץ 2,,,רוטב אסייתי למוקפץ 2,מיליליטרים,290.00,"100 מ""ל",false,,12.90,0.0445,true,1,1837267
7290111930799,false,חטיף קראנצ'וס בצל 55,,,חטיף קראנצ'וס בצל 55,גרמים,55.00,100 גרם,false,,3.90,0.0709,true,1,1681305
7290111930805,false,חטיף קראנצ'וס ברביקי,,,חטיף קראנצ'וס ברביקי,גרמים,55.00,100 גרם,false,,3.90,0.0709,true,1,1681306
7290111930850,false,חטיף קראנצ'וס פיצה 5,,,חטיף קראנצ'וס פיצה 5,גרמים,55.00,100 גרם,false,,3.90,0.0709,true,1,1681307
7290111930898,false,חטיף פוף כוכבים גריל,,,חטיף פוף כוכבים גריל,גרמים,40.00,100 גרם,false,,3.90,0.0975,true,1,1711651
7290111930904,false,חטיף פוף כוכבים בצל,,,חטיף פוף כוכבים בצל,גרמים,40.00,100 גרם,false,,3.90,0.0975,true,1,1711652
7290111930911,false,חטיף פוף לבבות קלאסי,,,חטיף פוף לבבות קלאסי,גרמים,40.00,100 גרם,false,,3.90,0.0975,true,1,1711591
7290111930928,false,חטיף פוף לבבות גריל,,,חטיף פוף לבבות גריל,גרמים,40.00,100 גרם,false,,3.90,0.0975,true,1,1711653
7290111930935,false,חטיף פוף טבעות קלאסי,,,חטיף פוף טבעות קלאסי,גרמים,40.00,100 גרם,false,,3.90,0.0975,true,1,1711654
7290111931338,false,סבון נוזלי פלמוליב ל,,,סבון נוזלי פלמוליב ל,מיליליטרים,500.00,"100 מ""ל",false,,15.90,0.0318,true,1,1841302
7290111932502,false,משחת שינים קולגייט א,,,משחת שינים קולגייט א,מיליליטרים,75.00,"100 מ""ל",false,,29.90,0.3987,true,1,1905653
7290111932748,false,"קרם לחות לפנים 50 מ""",,,"קרם לחות לפנים 50 מ""",מיליליטרים,50.00,"100 מ""ל",false,,16.90,0.3380,true,1,2257377
7290111932755,false,קרם ג'ל לחות לפנים 5,,,קרם ג'ל לחות לפנים 5,מיליליטרים,50.00,"100 מ""ל",false,,16.90,0.3380,true,1,2257378
7290111932823,false,קרם גוף במרקם מוס בל,,,קרם גוף במרקם מוס בל,מיליליטרים,150.00,"100 מ""ל",false,,8.90,0.0593,true,1,2278536
7290111933462,false,רוטב צ'ילי מתוק מאסט,,,רוטב צ'ילי מתוק מאסט,מיליליטרים,300.00,"100 מ""ל",false,,9.90,0.0330,true,1,1849813
7290111933530,false,מיץ לימון טבעי 250 מ,,,מיץ לימון טבעי 250 מ,מיליליטרים,250.00,"100 מ""ל",false,,5.00,0.0200,true,1,1966194
7290111933554,false,עגבניות קוביות מארז,,,עגבניות קוביות מארז,גרמים,1200.00,100 גרם,false,,15.90,0.0133,true,1,1942152
7290111933561,false,תערובת לציפוי נאגטס,,,תערובת לציפוי נאגטס,גרמים,250.00,100 גרם,false,,9.90,0.0396,true,1,2136908
7290111933998,false,תבנית אינגליש עם ניי,,,תבנית אינגליש עם ניי,יח',4.00,יח',false,,12.90,3.2250,true,1,2079716
7290111934018,false,קרם עיניים קלוגן בלו,,,קרם עיניים קלוגן בלו,מיליליטרים,30.00,"100 מ""ל",false,,16.90,0.5633,true,1,2257384
7290111935817,false,דאודורנט ליידי ספיד,,,דאודורנט ליידי ספיד,גרמים,45.00,100 גרם,false,,19.90,0.4422,true,1,2157523
7290111935961,false,מחית עגבניות מאסטר ש,,,מחית עגבניות מאסטר ש,גרמים,690.00,100 גרם,false,,9.90,0.0143,true,1,2149415
7290111936296,false,סבון נוזלי פלמוליב א,,,סבון נוזלי פלמוליב א,מיליליטרים,750.00,"100 מ""ל",false,,17.90,0.0239,true,1,2104740
7290111936784,false,חטיף תמרים וגוזי לוז,,,חטיף תמרים וגוזי לוז,גרמים,125.00,100 גרם,false,,15.90,0.1272,true,1,2064350
7290111937231,false,חטיף תמרים וקוקוס FR,,,חטיף תמרים וקוקוס FR,גרמים,125.00,100 גרם,false,,15.90,0.1272,true,1,2064352
7290111937248,false,חטיף תמרים קשיו ונגי,,,חטיף תמרים קשיו ונגי,גרמים,125.00,100 גרם,false,,15.90,0.1272,true,1,2064353
7290111937255,false,חטיף תמרים בוטנים וא,,,חטיף תמרים בוטנים וא,גרמים,125.00,100 גרם,false,,15.90,0.1272,true,1,2064360
7290111938481,false,רוטב סויה בהירה מאסט,,,רוטב סויה בהירה מאסט,מיליליטרים,300.00,"100 מ""ל",false,,9.90,0.0330,true,1,2188061
7290111939136,false,קוקי נייר אפייה עגול,,,קוקי נייר אפייה עגול,יח',20.00,יח',false,,7.90,0.3950,true,1,2177736
7290111939143,false,קוקי נייר אפייה עגול,,,קוקי נייר אפייה עגול,יח',20.00,יח',false,,7.90,0.3950,true,1,2177737
7290111939174,false,קוקי ניילון נצמד עם,,,קוקי ניילון נצמד עם,יח',18.00,יח',false,,9.90,0.5500,true,1,2177725
7290111939181,false,קוקי ניילון נצמד עם,,,קוקי ניילון נצמד עם,יח',20.00,יח',false,,9.90,0.4950,true,1,2177726
7290112000057,false,ווליט ג'ל גולד לשמיר,,,ווליט ג'ל גולד לשמיר,ליטרים,3.00,ליטר,false,,29.90,9.9667,true,1,1732268
7290112000156,false,אירוויק מילוי מפיץ א,,,אירוויק מילוי מפיץ א,מיליליטרים,20.00,"100 מ""ל",false,,19.90,0.9950,true,1,1895993
7290112000286,false,גל אסלות סיליט באנג,,,גל אסלות סיליט באנג,מיליליטרים,750.00,"100 מ""ל",false,,9.90,0.0132,true,1,1780416
7290112000293,false,גל אסלות סיליט באנג,,,גל אסלות סיליט באנג,מיליליטרים,750.00,"100 מ""ל",false,,9.90,0.0132,true,1,1780417
7290112000736,false,פיניש 80 טבליות AIO,,,פיניש 80 טבליות AIO,יח',80.00,יח',false,,54.90,0.6862,true,1,1895997
7290112000798,false,תרסיס דטול לניקוי וח,,,תרסיס דטול לניקוי וח,מיליליטרים,750.00,"100 מ""ל",false,,14.90,0.0199,true,1,1960869
7290112001221,false,קולון מנקה למכונת כב,,,קולון מנקה למכונת כב,מיליליטרים,250.00,"100 מ""ל",false,,19.90,0.0796,true,1,1960899
7290112001238,false,קולון מנקה למכונת כב,,,קולון מנקה למכונת כב,מיליליטרים,250.00,"100 מ""ל",false,,19.90,0.0796,true,1,1960900
7290112001436,false,מנקה מדיח כלים 250 מ,,,מנקה מדיח כלים 250 מ,מיליליטרים,250.00,"100 מ""ל",false,,14.90,0.0596,true,1,2165315
7290112001870,false,סיליט באנג לאמבטיות,,,סיליט באנג לאמבטיות,מיליליטרים,750.00,"100 מ""ל",false,,14.90,0.0199,true,1,2160873
7290112001917,false,פיניש ג'ל 1 ליטר בני,,,פיניש ג'ל 1 ליטר בני,מיליליטרים,1000.00,"100 מ""ל",false,,42.90,0.0429,true,1,2160875
7290112002136,false,קולון ג'ל 4 ליטר רגי,,,קולון ג'ל 4 ליטר רגי,ליטרים,4.00,ליטר,false,,34.90,8.7250,true,1,2165130
7290112002143,false,קולון ג'ל 4 ליטר ליל,,,קולון ג'ל 4 ליטר ליל,ליטרים,4.00,ליטר,false,,34.90,8.7250,true,1,2165131
7290112002150,false,קולון ג'ל 4 ליטר בני,,,קולון ג'ל 4 ליטר בני,ליטרים,4.00,ליטר,false,,34.90,8.7250,true,1,2165132
7290112002167,false,קולון ג'ל 4 ליטר בני,,,קולון ג'ל 4 ליטר בני,ליטרים,4.00,ליטר,false,,34.90,8.7250,true,1,2165133
7290112002457,false,דטול מגבונים לניקוי,,,דטול מגבונים לניקוי,יח',180.00,יח',false,,24.90,0.1383,true,1,2177733
7290112002983,false,ספריי לניקוי כללי סי,,,ספריי לניקוי כללי סי,מיליליטרים,750.00,"100 מ""ל",false,,19.90,0.0265,true,1,2198072
7290112002990,false,ספריי לניקוי כללי סי,,,ספריי לניקוי כללי סי,מיליליטרים,750.00,"100 מ""ל",false,,19.90,0.0265,true,1,2198073
7290112003096,false,קולון מבשם בדים טבעי,,,קולון מבשם בדים טבעי,מיליליטרים,300.00,"100 מ""ל",false,,19.90,0.0663,true,1,2219465
7290112003188,false,קולון קפסולות ג'ל לכ,,,קולון קפסולות ג'ל לכ,יח',60.00,יח',false,,54.90,0.9150,true,1,2218119
7290112003263,false,"אבקת כביסה 1.25ק""ג -",,,"אבקת כביסה 1.25ק""ג -",קילוגרמים,1.25,"ק""ג",false,,19.90,15.9200,true,1,2198051
7290112003454,false,מקלות ריחניים יער וע,,,מקלות ריחניים יער וע,מיליליטרים,80.00,"100 מ""ל",false,,24.90,0.3112,true,1,2222393
7290112003959,false,וניש גולד אבקה 470 ג,,,וניש גולד אבקה 470 ג,גרמים,470.00,100 גרם,false,,19.90,0.0423,true,1,2254848
7290112003966,false,וניש גולד אבקה 470 ג,,,וניש גולד אבקה 470 ג,גרמים,470.00,100 גרם,false,,19.90,0.0423,true,1,2254849
7290112004024,false,"וניש גולד ג'ל 940 מ""",,,"וניש גולד ג'ל 940 מ""",מיליליטרים,940.00,"100 מ""ל",false,,24.90,0.0265,true,1,2273623
7290112004208,false,פיניש 50 טבליות לימו,,,פיניש 50 טבליות לימו,יח',50.00,יח',false,,34.90,0.6980,true,1,2254920
7290112004314,false,תרסיס למטבח דטול רימ,,,תרסיס למטבח דטול רימ,מיליליטרים,750.00,"100 מ""ל",false,,14.90,0.0199,true,1,2254852
7290112004413,false,וניש ספריי לבן 750 מ,,,וניש ספריי לבן 750 מ,מיליליטרים,750.00,"100 מ""ל",false,,14.90,0.0199,true,1,2291297
7290112004963,false,טבליות למדיח כלים 25,,,טבליות למדיח כלים 25,יח',25.00,יח',false,,34.90,1.3960,true,1,2311473
7290112004970,false,טבליות למדיח כלים 50,,,טבליות למדיח כלים 50,יח',50.00,יח',false,,54.90,1.0980,true,1,2311474
7290112004994,false,מילוי מבשם אויר אוטו,,,מילוי מבשם אויר אוטו,מיליליטרים,250.00,"100 מ""ל",false,,19.90,0.0796,true,1,2300840
7290112005052,false,וניש אבקה לכביסה לבנ,,,וניש אבקה לכביסה לבנ,קילוגרמים,1.50,"ק""ג",false,,39.90,26.6000,true,1,2311476
7290112005083,false,וניש אבקה לכביסה צבע,,,וניש אבקה לכביסה צבע,קילוגרמים,1.50,"ק""ג",false,,39.90,26.6000,true,1,2311478
7290112005144,false,מבשם אויר מכשיר אוטו,,,מבשם אויר מכשיר אוטו,מיליליטרים,250.00,"100 מ""ל",false,,49.90,0.1996,true,1,2300846
7290112005168,false,טבליות למדיח כלים 60,,,טבליות למדיח כלים 60,יח',60.00,יח',false,,54.90,0.9150,true,1,2311487
7290112192561,false,משחת שיניים הגנה מלא,,,משחת שיניים הגנה מלא,מיליליטרים,75.00,"100 מ""ל",false,,29.90,0.3987,true,1,2164557
7290112192578,false,משחת שיניים הגנה מלא,,,משחת שיניים הגנה מלא,מיליליטרים,75.00,"100 מ""ל",false,,29.90,0.3987,true,1,2164558
7290112192875,false,סנסודיין משחת שיניים,,,סנסודיין משחת שיניים,מיליליטרים,75.00,"100 מ""ל",false,,29.90,0.3987,true,1,2169761
7290112192882,false,סנסודיין משחת שיניים,,,סנסודיין משחת שיניים,מיליליטרים,75.00,"100 מ""ל",false,,29.90,0.3987,true,1,2169762
7290112192943,false,דוחה יתושים ספירה,,,דוחה יתושים ספירה,מיליליטרים,70.00,"100 מ""ל",false,,11.90,0.1700,true,1,2191917
7290112330352,false,דנונה פרו 20 גרם חלב,,,דנונה פרו 20 גרם חלב,גרמים,200.00,100 גרם,false,,5.90,0.0295,true,1,2104813
7290112330390,false,דנונה פרו 20 גרם חלב,,,דנונה פרו 20 גרם חלב,גרמים,200.00,100 גרם,false,,5.90,0.0295,true,1,2104814
7290112332585,false,פירכיות משולשות בתיב,,,פירכיות משולשות בתיב,גרמים,30.00,100 גרם,false,,4.90,0.1633,true,1,2134565
7290112332691,false,פינוקיות עוגיית קרם,,,פינוקיות עוגיית קרם,גרמים,200.00,100 גרם,false,,9.90,0.0495,true,1,2149231
7290112332875,false,מסטיק קוביות מנטה עד,,,מסטיק קוביות מנטה עד,גרמים,86.00,100 גרם,false,,12.90,0.1500,true,1,2087580
7290112332899,false,קופסאת מסטיק בזוקה פ,,,קופסאת מסטיק בזוקה פ,גרמים,58.00,100 גרם,false,,8.90,0.1534,true,1,2134535
7290112335111,false,מסטיק קוביות בטעם בז,,,מסטיק קוביות בטעם בז,גרמים,86.00,100 גרם,false,,12.90,0.1500,true,1,2087583
7290112335487,false,הפירכיות הטעימות קצח,,,הפירכיות הטעימות קצח,גרמים,135.00,100 גרם,false,,11.90,0.0881,true,1,2134537
7290112335494,false,הפירכיות הטעימות פוט,,,הפירכיות הטעימות פוט,גרמים,135.00,100 גרם,false,,11.90,0.0881,true,1,2152702
7290112335500,false,הפירכיות הטעימות חלב,,,הפירכיות הטעימות חלב,גרמים,135.00,100 גרם,false,,11.90,0.0881,true,1,2134538
7290112336637,false,סוכריות מאסט ללא סוכ,,,סוכריות מאסט ללא סוכ,גרמים,80.00,100 גרם,false,,7.90,0.0988,true,1,2163482
7290112336644,false,סוכריות מאסט ללא סוכ,,,סוכריות מאסט ללא סוכ,גרמים,80.00,100 גרם,false,,7.90,0.0988,true,1,2163483
7290112336651,false,סוכריות מאסט ללא סוכ,,,סוכריות מאסט ללא סוכ,גרמים,80.00,100 גרם,false,,7.90,0.0988,true,1,2163484
7290112337474,false,סוכריות מאסט ללא סוכ,,,סוכריות מאסט ללא סוכ,גרמים,80.00,100 גרם,false,,7.90,0.0988,true,1,2163485
7290112337481,false,סוכריות מאסט ללא סוכ,,,סוכריות מאסט ללא סוכ,גרמים,80.00,100 גרם,false,,7.90,0.0988,true,1,2163486
7290112339867,false,גמדים סקוויז לדרך בו,,,גמדים סקוויז לדרך בו,גרמים,100.00,100 גרם,false,,5.50,0.0550,true,1,2068401
7290112339874,false,גמדים סקוויז לדרך בו,,,גמדים סקוויז לדרך בו,גרמים,100.00,100 גרם,false,,5.50,0.0550,true,1,2068400
7290112340122,false,הפירכיות הטעימות 3 ד,,,הפירכיות הטעימות 3 ד,גרמים,135.00,100 גרם,false,,11.90,0.0881,true,1,2134543
7290112340245,false,קופסאת מסטיק מאסט בט,,,קופסאת מסטיק מאסט בט,גרמים,66.00,100 גרם,false,,8.90,0.1348,true,1,2087584
7290112340276,false,עוגיית קרם קפה נמס,,,עוגיית קרם קפה נמס,גרמים,200.00,100 גרם,false,,9.90,0.0495,true,1,2149233
7290112340900,false,קפה טורקי האג 200 גר,,,קפה טורקי האג 200 גר,גרמים,200.00,100 גרם,false,,25.90,0.1295,true,1,2206111
7290112341679,false,אקטיבייה 3% 200 גרם,,,אקטיבייה 3% 200 גרם,גרמים,200.00,100 גרם,false,,3.90,0.0195,true,1,2163720
7290112341686,false,מארז 8 יח' אקטיביה 3,,,מארז 8 יח' אקטיביה 3,גרמים,1200.00,100 גרם,false,,18.90,0.0157,true,1,2163738
7290112342102,false,סימפוניה בצל מקורמל,,,סימפוניה בצל מקורמל,גרמים,200.00,100 גרם,false,,10.90,0.0545,true,1,2173326
7290112342195,false,תפוצ'יפס מקלות טבעי,,,תפוצ'יפס מקלות טבעי,גרמים,200.00,100 גרם,false,,9.90,0.0495,true,1,2172665
7290112342270,false,קפה פלטינום אינטנס 1,,,קפה פלטינום אינטנס 1,גרמים,125.00,100 גרם,false,,19.90,0.1592,true,1,2162066
7290112342508,false,דוריטוס 70 גרם קול ר,,,דוריטוס 70 גרם קול ר,גרמים,70.00,100 גרם,false,,3.50,0.0500,true,1,2168506
7290112343260,false,רוטב שמנת קלאסי 9% ש,,,רוטב שמנת קלאסי 9% ש,גרמים,260.00,100 גרם,false,,9.90,0.0381,true,1,2168848
7290112343420,false,משקה יוטבתה פרו ארוח,,,משקה יוטבתה פרו ארוח,מיליליטרים,350.00,"100 מ""ל",false,,6.90,0.0197,true,1,2168851
7290112343499,false,צ'יטוס פאפס 55 גרם,,,צ'יטוס פאפס 55 גרם,גרמים,55.00,100 גרם,false,,3.50,0.0636,true,1,2270760
7290112343512,false,ציטוס פאפס 160 גרם,,,ציטוס פאפס 160 גרם,גרמים,160.00,100 גרם,false,,7.90,0.0494,true,1,2270761
7290112344724,false,מעדן מילקי בטעם שוקו,,,מעדן מילקי בטעם שוקו,גרמים,133.00,100 גרם,false,,3.20,0.0241,true,1,2168899
7290112344755,false,מעדן מילקי 26% פחות,,,מעדן מילקי 26% פחות,גרמים,135.00,100 גרם,false,,2.80,0.0207,true,1,2221111
7290112344786,false,קפה פלטינום קלאסיק,,,קפה פלטינום קלאסיק,גרמים,200.00,100 גרם,false,,29.90,0.1495,true,1,2185067
7290112346360,false,בפלות אחת אחת בציפוי,,,בפלות אחת אחת בציפוי,גרמים,180.00,100 גרם,false,,12.90,0.0717,true,1,2172257
7290112346629,false,יוגורט בר עם קורנפלק,,,יוגורט בר עם קורנפלק,גרמים,172.00,100 גרם,false,,4.50,0.0262,true,1,2194689
7290112346773,false,דנונה לייט אנד פריי,,,דנונה לייט אנד פריי,גרמים,150.00,100 גרם,false,,4.50,0.0300,true,1,2223117
7290112346797,false,יוגורט אקטיביה שיבול,,,יוגורט אקטיביה שיבול,גרמים,150.00,100 גרם,false,,4.50,0.0300,true,1,2186300
7290112347008,false,גמדים ארוחת בוקר תות,,,גמדים ארוחת בוקר תות,גרמים,100.00,100 גרם,false,,5.50,0.0550,true,1,2168881
7290112348142,false,שעועית לבנה טעם הטבע,,,שעועית לבנה טעם הטבע,גרמים,380.00,100 גרם,false,,6.90,0.0182,true,1,2188582
7290112348616,false,קפה נמס אגוזי לוז,,,קפה נמס אגוזי לוז,גרמים,100.00,100 גרם,false,,14.90,0.1490,true,1,2213993
7290112349316,false,מסטיק בזוקה ביג פופי,,,מסטיק בזוקה ביג פופי,גרמים,86.00,100 גרם,false,,12.90,0.1500,true,1,2185060
7290112349606,false,מעדן דניאלה  תות בננ,,,מעדן דניאלה  תות בננ,גרמים,88.00,100 גרם,false,,3.90,0.0443,true,1,2279380
7290112349736,false,רוטב עגבניות בזילקום,,,רוטב עגבניות בזילקום,גרמים,350.00,100 גרם,false,,11.90,0.0340,true,1,2172261
7290112349743,false,רוטב עגבניות פיקנטי,,,רוטב עגבניות פיקנטי,גרמים,350.00,100 גרם,false,,11.90,0.0340,true,1,2172247
7290112349750,false,רוטב עגבניות לפיצה 3,,,רוטב עגבניות לפיצה 3,גרמים,350.00,100 גרם,false,,11.90,0.0340,true,1,2172262
7290112350312,false,קפסולות 15 למכונת נס,,,קפסולות 15 למכונת נס,גרמים,50.00,100 גרם,false,,16.50,0.3300,true,1,2208701
7290112350589,false,אבקה להכנת משקה ציקו,,,אבקה להכנת משקה ציקו,גרמים,65.00,100 גרם,false,,10.90,0.1677,true,1,2197645
7290112351067,false,סילאן לחיץ 630 גרם,,,סילאן לחיץ 630 גרם,גרמים,630.00,100 גרם,false,,22.90,0.0363,true,1,2185074
7290112351258,false,פינוקיות שחור לבן,,,פינוקיות שחור לבן,גרמים,200.00,100 גרם,false,,9.90,0.0495,true,1,2206112
7290112351463,false,שלישיית סוכריות פרש,,,שלישיית סוכריות פרש,גרמים,45.00,100 גרם,false,,7.90,0.1756,true,1,2194275
7290112353412,false,פירכיות משולשות תפוח,,,פירכיות משולשות תפוח,גרמים,30.00,100 גרם,false,,4.90,0.1633,true,1,2198986
7290112355027,false,דנונה פרו 20 גרם חלב,,,דנונה פרו 20 גרם חלב,גרמים,200.00,100 גרם,false,,5.90,0.0295,true,1,2221116
7290112355102,false,גמדים פאוץ' סלט פירו,,,גמדים פאוץ' סלט פירו,גרמים,100.00,100 גרם,false,,5.50,0.0550,true,1,2223125
7290112355263,false,רוטב שמנת עם שוקולד,,,רוטב שמנת עם שוקולד,גרמים,265.00,100 גרם,false,,9.90,0.0374,true,1,2297578
7290112355775,false,סימפוניה עירית 200 ג,,,סימפוניה עירית 200 ג,גרמים,200.00,100 גרם,false,,10.90,0.0545,true,1,2310262
7290112356536,false,שקית קקאו עלית 150 +,,,שקית קקאו עלית 150 +,גרמים,165.00,100 גרם,false,,9.90,0.0600,true,1,2197647
7290112357045,false,עגבניות איטלקיות מרו,,,עגבניות איטלקיות מרו,גרמים,390.00,100 גרם,false,,6.90,0.0177,true,1,2188583
7290112357069,false,מחית עגבניות איטלקית,,,מחית עגבניות איטלקית,גרמים,500.00,100 גרם,false,,7.90,0.0158,true,1,2188584
7290112357076,false,עגבניות איטלקיות קוב,,,עגבניות איטלקיות קוב,גרמים,390.00,100 גרם,false,,6.90,0.0177,true,1,2208689
7290112357083,false,אפונת גינה טעם הטבע,,,אפונת גינה טעם הטבע,גרמים,380.00,100 גרם,false,,6.90,0.0182,true,1,2188596
7290112357106,false,שעועית אדומה טעם הטב,,,שעועית אדומה טעם הטב,גרמים,380.00,100 גרם,false,,6.90,0.0182,true,1,2188585
7290112357113,false,גרגרי חומוס טעם הטבע,,,גרגרי חומוס טעם הטבע,גרמים,380.00,100 גרם,false,,6.90,0.0182,true,1,2188572
7290112357892,false,שלישיית סוכריות פרש,,,שלישיית סוכריות פרש,גרמים,45.00,100 גרם,false,,7.90,0.1756,true,1,2194279
7290112358004,false,חטיף פסק זמן קראנץ,,,חטיף פסק זמן קראנץ,גרמים,32.00,100 גרם,false,,4.90,0.1531,true,1,2220600
7290112358127,false,דנונה פרו  20 גרם עם,,,דנונה פרו  20 גרם עם,גרמים,200.00,100 גרם,false,,5.90,0.0295,true,1,2218064
7290112358219,false,רוטב צ'ילי מתוק 320,,,רוטב צ'ילי מתוק 320,גרמים,300.00,100 גרם,false,,12.90,0.0430,true,1,2197653
7290112359353,false,קפה אלדין  200 גרם,,,קפה אלדין  200 גרם,גרמים,200.00,100 גרם,false,,18.90,0.0945,true,1,2277693
7290112359902,false,קפה פלטינום ברזיל 47,,,קפה פלטינום ברזיל 47,גרמים,47.00,100 גרם,false,,9.90,0.2106,true,1,2271664
7290112490032,false,נמס בכוס תירס זוגות,,,נמס בכוס תירס זוגות,גרמים,45.00,100 גרם,false,,6.50,0.1444,true,1,1913684
7290112490117,false,טבלאות קליק ווופל אג,,,טבלאות קליק ווופל אג,גרמים,85.00,100 גרם,false,,4.90,0.0576,true,1,1836470
7290112490209,false,נמס בכוס זוג עגבניות,,,נמס בכוס זוג עגבניות,גרמים,56.00,100 גרם,false,,6.50,0.1161,true,1,1902210
7290112490216,false,נמס בכוס זוג עוף עם,,,נמס בכוס זוג עוף עם,גרמים,48.00,100 גרם,false,,6.50,0.1354,true,1,1902211
7290112490230,false,נמס בכוס אפונה 100%ר,,,נמס בכוס אפונה 100%ר,גרמים,50.00,100 גרם,false,,6.50,0.1300,true,1,1902238
7290112490582,false,חרדל הלמנס דיז'ון,,,חרדל הלמנס דיז'ון,גרמים,350.00,100 גרם,false,,12.90,0.0369,true,1,1914459
7290112490599,false,חרדל הלמנס עם גרגרים,,,חרדל הלמנס עם גרגרים,גרמים,350.00,100 גרם,false,,12.90,0.0369,true,1,1914460
7290112490650,false,קונפיטורת תות שדה 77,,,קונפיטורת תות שדה 77,גרמים,340.00,100 גרם,false,,12.90,0.0379,true,1,1893956
7290112490674,false,קונפיטורת דובדבן 778,,,קונפיטורת דובדבן 778,גרמים,340.00,100 גרם,false,,12.90,0.0379,true,1,1893948
7290112490698,false,קונפיטורת תות שדה 77,,,קונפיטורת תות שדה 77,גרמים,260.00,100 גרם,false,,15.90,0.0612,true,1,1893958
7290112490735,false,מרק עשיר ר.טיבעיים ע,,,מרק עשיר ר.טיבעיים ע,גרמים,80.00,100 גרם,false,,9.90,0.1238,true,1,1961079
7290112490742,false,מרק עשיר ר.טיבעיים ג,,,מרק עשיר ר.טיבעיים ג,גרמים,80.00,100 גרם,false,,9.90,0.1238,true,1,1961080
7290112490759,false,מרק עשיר ר.טיבעיים א,,,מרק עשיר ר.טיבעיים א,גרמים,80.00,100 גרם,false,,9.90,0.1238,true,1,1961081
7290112490827,false,בדין תרסיס למייבש 50,,,בדין תרסיס למייבש 50,מיליליטרים,500.00,"100 מ""ל",false,,16.90,0.0338,true,1,1913687
7290112490896,false,רוטב צ'ילי חריף 370,,,רוטב צ'ילי חריף 370,מיליליטרים,370.00,"100 מ""ל",false,,12.90,0.0349,true,1,1975712
7290112491701,false,ברנפלקס אקסטרה פרוטא,,,ברנפלקס אקסטרה פרוטא,גרמים,375.00,100 גרם,false,,22.90,0.0611,true,1,1996472
7290112491770,false,בייגלה דקים דקים 300,,,בייגלה דקים דקים 300,גרמים,300.00,100 גרם,false,,9.90,0.0330,true,1,1989502
7290112491787,false,בייגלה דקים דקים עם,,,בייגלה דקים דקים עם,גרמים,300.00,100 גרם,false,,9.90,0.0330,true,1,1989503
7290112492449,false,שמפו פינוק רגיל,,,שמפו פינוק רגיל,מיליליטרים,700.00,"100 מ""ל",false,,11.90,0.0170,true,1,2187721
7290112492456,false,שמפו פינוק יבש,,,שמפו פינוק יבש,מיליליטרים,700.00,"100 מ""ל",false,,11.90,0.0170,true,1,2187616
7290112492463,false,שמפו פינוק 2 ב-1 רגי,,,שמפו פינוק 2 ב-1 רגי,מיליליטרים,700.00,"100 מ""ל",false,,11.90,0.0170,true,1,2187722
7290112492487,false,שמפו פינוק שמן מרוקא,,,שמפו פינוק שמן מרוקא,מיליליטרים,700.00,"100 מ""ל",false,,11.90,0.0170,true,1,2187617
7290112492500,false,שמפו פינוק שמן קוקוס,,,שמפו פינוק שמן קוקוס,מיליליטרים,700.00,"100 מ""ל",false,,11.90,0.0170,true,1,2187723
7290112492531,false,מרכך פינוק רגיל,,,מרכך פינוק רגיל,מיליליטרים,700.00,"100 מ""ל",false,,11.90,0.0170,true,1,2168929
7290112492548,false,מרכך פינוק יבש,,,מרכך פינוק יבש,מיליליטרים,700.00,"100 מ""ל",false,,11.90,0.0170,true,1,2168930
7290112492579,false,מרכך פינוק שמן קוקוס,,,מרכך פינוק שמן קוקוס,מיליליטרים,700.00,"100 מ""ל",false,,11.90,0.0170,true,1,2168933
7290112492593,false,תחליב רחצה פינוק קלא,,,תחליב רחצה פינוק קלא,מיליליטרים,700.00,"100 מ""ל",false,,10.90,0.0156,true,1,2168934
7290112492609,false,תחליב רחצה פינוק לבנ,,,תחליב רחצה פינוק לבנ,מיליליטרים,700.00,"100 מ""ל",false,,10.90,0.0156,true,1,2168935
7290112492630,false,שמפו פינוק 3 ב-1 לגב,,,שמפו פינוק 3 ב-1 לגב,מיליליטרים,700.00,"100 מ""ל",false,,11.90,0.0170,true,1,2168938
7290112492647,false,שמפו פינוק 3 ב-1 לגב,,,שמפו פינוק 3 ב-1 לגב,מיליליטרים,700.00,"100 מ""ל",false,,11.90,0.0170,true,1,2168939
7290112492722,false,שמפו ומרכך פינוק ילד,,,שמפו ומרכך פינוק ילד,מיליליטרים,700.00,"100 מ""ל",false,,13.90,0.0199,true,1,2190099
7290112492746,false,מרכך פינוק ילדים,,,מרכך פינוק ילדים,מיליליטרים,700.00,"100 מ""ל",false,,13.90,0.0199,true,1,2190100
7290112492982,false,מרק פיטריות 400 גר ר,,,מרק פיטריות 400 גר ר,גרמים,400.00,100 גרם,false,,24.90,0.0622,true,1,2168406
7290112492999,false,קנור מרק טעם עוף 400,,,קנור מרק טעם עוף 400,גרמים,400.00,100 גרם,false,,14.90,0.0373,true,1,2167995
7290112493064,false,רוטב לבישול שזיפים ל,,,רוטב לבישול שזיפים ל,גרמים,320.00,100 גרם,false,,12.90,0.0403,true,1,2182916
7290112493088,false,נמס בכוס זוג עדשים 1,,,נמס בכוס זוג עדשים 1,גרמים,54.00,100 גרם,false,,6.50,0.1204,true,1,2138660
7290112493095,false,נמס בכוס זוג עגבניות,,,נמס בכוס זוג עגבניות,גרמים,48.00,100 גרם,false,,6.50,0.1354,true,1,2138661
7290112493293,false,נמס בכוס זוג ירקות 1,,,נמס בכוס זוג ירקות 1,גרמים,44.00,100 גרם,false,,6.50,0.1477,true,1,2138662
7290112493316,false,מרק אפונה 100% רכיבי,,,מרק אפונה 100% רכיבי,גרמים,117.00,100 גרם,false,,9.90,0.0846,true,1,2138663
7290112493934,false,גלידה קרמיסימו 1.33,,,גלידה קרמיסימו 1.33,ליטרים,1.33,ליטר,false,,19.90,14.9624,true,1,2170112
7290112494016,false,מיונז תלמה מופחת שומ,,,מיונז תלמה מופחת שומ,גרמים,500.00,100 גרם,false,,9.90,0.0198,true,1,2163453
7290112494153,false,תיבולית קנור צלי 72,,,תיבולית קנור צלי 72,גרמים,72.00,100 גרם,false,,9.90,0.1375,true,1,2165116
7290112494221,false,קליק בסקוויט 65 גרם.,,,קליק בסקוויט 65 גרם.,גרמים,65.00,100 גרם,false,,5.90,0.0908,true,1,2165596
7290112494238,false,חטיף שוקולד קליק כדו,,,חטיף שוקולד קליק כדו,גרמים,65.00,100 גרם,false,,5.90,0.0908,true,1,2165597
7290112494276,false,קליק כריות חדש 65 גר,,,קליק כריות חדש 65 גר,גרמים,65.00,100 גרם,false,,5.90,0.0908,true,1,2165599
7290112494283,false,קליק חום לבן 65 גרם.,,,קליק חום לבן 65 גרם.,גרמים,65.00,100 גרם,false,,5.90,0.0908,true,1,2165600
7290112494313,false,קליק קורנפלקס 65 גרם,,,קליק קורנפלקס 65 גרם,גרמים,65.00,100 גרם,false,,5.90,0.0908,true,1,2165602
7290112494344,false,קורנפלקס אלופים.ות 8,,,קורנפלקס אלופים.ות 8,גרמים,850.00,100 גרם,false,,19.90,0.0234,true,1,2182836
7290112494351,false,קורנפלקס אלופים 850,,,קורנפלקס אלופים 850,גרמים,850.00,100 גרם,false,,19.90,0.0234,true,1,2182837
7290112494382,false,קנור פירה בטעם ביתי,,,קנור פירה בטעם ביתי,גרמים,260.00,100 גרם,false,,12.90,0.0496,true,1,2164819
7290112494610,false,רוטב קנור פיקנטי לדג,,,רוטב קנור פיקנטי לדג,גרמים,415.00,100 גרם,false,,12.90,0.0311,true,1,2165110
7290112494795,false,ג'ל כביסה לבנה וצבעו,,,ג'ל כביסה לבנה וצבעו,ליטרים,2.50,ליטר,false,,32.90,13.1600,true,1,2173493
7290112494818,false,ג'ל כביסה לבנה וצבעו,,,ג'ל כביסה לבנה וצבעו,ליטרים,2.50,ליטר,false,,32.90,13.1600,true,1,2173495
7290112494825,false,תרחיץ פנים דאב לעור,,,תרחיץ פנים דאב לעור,מיליליטרים,180.00,"100 מ""ל",false,,14.90,0.0828,true,1,2216449
7290112494832,false,תרחיץ פנים דאב לעור,,,תרחיץ פנים דאב לעור,מיליליטרים,180.00,"100 מ""ל",false,,14.90,0.0828,true,1,2207605
7290112494993,false,כריות וניל 686 גרם.,,,כריות וניל 686 גרם.,גרמים,686.00,100 גרם,false,,24.90,0.0363,true,1,2165585
7290112495006,false,"כריות נוגט בד""צ 686",,,"כריות נוגט בד""צ 686",גרמים,686.00,100 גרם,false,,24.90,0.0363,true,1,2165586
7290112495020,false,כריות צוקולדה 686 גר,,,כריות צוקולדה 686 גר,גרמים,686.00,100 גרם,false,,24.90,0.0363,true,1,2165588
7290112495037,false,קוקומן כדורים 375 בד,,,קוקומן כדורים 375 בד,גרמים,375.00,100 גרם,false,,19.90,0.0531,true,1,2165589
7290112495044,false,"קוקומן פצפוצים בד""צ",,,"קוקומן פצפוצים בד""צ",גרמים,375.00,100 גרם,false,,19.90,0.0531,true,1,2165603
7290112495105,false,"נשנושים תפ""וא בצל 26",,,"נשנושים תפ""וא בצל 26",גרמים,260.00,100 גרם,false,,12.90,0.0496,true,1,2165604
7290112495112,false,נשנושים זעתר 260 גרם,,,נשנושים זעתר 260 גרם,גרמים,260.00,100 גרם,false,,12.90,0.0496,true,1,2165605
7290112495143,false,נשנושים 300 גרם קוקט,,,נשנושים 300 גרם קוקט,גרמים,300.00,100 גרם,false,,12.90,0.0430,true,1,2165607
7290112495150,false,נישנושים עגול מלוח 3,,,נישנושים עגול מלוח 3,גרמים,300.00,100 גרם,false,,12.90,0.0430,true,1,2165608
7290112495174,false,נשנושים 300 גרם קוקט,,,נשנושים 300 גרם קוקט,גרמים,300.00,100 גרם,false,,12.90,0.0430,true,1,2165610
7290112495228,false,"קורנפלקס דבש בד""צ 44",,,"קורנפלקס דבש בד""צ 44",גרמים,448.00,100 גרם,false,,19.90,0.0444,true,1,2165611
7290112495242,false,קורנפלקס מייפל 448 ג,,,קורנפלקס מייפל 448 ג,גרמים,448.00,100 גרם,false,,19.90,0.0444,true,1,2168959
7290112495280,false,ריבועי ברנפלקס קינמו,,,ריבועי ברנפלקס קינמו,גרמים,400.00,100 גרם,false,,22.90,0.0572,true,1,2177852
7290112495433,false,קורנפלקס דליפקאן 400,,,קורנפלקס דליפקאן 400,גרמים,400.00,100 גרם,false,,19.90,0.0497,true,1,2157754
7290112495556,false,חטיף קליק ממולא נוגט,,,חטיף קליק ממולא נוגט,גרמים,105.00,100 גרם,false,,11.90,0.1133,true,1,2207443
7290112495662,false,קרקר חיטה מלאה עם פש,,,קרקר חיטה מלאה עם פש,גרמים,300.00,100 גרם,false,,8.90,0.0297,true,1,2210962
7290112495747,false,קנור רוטב צ'ילי מתוק,,,קנור רוטב צ'ילי מתוק,גרמים,340.00,100 גרם,false,,12.90,0.0379,true,1,2179972
7290112495754,false,רוטב לסלט הלמנס אלף,,,רוטב לסלט הלמנס אלף,גרמים,305.00,100 גרם,false,,12.90,0.0423,true,1,2179981
7290112495761,false,רוטב לסלט הלמנס אלף,,,רוטב לסלט הלמנס אלף,גרמים,305.00,100 גרם,false,,12.90,0.0423,true,1,2177858
7290112495785,false,רוטב הלמנס שום,,,רוטב הלמנס שום,גרמים,300.00,100 גרם,false,,12.90,0.0430,true,1,2172922
7290112495792,false,רוטב לסלט הלמנס שום,,,רוטב לסלט הלמנס שום,גרמים,300.00,100 גרם,false,,12.90,0.0430,true,1,2172923
7290112495815,false,רוטב הלמנס חרדל דבש,,,רוטב הלמנס חרדל דבש,גרמים,305.00,100 גרם,false,,12.90,0.0423,true,1,2182917
7290112495822,false,כריות בלאק 686 גרם.,,,כריות בלאק 686 גרם.,גרמים,686.00,100 גרם,false,,24.90,0.0363,true,1,2168960
7290112495938,false,קרקר 6 דגנים,,,קרקר 6 דגנים,גרמים,250.00,100 גרם,false,,8.90,0.0356,true,1,2210965
7290112495976,false,פריכיות אורז מצופות,,,פריכיות אורז מצופות,גרמים,35.00,100 גרם,false,,4.90,0.1400,true,1,2199532
7290112495983,false,פריכיות אורז מצופות,,,פריכיות אורז מצופות,גרמים,35.00,100 גרם,false,,4.90,0.1400,true,1,2199533
7290112496027,false,סירופ שוקולד 580 גרם,,,סירופ שוקולד 580 גרם,גרמים,580.00,100 גרם,false,,14.90,0.0257,true,1,2180181
7290112496034,false,סירופ מייפל 580 גרם,,,סירופ מייפל 580 גרם,גרמים,580.00,100 גרם,false,,14.90,0.0257,true,1,2180182
7290112496188,false,אקס בושם כיס אפולו,,,אקס בושם כיס אפולו,מיליליטרים,17.00,"100 מ""ל",false,,19.90,1.1706,true,1,2241292
7290112496218,false,רוטב טריאקי קנור 340,,,רוטב טריאקי קנור 340,גרמים,340.00,100 גרם,false,,12.90,0.0379,true,1,2185852
7290112496270,false,פתית צ'יפס ע.עגבניות,,,פתית צ'יפס ע.עגבניות,גרמים,22.00,100 גרם,false,,4.90,0.2227,true,1,2199525
7290112496287,false,פתית צ'יפס בטטה בטעם,,,פתית צ'יפס בטטה בטעם,גרמים,22.00,100 גרם,false,,4.90,0.2227,true,1,2199526
7290112496294,false,פתית צ'יפס אפונה בתו,,,פתית צ'יפס אפונה בתו,גרמים,22.00,100 גרם,false,,4.90,0.2227,true,1,2199534
7290112496430,false,מרק נמס בכוס אקסטרא,,,מרק נמס בכוס אקסטרא,גרמים,37.00,100 גרם,false,,3.90,0.1054,true,1,2221768
7290112496447,false,מרק נמס בכוס אקסטרא,,,מרק נמס בכוס אקסטרא,גרמים,27.00,100 גרם,false,,3.90,0.1444,true,1,2221762
7290112496461,false,מרק ירקות עם המון אט,,,מרק ירקות עם המון אט,גרמים,32.00,100 גרם,false,,3.90,0.1219,true,1,2218753
7290112497000,false,פנטסטיק 1 ליטר,,,פנטסטיק 1 ליטר,ליטרים,1.00,ליטר,false,,12.90,12.9000,true,1,2185319
7290112497123,false,סחלב 112 גרם קנור,,,סחלב 112 גרם קנור,גרמים,112.00,100 גרם,false,,12.90,0.1152,true,1,2215636
7290112497369,false,דאב רולאון טלק,,,דאב רולאון טלק,מיליליטרים,50.00,"100 מ""ל",false,,17.90,0.3580,true,1,2217984
7290112497499,false,טבלת XL קליק שוקולד,,,טבלת XL קליק שוקולד,גרמים,85.00,100 גרם,false,,4.90,0.0576,true,1,2250201
7290112497864,false,מרק בטעם עוף רכיבים,,,מרק בטעם עוף רכיבים,גרמים,400.00,100 גרם,false,,24.90,0.0622,true,1,2218755
7290112497932,false,נישנושים חטיף בטעם ש,,,נישנושים חטיף בטעם ש,גרמים,60.00,100 גרם,false,,3.90,0.0650,true,1,2218757
7290112497994,false,גרנולה פרוטאין בתוספ,,,גרנולה פרוטאין בתוספ,גרמים,300.00,100 גרם,false,,15.90,0.0530,true,1,2233833
7290112498007,false,גרנולה פרוטאין בתוספ,,,גרנולה פרוטאין בתוספ,גרמים,300.00,100 גרם,false,,15.90,0.0530,true,1,2242547
7290112498052,false,מארז פתית צ'יפס בטטה,,,מארז פתית צ'יפס בטטה,גרמים,84.00,100 גרם,false,,16.90,0.2012,true,1,2241018
7290112498267,false,סבון ידיים פינוק קלא,,,סבון ידיים פינוק קלא,מיליליטרים,950.00,"100 מ""ל",false,,12.90,0.0136,true,1,2251245
7290112498298,false,סבון ידיים פינוק שמן,,,סבון ידיים פינוק שמן,מיליליטרים,950.00,"100 מ""ל",false,,12.90,0.0136,true,1,2251248
7290112498441,false,רוטב אסייאתי למוקפץ,,,רוטב אסייאתי למוקפץ,מיליליטרים,370.00,"100 מ""ל",false,,12.90,0.0349,true,1,2233845
7290112498526,false,פתית צ'יפס עם בטטה ס,,,פתית צ'יפס עם בטטה ס,גרמים,22.00,100 גרם,false,,4.90,0.2227,true,1,2248706
7290112498540,false,דאודורנט ספריי רקסונ,,,דאודורנט ספריי רקסונ,מיליליטרים,150.00,"100 מ""ל",false,,13.90,0.0927,true,1,2240957
7290112498922,false,מאגדת גלידה מיני מגנ,,,מאגדת גלידה מיני מגנ,גרמים,250.00,100 גרם,false,,29.90,0.1196,true,1,2244253
7290112499097,false,מאגדת גלידה מיני מגנ,,,מאגדת גלידה מיני מגנ,גרמים,310.00,100 גרם,false,,29.90,0.0965,true,1,2283448
7290112499219,false,מאגדת גודיז פיסטוק ש,,,מאגדת גודיז פיסטוק ש,גרמים,235.00,100 גרם,false,,24.90,0.1060,true,1,2297786
7290112499448,false,מרכך פינוק שמן מרוקא,,,מרכך פינוק שמן מרוקא,מיליליטרים,700.00,"100 מ""ל",false,,11.90,0.0170,true,1,2241001
7290112499455,false,תחליב רחצה פינוק שמן,,,תחליב רחצה פינוק שמן,מיליליטרים,700.00,"100 מ""ל",false,,10.90,0.0156,true,1,2241002
7290112499479,false,שמפו פינוק קרטין,,,שמפו פינוק קרטין,מיליליטרים,700.00,"100 מ""ל",false,,11.90,0.0170,true,1,2221094
7290112499493,false,דאודורנט ספריי רקסונ,,,דאודורנט ספריי רקסונ,מיליליטרים,150.00,"100 מ""ל",false,,13.90,0.0927,true,1,2278569
7290112499509,false,דאודורנט ספריי רקסונ,,,דאודורנט ספריי רקסונ,מיליליטרים,150.00,"100 מ""ל",false,,13.90,0.0927,true,1,2307714
7290112499943,false,מאגדת גלידה מיני מגנ,,,מאגדת גלידה מיני מגנ,גרמים,250.00,100 גרם,false,,29.90,0.1196,true,1,2169846
7290112960542,false,לחם מחמצת זתי קלמטה,,,לחם מחמצת זתי קלמטה,יחידה,0.00,יחידה,false,,16.90,0.0000,true,1,1936870
7290112961327,false,בייגלה שטוחים כפיות,,,בייגלה שטוחים כפיות,גרמים,300.00,100 גרם,false,,10.90,0.0363,true,1,2083753
7290112961372,false,פירכיות דקות פיטנס ק,,,פירכיות דקות פיטנס ק,גרמים,60.00,100 גרם,false,,7.90,0.1317,true,1,2002698
7290112961440,false,פיטנס בר פריכיות שוק,,,פיטנס בר פריכיות שוק,גרמים,72.00,100 גרם,false,,11.90,0.1653,true,1,2191712
7290112961464,false,פירכיות דקות פיטנס מ,,,פירכיות דקות פיטנס מ,גרמים,60.00,100 גרם,false,,7.90,0.1317,true,1,2002699
7290112962287,false,שוארמה טבעונית טבעול,עיצובים 2020 (4.8),,שוארמה טבעונית טבעול,גרמים,450.00,100 גרם,false,,29.90,0.0664,true,1,2173262
7290112963918,false,חטיפי קרקר דק רוזמרי,,,חטיפי קרקר דק רוזמרי,גרמים,140.00,100 גרם,false,,10.90,0.0779,true,1,2142777
7290112964410,false,רוטב אלף האיים לסלט,,,רוטב אלף האיים לסלט,מיליליטרים,290.00,"100 מ""ל",false,,10.90,0.0376,true,1,2156156
7290112964458,false,רוטב וינגרט קלאסי 29,,,רוטב וינגרט קלאסי 29,מיליליטרים,295.00,"100 מ""ל",false,,10.90,0.0369,true,1,2142780
7290112964472,false,"רוטב שום לסלט 290 מ""",,,"רוטב שום לסלט 290 מ""",מיליליטרים,290.00,"100 מ""ל",false,,10.90,0.0376,true,1,2142781
7290112964564,false,רוטב אלף האיים לייט,,,רוטב אלף האיים לייט,מיליליטרים,295.00,"100 מ""ל",false,,10.90,0.0369,true,1,2165455
7290112964601,false,רוטב בנוסח סצואן 290,,,רוטב בנוסח סצואן 290,מיליליטרים,290.00,"100 מ""ל",false,,14.90,0.0514,true,1,2104811
7290112964724,false,טבעול המבורגר טבעוני,עיצובים 2020 (4.8),,טבעול המבורגר טבעוני,גרמים,580.00,100 גרם,false,,29.90,0.0516,true,1,2156159
7290112965165,false,זוג מרק נמס פטריות,,,זוג מרק נמס פטריות,גרמים,48.00,100 גרם,false,,5.50,0.1146,true,1,2156160
7290112965240,false,זוג מרק נמס עגבניות,,,זוג מרק נמס עגבניות,גרמים,44.00,100 גרם,false,,5.50,0.1250,true,1,2156163
7290112965264,false,זוג מרק נמס אפונה רכ,,,זוג מרק נמס אפונה רכ,גרמים,30.00,100 גרם,false,,5.50,0.1833,true,1,2156164
7290112965288,false,זוג מרק נמס ירקות,,,זוג מרק נמס ירקות,גרמים,30.00,100 גרם,false,,5.50,0.1833,true,1,2156165
7290112965325,false,תבשיל אורז ספרדי.,,,תבשיל אורז ספרדי.,גרמים,128.00,100 גרם,false,,9.90,0.0773,true,1,2169025
7290112965585,false,פסטה פרפקטו קסרצה 50,,,פסטה פרפקטו קסרצה 50,גרמים,500.00,100 גרם,false,,6.90,0.0138,true,1,2156167
7290112965660,false,חטיף פיטנס מלח פלפל,,,חטיף פיטנס מלח פלפל,גרמים,25.00,100 גרם,false,,4.90,0.1960,true,1,2216907
7290112965707,false,חטיף פיטנס צ'ילי מעו,,,חטיף פיטנס צ'ילי מעו,גרמים,25.00,100 גרם,false,,4.90,0.1960,true,1,2216914
7290112965868,false,קרם קרקר במליחות מוע,,,קרם קרקר במליחות מוע,גרמים,250.00,100 גרם,false,,9.90,0.0396,true,1,2168992
7290112965905,false,בייגלה שמיניות במליח,,,בייגלה שמיניות במליח,גרמים,400.00,100 גרם,false,,9.90,0.0248,true,1,2165284
7290112965967,false,טבעול נאגטס ירקות כת,עיצובים 2020 (4.8),,טבעול נאגטס ירקות כת,גרמים,500.00,100 גרם,false,,29.90,0.0598,true,1,2186348
7290112966247,false,לחמית כוסמין,,,לחמית כוסמין,גרמים,200.00,100 גרם,false,,9.90,0.0495,true,1,2191714
7290112966803,false,אינסטנט פודינג בטעם,,,אינסטנט פודינג בטעם,גרמים,88.00,100 גרם,false,,5.50,0.0625,true,1,2168924
7290112966841,false,אינסטנט פודינג בטעם,,,אינסטנט פודינג בטעם,גרמים,90.00,100 גרם,false,,5.50,0.0611,true,1,2168925
7290112967114,false,חטיפי פירכיות קטניות,,,חטיפי פירכיות קטניות,גרמים,60.00,100 גרם,false,,7.90,0.1317,true,1,2191715
7290112967138,false,בייגלה שמיניות ללא ג,,,בייגלה שמיניות ללא ג,גרמים,250.00,100 גרם,false,,11.90,0.0476,true,1,2165292
7290112967381,false,חטיפי פירכיות קטניות,,,חטיפי פירכיות קטניות,גרמים,60.00,100 גרם,false,,7.90,0.1317,true,1,2191716
7290112967848,false,ג'לי תות שדה מופחת ס,,,ג'לי תות שדה מופחת ס,גרמים,68.00,100 גרם,false,,5.90,0.0868,true,1,2168927
7290112968401,false,חומוס גרגרים רכים,,,חומוס גרגרים רכים,גרמים,400.00,100 גרם,false,,11.90,0.0298,true,1,2180028
7290112968784,false,טבעול חטיפי כרובית 4,עיצובים 2020 (4.8),,טבעול חטיפי כרובית 4,גרמים,450.00,100 גרם,false,,29.90,0.0664,true,1,2186351
7290112968807,false,חטיפי קרקר דק סלק פי,,,חטיפי קרקר דק סלק פי,גרמים,140.00,100 גרם,false,,10.90,0.0779,true,1,2210693
7290112968821,false,חטיפי קרקר דק בטטה פ,,,חטיפי קרקר דק בטטה פ,גרמים,140.00,100 גרם,false,,10.90,0.0779,true,1,2210694
7290112969002,false,אינסטנט פודינג בטעם,,,אינסטנט פודינג בטעם,גרמים,80.00,100 גרם,false,,5.50,0.0688,true,1,2191706
7290112969071,false,פסטה פרפקטו רדיאטורי,,,פסטה פרפקטו רדיאטורי,גרמים,500.00,100 גרם,false,,9.90,0.0198,true,1,2187872
7290113190375,false,סילאן טבעי 900 גרם,,,סילאן טבעי 900 גרם,גרמים,900.00,100 גרם,false,,29.90,0.0332,true,1,2292809
7290113191747,false,דפי אורז,דין שיווק,,דפי אורז,גרמים,250.00,100 גרם,false,,9.90,0.0396,true,1,2192484
7290113191921,false,"סירופ מלבי 750 מ""ל",דין שיווק,,"סירופ מלבי 750 מ""ל",מיליליטרים,750.00,"100 מ""ל",false,,16.90,0.0225,true,1,2180392
7290113191938,false,"סירופ רוזטה 750 מ""ל",דין שיווק,,"סירופ רוזטה 750 מ""ל",מיליליטרים,750.00,"100 מ""ל",false,,16.90,0.0225,true,1,2180393
7290113192201,false,תערובת להכנת סחלב,דין שיווק,,תערובת להכנת סחלב,גרמים,500.00,100 גרם,false,,14.90,0.0298,true,1,2180402
7290113192300,false,זית חרוזית שחור,,,זית חרוזית שחור,גרמים,275.00,100 גרם,false,,9.90,0.0360,true,1,2169673
7290113192317,false,טבעות זיתים,,,טבעות זיתים,גרמים,280.00,100 גרם,false,,10.90,0.0389,true,1,2169674
7290113192324,false,זית ירוק,,,זית ירוק,גרמים,560.00,100 גרם,false,,7.90,0.0141,true,1,2169675
7290113192331,false,זית ירוק גדול,,,זית ירוק גדול,גרמים,560.00,100 גרם,false,,9.90,0.0177,true,1,2169676
7290113192348,false,זיתים גודל 17-19 טעם,,,זיתים גודל 17-19 טעם,גרמים,560.00,100 גרם,false,,6.90,0.0123,true,1,2169677
7290113192355,false,זית חרוזית ירוק,,,זית חרוזית ירוק,גרמים,560.00,100 גרם,false,,9.90,0.0177,true,1,2169678
7290113192362,false,טבעות זיתים,,,טבעות זיתים,גרמים,560.00,100 גרם,false,,9.90,0.0177,true,1,2169730
7290113192379,false,זיתים מבוקעים,,,זיתים מבוקעים,גרמים,560.00,100 גרם,false,,10.90,0.0195,true,1,2169731
7290113192386,false,זית סורי מבוקע,,,זית סורי מבוקע,גרמים,560.00,100 גרם,false,,9.90,0.0177,true,1,2169732
7290113192393,false,קוקטייל זיתים,,,קוקטייל זיתים,גרמים,560.00,100 גרם,false,,10.90,0.0195,true,1,2169733
7290113192478,false,מלפפון במלח 10-12,,,מלפפון במלח 10-12,גרמים,560.00,100 גרם,false,,7.50,0.0134,true,1,2169740
7290113192485,false,מלפפון בחומץ 10-12,,,מלפפון בחומץ 10-12,גרמים,560.00,100 גרם,false,,7.50,0.0134,true,1,2169741
7290113192492,false,מלפפון בחומץ 13-17,,,מלפפון בחומץ 13-17,גרמים,560.00,100 גרם,false,,9.90,0.0177,true,1,2169742
7290113192508,false,מלפפון במלח 13-17,,,מלפפון במלח 13-17,גרמים,560.00,100 גרם,false,,9.90,0.0177,true,1,2169743
7290113192515,false,מלפפון במלח 18-25,,,מלפפון במלח 18-25,גרמים,560.00,100 גרם,false,,10.90,0.0195,true,1,2169744
7290113192522,false,מלפפון בחומץ 18-25,,,מלפפון בחומץ 18-25,גרמים,560.00,100 גרם,false,,10.90,0.0195,true,1,2169745
7290113192539,false,מלפפון במלח 7-9,,,מלפפון במלח 7-9,גרמים,560.00,100 גרם,false,,6.50,0.0116,true,1,2169751
7290113192546,false,מלפפון בחומץ 7-9,,,מלפפון בחומץ 7-9,גרמים,560.00,100 גרם,false,,6.50,0.0116,true,1,2169752
7290113192560,false,פלפל חריף שפקה,,,פלפל חריף שפקה,גרמים,560.00,100 גרם,false,,4.90,0.0088,true,1,2194829
7290113192577,false,כרוב כבוש,,,כרוב כבוש,גרמים,560.00,100 גרם,false,,7.90,0.0141,true,1,2169754
7290113192881,false,טורטיה חיטה מופחתת ק,דין שיווק,,טורטיה חיטה מופחתת ק,גרמים,270.00,100 גרם,false,,10.90,0.0404,true,1,2180396
7290113192997,false,זית מרוקאי,,,זית מרוקאי,גרמים,340.00,100 גרם,false,,11.90,0.0350,true,1,2184486
7290113193000,false,שיפקונית,,,שיפקונית,גרמים,560.00,100 גרם,false,,10.90,0.0195,true,1,2184487
7290113193017,false,זית חרוזית קוקטיל,,,זית חרוזית קוקטיל,גרמים,560.00,100 גרם,false,,11.90,0.0213,true,1,2185584
7290113193321,false,שמן זית כתית מעולה,,,שמן זית כתית מעולה,מיליליטרים,750.00,"100 מ""ל",false,,29.90,0.0399,true,1,2193121
7290113193369,false,תרסיס שמן קנולה מזוכ,,,תרסיס שמן קנולה מזוכ,מיליליטרים,150.00,"100 מ""ל",false,,16.90,0.1127,true,1,2224373
7290113193406,false,קוקטיל טבעות זיתים,,,קוקטיל טבעות זיתים,גרמים,560.00,100 גרם,false,,11.90,0.0213,true,1,2185585
7290113193888,false,חצילים מוחמצים,,,חצילים מוחמצים,גרמים,320.00,100 גרם,false,,6.90,0.0216,true,1,2218033
7290113194090,false,טבעות זיתים קלמטה,,,טבעות זיתים קלמטה,גרמים,560.00,100 גרם,false,,10.90,0.0195,true,1,2209067
7290113194649,false,מלפפונים במלח קוביות,,,מלפפונים במלח קוביות,גרמים,560.00,100 גרם,false,,8.90,0.0159,true,1,2216496
7290113195066,false,חלבה טורקית בטעם וני,,,חלבה טורקית בטעם וני,גרמים,400.00,100 גרם,false,,11.90,0.0298,true,1,2290561
7290113195356,false,שמן קנולה מזוכך  בית,,,שמן קנולה מזוכך  בית,ליטרים,1.00,ליטר,false,,14.90,14.9000,true,1,2254192
7290113195363,false,שמן חמניות מזוכך בית,,,שמן חמניות מזוכך בית,ליטרים,1.00,ליטר,false,,13.90,13.9000,true,1,2254198
7290113195479,false,קמח שקדים 200 גרם -,דין שיווק,,קמח שקדים 200 גרם -,גרמים,200.00,100 גרם,false,,12.90,0.0645,true,1,2237276
7290113196414,false,"אורז בסמטי 1 ק""ג שקד",דין שיווק,,"אורז בסמטי 1 ק""ג שקד",קילוגרמים,1.00,"ק""ג",false,,9.90,9.9000,true,1,2268022
7290113196780,false,זיתים ירוקים מבוקעים,,,זיתים ירוקים מבוקעים,גרמים,1500.00,100 גרם,false,,24.90,0.0166,true,1,2277517
7290113197800,false,פלפל קלוי בית השיטה,,,פלפל קלוי בית השיטה,גרמים,400.00,100 גרם,false,,11.90,0.0298,true,1,2292899
7290113197817,false,חציל קלוי בית השיטה,,,חציל קלוי בית השיטה,גרמים,670.00,100 גרם,false,,10.90,0.0163,true,1,2292900
7290113197824,false,לבבות דקל בית השיטה,,,לבבות דקל בית השיטה,גרמים,400.00,100 גרם,false,,9.90,0.0248,true,1,2310275
7290113197855,false,תירס גמדי בית השיטה,,,תירס גמדי בית השיטה,גרמים,425.00,100 גרם,false,,9.90,0.0233,true,1,2310276
7290113197923,false,טונה בשמן קנולה *4 ב,,,טונה בשמן קנולה *4 ב,גרמים,560.00,100 גרם,false,,24.90,0.0445,true,1,2310282
7290113199323,false,טורטיה מיני 150 גרם,,,טורטיה מיני 150 גרם,גרמים,150.00,100 גרם,false,,4.90,0.0327,true,1,2310784
7290113310155,false,טופר אקרילי לעוגה- 1,,,טופר אקרילי לעוגה- 1,יחידה,0.00,יחידה,false,,9.90,0.0000,true,1,2002753
7290113312647,false,באנר לתליה- HB גליטר,,,באנר לתליה- HB גליטר,יחידה,0.00,יחידה,false,,12.90,0.0000,true,1,2002796
7290113312937,false,טופר קטן לעוגה- HB 3,,,טופר קטן לעוגה- HB 3,יחידה,0.00,יחידה,false,,5.90,0.0000,true,1,2002797
7290113560055,false,פרודונטקס מי פה טיפו,,,פרודונטקס מי פה טיפו,מיליליטרים,500.00,"100 מ""ל",false,,29.90,0.0598,true,1,2199793
7290113560062,false,סנסודיין משאבה לבנה,,,סנסודיין משאבה לבנה,מיליליטרים,100.00,"100 מ""ל",false,,24.90,0.2490,true,1,2199268
7290113560109,false,משחת שיניים פרודונטק,,,משחת שיניים פרודונטק,מיליליטרים,75.00,"100 מ""ל",false,,29.90,0.3987,true,1,2217295
7290114310345,false,מעדן חלב תות 125 גרם,,,מעדן חלב תות 125 גרם,גרמים,125.00,100 גרם,false,,2.60,0.0208,true,1,2210277
7290114310536,false,יוגורט מולר אקטיב לי,,,יוגורט מולר אקטיב לי,גרמים,200.00,100 גרם,false,,5.80,0.0290,true,1,2224505
7290114310574,false,קרם שמנת עזים מעודנת,,,קרם שמנת עזים מעודנת,גרמים,200.00,100 גרם,false,,10.90,0.0545,true,1,2242800
7290114310611,false,משקה חלב בננה טרה מו,,,משקה חלב בננה טרה מו,מיליליטרים,250.00,"100 מ""ל",false,,5.20,0.0208,true,1,2240979
7290114310895,false,מאגדת 8 יוגורט מולר,,,מאגדת 8 יוגורט מולר,גרמים,1200.00,100 גרם,false,,29.90,0.0249,true,1,2269569
7290114310963,false,יוגורט מחלב עזים מלא,,,יוגורט מחלב עזים מלא,מיליליטרים,500.00,"100 מ""ל",false,,12.90,0.0258,true,1,2272257
7290114311014,false,שוקו טרה מועשר בבקבו,,,שוקו טרה מועשר בבקבו,מיליליטרים,250.00,"100 מ""ל",false,,5.20,0.0208,true,1,2296667
7290114311038,false,שמנת מתוקה 32%,,,שמנת מתוקה 32%,מיליליטרים,250.00,"100 מ""ל",false,,6.90,0.0276,true,1,2296682
7290114311069,false,מולר אקטיב לבן,,,מולר אקטיב לבן,גרמים,200.00,100 גרם,false,,5.50,0.0275,true,1,2289461
7290114311076,false,חמאת מולר צהובה עם ש,,,חמאת מולר צהובה עם ש,גרמים,200.00,100 גרם,false,,10.90,0.0545,true,1,2298397
7290114311328,false,חלב מועשר דל לקטוז 2,,,חלב מועשר דל לקטוז 2,ליטרים,1.00,ליטר,false,,7.40,7.4000,true,1,2309677
7290114311359,false,יוגורט מולר פרופ 3%,,,יוגורט מולר פרופ 3%,גרמים,150.00,100 גרם,false,,4.70,0.0313,true,1,2305258
7290114600927,false,טורטיה חיטה מלאה מאס,,,טורטיה חיטה מלאה מאס,גרמים,320.00,100 גרם,false,,7.90,0.0247,true,1,2215372
7290114600996,false,רוטב שום מאסטר שף 25,,,רוטב שום מאסטר שף 25,מיליליטרים,250.00,"100 מ""ל",false,,9.90,0.0396,true,1,2205337
7290114602778,false,חטיף פרי סלייסים צ'י,,,חטיף פרי סלייסים צ'י,גרמים,90.00,100 גרם,false,,12.90,0.1433,true,1,2251029
7290114603508,false,רוטב להקפצה מאסטר שף,,,רוטב להקפצה מאסטר שף,מיליליטרים,300.00,"100 מ""ל",false,,9.90,0.0330,true,1,2207562
7290114603522,false,רוטב קארי ירוק מאסטר,,,רוטב קארי ירוק מאסטר,גרמים,340.00,100 גרם,false,,14.90,0.0438,true,1,2212505
7290114603768,false,אג'קס לשירותים 750 מ,,,אג'קס לשירותים 750 מ,מיליליטרים,1500.00,"100 מ""ל",false,,29.90,0.0199,true,1,2205330
7290114604840,false,דפי אורז עגולים קוטר,,,דפי אורז עגולים קוטר,גרמים,400.00,100 גרם,false,,14.90,0.0373,true,1,2220538
7290114604857,false,דפי אורז עגולים קוטר,,,דפי אורז עגולים קוטר,גרמים,400.00,100 גרם,false,,14.90,0.0373,true,1,2220539
7290114604864,false,קוסקוס סולת דק  מאסט,,,קוסקוס סולת דק  מאסט,גרמים,350.00,100 גרם,false,,5.00,0.0143,true,1,2220529
7290114604871,false,קוסקוס סולת בינוני מ,,,קוסקוס סולת בינוני מ,גרמים,350.00,100 גרם,false,,5.00,0.0143,true,1,2220530
7290114604895,false,ממרח ספייסי לחיץ מאס,,,ממרח ספייסי לחיץ מאס,גרמים,446.00,100 גרם,false,,10.90,0.0244,true,1,2253862
7290114604901,false,ממרח שום לחיץ מאסטר,,,ממרח שום לחיץ מאסטר,גרמים,444.00,100 גרם,false,,10.90,0.0245,true,1,2250555
7290114604925,false,קרם קוקוס לייט 400 מ,,,קרם קוקוס לייט 400 מ,מיליליטרים,400.00,"100 מ""ל",false,,7.90,0.0198,true,1,2261919
7290114604963,false,פירורי לחם מתובלים מ,,,פירורי לחם מתובלים מ,גרמים,230.00,100 גרם,false,,6.90,0.0300,true,1,2222316
7290114606530,false,רוטב בטעם מיונז וקטש,,,רוטב בטעם מיונז וקטש,גרמים,515.00,100 גרם,false,,10.90,0.0212,true,1,2250556
7290114606547,false,מיונז עם פיטריות כמה,,,מיונז עם פיטריות כמה,גרמים,242.00,100 גרם,false,,10.90,0.0450,true,1,2250557
7290114606554,false,מיונז לייט לחיץ מאסט,,,מיונז לייט לחיץ מאסט,גרמים,470.00,100 גרם,false,,10.90,0.0232,true,1,2250558
7290114606561,false,איטריות אורז דקות 40,,,איטריות אורז דקות 40,גרמים,400.00,100 גרם,false,,8.90,0.0223,true,1,2261926
7290114606578,false,שקדי מרק מאסטר שף 40,,,שקדי מרק מאסטר שף 40,גרמים,400.00,100 גרם,false,,9.90,0.0248,true,1,2271328
7290114606592,false,סויה 46% פולי סויה מ,,,סויה 46% פולי סויה מ,מיליליטרים,620.00,"100 מ""ל",false,,9.90,0.0160,true,1,2268048
7290114606608,false,סויה 40% פולי סויה מ,,,סויה 40% פולי סויה מ,מיליליטרים,620.00,"100 מ""ל",false,,9.90,0.0160,true,1,2268049
7290114607391,false,משחת שיניים קולגייט,,,משחת שיניים קולגייט,מיליליטרים,75.00,"100 מ""ל",false,,16.90,0.2253,true,1,2257385
7290114608633,false,דפי אצות 25 גרם מאסט,,,דפי אצות 25 גרם מאסט,גרמים,25.00,100 גרם,false,,11.90,0.4760,true,1,2296194
7290114608640,false,קרוטונים לסלט כוסמין,,,קרוטונים לסלט כוסמין,גרמים,260.00,100 גרם,false,,17.90,0.0688,true,1,2261036
7290114608671,false,סילאן לחיץ 470 גרם מ,,,סילאן לחיץ 470 גרם מ,גרמים,470.00,100 גרם,false,,14.90,0.0317,true,1,2268042
7290114608695,false,מיונז לחיץ עם וואסבי,,,מיונז לחיץ עם וואסבי,גרמים,241.00,100 גרם,false,,10.90,0.0452,true,1,2261920
7290114659949,false,מארז מסיכות 50 יח',,,מארז מסיכות 50 יח',יח',50.00,יח',false,,9.90,0.1980,true,1,2223080
7290115200003,false,פתיבר פינוקי וניל 22,,,פתיבר פינוקי וניל 22,גרמים,220.00,100 גרם,false,,10.90,0.0495,true,1,2197516
7290115200027,false,פתיבר פינוקי שוקו 22,,,פתיבר פינוקי שוקו 22,גרמים,220.00,100 גרם,false,,10.90,0.0495,true,1,2197517
7290115200676,false,עוגיות קרמוגית קרמל,,,עוגיות קרמוגית קרמל,גרמים,200.00,100 גרם,false,,10.90,0.0545,true,1,2210319
7290115200713,false,מארז במבה קלאסי 5*50,,,מארז במבה קלאסי 5*50,גרמים,250.00,100 גרם,false,,12.90,0.0516,true,1,2195850
7290115200782,false,חמישייה פיתות,,,חמישייה פיתות,גרמים,500.00,100 גרם,false,,5.90,0.0118,true,1,2199762
7290115201031,false,פתיבר דובי שוקולד 17,,,פתיבר דובי שוקולד 17,גרמים,178.00,100 גרם,false,,9.90,0.0556,true,1,2240044
7290115201451,false,טבעול גורמה לביבות ב,עיצובים 2020 (4.8),,טבעול גורמה לביבות ב,גרמים,455.00,100 גרם,false,,32.90,0.0723,true,1,2286212
7290115201680,false,ביסלי ברביקיו 70 גרם,,,ביסלי ברביקיו 70 גרם,גרמים,70.00,100 גרם,false,,4.30,0.0614,true,1,2213947
7290115201727,false,ביסלי בצל 200 גרם.,,,ביסלי בצל 200 גרם.,גרמים,200.00,100 גרם,false,,7.90,0.0395,true,1,2213949
7290115201741,false,ביסלי בצל 70 גרם,,,ביסלי בצל 70 גרם,גרמים,70.00,100 גרם,false,,4.30,0.0614,true,1,2213950
7290115202762,false,פרפקטו מיני ניוקי טר,,,פרפקטו מיני ניוקי טר,גרמים,500.00,100 גרם,false,,11.90,0.0238,true,1,2240551
7290115202816,false,מנה חמה פאוצ  נודלס,,,מנה חמה פאוצ  נודלס,גרמים,70.00,100 גרם,false,,4.90,0.0700,true,1,2240566
7290115202847,false,מנה חמה פאוצ  נודלס,,,מנה חמה פאוצ  נודלס,גרמים,70.00,100 גרם,false,,4.90,0.0700,true,1,2240567
7290115202939,false,מנה חמה רייס נודלס ע,,,מנה חמה רייס נודלס ע,גרמים,50.00,100 גרם,false,,7.90,0.1580,true,1,2274360
7290115202953,false,מנה חמה רייס נודלס ק,,,מנה חמה רייס נודלס ק,גרמים,55.00,100 גרם,false,,7.90,0.1436,true,1,2274361
7290115203172,false,במבה פרו 80 גרם,,,במבה פרו 80 גרם,גרמים,80.00,100 גרם,false,,4.50,0.0563,true,1,2311757
7290115203295,false,פסטה פרפקטו ריציאולי,,,פסטה פרפקטו ריציאולי,גרמים,500.00,100 גרם,false,,9.90,0.0198,true,1,2240552
7290115203486,false,פירורית ביסלי גריל 2,,,פירורית ביסלי גריל 2,גרמים,200.00,100 גרם,false,,5.90,0.0295,true,1,2242598
7290115203806,false,רוטב בסיס לבישול,,,רוטב בסיס לבישול,מיליליטרים,290.00,"100 מ""ל",false,,12.90,0.0445,true,1,2270960
7290115204056,false,קטשופ 56% פחות סוכר,,,קטשופ 56% פחות סוכר,גרמים,690.00,100 גרם,false,,12.90,0.0187,true,1,2241680
7290115204131,false,סחוג ירוק 190 גרם,,,סחוג ירוק 190 גרם,גרמים,190.00,100 גרם,false,,10.90,0.0574,true,1,2277494
7290115204155,false,סחוג אדום 190 גרם,,,סחוג אדום 190 גרם,גרמים,190.00,100 גרם,false,,10.90,0.0574,true,1,2277495
7290115204261,false,אריסה 190 גרם,,,אריסה 190 גרם,גרמים,190.00,100 גרם,false,,10.90,0.0574,true,1,2277496
7290115205121,false,פירכיות פיטנס יוגרוט,,,פירכיות פיטנס יוגרוט,גרמים,84.00,100 גרם,false,,11.90,0.1417,true,1,2274363
7290115205176,false,חטיפי קרקר דק כפרי פ,,,חטיפי קרקר דק כפרי פ,גרמים,140.00,100 גרם,false,,10.90,0.0779,true,1,2268662
7290115205251,false,פירכיות פיטנס קרמל מ,,,פירכיות פיטנס קרמל מ,גרמים,84.00,100 גרם,false,,11.90,0.1417,true,1,2312471
7290115205312,false,חטיפי קרקר זיתים פיט,,,חטיפי קרקר זיתים פיט,גרמים,140.00,100 גרם,false,,10.90,0.0779,true,1,2293143
7290115205527,false,חטיף פיטנס עם עדשים,,,חטיף פיטנס עם עדשים,גרמים,25.00,100 גרם,false,,4.90,0.1960,true,1,2303545
7290115205541,false,חטיף פיטנס עם חומוס,,,חטיף פיטנס עם חומוס,גרמים,25.00,100 גרם,false,,4.90,0.1960,true,1,2303546
7290115205633,false,טבעול סנסשיונל נקנקי,עיצובים 2020 (4.8),,טבעול סנסשיונל נקנקי,גרמים,350.00,100 גרם,false,,32.90,0.0940,true,1,2286216
7290115205695,false,בצק מצונן לפיצה בונז,עיצובים 2020 (30.5),,בצק מצונן לפיצה בונז,גרמים,460.00,100 גרם,false,,18.90,0.0411,true,1,2277472
7290115205978,false,אסם פתי בר אצבעות שו,,,אסם פתי בר אצבעות שו,גרמים,180.00,100 גרם,false,,10.90,0.0606,true,1,2286217
7290115206173,false,פתיבר קרמל 500 גרם.,,,פתיבר קרמל 500 גרם.,גרמים,500.00,100 גרם,false,,11.90,0.0238,true,1,2268663
7290115206852,false,ביסלי ציזי סטיק 70 ג,,,ביסלי ציזי סטיק 70 ג,גרמים,70.00,100 גרם,false,,4.30,0.0614,true,1,2311770
7290115206890,false,ביסלי המבורגר 70 גרם,,,ביסלי המבורגר 70 גרם,גרמים,70.00,100 גרם,false,,4.30,0.0614,true,1,2311771
7290115207361,false,פתיבר פיסטוק 500ג,,,פתיבר פיסטוק 500ג,גרמים,500.00,100 גרם,false,,11.90,0.0238,true,1,2293152
7290115207484,false,סלט חציל על האש,,,סלט חציל על האש,גרמים,360.00,100 גרם,false,,13.90,0.0386,true,1,2277510
7290115207620,false,רוטב סויה קלאסי אסם,,,רוטב סויה קלאסי אסם,מיליליטרים,290.00,"100 מ""ל",false,,14.90,0.0514,true,1,2293153
7290115207682,false,רוטב סויה בסגנון סינ,,,רוטב סויה בסגנון סינ,מיליליטרים,290.00,"100 מ""ל",false,,10.90,0.0376,true,1,2293155
7290115207798,false,בורגר חריף טבעוני *6,עיצובים 2020 (4.8),,בורגר חריף טבעוני *6,גרמים,420.00,100 גרם,false,,29.90,0.0712,true,1,2290420
7290115207880,false,ויטמינצ'יק פטל 2 ליט,,,ויטמינצ'יק פטל 2 ליט,ליטרים,2.00,ליטר,false,,39.90,19.9500,true,1,2280932
7290115207941,false,ויטמינצ'יק אננס 1 לי,,,ויטמינצ'יק אננס 1 לי,ליטרים,1.00,ליטר,false,,19.90,19.9000,true,1,2280935
7290115207965,false,ויטמינצ'יק מנגו אפרס,,,ויטמינצ'יק מנגו אפרס,ליטרים,1.00,ליטר,false,,19.90,19.9000,true,1,2280936
7290115207989,false,ויטמינצ'יק לימון 1 ל,,,ויטמינצ'יק לימון 1 ל,ליטרים,1.00,ליטר,false,,19.90,19.9000,true,1,2280937
7290115208009,false,ויטמינצ'יק ענבים 1 ל,,,ויטמינצ'יק ענבים 1 ל,ליטרים,1.00,ליטר,false,,19.90,19.9000,true,1,2280938
7290115208023,false,ויטמינצ'יק ענבים 2 ל,,,ויטמינצ'יק ענבים 2 ל,ליטרים,2.00,ליטר,false,,39.90,19.9500,true,1,2280939
7290115208047,false,ויטמינצ'יק פטל 1 ליט,,,ויטמינצ'יק פטל 1 ליט,ליטרים,1.00,ליטר,false,,19.90,19.9000,true,1,2280940
7290115208061,false,ויטמינצ'יק תפוח 1 לי,,,ויטמינצ'יק תפוח 1 לי,ליטרים,1.00,ליטר,false,,19.90,19.9000,true,1,2280941
7290115208344,false,בייגלה כפיות שמנת בצ,,,בייגלה כפיות שמנת בצ,גרמים,300.00,100 גרם,false,,10.90,0.0363,true,1,2311772
7290115208597,false,עוגיות קרמוגית מיניס,,,עוגיות קרמוגית מיניס,גרמים,200.00,100 גרם,false,,10.90,0.0545,true,1,2304065
7290115208696,false,רוטב פלפל שאטה אסם,,,רוטב פלפל שאטה אסם,מיליליטרים,300.00,"100 מ""ל",false,,10.90,0.0363,true,1,2320624
7290115208801,false,לחמית דבש ואגוזים,,,לחמית דבש ואגוזים,גרמים,190.00,100 גרם,false,,9.90,0.0521,true,1,2311773
7290115209198,false,במבה אוורירית 80 גרם,,,במבה אוורירית 80 גרם,גרמים,80.00,100 גרם,false,,4.50,0.0563,true,1,2303539
7290115209235,false,פתיבר קפה 500 ג,,,פתיבר קפה 500 ג,גרמים,500.00,100 גרם,false,,11.90,0.0238,true,1,2312473
7290115400274,false,מיני דובשניות תוספת,,,מיני דובשניות תוספת,גרמים,400.00,100 גרם,false,,10.90,0.0273,true,1,2321101
7290115405798,false,פחזניות ממולאות בטעמ,,,פחזניות ממולאות בטעמ,גרמים,180.00,100 גרם,false,,13.90,0.0772,true,1,2303302
7290115480009,false,סוד מרכך כביסה מרוכז,,,סוד מרכך כביסה מרוכז,מיליליטרים,900.00,"100 מ""ל",false,,11.90,0.0132,true,1,2278584
7290115480016,false,סוד קפסולות ג'ל לכבי,,,סוד קפסולות ג'ל לכבי,100 יח',26.00,100 יח',false,,29.90,1.1500,true,1,2306838
7290115480023,false,סוד קפסולות גל לכביס,,,סוד קפסולות גל לכביס,100 יח',45.00,100 יח',false,,29.90,0.6644,true,1,2306839
7290115641035,false,סט 3 קופסאות פרומו 1,,,סט 3 קופסאות פרומו 1,יחידה,0.00,יחידה,false,,12.90,0.0000,true,1,2260372
7290115641042,false,סט 3 קופסאות פרומו 1,,,סט 3 קופסאות פרומו 1,יחידה,0.00,יחידה,false,,14.90,0.0000,true,1,2260373
7290115670691,false,גרנולה פירות יער 400,,,גרנולה פירות יער 400,גרמים,400.00,100 גרם,false,,12.90,0.0323,true,1,2241405
7290115671223,false,קופסא מסטיק מאסט פאן,,,קופסא מסטיק מאסט פאן,גרמים,58.00,100 גרם,false,,8.90,0.1534,true,1,2278475
7290115671308,false,קופסא מסטיק מאסט פאן,,,קופסא מסטיק מאסט פאן,גרמים,58.00,100 גרם,false,,8.90,0.1534,true,1,2278476
7290115675696,false,דגני בוקר קוואקר אגו,,,דגני בוקר קוואקר אגו,גרמים,375.00,100 גרם,false,,19.90,0.0531,true,1,2257748
7290115675702,false,דגני בוקר קוואקר פיר,,,דגני בוקר קוואקר פיר,גרמים,375.00,100 גרם,false,,19.90,0.0531,true,1,2257749
7290115676051,false,משקה אקטיביה עם ש.שו,,,משקה אקטיביה עם ש.שו,מיליליטרים,265.00,"100 מ""ל",false,,4.90,0.0185,true,1,2272306
7290115676082,false,משקה דנונה פרו 20 תו,,,משקה דנונה פרו 20 תו,גרמים,255.00,100 גרם,false,,6.40,0.0251,true,1,2247919
7290115676099,false,משקה דנונה פרו 20 ונ,,,משקה דנונה פרו 20 ונ,גרמים,255.00,100 גרם,false,,6.40,0.0251,true,1,2247920
7290115676273,false,קקאו עלית 500 גרם+10,,,קקאו עלית 500 גרם+10,גרמים,550.00,100 גרם,false,,25.90,0.0471,true,1,2249545
7290115676693,false,תפוצ'יפס מלח חומץ 50,,,תפוצ'יפס מלח חומץ 50,גרמים,50.00,100 גרם,false,,3.90,0.0780,true,1,2303995
7290115678376,false,מעדן הגולן שוקולד 12,,,מעדן הגולן שוקולד 12,גרמים,125.00,100 גרם,false,,2.90,0.0232,true,1,2257612
7290115678383,false,מעדן הגולן שוקולד מר,,,מעדן הגולן שוקולד מר,גרמים,125.00,100 גרם,false,,2.90,0.0232,true,1,2257613
7290116530000,false,תרחיץ פנים דאב מלפפו,,,תרחיץ פנים דאב מלפפו,מיליליטרים,180.00,"100 מ""ל",false,,14.90,0.0828,true,1,2307927
7290116530161,false,תחליב רחצה פינוק אננ,,,תחליב רחצה פינוק אננ,מיליליטרים,700.00,"100 מ""ל",false,,10.90,0.0156,true,1,2241006
7290116530185,false,קורנפלקס דלישקד קרמל,,,קורנפלקס דלישקד קרמל,גרמים,400.00,100 גרם,false,,19.90,0.0497,true,1,2261748
7290116530215,false,אקס סטיק שוקולד,,,אקס סטיק שוקולד,גרמים,77.00,100 גרם,false,,18.90,0.2455,true,1,2240938
7290116530482,false,מארז קורנפלקס של אלו,,,מארז קורנפלקס של אלו,גרמים,150.00,100 גרם,false,,12.90,0.0860,true,1,2267988
7290116530871,false,נשנושים חטיף מיקס,,,נשנושים חטיף מיקס,גרמים,240.00,100 גרם,false,,12.90,0.0538,true,1,2241046
7290116531045,false,קורנפלקס דליפקאן 400,,,קורנפלקס דליפקאן 400,גרמים,350.00,100 גרם,false,,22.90,0.0654,true,1,2291769
7290116531069,false,מרק בצל רכיבים טבעיי,,,מרק בצל רכיבים טבעיי,גרמים,220.00,100 גרם,false,,16.90,0.0768,true,1,2275218
7290116531076,false,מרק פטריות 225 גרם,,,מרק פטריות 225 גרם,גרמים,220.00,100 גרם,false,,16.90,0.0768,true,1,2275219
7290116531083,false,ברנפלקס ללא סוכר בטע,,,ברנפלקס ללא סוכר בטע,גרמים,400.00,100 גרם,false,,22.90,0.0572,true,1,2269986
7290116531090,false,חטיף אפוי דג דג במלי,,,חטיף אפוי דג דג במלי,גרמים,250.00,100 גרם,false,,10.90,0.0436,true,1,2274151
7290116531250,false,שמפו פינוק למניעת קש,,,שמפו פינוק למניעת קש,מיליליטרים,700.00,"100 מ""ל",false,,14.90,0.0213,true,1,2275238
7290116531557,false,מאגדת פתית פירכיות ת,,,מאגדת פתית פירכיות ת,גרמים,150.00,100 גרם,false,,12.90,0.0860,true,1,2291771
7290116531564,false,מאגדת פתית פירכיות ק,,,מאגדת פתית פירכיות ק,גרמים,150.00,100 גרם,false,,12.90,0.0860,true,1,2291772
7290116531656,false,מרכך פינוק בניחוח תפ,,,מרכך פינוק בניחוח תפ,מיליליטרים,700.00,"100 מ""ל",false,,11.90,0.0170,true,1,2261749
7290116531663,false,תחליב רחצה פינוק 700,,,תחליב רחצה פינוק 700,מיליליטרים,700.00,"100 מ""ל",false,,10.90,0.0156,true,1,2261750
7290116531762,false,בדין דפי מרכך ורוד,,,בדין דפי מרכך ורוד,יח',40.00,יח',false,,18.90,0.4725,true,1,2279189
7290116531779,false,בדין דפי מרכך כחול,,,בדין דפי מרכך כחול,יח',40.00,יח',false,,18.90,0.4725,true,1,2279190
7290116531793,false,רוטב לסלט הלמנס קיסר,,,רוטב לסלט הלמנס קיסר,גרמים,295.00,100 גרם,false,,12.90,0.0437,true,1,2269987
7290116531830,false,כריות קינמון 686 גרם,,,כריות קינמון 686 גרם,גרמים,686.00,100 גרם,false,,24.90,0.0363,true,1,2274137
7290116531885,false,מיונז הלמנס טבעוני 5,,,מיונז הלמנס טבעוני 5,גרמים,500.00,100 גרם,false,,13.90,0.0278,true,1,2305774
7290116531892,false,רוטב ברביקיו מעושן,,,רוטב ברביקיו מעושן,גרמים,350.00,100 גרם,false,,12.90,0.0369,true,1,2289610
7290116532011,false,חטיף שוקולד קליק נוג,,,חטיף שוקולד קליק נוג,גרמים,35.00,100 גרם,false,,3.90,0.1114,true,1,2282894
7290116532240,false,טבלת XL קליק שוקולד,,,טבלת XL קליק שוקולד,גרמים,85.00,100 גרם,false,,4.90,0.0576,true,1,2297778
7290116532264,false,מאגדת גודיז יוגורט א,,,מאגדת גודיז יוגורט א,יח',6.00,יח',false,,24.90,4.1500,true,1,2297788
7290116532387,false,סבון ידיים פינוק חמא,,,סבון ידיים פינוק חמא,מיליליטרים,950.00,"100 מ""ל",false,,12.90,0.0136,true,1,2306220
7290116532394,false,סבון ידיים פינוק חמא,,,סבון ידיים פינוק חמא,מיליליטרים,950.00,"100 מ""ל",false,,12.90,0.0136,true,1,2306221
7290116532400,false,בייגלה עם מלח אחד אח,,,בייגלה עם מלח אחד אח,גרמים,235.00,100 גרם,false,,5.90,0.0251,true,1,2312049
7290116532462,false,פיינט קליק שוקולד בנ,,,פיינט קליק שוקולד בנ,מיליליטרים,520.00,"100 מ""ל",false,,19.90,0.0383,true,1,2303087
7290116532585,false,ברנפלקס קראנצ'ים דבש,,,ברנפלקס קראנצ'ים דבש,גרמים,375.00,100 גרם,false,,22.90,0.0611,true,1,2297823
7290116532622,false,מרכך פינוק בתוספת תמ,,,מרכך פינוק בתוספת תמ,מיליליטרים,700.00,"100 מ""ל",false,,11.90,0.0170,true,1,2298232
7290116532721,false,רוטב לסלט לימון וזעת,,,רוטב לסלט לימון וזעת,גרמים,295.00,100 גרם,false,,12.90,0.0437,true,1,2321428
7290116532738,false,רוטב איטלקי הלמנס,,,רוטב איטלקי הלמנס,גרמים,295.00,100 גרם,false,,12.90,0.0437,true,1,2321429
7290116532769,false,גרנולה פרוטאין תפוח,,,גרנולה פרוטאין תפוח,גרמים,300.00,100 גרם,false,,15.90,0.0530,true,1,2297824
7290116532882,false,נישנושים איירביס טעם,,,נישנושים איירביס טעם,גרמים,155.00,100 גרם,false,,12.90,0.0832,true,1,2309975
7290116532905,false,נישנושים איירביס טעם,,,נישנושים איירביס טעם,גרמים,155.00,100 גרם,false,,12.90,0.0832,true,1,2309977
7290116533094,false,שמפו פינוק ורדים לבנ,,,שמפו פינוק ורדים לבנ,מיליליטרים,700.00,"100 מ""ל",false,,11.90,0.0170,true,1,2317304
7290116533100,false,מרכך פינוק ורדים לבנ,,,מרכך פינוק ורדים לבנ,מיליליטרים,700.00,"100 מ""ל",false,,11.90,0.0170,true,1,2317305
7290116533216,false,מרק ירקות קנור רכיבי,,,מרק ירקות קנור רכיבי,גרמים,235.00,100 גרם,false,,16.90,0.0719,true,1,2321422
7290116930015,false,חטיף חלבון GO קרמל ח,,,חטיף חלבון GO קרמל ח,גרמים,20.00,100 גרם,false,,11.90,0.5950,true,1,2300286
7290116930022,false,חטיף חלבון GO קרם עו,,,חטיף חלבון GO קרם עו,גרמים,20.00,100 גרם,false,,11.90,0.5950,true,1,2300287
7290116930435,false,יוגורט יופלה GO סמיך,,,יוגורט יופלה GO סמיך,גרמים,200.00,100 גרם,false,,5.40,0.0270,true,1,2299524
7290116930466,false,יופלה SHAKE מנגו בננ,,,יופלה SHAKE מנגו בננ,מיליליטרים,230.00,"100 מ""ל",false,,7.90,0.0343,true,1,2305204
7290116930480,false,יופלה SHAKE בננה קיו,,,יופלה SHAKE בננה קיו,מיליליטרים,230.00,"100 מ""ל",false,,7.90,0.0343,true,1,2305205
7290116930626,false,ארוחה בקטנה ציזיקי ע,,,ארוחה בקטנה ציזיקי ע,גרמים,150.00,100 גרם,false,,7.90,0.0527,true,1,2313176
7290116931104,false,יוגורט יופלה GO סמיך,,,יוגורט יופלה GO סמיך,גרמים,200.00,100 גרם,false,,5.40,0.0270,true,1,2311404
7290117260043,false,ריבת עלי ורדים 380 ג,,,ריבת עלי ורדים 380 ג,גרמים,380.00,100 גרם,false,,9.90,0.0261,true,1,2270961
7290117260050,false,קונפיטורה חבושים 380,,,קונפיטורה חבושים 380,גרמים,380.00,100 גרם,false,,9.90,0.0261,true,1,2270974
7290117260067,false,קונפיטורה תפוזים 380,,,קונפיטורה תפוזים 380,גרמים,380.00,100 גרם,false,,9.90,0.0261,true,1,2270962
7290117260173,false,קמח חיטה רב תכליתי 1,,,קמח חיטה רב תכליתי 1,קילוגרמים,1.00,"ק""ג",false,,9.90,9.9000,true,1,2282247
7290117260234,false,קפה טורקי אמיתי  מטו,,,קפה טורקי אמיתי  מטו,גרמים,300.00,100 גרם,false,,7.90,0.0263,true,1,2278412
7290117260388,false,"טונה בשמן 1 ק""ג",,,"טונה בשמן 1 ק""ג",גרמים,1000.00,100 גרם,false,,31.90,0.0319,true,1,2311154
7290117260449,false,גבינת בולגרית מעודנת,,,גבינת בולגרית מעודנת,גרמים,200.00,100 גרם,false,,12.90,0.0645,true,1,2295905
7290117260456,false,גבינת בולגרית מעודנת,,,גבינת בולגרית מעודנת,גרמים,200.00,100 גרם,false,,12.90,0.0645,true,1,2295906
7290117260470,false,גבינת בולגרית מעודנת,,,גבינת בולגרית מעודנת,גרמים,200.00,100 גרם,false,,12.90,0.0645,true,1,2295908
7290117260579,false,חטיף קראנצ'י על בסיס,,,חטיף קראנצ'י על בסיס,גרמים,80.00,100 גרם,false,,9.90,0.1238,true,1,2310318
7290117260586,false,חטיף קראנצ'י על בסיס,,,חטיף קראנצ'י על בסיס,גרמים,80.00,100 גרם,false,,9.90,0.1238,true,1,2310319
7290117260623,false,תן בו בטעם וניל בציפ,,,תן בו בטעם וניל בציפ,גרמים,300.00,100 גרם,false,,19.90,0.0663,true,1,2277316
7290117260685,false,תן בו בטעם וניל בציפ,,,תן בו בטעם וניל בציפ,גרמים,230.00,100 גרם,false,,19.90,0.0865,true,1,2277416
7290117260692,false,משקה חלב עם שוקולד ב,,,משקה חלב עם שוקולד ב,ליטרים,1.00,ליטר,false,,10.90,10.9000,true,1,2304054
7290117260708,false,משקה חלב עם תות בתוס,,,משקה חלב עם תות בתוס,ליטרים,1.00,ליטר,false,,10.90,10.9000,true,1,2304055
7290117260944,false,מיני גריסיני עם שמן,,,מיני גריסיני עם שמן,גרמים,125.00,100 גרם,false,,5.90,0.0472,true,1,2290441
7290117261040,false,זיתים שחורים מרינד 4,,,זיתים שחורים מרינד 4,גרמים,454.00,100 גרם,false,,14.90,0.0328,true,1,2290221
7290117261361,false,גבינת ריקוטה 400 גרם,,,גבינת ריקוטה 400 גרם,גרמים,400.00,100 גרם,false,,19.90,0.0497,true,1,2300173
7290117261378,false,גבינת קשקבל לייט 250,,,גבינת קשקבל לייט 250,גרמים,250.00,100 גרם,false,,19.90,0.0796,true,1,2300180
7290117261415,false,יוגורט פרוביוטי 2.7%,,,יוגורט פרוביוטי 2.7%,גרמים,125.00,100 גרם,false,,3.50,0.0280,true,1,2323670
7290117261422,false,יוגורט פרוביוטי עם ת,,,יוגורט פרוביוטי עם ת,גרמים,125.00,100 גרם,false,,3.50,0.0280,true,1,2323671
7290117261439,false,יוגורט פרוביוטי עם פ,,,יוגורט פרוביוטי עם פ,גרמים,125.00,100 גרם,false,,3.50,0.0280,true,1,2323672
7290117261446,false,יוגורט פרוביוטי עם א,,,יוגורט פרוביוטי עם א,גרמים,125.00,100 גרם,false,,3.50,0.0280,true,1,2323673
7290117261514,false,סלמון אטלנטי בשמן קנ,,,סלמון אטלנטי בשמן קנ,גרמים,120.00,100 גרם,false,,10.00,0.0833,true,1,2301305
7290117261521,false,סלמון אטלנטי בשמן קנ,,,סלמון אטלנטי בשמן קנ,גרמים,120.00,100 גרם,false,,10.00,0.0833,true,1,2301306
7290117261552,false,סלמון אטלנטי ברוטב ע,,,סלמון אטלנטי ברוטב ע,גרמים,120.00,100 גרם,false,,10.00,0.0833,true,1,2301309
7290117261569,false,סלמון אטלנטי מעושן ב,,,סלמון אטלנטי מעושן ב,גרמים,120.00,100 גרם,false,,10.00,0.0833,true,1,2301310
7290117261927,false,גבינת פקורינו מחלב כ,,,גבינת פקורינו מחלב כ,גרמים,150.00,100 גרם,false,,22.90,0.1527,true,1,2305275
7290117262245,false,משקה יוגורט פרוביוטי,,,משקה יוגורט פרוביוטי,מיליליטרים,200.00,"100 מ""ל",false,,5.90,0.0295,true,1,2310581
7290117380154,false,רוטב אסיאתי עם סויה,,,רוטב אסיאתי עם סויה,מיליליטרים,260.00,"100 מ""ל",false,,9.90,0.0381,true,1,2295686
7290117380192,false,פוף קראנץ בטעם גריל,,,פוף קראנץ בטעם גריל,גרמים,60.00,100 גרם,false,,3.90,0.0650,true,1,2273717
7290117380208,false,חטיף פוף קראנצ בטעם,,,חטיף פוף קראנצ בטעם,גרמים,60.00,100 גרם,false,,3.90,0.0650,true,1,2273718
7290117380215,false,חטיף פוף קראנצ בטעם,,,חטיף פוף קראנצ בטעם,גרמים,60.00,100 גרם,false,,3.90,0.0650,true,1,2273719
7290117380697,false,קולגייט מארז אופטיק,,,קולגייט מארז אופטיק,מיליליטרים,150.00,"100 מ""ל",false,,29.90,0.1993,true,1,2313671
7290117380888,false,עוגיות סנדוויץ' 140,,,עוגיות סנדוויץ' 140,גרמים,200.00,100 גרם,false,,8.90,0.0445,true,1,2304956
7290117381205,false,"שמן שומשום 370 מ""ל מ",,,"שמן שומשום 370 מ""ל מ",מיליליטרים,370.00,"100 מ""ל",false,,22.90,0.0619,true,1,2324470
7290117381236,false,פוף פירכיות מצופות ש,,,פוף פירכיות מצופות ש,גרמים,70.00,100 גרם,false,,7.90,0.1129,true,1,2312683
7290117382264,false,משחת שיניים קולגייט,,,משחת שיניים קולגייט,מיליליטרים,150.00,"100 מ""ל",false,,34.90,0.2327,true,1,2305196
7290117382318,false,חטיף חלבון מצופה שוק,,,חטיף חלבון מצופה שוק,גרמים,60.00,100 גרם,false,,11.90,0.1983,true,1,2312692
7290117382332,false,חטיף חלבון מצופה שוק,,,חטיף חלבון מצופה שוק,גרמים,60.00,100 גרם,false,,11.90,0.1983,true,1,2312693
7290117823798,false,בדיקה עצמית לזיהוי א,,,בדיקה עצמית לזיהוי א,יחידה,0.00,יחידה,false,,39.90,0.0000,true,1,2283124
7291044110586,false,מנורת לילה סנופי WW,,,מנורת לילה סנופי WW,יחידה,0.00,יחידה,false,,9.90,0.0000,true,1,2238240
7291044124453,false,מפצל חשמל 1 ל-3 פרפר,,,מפצל חשמל 1 ל-3 פרפר,יחידה,0.00,יחידה,false,,16.90,0.0000,true,1,2321034
7291074001830,false,סט 2 קרשי חיתוך עץ ב,,,סט 2 קרשי חיתוך עץ ב,יחידה,0.00,יחידה,false,,19.90,0.0000,true,1,2075268
7291074009560,false,מסננת משולש לכיור רש,,,מסננת משולש לכיור רש,יחידה,0.00,יחידה,false,,19.90,0.0000,true,1,2181249
7291074009720,false,"קלחת 16 ס""מ 1.4 ליטר",,,"קלחת 16 ס""מ 1.4 ליטר",יחידה,0.00,יחידה,false,,69.90,0.0000,true,1,2202302
7291074016520,false,"סיר 9.6*20 ס""מ 2.9 ל",,,"סיר 9.6*20 ס""מ 2.9 ל",יחידה,0.00,יחידה,false,,99.90,0.0000,true,1,2258314
7291074016544,false,"סיר 12*26 ס""מ 6 ליטר",,,"סיר 12*26 ס""מ 6 ליטר",יחידה,0.00,יחידה,false,,139.90,0.0000,true,1,2258316
7296021184178,false,מעמד לנייר נעמן.,,,מעמד לנייר נעמן.,יחידה,0.00,יחידה,false,,26.90,0.0000,true,1,2157468
7296021226885,false,מפת פלנל לשולחן מתקפ,,,מפת פלנל לשולחן מתקפ,יחידה,0.00,יחידה,false,,20.90,0.0000,true,1,2189016
7296021228483,false,קערה + מכסה,,,קערה + מכסה,יח',1.00,יח',false,,22.90,22.9000,true,1,2175364
7296021228490,false,קערת אחסון  עגולה 7.,,,קערת אחסון  עגולה 7.,יחידה,0.00,יחידה,false,,19.90,0.0000,true,1,2175365
7296021228506,false,קערת אחסון עגולה 6.6,,,קערת אחסון עגולה 6.6,יח',1.00,יח',false,,16.90,16.9000,true,1,2175366
7296021228513,false,"קערה 13 ס""מ.",,,"קערה 13 ס""מ.",יחידה,0.00,יחידה,false,,12.90,0.0000,true,1,2175367
7296021232244,false,צנצנת זכוכית.,,,צנצנת זכוכית.,יחידה,0.00,יחידה,false,,16.90,0.0000,true,1,2198823
7296021256790,false,כף לפירות.,,,כף לפירות.,יחידה,0.00,יחידה,false,,14.90,0.0000,true,1,2208222
7296021266706,false,"מסננת ידית עץ 20 ס""מ",,,"מסננת ידית עץ 20 ס""מ",יחידה,0.00,יחידה,false,,22.90,0.0000,true,1,2255461
7296021266720,false,"מסננת ידית עץ 26 ס""מ",,,"מסננת ידית עץ 26 ס""מ",יחידה,0.00,יחידה,false,,39.90,0.0000,true,1,2255462
7296021266836,false,סט כף ותרווד עץ 30 ס,,,סט כף ותרווד עץ 30 ס,יחידה,0.00,יחידה,false,,9.90,0.0000,true,1,2255463
7296021272714,false,"פינג'אן 950 מ""ל נון",,,"פינג'אן 950 מ""ל נון",יחידה,0.00,יחידה,false,,36.90,0.0000,true,1,2289094
7296021281402,false,MONTH NEW BONE CHINA,,,MONTH NEW BONE CHINA,יחידה,0.00,יחידה,false,,19.90,0.0000,true,1,2318488
7296049012927,false,קערת ערבול נירוסטה 0,,,קערת ערבול נירוסטה 0,יחידה,0.00,יחידה,false,,14.90,0.0000,true,1,2278903
7296049013153,false,"מאג לוריין 425 מ""ל י",,,"מאג לוריין 425 מ""ל י",יחידה,0.00,יחידה,false,,12.90,0.0000,true,1,2279340
7296049016123,false,במבוק כף ערבול לקיטש,,,במבוק כף ערבול לקיטש,יחידה,0.00,יחידה,false,,9.90,0.0000,true,1,2302280
7296049017182,false,מגן משטחים שקוף 150/,,,מגן משטחים שקוף 150/,יחידה,0.00,יחידה,false,,19.90,0.0000,true,1,2302323
7296049017199,false,מגן משטחים ספוג צבעו,,,מגן משטחים ספוג צבעו,יחידה,0.00,יחידה,false,,14.90,0.0000,true,1,2302324
7296049017502,false,"מצית גז ארוך 27 ס""מ",,,"מצית גז ארוך 27 ס""מ",יחידה,0.00,יחידה,false,,9.90,0.0000,true,1,2320273
7296049222920,false,קנקן תה זכוכית 1.1 ל,,,קנקן תה זכוכית 1.1 ל,יחידה,0.00,יחידה,false,,19.90,0.0000,true,1,2250617
7296049258387,false,דן סלסלה מיני מיני 1,,,דן סלסלה מיני מיני 1,יחידה,0.00,יחידה,false,,2.90,0.0000,true,1,2291216
7296049258462,false,דן סלסלת מדף,,,דן סלסלת מדף,יחידה,0.00,יחידה,false,,9.90,0.0000,true,1,2291224
7296049258714,false,דן איחסונית לעוגה,,,דן איחסונית לעוגה,יחידה,0.00,יחידה,false,,14.90,0.0000,true,1,2291249
7296049258790,false,דן מתקן לסבון כלים,,,דן מתקן לסבון כלים,יחידה,0.00,יחידה,false,,6.90,0.0000,true,1,2291257
7296049258806,false,דן מתקן לספוג כלים,,,דן מתקן לספוג כלים,יחידה,0.00,יחידה,false,,6.90,0.0000,true,1,2291258
7296049258813,false,דן משולש כיור,,,דן משולש כיור,יחידה,0.00,יחידה,false,,6.90,0.0000,true,1,2291259
7296049258820,false,דן מסחטה,,,דן מסחטה,יחידה,0.00,יחידה,false,,7.90,0.0000,true,1,2291260
7296049258974,false,דן זוג גלילי קרח,,,דן זוג גלילי קרח,יחידה,0.00,יחידה,false,,12.90,0.0000,true,1,2291275
7296049259018,false,דן דלי 11 ליטר+ ידית,,,דן דלי 11 ליטר+ ידית,יחידה,0.00,יחידה,false,,14.90,0.0000,true,1,2291279
7296049259087,false,דן שטיח מקרר 35*52 ס,,,דן שטיח מקרר 35*52 ס,יחידה,0.00,יחידה,false,,8.90,0.0000,true,1,2291163
7296049259162,false,קופסא לעוגה מלבנית,,,קופסא לעוגה מלבנית,יחידה,0.00,יחידה,false,,14.90,0.0000,true,1,2291286
7296049259179,false,קופסא לעוגה מרובעת,,,קופסא לעוגה מרובעת,יחידה,0.00,יחידה,false,,18.90,0.0000,true,1,2291287
7296049299007,false,פיקס קלין מקל עץ 1.5,,,פיקס קלין מקל עץ 1.5,יחידה,0.00,יחידה,false,,9.90,0.0000,true,1,2291337
7296049299038,false,פיקס קלין מגב שיש/חל,,,פיקס קלין מגב שיש/חל,יחידה,0.00,יחידה,false,,9.90,0.0000,true,1,2291340
7296049299076,false,פיקס קלין מברשת בגדי,,,פיקס קלין מברשת בגדי,יחידה,0.00,יחידה,false,,14.90,0.0000,true,1,2291344
7296049299298,false,פיקס קלין מברשת רצפה,,,פיקס קלין מברשת רצפה,יחידה,0.00,יחידה,false,,14.90,0.0000,true,1,2297077
7296049299564,false,מסנן כיור סיליקון  1,,,מסנן כיור סיליקון  1,יחידה,0.00,יחידה,false,,9.90,0.0000,true,1,2320300
7296102061848,false,מטאטא לוגנו+מקל,,,מטאטא לוגנו+מקל,יחידה,0.00,יחידה,false,,24.90,0.0000,true,1,2194335
7296111000012,false,ROYAL מי קולון,,,ROYAL מי קולון,מיליליטרים,500.00,"100 מ""ל",false,,39.90,0.0798,true,1,1343841
7296168017155,false,פלסטר מעורב 30 יח,,,פלסטר מעורב 30 יח,יחידה,0.00,יחידה,false,,7.90,0.0000,true,1,1305027
7296168017230,false,פלסטר נייר רפואי,,,פלסטר נייר רפואי,יחידה,0.00,יחידה,false,,4.90,0.0000,true,1,2220875
7296168017650,false,פד דביק,,,פד דביק,יחידה,0.00,יחידה,false,,5.90,0.0000,true,1,2220876
7296168158766,false,אלכוהול 70%,,,אלכוהול 70%,יחידה,0.00,יחידה,false,,9.90,0.0000,true,1,2220956
7296179021738,false,רול און מידנייט,,,רול און מידנייט,מיליליטרים,80.00,"100 מ""ל",false,,12.90,0.1613,true,1,1816649
7296179028621,false,"סבון נשים 250 מ""ל יא",,,"סבון נשים 250 מ""ל יא",מיליליטרים,250.00,"100 מ""ל",false,,19.90,0.0796,true,1,2160430
7296179029642,false,דאו רול און מידנייט,,,דאו רול און מידנייט,מיליליטרים,80.00,"100 מ""ל",false,,14.90,0.1863,true,1,2160631
7297488098015,false,גרנולה קרנצ'י שוקו צ,תגלית הטעם,IL,גרנולה קרנצ'י שוקו דגש 25,גרמים,250.00,100 גרם,false,,15.90,0.0636,true,1,1350994
7297488098152,false,קמח חומוס ללא גלוטן,תבליני העליון,IL,קמח חומוס 500,גרמים,500.00,100 גרם,false,,15.90,0.0318,true,1,1351006
7297488098176,false,קמח סויה ללא גלוטן,תבליני העליון,IL,קמח סויה 500 גרם,גרמים,500.00,100 גרם,false,,11.90,0.0238,true,1,1351008
7297488098183,false,קמח אורז לבן ללא גלו,תבליני העליון,IL,קמח אורז דגש 500 ג',גרמים,500.00,100 גרם,false,,9.90,0.0198,true,1,1351009
7297488098299,false,קמח טפיוקה ללא גלוטן,תבליני העליון,IL,קמח טפיוקה,גרמים,500.00,100 גרם,false,,10.90,0.0218,true,1,1351019
7297488098305,false,קמח שקדים ללא גלוטן,תבליני העליון,IL,"קמח שקדים ""דגש""",גרמים,250.00,100 גרם,false,,27.90,0.1116,true,1,1351020
7297488099760,false,עוגיות בטעם חלבה דגש,,,עוגיות בטעם חלבה דגש,גרמים,250.00,100 גרם,false,,28.90,0.1156,true,1,1768088
7297488199590,false,פצפוצי אורז,תירפז,IL,פצפוצי אורז 450 גר' דגש,גרמים,450.00,100 גרם,false,,20.90,0.0464,true,1,1351028
7297488199606,false,פצפוצי אורז,תירפז,IL,פצפוצי אורז קל 450 ג' דגש,גרמים,450.00,100 גרם,false,,20.90,0.0464,true,1,1351029
7297488199620,false,פצפוצי אורז,תירפז,IL,פצפוצי אורז מלא 450 ג' דג,גרמים,450.00,100 גרם,false,,20.90,0.0464,true,1,1351030
7297488199682,false,קמח כוסמת ללא גלוטן,תבליני העליון,IL,קמח כוסמת 500 ג' דגש,גרמים,500.00,100 גרם,false,,14.90,0.0298,true,1,1351034
7310790088847,false,תחבושות אולטרה טין ל,,,תחבושות אולטרה טין ל,יח',24.00,יח',false,,16.90,0.7042,true,1,2271049
7312040017683,false,"וודקה אבסלוט 700 מ""ל",,,"וודקה אבסלוט 700 מ""ל",מיליליטרים,700.00,"100 מ""ל",false,,59.90,0.0856,true,1,1393370
7394376123337,false,משקה שיבולת שועל  או,,,משקה שיבולת שועל  או,ליטרים,1.00,ליטר,false,,13.90,13.9000,true,1,2197367
7394376616778,false,משקה שיבולת שועל  לה,,,משקה שיבולת שועל  לה,ליטרים,1.00,ליטר,false,,15.90,15.9000,true,1,2197370
7394376620294,false,משקה שיבולת שועל  בט,,,משקה שיבולת שועל  בט,ליטרים,1.00,ליטר,false,,15.90,15.9000,true,1,2319341
7501013122114,false,נקטר אננס ג'ומקס קרט,,,נקטר אננס ג'ומקס קרט,ליטרים,1.00,ליטר,false,,9.90,9.9000,true,1,2157357
7501013122992,false,משקה מנגו ג'ומקס קרט,,,משקה מנגו ג'ומקס קרט,ליטרים,1.00,ליטר,false,,9.90,9.9000,true,1,2157359
7501013138184,false,נקטר חמוציות יוניקו,,,נקטר חמוציות יוניקו,ליטרים,1.00,ליטר,false,,11.90,11.9000,true,1,2157353
7501049936945,false,שישייה בירה סול 330,,,שישייה בירה סול 330,ליטרים,1.98,ליטר,false,,39.90,20.1515,true,1,2190519
7501064191398,false,בירה קורונה שישייה 3,,,בירה קורונה שישייה 3,ליטרים,2.13,ליטר,false,,39.90,18.7324,true,1,2133033
7509546057545,false,דאודורנט ליידי ספיד,,,דאודורנט ליידי ספיד,גרמים,45.00,100 גרם,false,,19.90,0.4422,true,1,2255418
7509546061665,false,דאודורנט סטיק גל-אקס,,,דאודורנט סטיק גל-אקס,גרמים,85.00,100 גרם,false,,19.90,0.2341,true,1,2312149
7509546061672,false,דאודורנט סטיק-אקסטרי,,,דאודורנט סטיק-אקסטרי,גרמים,50.00,100 גרם,false,,19.90,0.3980,true,1,2312150
7509546063515,false,דאודורנט ספריי ליידי,,,דאודורנט ספריי ליידי,מיליליטרים,150.00,"100 מ""ל",false,,24.90,0.1660,true,1,2312151
7509546666846,false,משחת שיניים קולגייט,,,משחת שיניים קולגייט,מיליליטרים,75.00,"100 מ""ל",false,,19.90,0.2653,true,1,2246337
7509546678702,false,משחת שיניים קולגייט,,,משחת שיניים קולגייט,מיליליטרים,100.00,"100 מ""ל",false,,16.90,0.1690,true,1,2310391
7610023050215,false,גרנולה קראנץ אגוזים,BIO FAMILIA,CH,"מיזלי ""קראנצ איקס 500 ""ג'",גרמים,500.00,100 גרם,false,,18.90,0.0378,true,1,1353892
7610100034084,false,מיונז טומי בשפורפרת,,,מיונז טומי בשפורפרת,גרמים,265.00,100 גרם,false,,12.90,0.0487,true,1,1561109
7610113011652,false,בקרדי בריזר-תפוח 275,,,בקרדי בריזר-תפוח 275,מיליליטרים,275.00,"100 מ""ל",false,,12.90,0.0469,true,1,2190520
7610211130903,false,סוכרזית הרמזית 800+2,מרום את קונפינו,,סוכרזית הרמזית 800+2,גרמים,800.00,100 גרם,false,,24.90,0.0311,true,1,2284115
7610243004463,false,דורגול מרסס מסיר אבן,דורינג,CH,דורגול מרסס,מיליליטרים,600.00,"100 מ""ל",false,,24.90,0.0415,true,1,1326253
7610400014632,false,שוקולד שויצרי לבן בו,לינדט Lindt,CH,לינדור בודד וואיט 100 גרם,גרמים,100.00,100 גרם,false,,15.90,0.1590,true,1,1319292
7610400068369,false,שוקולד חלב לינדט במי,לינדט Lindt,CH,לינדור בודד הזלנט 100 גרם,גרמים,100.00,100 גרם,false,,15.90,0.1590,true,1,1319296
7610400074155,false,שוקלד לינדט שויצרי,לינדט Lindt,CH,לינדור בודד 60% 100 גרם,גרמים,100.00,100 גרם,false,,15.90,0.1590,true,1,1319308
7610400075770,false,שוקולד לינדט לגרנד מ,לינדט Lindt,FR,לינדט לגרנד דארק הזלנט 15,גרמים,150.00,100 גרם,false,,24.90,0.1660,true,1,1319309
7610400075787,false,שוקולד לינדט לגרנד ח,לינדט Lindt,FR,לינדט לגרנד מילק הזלנט 15,גרמים,150.00,100 גרם,false,,24.90,0.1660,true,1,1319310
7610400091060,false,שוקולד מריר לינדט אק,,,שוקולד מריר לינדט אק,גרמים,100.00,100 גרם,false,,14.90,0.1490,true,1,2190276
7610700002681,false,סוכריות ריקולה צמחים,,,סוכריות ריקולה צמחים,גרמים,50.00,100 גרם,false,,12.90,0.2580,true,1,2188259
7610700009956,false,סוכריות ריקולה צמחים,,,סוכריות ריקולה צמחים,גרמים,50.00,100 גרם,false,,12.90,0.2580,true,1,2195889
7610700012642,false,סוכריות ריקולה צמחים,,,סוכריות ריקולה צמחים,גרמים,70.00,100 גרם,false,,9.90,0.1414,true,1,2219712
7610700013083,false,סוכריות ריקולה צמחים,,,סוכריות ריקולה צמחים,גרמים,50.00,100 גרם,false,,12.90,0.2580,true,1,2260680
7610700607046,false,סוכריות ריקולה צמחים,,,סוכריות ריקולה צמחים,גרמים,50.00,100 גרם,false,,12.90,0.2580,true,1,1337840
7610700614914,false,סוכריות ריקולה צמחים,,,סוכריות ריקולה צמחים,גרמים,50.00,100 גרם,false,,12.90,0.2580,true,1,1337844
7613030979647,false,דגני בוקר טריקס 480,,,דגני בוקר טריקס 480,גרמים,480.00,100 גרם,false,,23.90,0.0498,true,1,1820186
7613032045753,false,דגני בוקר פיטנס עם ש,נסטלה,FR,פיטנס שוקולד 375 גרם,גרמים,375.00,100 גרם,false,,19.90,0.0531,true,1,1306319
7613033548192,false,דגני בוקר פיטנס שוקו,נסטלה,FR,פיטנס שוקולד מריר 375 גרם,גרמים,375.00,100 גרם,false,,19.90,0.0531,true,1,1306344
7613035378643,false,דנטלייף לכלב גזע גדו,,,דנטלייף לכלב גזע גדו,גרמים,142.00,100 גרם,false,,14.90,0.1049,true,1,2268670
7613035548374,false,דגני בוקר גולדן מיני,,,דגני בוקר גולדן מיני,גרמים,570.00,100 גרם,false,,24.90,0.0437,true,1,1397780
7613035614482,false,פורינה ONE חתול גור,,,פורינה ONE חתול גור,גרמים,800.00,100 גרם,false,,39.90,0.0499,true,1,2162083
7613035622623,false,פיטנס גרנולה שקדים ו,,,פיטנס גרנולה שקדים ו,גרמים,300.00,100 גרם,false,,12.90,0.0430,true,1,1415787
7613035635845,false,פיטנס גרנולה שוקולד,,,פיטנס גרנולה שוקולד,גרמים,300.00,100 גרם,false,,12.90,0.0430,true,1,1415803
7613035758834,false,פיטנס גרנולה חמוציות,,,פיטנס גרנולה חמוציות,גרמים,300.00,100 גרם,false,,12.90,0.0430,true,1,1468059
7613035807778,false,רוטב עגבניות לבלונז,,,רוטב עגבניות לבלונז,גרמים,400.00,100 גרם,false,,8.90,0.0223,true,1,1468025
7613035809109,false,רוטב עגבניות ובזילקו,,,רוטב עגבניות ובזילקו,גרמים,400.00,100 גרם,false,,8.90,0.0223,true,1,1468026
7613035809123,false,רוטב עגבניות עם פלפל,,,רוטב עגבניות עם פלפל,גרמים,400.00,100 גרם,false,,8.90,0.0223,true,1,1468027
7613035809857,false,רוטב עגבניות לפסטה ו,,,רוטב עגבניות לפסטה ו,גרמים,400.00,100 גרם,false,,8.90,0.0223,true,1,1468028
7613036288026,false,"דוגלי גורים 3 ק""ג",,,"דוגלי גורים 3 ק""ג",קילוגרמים,3.00,"ק""ג",false,,42.90,14.3000,true,1,1781291
7613036387798,false,דגני בוקר פיטנס יוגו,,,דגני בוקר פיטנס יוגו,גרמים,350.00,100 גרם,false,,19.90,0.0569,true,1,1710940
7613036520492,false,רוטב עגבניות לפיצה פ,,,רוטב עגבניות לפיצה פ,גרמים,400.00,100 גרם,false,,8.90,0.0223,true,1,1827786
7613036710879,false,חטיף קיט קט מיני,,,חטיף קיט קט מיני,גרמים,194.00,100 גרם,false,,12.90,0.0665,true,1,1979398
7613036737623,false,דגני בוקר קראנץ מקס,,,דגני בוקר קראנץ מקס,גרמים,410.00,100 גרם,false,,24.90,0.0607,true,1,1909133
7613036760195,false,נסקפה דולצה גוסטו אס,,,נסקפה דולצה גוסטו אס,גרמים,112.00,100 גרם,false,,28.90,0.2580,true,1,2083728
7613036867870,false,נסקפה דולצה גוסטו אס,,,נסקפה דולצה גוסטו אס,גרמים,112.00,100 גרם,false,,28.90,0.2580,true,1,2041375
7613036976732,false,פריסקיז פאוצ' סלמון,,,פריסקיז פאוצ' סלמון,גרמים,85.00,100 גרם,false,,3.90,0.0459,true,1,2217307
7613037012095,false,פיטנס גרנולה שוקולד,,,פיטנס גרנולה שוקולד,גרמים,300.00,100 גרם,false,,12.90,0.0430,true,1,2119367
7613037012200,false,גרבר מחית תפוח מנגו,,,גרבר מחית תפוח מנגו,גרמים,90.00,100 גרם,false,,6.50,0.0722,true,1,2165295
7613037686906,false,דגני בוקר פיטנס שקדי,,,דגני בוקר פיטנס שקדי,גרמים,355.00,100 גרם,false,,19.90,0.0561,true,1,2165297
7613037687132,false,דגני בוקר שקדים 585,,,דגני בוקר שקדים 585,גרמים,585.00,100 גרם,false,,26.90,0.0460,true,1,2165298
7613037811629,false,קורנפלקס גו פרי 500,,,קורנפלקס גו פרי 500,גרמים,500.00,100 גרם,false,,14.90,0.0298,true,1,2175326
7613038451954,false,דגני בוקר קראנץ שוקו,,,דגני בוקר קראנץ שוקו,גרמים,410.00,100 גרם,false,,21.90,0.0534,true,1,2169576
7613039547731,false,גרבר מחית תפוח משמש,,,גרבר מחית תפוח משמש,גרמים,90.00,100 גרם,false,,5.90,0.0656,true,1,2206620
7613039770450,false,טבעול סנסשיונל בורגר,עיצובים 2020 (4.8),,טבעול סנסשיונל בורגר,גרמים,226.00,100 גרם,false,,34.90,0.1544,true,1,2208091
7613039771174,false,טבעול סנסשיונל מינס,עיצובים 2020 (4.8),,טבעול סנסשיונל מינס,גרמים,400.00,100 גרם,false,,34.90,0.0872,true,1,2208092
7613039881521,false,גרבר מחית מנגו,,,גרבר מחית מנגו,גרמים,190.00,100 גרם,false,,6.50,0.0342,true,1,2220411
7613287121783,false,חטיף סמרטיס מיני מאר,,,חטיף סמרטיס מיני מאר,גרמים,187.00,100 גרם,false,,12.90,0.0690,true,1,2249124
7613287155832,false,גרבר מחית תפוח פאוץ,,,גרבר מחית תפוח פאוץ,גרמים,90.00,100 גרם,false,,6.50,0.0722,true,1,2240000
7613287155863,false,גרבר מחית אגס פאוץ,,,גרבר מחית אגס פאוץ,גרמים,90.00,100 גרם,false,,5.90,0.0656,true,1,2224403
7613287155894,false,גרבר מחית אפרסק פאוץ,,,גרבר מחית אפרסק פאוץ,גרמים,90.00,100 גרם,false,,6.50,0.0722,true,1,2234350
7613287182425,false,ויטמינצ'יק פרי תפוח,,,ויטמינצ'יק פרי תפוח,גרמים,110.00,100 גרם,false,,6.90,0.0627,true,1,2258954
7613287186928,false,סטארבקס קפסולות ברקפ,,,סטארבקס קפסולות ברקפ,גרמים,56.00,100 גרם,false,,21.90,0.3911,true,1,2259359
7613287302373,false,סטארבקס איטלאן סטייל,,,סטארבקס איטלאן סטייל,גרמים,55.00,100 גרם,false,,21.90,0.3982,true,1,2237326
7613287325822,false,"רוטב מיקס 295 מ""ל",,,"רוטב מיקס 295 מ""ל",מיליליטרים,295.00,"100 מ""ל",false,,13.90,0.0471,true,1,2261869
7613287325853,false,רוטב ספייסי איולי שו,,,רוטב ספייסי איולי שו,מיליליטרים,295.00,"100 מ""ל",false,,13.90,0.0471,true,1,2261870
7613287325952,false,רוטב ברביקיו לחיץ,,,רוטב ברביקיו לחיץ,מיליליטרים,345.00,"100 מ""ל",false,,13.90,0.0403,true,1,2261871
7613287325983,false,רוטב סלסה לחיץ,,,רוטב סלסה לחיץ,מיליליטרים,335.00,"100 מ""ל",false,,13.90,0.0415,true,1,2261872
7613287394323,false,דגני בוקר מולטי צ'רי,,,דגני בוקר מולטי צ'רי,גרמים,600.00,100 גרם,false,,22.90,0.0382,true,1,2237315
7613287476678,false,דגני בוקר סינימיניס,,,דגני בוקר סינימיניס,גרמים,360.00,100 גרם,false,,24.90,0.0692,true,1,2259261
7613287821348,false,נתחוני עוף טבעוני טב,עיצובים 2020 (4.8),,נתחוני עוף טבעוני טב,גרמים,350.00,100 גרם,false,,34.90,0.0997,true,1,2261764
7622010001858,false,עוגיות אוראו 176 גרם,קראפט,,עוגיות אוראו 176 גרם,גרמים,176.00,100 גרם,false,,8.90,0.0506,true,1,1409698
7622201050757,false,מילקה שוקולד קרמל 90,קראפט,,מילקה שוקולד קרמל 90,גרמים,90.00,100 גרם,false,,5.90,0.0656,true,1,1306986
7622201127206,false,ממרח שוקולד מילקה 35,קראפט,,ממרח שוקולד מילקה 35,גרמים,350.00,100 גרם,false,,17.90,0.0511,true,1,2247393
7622201137052,false,מילקה מיני קוקיז 110,קראפט,,מילקה מיני קוקיז 110,גרמים,110.00,100 גרם,false,,8.90,0.0809,true,1,2247793
7622201139278,false,גבינת פילדלפיה שמנה,,,גבינת פילדלפיה שמנה,גרמים,150.00,100 גרם,false,,12.90,0.0860,true,1,2173791
7622201401900,false,עוגיות מילקה סנסיישן,קראפט,,עוגיות מילקה סנסיישן,גרמים,156.00,100 גרם,false,,12.90,0.0827,true,1,2213565
7622201502515,false,עוגיות מילקה קוקי לו,קראפט,,עוגיות מילקה קוקי לו,גרמים,132.00,100 גרם,false,,12.90,0.0977,true,1,2268641
7622201521493,false,גבינת פילדלפיה שום ו,,,גבינת פילדלפיה שום ו,גרמים,150.00,100 גרם,false,,9.90,0.0660,true,1,2303004
7622201798154,false,גבינת פילדלפיה לייט,,,גבינת פילדלפיה לייט,גרמים,150.00,100 גרם,false,,12.90,0.0860,true,1,2261508
7622201801809,false,מילקה שוקולד אגוזים,קראפט,,מילקה שוקולד אגוזים,גרמים,100.00,100 גרם,false,,5.90,0.0590,true,1,2254838
7622201802363,false,מילקה שוקולד צימוקים,קראפט,,מילקה שוקולד צימוקים,גרמים,100.00,100 גרם,false,,5.90,0.0590,true,1,2254839
7622201808631,false,עוגיות אוראו מיני כו,קראפט,,עוגיות אוראו מיני כו,גרמים,67.00,100 גרם,false,,5.90,0.0881,true,1,2254841
7622201809188,false,עוגיות מילקה ביסקווי,קראפט,,עוגיות מילקה ביסקווי,גרמים,150.00,100 גרם,false,,12.90,0.0860,true,1,2250188
7622201813390,false,מילקה וופל במילוי קר,קראפט,,מילקה וופל במילוי קר,גרמים,150.00,100 גרם,false,,12.90,0.0860,true,1,2242453
7622210078131,false,מילקה שוקולד 100 גרם,קראפט,,מילקה שוקולד 100 גרם,גרמים,100.00,100 גרם,false,,5.90,0.0590,true,1,1590767
7622210117762,false,שוקולד קוטדור בושה 2,קראפט,,שוקולד קוטדור בושה 2,גרמים,200.00,100 גרם,false,,14.90,0.0745,true,1,1769600
7622210137234,false,עוגיות אוראו דאבל קר,קראפט,,עוגיות אוראו דאבל קר,גרמים,170.00,100 גרם,false,,7.90,0.0465,true,1,1461342
7622210163899,false,מילקה שוקולד 100 גרם,קראפט,,מילקה שוקולד 100 גרם,גרמים,100.00,100 גרם,false,,5.90,0.0590,true,1,1844536
7622210453327,false,עוגיות מילקה סנסיישן,קראפט,,עוגיות מילקה סנסיישן,גרמים,150.00,100 גרם,false,,12.90,0.0860,true,1,1732100
7622210638021,false,עוגיות אוראו ביס קרא,קראפט,,עוגיות אוראו ביס קרא,גרמים,110.00,100 גרם,false,,7.90,0.0718,true,1,2213567
7622210826053,false,שוקולד מילקה אוראו ס,קראפט,,שוקולד מילקה אוראו ס,גרמים,96.00,100 גרם,false,,5.90,0.0615,true,1,2216770
7622210835338,false,עוגיות אוראו בראוניז,קראפט,,עוגיות אוראו בראוניז,גרמים,176.00,100 גרם,false,,8.90,0.0506,true,1,1844538
7622300270506,false,עוגיות מילקה שיבולת,קראפט,,עוגיות מילקה שיבולת,גרמים,168.00,100 גרם,false,,12.90,0.0768,true,1,1306991
7622300315283,false,עוגיות אוראו וניל 15,קראפט,,עוגיות אוראו וניל 15,גרמים,154.00,100 גרם,false,,8.90,0.0578,true,1,2254842
7622300356767,false,עוגיות מילקה שוקולד,קראפט,,עוגיות מילקה שוקולד,גרמים,168.00,100 גרם,false,,12.90,0.0768,true,1,1306993
7622300441715,false,עוגיות מילקה שוקומינ,קראפט,,עוגיות מילקה שוקומינ,גרמים,150.00,100 גרם,false,,12.90,0.0860,true,1,1477182
7622300489427,false,עוגיות אוראו  בציפוי,קראפט,,עוגיות אוראו  בציפוי,גרמים,246.00,100 גרם,false,,18.90,0.0768,true,1,1813251
7622300489434,false,עוגיות אוראו בציפוי,קראפט,,עוגיות אוראו בציפוי,גרמים,246.00,100 גרם,false,,18.90,0.0768,true,1,1813252
7622300495046,false,מילקה אקסטרה קקאו 10,קראפט,,מילקה אקסטרה קקאו 10,גרמים,100.00,100 גרם,false,,5.90,0.0590,true,1,1306995
7622300503079,false,עוגיות מילקה ביסקווי,קראפט,,עוגיות מילקה ביסקווי,גרמים,200.00,100 גרם,false,,12.90,0.0645,true,1,1306997
7622300617820,false,מילקה אוראו 100 גרם,קראפט,,מילקה אוראו 100 גרם,גרמים,100.00,100 גרם,false,,5.90,0.0590,true,1,1306998
7622300761363,false,עוגיות אוראו מיני כו,קראפט,,עוגיות אוראו מיני כו,גרמים,67.00,100 גרם,false,,5.90,0.0881,true,1,1654225
7622300772314,false,עוגיות אוראו 66 גרם,קראפט,,עוגיות אוראו 66 גרם,גרמים,66.00,100 גרם,false,,3.50,0.0530,true,1,1307001
7622400006753,false,שוקולד קוטדור מריר 1,קראפט,,שוקולד קוטדור מריר 1,גרמים,100.00,100 גרם,false,,12.90,0.1290,true,1,1307005
7630311507016,false,סטארבקס קפסולות סאני,,,סטארבקס קפסולות סאני,גרמים,57.00,100 גרם,false,,21.90,0.3842,true,1,2290421
7630477891615,false,סטארבקס קפסולות סומט,,,סטארבקס קפסולות סומט,גרמים,57.00,100 גרם,false,,21.90,0.3842,true,1,2205786
7630477891714,false,סטארבקס קפסולות אספר,,,סטארבקס קפסולות אספר,גרמים,57.00,100 גרם,false,,21.90,0.3842,true,1,2205791
7630477891738,false,סטארבקס קפסולות אספר,,,סטארבקס קפסולות אספר,גרמים,57.00,100 גרם,false,,21.90,0.3842,true,1,2205792
7638900248333,false,"סוללות אנרג""יזר 2025",,,"סוללות אנרג""יזר 2025",יח',2.00,יח',false,,19.90,9.9500,true,1,2032130
7638900248357,false,"סוללות אנרג""יזר 2032",,,"סוללות אנרג""יזר 2032",יח',2.00,יח',false,,19.90,9.9500,true,1,2032131
7638900426809,false,סוללות C*,,,סוללות C*,יח',2.00,יח',false,,19.90,9.9500,true,1,2188014
7702018263783,false,מאך 3 שמינייה,,,מאך 3 שמינייה,יח',8.00,יח',false,,69.90,8.7375,true,1,1969262
7702018263844,false,4 סכיני גילוח פיוזן,,,4 סכיני גילוח פיוזן,יח',4.00,יח',false,,79.90,19.9750,true,1,1307713
7702018263875,false,8 סכיני גילוח פיוזן,,,8 סכיני גילוח פיוזן,יח',8.00,יח',false,,139.90,17.4875,true,1,1307714
7702018263905,false,4 סכיני גילוח פיוזן,,,4 סכיני גילוח פיוזן,יח',4.00,יח',false,,99.90,24.9750,true,1,1307715
7702018321520,false,דאודורנט סטיק מתקדם,פרוקטר אנד גמבל,US,דאו סטיק מתקדם 45 מל AI,גרמים,45.00,100 גרם,false,,19.90,0.4422,true,1,1307733
7702018347629,false,גילט רביעיית ונוס אמ,,,גילט רביעיית ונוס אמ,יח',4.00,יח',false,,54.90,13.7250,true,1,2198694
7702018405145,false,ג'ל גילוח ג'ילט סירי,,,ג'ל גילוח ג'ילט סירי,מיליליטרים,200.00,"100 מ""ל",false,,17.90,0.0895,true,1,1844491
7702018468447,false,סכיני גילוח אולטרה ג,,,סכיני גילוח אולטרה ג,יח',10.00,יח',false,,24.90,2.4900,true,1,2134625
7702018489619,false,סכיני גילוח ג'לט בלו,,,סכיני גילוח ג'לט בלו,יח',3.00,יח',false,,14.90,4.9667,true,1,2162065
7702018497447,false,רביעיית סכיני ונוס ס,,,רביעיית סכיני ונוס ס,יח',4.00,יח',false,,54.90,13.7250,true,1,2198695
7702018866984,false,4 סכיני גילוח ג'ילט,פרוקטר אנד גמבל,PL,4 סכיני גילוח פיוז'ן ידני,יח',4.00,יח',false,,69.90,17.4750,true,1,1307749
7702018978106,false,דאודורנט ק.ג'ל ג'ילט,פרוקטר אנד גמבל,CZ,דאודורנט קליר ג'ל AI,מיליליטרים,70.00,"100 מ""ל",false,,18.90,0.2700,true,1,1307761
7702018978120,false,דאודורנט ק.ג'ל ג'ילט,פרוקטר אנד גמבל,CZ,דאודורנט קליר ג'ל CW,מיליליטרים,70.00,"100 מ""ל",false,,18.90,0.2700,true,1,1307762
7702018980833,false,ג'ל גילוח ג'ילט סירי,,,ג'ל גילוח ג'ילט סירי,מיליליטרים,200.00,"100 מ""ל",false,,17.90,0.0895,true,1,1474479
7702024074625,false,חטיפי קרקר חיטה מלאה,,,חטיפי קרקר חיטה מלאה,גרמים,234.00,100 גרם,false,,10.90,0.0466,true,1,1909124
7702024258322,false,חטיפי קרקר צ'יה ופשת,,,חטיפי קרקר צ'יה ופשת,גרמים,234.00,100 גרם,false,,10.90,0.0466,true,1,2207496
7702174066631,false,סוכריות לקקן יוגטה-פ,,,סוכריות לקקן יוגטה-פ,גרמים,216.00,100 גרם,false,,10.90,0.0505,true,1,1327122
7702174068826,false,סוכריות לקקן יוגטה-פ,,,סוכריות לקקן יוגטה-פ,גרמים,216.00,100 גרם,false,,10.90,0.0505,true,1,1327126
7702174070201,false,סוכריות לקקן יוגטה-מ,,,סוכריות לקקן יוגטה-מ,גרמים,216.00,100 גרם,false,,10.90,0.0505,true,1,1327130
7702174073783,false,סוכריות לקקן יוגטה-פ,,,סוכריות לקקן יוגטה-פ,גרמים,216.00,100 גרם,false,,10.90,0.0505,true,1,1387057
7792860006218,false,סוכריות לקקן בייבי ד,לרטייר Lheritier,AR,בייבידול לקקן 24 גרם,גרמים,24.00,100 גרם,false,,2.00,0.0833,true,1,1319319
7804414000877,false,יין מרלו דון חוליו,,,יין מרלו דון חוליו,מיליליטרים,750.00,"100 מ""ל",false,,29.90,0.0399,true,1,1334479
7804414001614,false,יין שירז,,,יין שירז,מיליליטרים,750.00,"100 מ""ל",false,,29.90,0.0399,true,1,1334481
7804414012351,false,יין דון חוליו מלבק,,,יין דון חוליו מלבק,מיליליטרים,750.00,"100 מ""ל",false,,29.90,0.0399,true,1,1757204
7891024030974,false,קולגייט טריפל אקשן 7,,,קולגייט טריפל אקשן 7,גרמים,75.00,100 גרם,false,,6.90,0.0920,true,1,1484165
7891024124826,false,משחת שיניים אופטיק ו,COLGATE PALMOLIVE,BR,קולגייט משחת אופטיק וייט,מיליליטרים,75.00,"100 מ""ל",false,,19.90,0.2653,true,1,1339714
8000070081109,false,קפסולות לקפה ריקו נט,,,קפסולות לקפה ריקו נט,גרמים,50.00,100 גרם,false,,16.90,0.3380,true,1,1964330
8000070081154,false,קפסולות לקפה לוואצה,,,קפסולות לקפה לוואצה,גרמים,55.00,100 גרם,false,,16.90,0.3073,true,1,1964331
8000215204219,false,משקה אורז אורגני 1 ל,,,משקה אורז אורגני 1 ל,ליטרים,1.00,ליטר,false,,13.90,13.9000,true,1,1471247
8000215204240,false,משקה אורז אורגני 1 ל,,,משקה אורז אורגני 1 ל,ליטרים,1.00,ליטר,false,,13.90,13.9000,true,1,1471141
8000215204677,false,משקה שיבולת שועל ויט,,,משקה שיבולת שועל ויט,ליטרים,1.00,ליטר,false,,13.90,13.9000,true,1,2280742
8000215204714,false,משקה שיבולת שועל אור,,,משקה שיבולת שועל אור,ליטרים,1.00,ליטר,false,,14.90,14.9000,true,1,1471197
8000320010088,false,רוטב עגבניות פסאטה צ,,,רוטב עגבניות פסאטה צ,מיליליטרים,680.00,"100 מ""ל",false,,10.90,0.0160,true,1,1343031
8000320010095,false,רוטב עגבניות פסאטה צ,,,רוטב עגבניות פסאטה צ,מיליליטרים,700.00,"100 מ""ל",false,,10.90,0.0156,true,1,2320304
8000380003723,false,לואקר גרנד אגוזים 10,לואקר,IT,עוגיות גרנד פטיסרי 100 ג,גרמים,100.00,100 גרם,false,,9.90,0.0990,true,1,1327131
8000380003761,false,לואקר גרנד קוקוס 100,לואקר,IT,עוגיות גרנד פטיסרי 100 ג,גרמים,100.00,100 גרם,false,,9.90,0.0990,true,1,1327132
8000380004669,false,וופל לואקר קקאו ממול,לואקר,AT,וופל קקאו 200 גרם,גרמים,200.00,100 גרם,false,,12.90,0.0645,true,1,1327134
8000380004676,false,וופל לואקר וניל ממול,לואקר,AT,וופל וניל 200 גרם,גרמים,200.00,100 גרם,false,,12.90,0.0645,true,1,1327135
8000380004911,false,וופל אגוז ממולא 250,לואקר,AT,וופל קוארדטיני אגוז 250 ג,גרמים,250.00,100 גרם,false,,14.90,0.0596,true,1,1327137
8000380004966,false,וופל קקאו ממולא 250,לואקר,AT,וופל קוארדטיני קקאו 250 ג,גרמים,250.00,100 גרם,false,,14.90,0.0596,true,1,1327139
8000380007219,false,וופל לואקר 175 גרם,לואקר,AT,וופל לואקר אגוז 175 גרם,גרמים,175.00,100 גרם,false,,10.90,0.0623,true,1,1327141
8000380007257,false,וופל גרדנה 200 גרם,,,וופל גרדנה 200 גרם,גרמים,200.00,100 גרם,false,,14.90,0.0745,true,1,1327142
8000380007264,false,וופל לואקר 175 גרם,לואקר,AT,וופל לואקר קקאו 175 גרם,גרמים,175.00,100 גרם,false,,10.90,0.0623,true,1,1327143
8000380007271,false,וופל לואקר 175 גרם,לואקר,AT,וופל לואקר חלב 175 גרם,גרמים,175.00,100 גרם,false,,10.90,0.0623,true,1,1327144
8000380106028,false,שוקולד טורטינה 1/6 ש,לואקר,IT,טורטינה אורגינל 1/6 125 ג,גרמים,125.00,100 גרם,false,,16.90,0.1352,true,1,1327145
8000380142484,false,וופל שוקולד ממולא 25,לואקר,AT,קואדרטיני שוקולד מריר 250,גרמים,250.00,100 גרם,false,,14.90,0.0596,true,1,1327146
8000380144044,false,וופל גרדנה 200 גרם,לואקר,IT,וופל  גרדנה שוקולד  200 ג,גרמים,200.00,100 גרם,false,,14.90,0.0745,true,1,1327147
8000380156825,false,שוקולד לואקר חלב,לואקר,IT,שוקולד לואקר חלב 87 גרם,גרמים,87.00,100 גרם,false,,7.90,0.0908,true,1,1327156
8000380156849,false,שוקולד לואקר מריר,לואקר,IT,שוקולד לואקר מריר 87 גרם,גרמים,87.00,100 גרם,false,,7.90,0.0908,true,1,1327158
8000380180721,false,וופל לואקר 175 גרם,,,וופל לואקר 175 גרם,גרמים,175.00,100 גרם,false,,10.90,0.0623,true,1,1409824
8000380180745,false,וופל לואקר שוקו חלב,,,וופל לואקר שוקו חלב,גרמים,250.00,100 גרם,false,,14.90,0.0596,true,1,1409825
8000380187119,false,עוגיות אגוזי לוז 100,,,עוגיות אגוזי לוז 100,גרמים,100.00,100 גרם,false,,14.90,0.1490,true,1,2221090
8000380192199,false,וופל לואקר 175 גרם,,,וופל לואקר 175 גרם,גרמים,175.00,100 גרם,false,,10.90,0.0623,true,1,2084621
8000380192588,false,וופל דאבל שוקולד ממו,,,וופל דאבל שוקולד ממו,גרמים,250.00,100 גרם,false,,14.90,0.0596,true,1,2087611
8000380201396,false,קרמל טורטינה 1/6 שוק,,,קרמל טורטינה 1/6 שוק,גרמים,126.00,100 גרם,false,,16.90,0.1341,true,1,2228246
8000380206896,false,וופל גרדנה 200 גרם,,,וופל גרדנה 200 גרם,גרמים,200.00,100 גרם,false,,14.90,0.0745,true,1,2296661
8000500023624,false,הפי היפו חמישייה,,,הפי היפו חמישייה,גרמים,103.50,100 גרם,false,,12.90,0.1246,true,1,1327161
8000500026731,false,ביצת הפתעה קינדר שלי,,,ביצת הפתעה קינדר שלי,גרמים,60.00,100 גרם,false,,14.90,0.2483,true,1,1365846
8000500029350,false,קינדר בואנו 3 יח שוק,,,קינדר בואנו 3 יח שוק,גרמים,129.00,100 גרם,false,,9.90,0.0767,true,1,1327164
8000500071083,false,שוקולד קינדר אצבעות,,,שוקולד קינדר אצבעות,גרמים,200.00,100 גרם,false,,11.90,0.0595,true,1,1327168
8000500075708,false,ביצת הפתעה מארז שליש,,,ביצת הפתעה מארז שליש,גרמים,60.00,100 גרם,false,,14.90,0.2483,true,1,1327169
8000500121436,false,קינדר בואנו 3 יח לבן,,,קינדר בואנו 3 יח לבן,גרמים,117.00,100 גרם,false,,9.90,0.0846,true,1,1327171
8000500126325,false,ביצת הפתעה מארז שליש,,,ביצת הפתעה מארז שליש,גרמים,60.00,100 גרם,false,,14.90,0.2483,true,1,1327172
8000500167656,false,שוקולד קינדר סיריאל,,,שוקולד קינדר סיריאל,גרמים,94.00,100 גרם,false,,7.90,0.0840,true,1,2218138
8000500172810,false,סוכריות טיק-טק רביעי,,,סוכריות טיק-טק רביעי,גרמים,64.00,100 גרם,false,,9.90,0.1547,true,1,1327174
8000500227848,false,נוטלה בי-ריידי וופל,,,נוטלה בי-ריידי וופל,גרמים,132.00,100 גרם,false,,9.90,0.0750,true,1,1845951
8000500249352,false,קינדר בואנו מיני מיק,,,קינדר בואנו מיני מיק,גרמים,205.00,100 גרם,false,,17.90,0.0873,true,1,1715908
8000500256213,false,קינדר שוקולד מיני,,,קינדר שוקולד מיני,גרמים,120.00,100 גרם,false,,9.90,0.0825,true,1,2058774
8000500267103,false,קינדר דליס מארז עשיר,,,קינדר דליס מארז עשיר,גרמים,390.00,100 גרם,false,,19.90,0.0510,true,1,1901956
8000500269169,false,קינדר קארדס חמישייה,,,קינדר קארדס חמישייה,גרמים,128.00,100 גרם,false,,12.90,0.1008,true,1,2309718
8000500328750,false,פררו קולקשן פררו רונ,,,פררו קולקשן פררו רונ,גרמים,141.00,100 גרם,false,,26.90,0.1908,true,1,2257668
8000500353738,false,סוכריות טיק-טק רביעי,,,סוכריות טיק-טק רביעי,גרמים,64.00,100 גרם,false,,9.90,0.1547,true,1,2217077
8000500386941,false,ממרח נוטלה 900 גרם,,,ממרח נוטלה 900 גרם,גרמים,900.00,100 גרם,false,,27.90,0.0310,true,1,2300637
8001003100164,false,סוכריות ג'לי,,,סוכריות ג'לי,גרמים,450.00,100 גרם,false,,9.90,0.0220,true,1,1886066
8001010062844,false,חומץ בלסמי PONTI,,,חומץ בלסמי PONTI,מיליליטרים,500.00,"100 מ""ל",false,,17.90,0.0358,true,1,2273731
8001090016003,false,טבליות פיירי למדיח כ,,,טבליות פיירי למדיח כ,יח',84.00,יח',false,,59.90,0.7131,true,1,1488403
8001090111715,false,אוולוויז דיסקר תחתונ,,,אוולוויז דיסקר תחתונ,יח',9.00,יח',false,,29.90,3.3222,true,1,2026842
8001090184375,false,"פיירי אורגינל 900 מ""",,,"פיירי אורגינל 900 מ""",מיליליטרים,900.00,"100 מ""ל",false,,12.90,0.0143,true,1,2304721
8001090184412,false,"פיירי לימון 900 מ""ל",,,"פיירי לימון 900 מ""ל",מיליליטרים,900.00,"100 מ""ל",false,,12.90,0.0143,true,1,2304722
8001090222572,false,מרכך הרבל אסנסס תות,,,מרכך הרבל אסנסס תות,מיליליטרים,400.00,"100 מ""ל",false,,14.90,0.0373,true,1,2155794
8001090222756,false,מרכך הרבל אסנסס שמן,,,מרכך הרבל אסנסס שמן,מיליליטרים,400.00,"100 מ""ל",false,,14.90,0.0373,true,1,2155796
8001090222848,false,שמפו הרבל אסנסס שיקו,,,שמפו הרבל אסנסס שיקו,מיליליטרים,400.00,"100 מ""ל",false,,14.90,0.0373,true,1,2155797
8001090336521,false,פמפרס בייבי דריי מיד,,,פמפרס בייבי דריי מיד,יח',30.00,יח',false,,34.90,1.1633,true,1,2169426
8001090336606,false,פמפרס בייבי דריי מיד,,,פמפרס בייבי דריי מיד,יח',26.00,יח',false,,34.90,1.3423,true,1,2169427
8001090364203,false,אורל בי משחת שיניים,,,אורל בי משחת שיניים,מיליליטרים,75.00,"100 מ""ל",false,,14.90,0.1987,true,1,2220498
8001090375285,false,מרכך מרוכז למגע רך כ,,,מרכך מרוכז למגע רך כ,מיליליטרים,200.00,"100 מ""ל",false,,19.90,0.0995,true,1,1722934
8001090379337,false,חיתולי פמפרס פרימיום,,,חיתולי פמפרס פרימיום,יח',40.00,יח',false,,32.90,0.8225,true,1,1692672
8001090458322,false,פיירי 1.015 ליטר ורד,,,פיירי 1.015 ליטר ורד,ליטרים,1.01,ליטר,false,,15.90,15.7426,true,1,1610938
8001090493637,false,שמפו הד אנד שולדרס 4,,,שמפו הד אנד שולדרס 4,מיליליטרים,450.00,"100 מ""ל",false,,20.90,0.0464,true,1,1949890
8001090678225,false,מרכך משקם הד אנד שול,,,מרכך משקם הד אנד שול,מיליליטרים,275.00,"100 מ""ל",false,,11.90,0.0433,true,1,2049007
8001090678614,false,שמפו לחות הד אנד שול,,,שמפו לחות הד אנד שול,מיליליטרים,400.00,"100 מ""ל",false,,20.90,0.0522,true,1,2049009
8001090721099,false,אריאל קפסולות לכביסה,,,אריאל קפסולות לכביסה,יח',27.00,יח',false,,39.90,1.4778,true,1,1878549
8001090721129,false,אריאל קפסולות לכביסה,,,אריאל קפסולות לכביסה,יח',27.00,יח',false,,39.90,1.4778,true,1,1878550
8001090734044,false,אולוויז  64 יחידות מ,,,אולוויז  64 יחידות מ,יח',64.00,יח',false,,21.90,0.3422,true,1,1775133
8001090737809,false,אולדייז טנגה 36 יחיד,,,אולדייז טנגה 36 יחיד,יח',36.00,יח',false,,14.90,0.4139,true,1,1775886
8001090740717,false,אולוויז  76 יחידות מ,,,אולוויז  76 יחידות מ,יח',76.00,יח',false,,21.90,0.2882,true,1,1775880
8001090745903,false,"טייד אלפין 4 ק""ג",,,"טייד אלפין 4 ק""ג",קילוגרמים,4.00,"ק""ג",false,,34.90,8.7250,true,1,1878552
8001090802385,false,טייד קפסולות ג'ל בני,,,טייד קפסולות ג'ל בני,יח',26.00,יח',false,,34.90,1.3423,true,1,2095392
8001090832450,false,פנטן שמפו קלאסית 660,,,פנטן שמפו קלאסית 660,מיליליטרים,660.00,"100 מ""ל",false,,19.90,0.0302,true,1,2190967
8001090832535,false,פנטן שמפו קלאסית 660,,,פנטן שמפו קלאסית 660,מיליליטרים,660.00,"100 מ""ל",false,,19.90,0.0302,true,1,2190973
8001090832573,false,פנטן שמפו קלאסית 660,,,פנטן שמפו קלאסית 660,מיליליטרים,660.00,"100 מ""ל",false,,19.90,0.0302,true,1,2190974
8001090832610,false,פנטן שמפו קלאסית 660,,,פנטן שמפו קלאסית 660,מיליליטרים,660.00,"100 מ""ל",false,,19.90,0.0302,true,1,2190975
8001090832696,false,פנטן שמפו קלאסית 660,,,פנטן שמפו קלאסית 660,מיליליטרים,660.00,"100 מ""ל",false,,19.90,0.0302,true,1,2190976
8001090832771,false,פנטן שמפו קלאסית 660,,,פנטן שמפו קלאסית 660,מיליליטרים,660.00,"100 מ""ל",false,,19.90,0.0302,true,1,2190977
8001090832818,false,מרכך קונדישינר פנטן,,,מרכך קונדישינר פנטן,מיליליטרים,660.00,"100 מ""ל",false,,19.90,0.0302,true,1,2190983
8001090832856,false,מרכך קונדישינר פנטן,,,מרכך קונדישינר פנטן,מיליליטרים,660.00,"100 מ""ל",false,,19.90,0.0302,true,1,2191018
8001090832894,false,מרכך קונדישינר פנטן,,,מרכך קונדישינר פנטן,מיליליטרים,660.00,"100 מ""ל",false,,19.90,0.0302,true,1,2191019
8001090832979,false,מרכך קונדישינר פנטן,,,מרכך קונדישינר פנטן,מיליליטרים,660.00,"100 מ""ל",false,,19.90,0.0302,true,1,2191021
8001090833051,false,מרכך קונדישינר פנטן,,,מרכך קונדישינר פנטן,מיליליטרים,660.00,"100 מ""ל",false,,19.90,0.0302,true,1,2191022
8001090833136,false,אריאל ג'ל בייבי,,,אריאל ג'ל בייבי,ליטרים,2.26,ליטר,false,,32.90,14.5575,true,1,1981477
8001090833167,false,אריאל ג'ל 2.365 ליטר,,,אריאל ג'ל 2.365 ליטר,ליטרים,2.37,ליטר,false,,32.90,13.8819,true,1,1981478
8001090833198,false,אריאל ג'ל 2.365 ליטר,,,אריאל ג'ל 2.365 ליטר,ליטרים,2.37,ליטר,false,,32.90,13.8819,true,1,1981479
8001090833259,false,אריאל ג'ל 3.74 ליטר,,,אריאל ג'ל 3.74 ליטר,ליטרים,3.74,ליטר,false,,42.90,11.4706,true,1,1981481
8001090886460,false,מבשמי כדוריות לנור 1,,,מבשמי כדוריות לנור 1,גרמים,140.00,100 גרם,false,,19.90,0.1421,true,1,2134616
8001090891273,false,מבשמי כדוריות לנור ב,,,מבשמי כדוריות לנור ב,גרמים,210.00,100 גרם,false,,25.90,0.1233,true,1,2210191
8001090899224,false,תחבושות אולוויז פלטי,,,תחבושות אולוויז פלטי,יח',20.00,יח',false,,19.90,0.9950,true,1,2162227
8001090899255,false,תחבושות אולוויז פלטי,,,תחבושות אולוויז פלטי,יח',16.00,יח',false,,19.90,1.2437,true,1,2162228
8001090899286,false,תחבושות אולוויז פלטי,,,תחבושות אולוויז פלטי,יח',14.00,יח',false,,19.90,1.4214,true,1,2162229
8001090943095,false,פיירי אנטי בקטריאלי,,,פיירי אנטי בקטריאלי,ליטרים,1.01,ליטר,false,,15.90,15.7426,true,1,1949894
8001090992338,false,טבליות פיירי למדיח כ,,,טבליות פיירי למדיח כ,יח',50.00,יח',false,,59.90,1.1980,true,1,2177152
8001250121264,false,פסטה קונצ'יליוני  12,,,פסטה קונצ'יליוני  12,גרמים,500.00,100 גרם,false,,14.90,0.0298,true,1,2297936
8001359108654,false,מויסטר רספונס,,,מויסטר רספונס,יחידה,0.00,יחידה,false,,19.90,0.0000,true,1,2220923
8001420001327,false,אורז ריזוטו,,,אורז ריזוטו,גרמים,500.00,100 גרם,false,,11.90,0.0238,true,1,1343036
8001420005608,false,אורז שלושה דגנים,,,אורז שלושה דגנים,גרמים,400.00,100 גרם,false,,12.90,0.0323,true,1,1343038
8001440118944,false,שלישיית עגבניות פולפ,,,שלישיית עגבניות פולפ,גרמים,400.00,100 גרם,false,,14.90,0.0373,true,1,2321024
8001620011935,false,מים סאן בנדטו מוגז 6,,,מים סאן בנדטו מוגז 6,מיליליטרים,3000.00,"100 מ""ל",false,,11.90,0.0040,true,1,1324566
8001620015612,false,פרוטה  גזר תפוז לימו,,,פרוטה  גזר תפוז לימו,מיליליטרים,400.00,"100 מ""ל",false,,6.90,0.0172,true,1,2241888
8001620015629,false,פרוטה  תפוז ותפוז אד,,,פרוטה  תפוז ותפוז אד,מיליליטרים,400.00,"100 מ""ל",false,,6.90,0.0172,true,1,2277834
8001620017456,false,שישייה סאן בנדטו פקק,,,שישייה סאן בנדטו פקק,ליטרים,3.00,ליטר,false,,14.90,4.9667,true,1,1777351
8001620018408,false,פרוטה  מנגו תפוח 400,,,פרוטה  מנגו תפוח 400,מיליליטרים,400.00,"100 מ""ל",false,,6.90,0.0172,true,1,2277835
8001620019160,false,משקה סן בנדטו בטעם א,,,משקה סן בנדטו בטעם א,מיליליטרים,400.00,"100 מ""ל",false,,6.90,0.0172,true,1,2312721
8001620019177,false,משקה סן בנדטו בטעם ע,,,משקה סן בנדטו בטעם ע,מיליליטרים,400.00,"100 מ""ל",false,,6.90,0.0172,true,1,2312722
8001780499307,false,דובדבני אמרנה FABBRI,,,דובדבני אמרנה FABBRI,גרמים,230.00,100 גרם,false,,24.90,0.1083,true,1,2273732
8001841006710,false,מבשמי כדוריות לנור ב,,,מבשמי כדוריות לנור ב,גרמים,210.00,100 גרם,false,,25.90,0.1233,true,1,2210192
8001841053646,false,תחבושות אולוויז עבה,,,תחבושות אולוויז עבה,יח',14.00,יח',false,,12.90,0.9214,true,1,2026817
8001841053806,false,תחבושות אולוויז עבה,,,תחבושות אולוויז עבה,יח',9.00,יח',false,,12.90,1.4333,true,1,2026819
8001841062624,false,מגבוני פמפרס ללא ביש,,,מגבוני פמפרס ללא ביש,יח',208.00,יח',false,,16.90,0.0812,true,1,2217991
8001841077949,false,מגבוני פמפרס פרש 4*5,,,מגבוני פמפרס פרש 4*5,יח',208.00,יח',false,,16.90,0.0812,true,1,2166585
8001841096889,false,פיירי לימון קלאסי 90,,,פיירי לימון קלאסי 90,מיליליטרים,900.00,"100 מ""ל",false,,9.90,0.0110,true,1,1934845
8001841137179,false,מרכך הד אנד שולדרס 2,,,מרכך הד אנד שולדרס 2,מיליליטרים,275.00,"100 מ""ל",false,,11.90,0.0433,true,1,2169438
8001841137216,false,מרכך לחות הד אנד שול,,,מרכך לחות הד אנד שול,מיליליטרים,275.00,"100 מ""ל",false,,11.90,0.0433,true,1,2169439
8001841216584,false,תחבושות אולוויז לילה,,,תחבושות אולוויז לילה,יח',36.00,יח',false,,39.90,1.1083,true,1,2166592
8001841427126,false,מגן תחתון אולוויז מג,,,מגן תחתון אולוויז מג,יח',64.00,יח',false,,21.90,0.3422,true,1,2196920
8001841500799,false,שמפו הרבל אסנסס ללא,,,שמפו הרבל אסנסס ללא,מיליליטרים,380.00,"100 מ""ל",false,,14.90,0.0392,true,1,2216300
8001841500942,false,שמפו הרבל אסנסס ללא,,,שמפו הרבל אסנסס ללא,מיליליטרים,380.00,"100 מ""ל",false,,14.90,0.0392,true,1,2216306
8001841502601,false,שמפו הרבל אסנסס ללא,,,שמפו הרבל אסנסס ללא,מיליליטרים,275.00,"100 מ""ל",false,,14.90,0.0542,true,1,2216308
8001841566771,false,מבשמי כדוריות לנור ב,,,מבשמי כדוריות לנור ב,גרמים,210.00,100 גרם,false,,25.90,0.1233,true,1,2210194
8001841587684,false,ג'ל דאודורנט היידה ג,,,ג'ל דאודורנט היידה ג,מיליליטרים,70.00,"100 מ""ל",false,,18.90,0.2700,true,1,2258613
8001841587738,false,ג'ל דאודורנט היידה ג,,,ג'ל דאודורנט היידה ג,מיליליטרים,70.00,"100 מ""ל",false,,18.90,0.2700,true,1,2258614
8001841625362,false,פיירי פלטינום לימון,,,פיירי פלטינום לימון,מיליליטרים,780.00,"100 מ""ל",false,,12.90,0.0165,true,1,2304728
8001841625508,false,פיירי פלטינום 1.015,,,פיירי פלטינום 1.015,ליטרים,1.01,ליטר,false,,15.90,15.7426,true,1,2180180
8001841669465,false,אריאל קפסולות לכביסה,,,אריאל קפסולות לכביסה,יח',24.00,יח',false,,39.90,1.6625,true,1,2222092
8001841669519,false,אריאל קפסולות לכביסה,,,אריאל קפסולות לכביסה,יח',55.00,יח',false,,69.90,1.2709,true,1,2196921
8001841680989,false,מגן תחתון אולוויז מג,,,מגן תחתון אולוויז מג,יח',60.00,יח',false,,21.90,0.3650,true,1,2196922
8001841715957,false,ג'ל רחצה ושמפו ניקוי,,,ג'ל רחצה ושמפו ניקוי,מיליליטרים,360.00,"100 מ""ל",false,,16.90,0.0469,true,1,2250960
8001841716312,false,ג'ל רחצה ושמפו ספורט,,,ג'ל רחצה ושמפו ספורט,מיליליטרים,360.00,"100 מ""ל",false,,16.90,0.0469,true,1,2250961
8001841893990,false,טבליות פיירי למדיח כ,,,טבליות פיירי למדיח כ,יח',30.00,יח',false,,39.90,1.3300,true,1,2222057
8001841941929,false,אולוויז בטוח אקסטרא,,,אולוויז בטוח אקסטרא,יח',16.00,יח',false,,19.90,1.2437,true,1,2248617
8001841943961,false,מבשמי כדוריות לנור ב,,,מבשמי כדוריות לנור ב,גרמים,210.00,100 גרם,false,,25.90,0.1233,true,1,2210195
8001841958460,false,טבליות פיירי למדיח כ,,,טבליות פיירי למדיח כ,יח',48.00,יח',false,,39.90,0.8312,true,1,2222058
8001841960081,false,טבליות פיירי למדיח כ,,,טבליות פיירי למדיח כ,יח',37.00,יח',false,,39.90,1.0784,true,1,2222059
8002270846472,false,מים סן פלגרינו פלסט,,,מים סן פלגרינו פלסט,מיליליטרים,500.00,"100 מ""ל",false,,5.90,0.0118,true,1,1324570
8002270866524,false,מים סן פלגרינו פלסט,,,מים סן פלגרינו פלסט,ליטרים,1.00,ליטר,false,,7.90,7.9000,true,1,1324571
8002450201008,false,סדרת וורדי,,,סדרת וורדי,מיליליטרים,750.00,"100 מ""ל",false,,19.90,0.0265,true,1,1334491
8002450204009,false,סדרת וורדי,,,סדרת וורדי,מיליליטרים,750.00,"100 מ""ל",false,,19.90,0.0265,true,1,1334493
8002450205006,false,סדרת וורדי,,,סדרת וורדי,מיליליטרים,750.00,"100 מ""ל",false,,19.90,0.0265,true,1,1505259
8002450206003,false,סדרת וורדי,,,סדרת וורדי,מיליליטרים,750.00,"100 מ""ל",false,,19.90,0.0265,true,1,1334494
8002450206508,false,יין קברנה קאזה דה לו,,,יין קברנה קאזה דה לו,מיליליטרים,750.00,"100 מ""ל",false,,24.90,0.0332,true,1,1334495
8002450209004,false,סדרת וורדי,,,סדרת וורדי,מיליליטרים,750.00,"100 מ""ל",false,,19.90,0.0265,true,1,1386355
8003007800484,false,פתיתים צוקה 4 טעמים,,,פתיתים צוקה 4 טעמים,גרמים,500.00,100 גרם,false,,14.90,0.0298,true,1,1353085
8003007811473,false,פנוני ריגטה,,,פנוני ריגטה,גרמים,500.00,100 גרם,false,,14.90,0.0298,true,1,1353093
8003576003088,false,מכשיר פאלפל גדול,,,מכשיר פאלפל גדול,יחידה,0.00,יחידה,false,,19.90,0.0000,true,1,2193478
8003576931985,false,אלמוגית לבנה,,,אלמוגית לבנה,יחידה,0.00,יחידה,false,,9.90,0.0000,true,1,2183476
8003576971530,false,תבנית קפיץ 26 טפלון,,,תבנית קפיץ 26 טפלון,יחידה,0.00,יחידה,false,,24.90,0.0000,true,1,2220311
8003653011807,false,אטבים מפלסטיק 20 יח',,,אטבים מפלסטיק 20 יח',יח',20.00,יח',false,,12.90,0.6450,true,1,1305049
8004030022010,false,ריו מארה טונה עם ירק,,,ריו מארה טונה עם ירק,גרמים,160.00,100 גרם,false,,15.90,0.0994,true,1,1395338
8004030026018,false,ריו מארה טונה מקסיקנ,,,ריו מארה טונה מקסיקנ,גרמים,160.00,100 גרם,false,,15.90,0.0994,true,1,1395339
8004030044005,false,טונה בשמן זית,COLGATE PALMOLIVE,IT,ריו מרה טונה בשמן זית 160,גרמים,160.00,100 גרם,false,,17.90,0.1119,true,1,1339721
8004030081024,false,טונה בשמן + פלפל,COLGATE PALMOLIVE,IT,ריו מרה טונה בשמן זית שום,גרמים,160.00,100 גרם,false,,17.90,0.1119,true,1,1339722
8004030102033,false,ריו מארה טונה בשמן ע,,,ריו מארה טונה בשמן ע,גרמים,240.00,100 גרם,false,,27.90,0.1162,true,1,1987901
8004030103399,false,טונה בשמן זית רביעיו,,,טונה בשמן זית רביעיו,גרמים,320.00,100 גרם,false,,31.90,0.0997,true,1,2321589
8004030177000,false,ריו מארה טונה בשמן ז,,,ריו מארה טונה בשמן ז,גרמים,240.00,100 גרם,false,,27.90,0.1162,true,1,1858754
8004030180000,false,ריו מארה טונה בשמן ז,,,ריו מארה טונה בשמן ז,גרמים,240.00,100 גרם,false,,27.90,0.1162,true,1,2322974
8004030344938,false,ריו מארה טונה בשמן ז,,,ריו מארה טונה בשמן ז,גרמים,240.00,100 גרם,false,,27.90,0.1162,true,1,1395327
8004030381681,false,טונה בשמן זית זוגות,,,טונה בשמן זית זוגות,גרמים,320.00,100 גרם,false,,31.90,0.0997,true,1,2321590
8004030860001,false,ריו מארה טונה עם קוס,,,ריו מארה טונה עם קוס,גרמים,160.00,100 גרם,false,,15.90,0.0994,true,1,1489421
8004800000071,false,לאגו פלאסיר- גלילי ו,,,לאגו פלאסיר- גלילי ו,יחידה,0.00,יחידה,false,,12.90,0.0000,true,1,2313759
8004800004802,false,לאגו פלאסיר- גלילי ו,,,לאגו פלאסיר- גלילי ו,יחידה,0.00,יחידה,false,,12.90,0.0000,true,1,2313760
8004800004819,false,לאגו פלאסיר- וופלים,,,לאגו פלאסיר- וופלים,יחידה,0.00,יחידה,false,,12.90,0.0000,true,1,2313761
8004800005519,false,לאגו מיני רול- גלילי,,,לאגו מיני רול- גלילי,יחידה,0.00,יחידה,false,,7.90,0.0000,true,1,2313764
8004800005526,false,לאגו מיני רול- גלילי,,,לאגו מיני רול- גלילי,יחידה,0.00,יחידה,false,,7.90,0.0000,true,1,2313765
8005110002243,false,רכז עגבניות Doppio C,,,רכז עגבניות Doppio C,גרמים,185.00,100 גרם,false,,7.90,0.0427,true,1,2269695
8005110170300,false,שלישיית עגבניות חתוכ,,,שלישיית עגבניות חתוכ,גרמים,400.00,100 גרם,false,,15.90,0.0398,true,1,2239675
8005110200014,false,רסק עגבניות CONCENTR,,,רסק עגבניות CONCENTR,גרמים,210.00,100 גרם,false,,5.90,0.0281,true,1,2269696
8005110551253,false,רוטב לפיצה  MUTTI,,,רוטב לפיצה  MUTTI,גרמים,400.00,100 גרם,false,,7.90,0.0198,true,1,2273733
8005200256587,false,נסטי אפרסק 1.5 ליטר,,,נסטי אפרסק 1.5 ליטר,ליטרים,1.50,ליטר,false,,8.50,5.6667,true,1,2274954
8005200316588,false,נסטי אפרסק דיאט 1.5,,,נסטי אפרסק דיאט 1.5,ליטרים,1.50,ליטר,false,,8.50,5.6667,true,1,2274971
8006540027011,false,לנור מרכך כביסה בניח,,,לנור מרכך כביסה בניח,מיליליטרים,897.00,"100 מ""ל",false,,13.90,0.0155,true,1,2245939
8006540091906,false,מבשמי כדוריות לנור 1,,,מבשמי כדוריות לנור 1,גרמים,140.00,100 גרם,false,,19.90,0.1421,true,1,2258554
8006540112793,false,לנור מרכך מרוכז בניח,,,לנור מרכך מרוכז בניח,מיליליטרים,900.00,"100 מ""ל",false,,13.90,0.0154,true,1,2261324
8006540112823,false,לנור מרכך כביסה מרוכ,,,לנור מרכך כביסה מרוכ,מיליליטרים,900.00,"100 מ""ל",false,,13.90,0.0154,true,1,2248161
8006540112854,false,לנור מרכך כביסה מרוכ,,,לנור מרכך כביסה מרוכ,מיליליטרים,900.00,"100 מ""ל",false,,13.90,0.0154,true,1,2246048
8006540163986,false,אריאל קפסולות לכביסה,,,אריאל קפסולות לכביסה,יח',35.00,יח',false,,49.90,1.4257,true,1,2289473
8006540222089,false,מגבוני פמפרס לתינוק,,,מגבוני פמפרס לתינוק,יח',12.00,יח',false,,5.90,0.4917,true,1,2276494
8006540358498,false,טמפקס פרל סופר פלוס,,,טמפקס פרל סופר פלוס,יח',18.00,יח',false,,27.90,1.5500,true,1,2268231
8006540404898,false,תחבושות אולוויז דיסק,,,תחבושות אולוויז דיסק,יח',8.00,יח',false,,14.90,1.8625,true,1,2312199
8006540406724,false,מכנסונים בייבי דריי,,,מכנסונים בייבי דריי,יח',38.00,יח',false,,44.90,1.1816,true,1,2320876
8006540425930,false,אריאל קפסולות לכביסה,,,אריאל קפסולות לכביסה,יח',24.00,יח',false,,39.90,1.6625,true,1,2279188
8006540429327,false,"פיירי לימון 440 מ""ל",,,"פיירי לימון 440 מ""ל",מיליליטרים,440.00,"100 מ""ל",false,,11.90,0.0270,true,1,2279206
8006540463550,false,טבליות פיירי למדיח כ,,,טבליות פיירי למדיח כ,יח',63.00,יח',false,,59.90,0.9508,true,1,2305439
8006540491539,false,פיירי פלטינום אורגינ,,,פיירי פלטינום אורגינ,מיליליטרים,780.00,"100 מ""ל",false,,12.90,0.0165,true,1,2304729
8007150901623,false,שמן זרעי ענבים 1 ליט,,,שמן זרעי ענבים 1 ליט,100 מארז,1.00,100 מארז,false,,54.90,54.9000,true,1,1770526
8007178120310,false,"חומץ בלסמי 500 מ""ל",מרום את קונפינו,,"חומץ בלסמי 500 מ""ל",מיליליטרים,500.00,"100 מ""ל",false,,19.90,0.0398,true,1,1307008
8007270999012,false,שמן גרעיני ענבים 1 ל,,,שמן גרעיני ענבים 1 ל,ליטרים,1.00,ליטר,false,,42.90,42.9000,true,1,1470967
8008090044012,false,מרחיק יתושים ספירה,זובלה,IT,רפיל טבליות להרחקת יתושים,יח',30.00,יח',false,,9.90,0.3300,true,1,1346985
8008343200035,false,פסטה RUMMO ספגטי 500,היינץ,,פסטה RUMMO ספגטי 500,גרמים,500.00,100 גרם,false,,8.90,0.0178,true,1,1731851
8008343200134,false,פסטה RUMMO ריגטה 500,היינץ,,פסטה RUMMO ריגטה 500,גרמים,500.00,100 גרם,false,,8.90,0.0178,true,1,1731852
8008343200486,false,פסטה RUMMO פוזילי 50,היינץ,,פסטה RUMMO פוזילי 50,גרמים,500.00,100 גרם,false,,8.90,0.0178,true,1,1731837
8008343200516,false,פסטה RUMMO מזי ריגטו,היינץ,,פסטה RUMMO מזי ריגטו,גרמים,500.00,100 גרם,false,,8.90,0.0178,true,1,1731838
8008343200547,false,פסטה RUMMO ריציולי 5,היינץ,,פסטה RUMMO ריציולי 5,גרמים,500.00,100 גרם,false,,8.90,0.0178,true,1,1732512
8008343200660,false,פסטה RUMMO פנה ריגטה,היינץ,,פסטה RUMMO פנה ריגטה,גרמים,500.00,100 גרם,false,,8.90,0.0178,true,1,1731839
8008343200851,false,פסטה RUMMO פרפלה 500,היינץ,,פסטה RUMMO פרפלה 500,גרמים,500.00,100 גרם,false,,8.90,0.0178,true,1,1731840
8008343201377,false,פסטה RUMMO רדיאטורי,היינץ,,פסטה RUMMO רדיאטורי,גרמים,500.00,100 גרם,false,,8.90,0.0178,true,1,1731855
8008660210069,false,מעדן פרי אפרסק פסיפל,,,מעדן פרי אפרסק פסיפל,גרמים,320.00,100 גרם,false,,12.90,0.0403,true,1,2015359
8008743035633,false,שוקולד חיפושיות ברשת,,,שוקולד חיפושיות ברשת,גרמים,100.00,100 גרם,false,,9.90,0.0990,true,1,2164847
8008743037897,false,שוקולד לבבות ברשת 10,,,שוקולד לבבות ברשת 10,גרמים,100.00,100 גרם,false,,9.90,0.0990,true,1,2164848
8008857406152,false,אטריות עגולות עבות,,,אטריות עגולות עבות,גרמים,500.00,100 גרם,false,,7.90,0.0158,true,1,1340428
8008857500003,false,אטריות דקות,,,אטריות דקות,גרמים,500.00,100 גרם,false,,7.90,0.0158,true,1,1340429
8008857601052,false,דפי לזניה 500 גרם,,,דפי לזניה 500 גרם,גרמים,500.00,100 גרם,false,,9.90,0.0198,true,1,1910986
8008912010034,false,פסטה פרפלה,,,פסטה פרפלה,גרמים,500.00,100 גרם,false,,7.90,0.0158,true,1,2257078
8008912010072,false,פסטה פרפלה,,,פסטה פרפלה,גרמים,500.00,100 גרם,false,,7.90,0.0158,true,1,2257079
8008912010270,false,פסטה קסרצ'ה,,,פסטה קסרצ'ה,גרמים,500.00,100 גרם,false,,7.90,0.0158,true,1,2257080
8008912010300,false,פסטה פרפלה,,,פסטה פרפלה,גרמים,500.00,100 גרם,false,,7.90,0.0158,true,1,2257081
8008912010317,false,פסטה פוזילי,,,פסטה פוזילי,גרמים,500.00,100 גרם,false,,7.90,0.0158,true,1,2257082
8008912010423,false,פסטה פנה,,,פסטה פנה,גרמים,500.00,100 גרם,false,,7.90,0.0158,true,1,2257084
8010024006010,false,חמאת שקדים 100% שקד,,,חמאת שקדים 100% שקד,גרמים,350.00,100 גרם,false,,39.90,0.1140,true,1,1471146
8017938005122,false,"חומץ תפוחים 750 מ""ל",,,"חומץ תפוחים 750 מ""ל",מיליליטרים,750.00,"100 מ""ל",false,,18.90,0.0252,true,1,1470908
8017938005764,false,מיץ תפוחים אורגני 10,,,מיץ תפוחים אורגני 10,ליטרים,1.00,ליטר,false,,18.90,18.9000,true,1,1471204
8024985002783,false,מחית סמוזי דלעת גזר,,,מחית סמוזי דלעת גזר,גרמים,100.00,100 גרם,false,,5.90,0.0590,true,1,1856450
8024985003988,false,מחית סמוזי תפוח בננה,,,מחית סמוזי תפוח בננה,גרמים,100.00,100 גרם,false,,5.90,0.0590,true,1,1471117
8024985004299,false,סמוט'י פירות אדומים+,,,סמוט'י פירות אדומים+,גרמים,400.00,100 גרם,false,,18.90,0.0472,true,1,1471119
8024985005234,false,סמוזי תפוח אפרסק מנג,,,סמוזי תפוח אפרסק מנג,גרמים,100.00,100 גרם,false,,5.90,0.0590,true,1,1471122
8025358602449,false,צנצנת רונדו,,,צנצנת רונדו,יחידה,0.00,יחידה,false,,4.90,0.0000,true,1,2183462
8025358609639,false,תבנית אפיה,,,תבנית אפיה,יחידה,0.00,יחידה,false,,9.90,0.0000,true,1,2183484
8025358610543,false,מחבת סטון טק פורג'ד,,,מחבת סטון טק פורג'ד,יחידה,0.00,יחידה,false,,54.90,0.0000,true,1,2183488
8025358613315,false,פינג'אן נירוסטה,,,פינג'אן נירוסטה,יחידה,0.00,יחידה,false,,29.90,0.0000,true,1,2183496
8025358616781,false,קרש חיתוך גדול במבוק,,,קרש חיתוך גדול במבוק,יחידה,0.00,יחידה,false,,39.90,0.0000,true,1,2183502
8025358616866,false,אלמוגית סקוטש,,,אלמוגית סקוטש,יחידה,0.00,יחידה,false,,14.90,0.0000,true,1,2297145
8025358629910,false,כף טיגון נירוסטה סטי,,,כף טיגון נירוסטה סטי,יחידה,0.00,יחידה,false,,19.90,0.0000,true,1,2183516
8025358629927,false,מועך תפוח אדמה נירוס,,,מועך תפוח אדמה נירוס,יחידה,0.00,יחידה,false,,19.90,0.0000,true,1,2183517
8025358638097,false,קערת ערבוב עמוקה ניר,,,קערת ערבוב עמוקה ניר,יחידה,0.00,יחידה,false,,12.90,0.0000,true,1,2183528
8025358638189,false,מאפרה עגולה עבה נירו,,,מאפרה עגולה עבה נירו,יחידה,0.00,יחידה,false,,9.90,0.0000,true,1,2183537
8025358638288,false,מאפרה מרובעת נירוסטה,,,מאפרה מרובעת נירוסטה,יחידה,0.00,יחידה,false,,6.90,0.0000,true,1,2183543
8032793344520,false,תרכיז עגבניות מרוכז,,,תרכיז עגבניות מרוכז,גרמים,200.00,100 גרם,false,,7.90,0.0395,true,1,2216447
8033020445973,false,קמח 00 Antigrumi לכל,,,קמח 00 Antigrumi לכל,גרמים,1000.00,100 גרם,false,,6.90,0.0069,true,1,2269697
8033020446000,false,קמח איטלקי לפיצה ופו,,,קמח איטלקי לפיצה ופו,גרמים,1000.00,100 גרם,false,,9.90,0.0099,true,1,2269699
8052440756216,false,שמן חמניות אורגני 1,,,שמן חמניות אורגני 1,ליטרים,1.00,ליטר,false,,32.90,32.9000,true,1,1470988
8076800105735,false,"ברילה פנה ריגטה 1 ק""",,,"ברילה פנה ריגטה 1 ק""",קילוגרמים,1.00,"ק""ג",false,,9.90,9.9000,true,1,2274332
8076800105988,false,"ברילה פוזילי 1 ק""ג ב",,,"ברילה פוזילי 1 ק""ג ב",קילוגרמים,1.00,"ק""ג",false,,9.90,9.9000,true,1,2274333
8076800195019,false,ברילה פסטה קפליני מס,COLGATE PALMOLIVE,IT,ברילה צ.א ספגטי מס1 קפלינ,גרמים,500.00,100 גרם,false,,7.90,0.0158,true,1,1339724
8076800195033,false,ברילה ספגטי דק מס 3,COLGATE PALMOLIVE,IT,ברילה צ.א ספגטי מס3 500 ג,גרמים,500.00,100 גרם,false,,7.90,0.0158,true,1,1339725
8076800195057,false,ברילה ספגטי בינוני מ,COLGATE PALMOLIVE,IT,ברילה צ.א ספגטי מס5 500 ג,גרמים,500.00,100 גרם,false,,7.90,0.0158,true,1,1339726
8076800195132,false,ברילה ספגטי בבטה מס,COLGATE PALMOLIVE,IT,ברילה צ.א בבטה מס13 500 ג,גרמים,500.00,100 גרם,false,,7.90,0.0158,true,1,1339727
8076800315097,false,ברילה ספגטי בוקטיני,COLGATE PALMOLIVE,IT,ברילה צ.א בוקטיני מס9 500,גרמים,500.00,100 גרם,false,,7.90,0.0158,true,1,1339728
8076802085738,false,ברילה ספגטי פנה רגטה,COLGATE PALMOLIVE,IT,ברילה צ.ק פנה רגטה מס73 5,גרמים,500.00,100 גרם,false,,7.90,0.0158,true,1,1339730
8076802085837,false,ברילה ספגטי טורטליונ,COLGATE PALMOLIVE,IT,ברילה צ.ק טורטליוני מס83,גרמים,500.00,100 גרם,false,,7.90,0.0158,true,1,1339731
8076802085936,false,ברילה ספגטי קונציליא,COLGATE PALMOLIVE,IT,ברילה צ.ק קונצילה ריגטה מ,גרמים,500.00,100 גרם,false,,7.90,0.0158,true,1,1339732
8076802085981,false,ברילה ספגטי פוזילי מ,COLGATE PALMOLIVE,IT,ברילה צ.ק פוזילי מס98 500,גרמים,500.00,100 גרם,false,,7.90,0.0158,true,1,1339733
8076808050440,false,ברילה ספגטי מס 44 -,COLGATE PALMOLIVE,IT,ברילה צ.ק מקרוני מס44 500,גרמים,500.00,100 גרם,false,,7.90,0.0158,true,1,1339735
8076808060654,false,ברילה ספגטי פרפלה מס,COLGATE PALMOLIVE,IT,ברילה צ.ק פרפלה מס65 500,גרמים,500.00,100 גרם,false,,7.90,0.0158,true,1,1339736
8076808070882,false,ברילה פסטה קנלוני 25,COLGATE PALMOLIVE,IT,ברילה צ.מ קנלוני מס88 250,גרמים,250.00,100 גרם,false,,13.90,0.0556,true,1,1339737
8076808150072,false,ברילה ספגטי עבה מס 7,COLGATE PALMOLIVE,IT,ברילה צ.א ספגטי מס7 500 ג,גרמים,500.00,100 גרם,false,,7.90,0.0158,true,1,1339738
8076809501415,false,ברילה ספגטי פנה טריק,COLGATE PALMOLIVE,IT,ברילה צ.ק מצה פנה טרקולור,גרמים,500.00,100 גרם,false,,12.90,0.0258,true,1,1339739
8076809512268,false,ברילה ספגטי גרנדולה,COLGATE PALMOLIVE,IT,ברילה צ.ק גירנדולה מס34 5,גרמים,500.00,100 גרם,false,,7.90,0.0158,true,1,1339740
8076809513388,false,רוטב ארביאטה 400 גרם,COLGATE PALMOLIVE,IT,ברילה רוטב ארביאטה 400  ג,גרמים,400.00,100 גרם,false,,13.90,0.0348,true,1,1339741
8076809513395,false,רוטב פומודורו 400 גר,COLGATE PALMOLIVE,IT,ברילה רוטב פומודורו 400 ג,גרמים,400.00,100 גרם,false,,13.90,0.0348,true,1,1339742
8076809513654,false,רוטב עגבניות לבולונז,COLGATE PALMOLIVE,IT,ברילה בסיס לבולונז 400 גר,גרמים,400.00,100 גרם,false,,13.90,0.0348,true,1,1339743
8076809513692,false,רוטב נפוליטנה 400 גר,COLGATE PALMOLIVE,IT,ברילה רוטב נפולטנה 400 גר,גרמים,400.00,100 גרם,false,,13.90,0.0348,true,1,1339744
8076809513739,false,רוטב בזיליקום 400 גר,COLGATE PALMOLIVE,IT,ברילה רוטב בזיליקום 400 ג,גרמים,400.00,100 גרם,false,,13.90,0.0348,true,1,1339745
8076809514774,false,ברילה פסטה פפרדלה בי,COLGATE PALMOLIVE,IT,ברילה צ.מ פפרדלה ביצים 25,גרמים,250.00,100 גרם,false,,17.90,0.0716,true,1,1339746
8076809523561,false,רוטב לפסטה ברילה טוס,COLGATE PALMOLIVE,IT,ברילה רוטב פסטה בטעם טוסק,גרמים,400.00,100 גרם,false,,13.90,0.0348,true,1,1339748
8076809523738,false,ברילה פסטה לזניה 500,COLGATE PALMOLIVE,IT,ברילה צ.מ לזניה 500 גרם,גרמים,500.00,100 גרם,false,,20.90,0.0418,true,1,1339751
8076809529419,false,ברילה ספגטי חיטה מלא,COLGATE PALMOLIVE,IT,ברילה פ. חיטה מלאה ספגטי,גרמים,500.00,100 גרם,false,,12.90,0.0258,true,1,1339752
8076809545440,false,איטריות ללא גלוטן 40,,,איטריות ללא גלוטן 40,גרמים,400.00,100 גרם,false,,14.90,0.0373,true,1,1395380
8076809545457,false,פסטה ללא גלוטן 400 ג,,,פסטה ללא גלוטן 400 ג,גרמים,400.00,100 גרם,false,,14.90,0.0373,true,1,1395381
8076809547956,false,ברילה ספגטי קיפרי 50,,,ברילה ספגטי קיפרי 50,גרמים,500.00,100 גרם,false,,7.90,0.0158,true,1,2184759
8076809578998,false,ספגטי סטלינה מס 27 -,,,ספגטי סטלינה מס 27 -,גרמים,500.00,100 גרם,false,,7.90,0.0158,true,1,2246407
8410076600622,false,חטיף 1/5 קראנצ'י ניי,,,חטיף 1/5 קראנצ'י ניי,גרמים,210.00,100 גרם,false,,14.90,0.0710,true,1,1327180
8410076610379,false,חטיף נייטשר ואלי פרו,,,חטיף נייטשר ואלי פרו,גרמים,160.00,100 גרם,false,,22.90,0.1431,true,1,1445076
8410076610386,false,חטיף נייטשר ואלי פרו,,,חטיף נייטשר ואלי פרו,גרמים,160.00,100 גרם,false,,22.90,0.1431,true,1,1445077
8410076621009,false,חטיף פייבר 1 קרמל מל,,,חטיף פייבר 1 קרמל מל,גרמים,120.00,100 גרם,false,,12.90,0.1075,true,1,2213847
8410076621047,false,חטיף פייבר 1 טעם שוק,,,חטיף פייבר 1 טעם שוק,גרמים,120.00,100 גרם,false,,12.90,0.1075,true,1,2213848
8410104035112,false,נוזל הברקה למדיח 400,רקיט בנקיזר,PL,"פיניש נוזל הברקה 400 מ""""ל",מיליליטרים,400.00,"100 מ""ל",false,,19.90,0.0497,true,1,1309519
8410104039134,false,מנקה מדיח כלים 250 מ,רקיט בנקיזר,PL,פיניש מנקה ומחדש,מיליליטרים,250.00,"100 מ""ל",false,,14.90,0.0596,true,1,1309520
8410104045111,false,"מלח למדיח 2 ק""ג - פי",מלח הארץ,IL,פיניש מלח 2 קילו 6 בקרטון,קילוגרמים,2.00,"ק""ג",false,,14.90,7.4500,true,1,1309522
8410104437268,false,מפיג ריחות למדיח - פ,רקיט בנקיזר,HU,פיניש דאוסטופ לריח מראה ח,יחידה,0.00,יחידה,false,,14.90,0.0000,true,1,1309527
8412168002529,false,ערק מחייה  13 לימוני,,,ערק מחייה  13 לימוני,מיליליטרים,700.00,"100 מ""ל",false,,54.90,0.0784,true,1,1930745
8413376022965,false,גבינת עזים רכה 29% ש,,,גבינת עזים רכה 29% ש,גרמים,110.00,100 גרם,false,,12.90,0.1173,true,1,1731729
8413376024839,false,גבינת עזים רכה עם עש,,,גבינת עזים רכה עם עש,גרמים,110.00,100 גרם,false,,12.90,0.1173,true,1,1731730
8414753110343,false,פילה אנשובי אמיתי בש,,,פילה אנשובי אמיתי בש,גרמים,43.00,100 גרם,false,,6.90,0.1605,true,1,1364015
8420822130600,false,סופר מסיר שומנים,,,סופר מסיר שומנים,מיליליטרים,750.00,"100 מ""ל",false,,15.90,0.0212,true,1,2291760
8420822130624,false,סופר מסיר כתמים,,,סופר מסיר כתמים,מיליליטרים,750.00,"100 מ""ל",false,,16.90,0.0225,true,1,2291761
8423207206488,false,חטיף דגנים מלאים מצו,COLGATE PALMOLIVE,ES,מרבה סלים דליס שוקולד חלב,גרמים,120.00,100 גרם,false,,10.90,0.0908,true,1,1339757
8423207206495,false,חטיף דגנים מלאים מצו,COLGATE PALMOLIVE,ES,מרבה סלים דליס שוקולד מרי,גרמים,120.00,100 גרם,false,,10.90,0.0908,true,1,1339758
8423207206501,false,חטיף דגנים עם שוקולד,COLGATE PALMOLIVE,ES,מרבה סלים דליס חצי מצופה,גרמים,78.00,100 גרם,false,,10.90,0.1397,true,1,1339759
8423207207362,false,חטיף דגנים מלאים מצו,COLGATE PALMOLIVE,ES,מרבה סלים דליס,גרמים,120.00,100 גרם,false,,10.90,0.0908,true,1,1339761
8423207208260,false,חטיף שוקולד חלב ללא,COLGATE PALMOLIVE,ES,מרבה סלים דליס חלב ללא גל,גרמים,78.00,100 גרם,false,,10.90,0.1397,true,1,1376845
8423207208680,false,חטיף דגנים לילדים עם,,,חטיף דגנים לילדים עם,גרמים,120.00,100 גרם,false,,10.90,0.0908,true,1,1395878
8423207208697,false,חטיף דגנים לילדים עם,,,חטיף דגנים לילדים עם,גרמים,78.00,100 גרם,false,,10.90,0.1397,true,1,1395879
8423207208703,false,חטיף דגנים עם שוקולד,,,חטיף דגנים עם שוקולד,גרמים,120.00,100 גרם,false,,10.90,0.0908,true,1,1395880
8423207208871,false,פריכיות תירס בטעם טב,,,פריכיות תירס בטעם טב,גרמים,130.00,100 גרם,false,,9.90,0.0762,true,1,1411622
8423207208888,false,פריכיות תירס בטעם עג,,,פריכיות תירס בטעם עג,גרמים,123.50,100 גרם,false,,9.90,0.0802,true,1,1411623
8423207208895,false,פריכיות תירס בטעם זי,,,פריכיות תירס בטעם זי,גרמים,123.50,100 גרם,false,,9.90,0.0802,true,1,1411624
8423207209885,false,חטיף דגנים עם שוקולד,,,חטיף דגנים עם שוקולד,גרמים,120.00,100 גרם,false,,10.90,0.0908,true,1,1741400
8423207210928,false,חטיף דגנים סלים דליס,,,חטיף דגנים סלים דליס,גרמים,90.00,100 גרם,false,,10.90,0.1211,true,1,2198121
8423207210942,false,חטיף דגנים סלים דליס,,,חטיף דגנים סלים דליס,גרמים,78.00,100 גרם,false,,10.90,0.1397,true,1,2198122
8423207210966,false,חטיף דגנים סלים דליס,,,חטיף דגנים סלים דליס,גרמים,90.00,100 גרם,false,,10.90,0.1211,true,1,2198123
8423207210980,false,חטיף דגנים סלים דליס,,,חטיף דגנים סלים דליס,גרמים,78.00,100 גרם,false,,10.90,0.1397,true,1,2198124
8435495805106,false,ביומט אבקת כביסה 5 ק,,,ביומט אבקת כביסה 5 ק,קילוגרמים,5.00,"ק""ג",false,,29.90,5.9800,true,1,1757279
8435495805168,false,"תינוקלין 1.25 ק""ג",,,"תינוקלין 1.25 ק""ג",קילוגרמים,1.25,"ק""ג",false,,21.90,17.5200,true,1,1832713
8435495805199,false,"תינוקלין 3 ק""ג",,,"תינוקלין 3 ק""ג",קילוגרמים,3.00,"ק""ג",false,,49.90,16.6333,true,1,1846752
8435495807605,false,מרכך כביסה תינוקלין,,,מרכך כביסה תינוקלין,ליטרים,1.00,ליטר,false,,17.90,17.9000,true,1,2296229
8435495807636,false,ג'ל כביסה תינוקלין ב,,,ג'ל כביסה תינוקלין ב,ליטרים,2.00,ליטר,false,,29.90,14.9500,true,1,2303442
8435495819363,false,מרכך כביסה תינוקלין,,,מרכך כביסה תינוקלין,ליטרים,1.00,ליטר,false,,17.90,17.9000,true,1,2296230
8437000906209,false,"טורטיה קמח 20 ס""מ",,,"טורטיה קמח 20 ס""מ",גרמים,320.00,100 גרם,false,,9.90,0.0309,true,1,1340440
8445290427120,false,דגני בוקר שוקולד מרי,,,דגני בוקר שוקולד מרי,גרמים,330.00,100 גרם,false,,19.90,0.0603,true,1,2311775
8680202110824,false,שמרים נמסים בוואקום,,,שמרים נמסים בוואקום,גרמים,125.00,100 גרם,false,,3.90,0.0312,true,1,1330306
8683130008935,false,ממרח קטשיונז הלמנס ל,,,ממרח קטשיונז הלמנס ל,גרמים,425.00,100 גרם,false,,16.90,0.0398,true,1,2274138
8683130025581,false,בדין אקסטרא ענבר 960,,,בדין אקסטרא ענבר 960,מיליליטרים,960.00,"100 מ""ל",false,,15.90,0.0166,true,1,2297780
8683323063024,false,ממתק גומי שטיחים תות,,,ממתק גומי שטיחים תות,גרמים,220.00,100 גרם,false,,4.90,0.0223,true,1,1545548
8690504081913,false,ביסקוויט מקויטיס טינ,,,ביסקוויט מקויטיס טינ,גרמים,150.00,100 גרם,false,,8.90,0.0593,true,1,2085318
8690526009278,false,חטיף קרמל מצופה שוקו,,,חטיף קרמל מצופה שוקו,גרמים,126.00,100 גרם,false,,7.90,0.0627,true,1,2199258
8690526009353,false,חטיף מיני בוטנים נוג,,,חטיף מיני בוטנים נוג,גרמים,140.00,100 גרם,false,,7.90,0.0564,true,1,2199260
8690526019154,false,וופל קקאו במילוי קרם,,,וופל קקאו במילוי קרם,גרמים,142.00,100 גרם,false,,4.90,0.0345,true,1,2199246
8690526019178,false,וופל קקאו במילוי קרם,,,וופל קקאו במילוי קרם,גרמים,142.00,100 גרם,false,,4.90,0.0345,true,1,2199247
8690526019185,false,וופל קקאו במילוי קרם,,,וופל קקאו במילוי קרם,גרמים,142.00,100 גרם,false,,4.90,0.0345,true,1,2199248
8690526029238,false,וופל שוקולד מריר אתי,,,וופל שוקולד מריר אתי,גרמים,150.00,100 גרם,false,,7.90,0.0527,true,1,2230500
8690526039206,false,וופל מיני קקאו וחתיכ,,,וופל מיני קקאו וחתיכ,גרמים,140.00,100 גרם,false,,7.90,0.0564,true,1,2302356
8690526049335,false,שוקולד חלב עם פיסטוק,,,שוקולד חלב עם פיסטוק,גרמים,90.00,100 גרם,false,,5.90,0.0656,true,1,2301277
8690572783931,false,דאודורנט פה-ספריי,,,דאודורנט פה-ספריי,מיליליטרים,200.00,"100 מ""ל",false,,15.90,0.0795,true,1,1784050
8690572784303,false,שמפו גליס אולטימט רי,,,שמפו גליס אולטימט רי,מיליליטרים,400.00,"100 מ""ל",false,,18.90,0.0472,true,1,1900336
8690572786222,false,מרכך גליס אולטימט רי,,,מרכך גליס אולטימט רי,מיליליטרים,400.00,"100 מ""ל",false,,18.90,0.0472,true,1,1900340
8690572799512,false,"מרכך סאיוס 500 מ""ל",,,"מרכך סאיוס 500 מ""ל",מיליליטרים,500.00,"100 מ""ל",false,,14.90,0.0298,true,1,2255827
8690572799550,false,"שמפו סאיוס 500 מ""ל",,,"שמפו סאיוס 500 מ""ל",מיליליטרים,500.00,"100 מ""ל",false,,14.90,0.0298,true,1,2255831
8690637073373,false,ליפטון תה ארל גריי 2,יוניליוור,TR,ארל גריי 50 גר,גרמים,50.00,100 גרם,false,,7.90,0.1580,true,1,1342219
8690637073434,false,תה ליפטון ארל גריי 1,,,תה ליפטון ארל גריי 1,גרמים,200.00,100 גרם,false,,22.90,0.1145,true,1,1342220
8690637503856,false,ממרח הלמנס לחיץ 355,,,ממרח הלמנס לחיץ 355,גרמים,355.00,100 גרם,false,,16.90,0.0476,true,1,2215637
8690637504426,false,"סיף קרם לימון 500 מ""",,,"סיף קרם לימון 500 מ""",מיליליטרים,500.00,"100 מ""ל",false,,10.90,0.0218,true,1,2271329
8690637505607,false,בדין אקסטרא כחול-960,,,בדין אקסטרא כחול-960,מיליליטרים,960.00,"100 מ""ל",false,,15.90,0.0166,true,1,2248717
8690637505614,false,בדין אקסטרא כחול-960,,,בדין אקסטרא כחול-960,מיליליטרים,960.00,"100 מ""ל",false,,15.90,0.0166,true,1,2248718
8690637555084,false,בדין אקסטרא פריחת הת,יוניליוור,TR,בדין אקסטרא לבן-960 מ''ל,מיליליטרים,960.00,"100 מ""ל",false,,15.90,0.0166,true,1,1342236
8690637561061,false,"דאב דאו סטיק 50 מ""ל",,,"דאב דאו סטיק 50 מ""ל",גרמים,50.00,100 גרם,false,,18.90,0.3780,true,1,1342237
8690637704291,false,"שמפו דאב משקם 600 מ""",יוניליוור,TR,דאב שמפו משקם 600מל,מיליליטרים,600.00,"100 מ""ל",false,,18.90,0.0315,true,1,1342261
8690637704376,false,שמפו דאב יום יומי 60,יוניליוור,TR,דאב שמפו יום יומי 600מל,מיליליטרים,600.00,"100 מ""ל",false,,18.90,0.0315,true,1,1342262
8690637704390,false,מרכך דאב יום יומי 60,יוניליוור,TR,דאב מרכך יום יומי 600מל,מיליליטרים,600.00,"100 מ""ל",false,,18.90,0.0315,true,1,1342263
8690637704437,false,שמפו דאב שמני הזנה 6,יוניליוור,TR,דאב שמפו שמני הזנה 600 מל,מיליליטרים,600.00,"100 מ""ל",false,,18.90,0.0315,true,1,1342265
8690637704451,false,מרכך דאב שמני הזנה 6,יוניליוור,TR,דאב מרכך שמני הזנה 600 מל,מיליליטרים,600.00,"100 מ""ל",false,,18.90,0.0315,true,1,1342266
8690637835643,false,תה ירוק ליפטון לואיז,,,תה ירוק ליפטון לואיז,גרמים,30.00,100 גרם,false,,15.90,0.5300,true,1,1678193
8690637858734,false,סיף גל אקונומיקה 750,,,סיף גל אקונומיקה 750,מיליליטרים,750.00,"100 מ""ל",false,,11.90,0.0159,true,1,1893949
8690637858741,false,סיף גל אקונומיקה 750,,,סיף גל אקונומיקה 750,מיליליטרים,750.00,"100 מ""ל",false,,11.90,0.0159,true,1,1893941
8690637858758,false,סיף גל אקונומיקה 750,,,סיף גל אקונומיקה 750,מיליליטרים,750.00,"100 מ""ל",false,,11.90,0.0159,true,1,1893950
8690637865596,false,סבון ידיים דאב הזנה,,,סבון ידיים דאב הזנה,מיליליטרים,500.00,"100 מ""ל",false,,16.90,0.0338,true,1,2074166
8690637866753,false,"בדין אקסטרא 960 מ""ל",,,"בדין אקסטרא 960 מ""ל",מיליליטרים,960.00,"100 מ""ל",false,,15.90,0.0166,true,1,1836455
8690637871061,false,שמפו דאב 600 עם שמן,,,שמפו דאב 600 עם שמן,מיליליטרים,600.00,"100 מ""ל",false,,18.90,0.0315,true,1,1913697
8690637871108,false,ממרח חרדל הלמנס,,,ממרח חרדל הלמנס,גרמים,250.00,100 גרם,false,,11.90,0.0476,true,1,2207450
8690637871245,false,ממרח מיונז אמיתי הלמ,,,ממרח מיונז אמיתי הלמ,גרמים,395.00,100 גרם,false,,16.90,0.0428,true,1,2064278
8690637935701,false,"בדין אקסטרא 960 מ""ל",,,"בדין אקסטרא 960 מ""ל",מיליליטרים,960.00,"100 מ""ל",false,,15.90,0.0166,true,1,2177788
8690637946301,false,בדין אקסטרא בייבי 96,,,בדין אקסטרא בייבי 96,מיליליטרים,960.00,"100 מ""ל",false,,15.90,0.0166,true,1,2182918
8690637946318,false,בדין אקסטרא בייבי 96,,,בדין אקסטרא בייבי 96,מיליליטרים,960.00,"100 מ""ל",false,,15.90,0.0166,true,1,2182919
8690637971310,false,בדין אקסטרא יערת הדב,,,בדין אקסטרא יערת הדב,מיליליטרים,960.00,"100 מ""ל",false,,15.90,0.0166,true,1,2210773
8690637976995,false,בדין אקסטרא ורוד- 96,,,בדין אקסטרא ורוד- 96,מיליליטרים,960.00,"100 מ""ל",false,,15.90,0.0166,true,1,2210774
8690637977794,false,סבון ידיים דאב חמאת,,,סבון ידיים דאב חמאת,מיליליטרים,500.00,"100 מ""ל",false,,16.90,0.0338,true,1,2215628
8690637987441,false,בדין אקסטרא פרח הכות,,,בדין אקסטרא פרח הכות,מיליליטרים,960.00,"100 מ""ל",false,,15.90,0.0166,true,1,2217985
8690637994029,false,בדין אקסטרא סחלבים 1,,,בדין אקסטרא סחלבים 1,ליטרים,1.44,ליטר,false,,22.90,15.9028,true,1,2225392
8690637994036,false,בדין אקסטרא יסמין 1.,,,בדין אקסטרא יסמין 1.,ליטרים,1.44,ליטר,false,,22.90,15.9028,true,1,2225393
8690757002376,false,משחת נעליים,,,משחת נעליים,מיליליטרים,50.00,"100 מ""ל",false,,4.90,0.0980,true,1,1322828
8690757002475,false,ספוג להברקת נעליים,,,ספוג להברקת נעליים,יחידה,0.00,יחידה,false,,4.90,0.0000,true,1,1322837
8690766156374,false,שוקולד גודייבה מריר,,,שוקולד גודייבה מריר,גרמים,90.00,100 גרם,false,,10.90,0.1211,true,1,2171286
8690766156381,false,שוקולד גודייבה מריר,,,שוקולד גודייבה מריר,גרמים,90.00,100 גרם,false,,10.90,0.1211,true,1,2171287
8690766156404,false,שוקולד גודייבה מריר,,,שוקולד גודייבה מריר,גרמים,90.00,100 גרם,false,,10.90,0.1211,true,1,2171289
8690766156411,false,שוקולד גודייבה מריר,,,שוקולד גודייבה מריר,גרמים,90.00,100 גרם,false,,10.90,0.1211,true,1,2171290
8690770322598,false,שמרים יבשים 125 גרם,,,שמרים יבשים 125 גרם,גרמים,125.00,100 גרם,false,,3.90,0.0312,true,1,1322179
8690777203012,false,פלפל ירוק כבוש לא חר,קורהאן,TR,פלפל ירוק כבוש לא חריף 60,גרמים,600.00,100 גרם,false,,12.90,0.0215,true,1,1308999
8690777204071,false,פלפל חריף SERA,קורהאן,TR,פלפל חריף 640גרם מותג SER,גרמים,640.00,100 גרם,false,,12.90,0.0202,true,1,1309000
8690777206051,false,חציל קלוי על האש SER,קורהאן,TR,חצילים קלויים על האש 650ג,גרמים,650.00,100 גרם,false,,12.90,0.0198,true,1,1309001
8690777221405,false,פלפל אדום קלוי על הא,קורהאן,TR,פלפל אדום קלוי על האש 650,גרמים,650.00,100 גרם,false,,12.90,0.0198,true,1,1309002
8690784516662,false,טואלט דאק ג'ל לניקוי,,,טואלט דאק ג'ל לניקוי,מיליליטרים,750.00,"100 מ""ל",false,,12.90,0.0172,true,1,1858746
8690784611442,false,דאק סבון ניקוי אסלה,,,דאק סבון ניקוי אסלה,גרמים,30.00,100 גרם,false,,7.90,0.2633,true,1,2169472
8690784614665,false,דאק סבון ניקוי אסלה,,,דאק סבון ניקוי אסלה,גרמים,30.00,100 גרם,false,,7.90,0.2633,true,1,1888310
8690784614771,false,דאק סבון ניקוי אסלה,,,דאק סבון ניקוי אסלה,גרמים,30.00,100 גרם,false,,7.90,0.2633,true,1,1888311
8690784616775,false,סבון ניקוי לאסלה דאק,,,סבון ניקוי לאסלה דאק,יח',1.00,יח',false,,9.90,9.9000,true,1,2042029
8690784711777,false,דאק סבון ניקוי אסלה,,,דאק סבון ניקוי אסלה,גרמים,30.00,100 גרם,false,,7.90,0.2633,true,1,2157110
8690799022899,false,ריבת תפוזים,,,ריבת תפוזים,קילוגרמים,1.00,"100 ק""ג",false,,19.90,19.9000,true,1,2190358
8693323085100,false,ממתק חמוץ בצורת שטיח,,,ממתק חמוץ בצורת שטיח,גרמים,100.00,100 גרם,false,,5.90,0.0590,true,1,1944348
8693495050333,false,סבון נוזלי פלמוליב ל,,,סבון נוזלי פלמוליב ל,מיליליטרים,500.00,"100 מ""ל",false,,15.90,0.0318,true,1,1622597
8693495052177,false,סבון נוזלי פלמוליב ז,,,סבון נוזלי פלמוליב ז,מיליליטרים,750.00,"100 מ""ל",false,,17.90,0.0239,true,1,1743065
8696219351266,false,קערה + מכסה 6.6 ליטר,,,קערה + מכסה 6.6 ליטר,יחידה,0.00,יחידה,false,,19.90,0.0000,true,1,2273918
8696219382833,false,קערה רטאן 6 ליטר,,,קערה רטאן 6 ליטר,יחידה,0.00,יחידה,false,,19.90,0.0000,true,1,2273937
8696219405150,false,סלסלה גבוהה פלסט ארט,,,סלסלה גבוהה פלסט ארט,יחידה,0.00,יחידה,false,,9.90,0.0000,true,1,2273947
8697040108982,false,סבון נוזלי אסותא נשי,,,סבון נוזלי אסותא נשי,מיליליטרים,400.00,"100 מ""ל",false,,14.90,0.0373,true,1,1611083
8697040109323,false,סבון מוצק אסותא,,,סבון מוצק אסותא,גרמים,100.00,100 גרם,false,,3.90,0.0390,true,1,1391740
8697418280333,false,שערות קדאיף 500 גרם,,,שערות קדאיף 500 גרם,גרמים,500.00,100 גרם,false,,19.90,0.0398,true,1,2170186
8697430885417,false,פסטה מסולסלת ארבלה ו,DURUM,TR,פסטה מסולסלת 6 ARBELLA,גרמים,500.00,100 גרם,false,,4.90,0.0098,true,1,1347990
8697430885424,false,פסטה פרפרים ארבלה וי,DURUM,TR,פרפרים 5 ARBELLA,גרמים,500.00,100 גרם,false,,4.90,0.0098,true,1,1347991
8697430885431,false,פסטה פנה ארבלה ויטה,DURUM,TR,פנה 4 ARBELLA,גרמים,500.00,100 גרם,false,,4.90,0.0098,true,1,1347992
8697430885455,false,קונכיות ארבלה ויטה,DURUM,TR,קונכיות 3 ARBELLA,גרמים,500.00,100 גרם,false,,4.90,0.0098,true,1,1347993
8697430885479,false,פוזילי ארבלה ויטה,DURUM,TR,פוזילי 2 ARBELLA,גרמים,500.00,100 גרם,false,,4.90,0.0098,true,1,1347994
8697431460217,false,קונפיטור 70% תפוזים,,,קונפיטור 70% תפוזים,גרמים,450.00,100 גרם,false,,12.90,0.0287,true,1,1340442
8697431460378,false,קונפיטורה 70% שזיפים,,,קונפיטורה 70% שזיפים,גרמים,450.00,100 גרם,false,,12.90,0.0287,true,1,1340445
8697431921701,false,קונפיטור 70% תות,,,קונפיטור 70% תות,גרמים,450.00,100 גרם,false,,12.90,0.0287,true,1,1340446
8697431921718,false,קונפיטור 70% דובדבן,,,קונפיטור 70% דובדבן,גרמים,450.00,100 גרם,false,,12.90,0.0287,true,1,1340447
8697431925143,false,קונפיטור 70% מיקס פי,,,קונפיטור 70% מיקס פי,גרמים,450.00,100 גרם,false,,12.90,0.0287,true,1,2034162
8697826469092,false,טורטיות ראפ 540 גרם,דין שיווק,,טורטיות ראפ 540 גרם,גרמים,540.00,100 גרם,false,,9.90,0.0183,true,1,1328247
8699073290764,false,פלפל אדום קלוי 680 ג,,,פלפל אדום קלוי 680 ג,גרמים,680.00,100 גרם,false,,9.90,0.0146,true,1,2218145
8699073292768,false,חציל קלוי על האש 640,,,חציל קלוי על האש 640,גרמים,640.00,100 גרם,false,,9.90,0.0155,true,1,2218147
8699863090901,false,מברשת אסלה סט שרותים,,,מברשת אסלה סט שרותים,יחידה,0.00,יחידה,false,,14.90,0.0000,true,1,2273962
8710428005762,false,סימילאק צמחי שלב 2 4,אבוט מעבדות רפואיות,ES,SIMILAC ISOMIL TAF NG 400,גרמים,400.00,100 גרם,false,,44.90,0.1122,true,1,1306625
8710428017000,false,פדיאשור משקה להשלמה,,,פדיאשור משקה להשלמה,גרמים,850.00,100 גרם,false,,79.90,0.0940,true,1,2206592
8710447224311,false,מרכך טרזמה בוטניק 40,,,מרכך טרזמה בוטניק 40,מיליליטרים,400.00,"100 מ""ל",false,,14.90,0.0373,true,1,2146497
8710447240915,false,מסכה לשיער טרזמה ביו,,,מסכה לשיער טרזמה ביו,מיליליטרים,300.00,"100 מ""ל",false,,29.90,0.0997,true,1,2147917
8710447284117,false,אקס ג'ל רחצה בלק,,,אקס ג'ל רחצה בלק,מיליליטרים,400.00,"100 מ""ל",false,,15.90,0.0398,true,1,1836456
8710502064814,false,עוגיות שוקולד ציפס 1,,,עוגיות שוקולד ציפס 1,גרמים,175.00,100 גרם,false,,8.90,0.0509,true,1,1339785
8710502100864,false,עוגיות מרבה פטיסרי ד,,,עוגיות מרבה פטיסרי ד,גרמים,200.00,100 גרם,false,,9.90,0.0495,true,1,2303606
8710502139017,false,עוגיות שוקוצ'יפס מצו,COLGATE PALMOLIVE,NL,מרבה עוגיות  טריפל שוקולד,גרמים,180.00,100 גרם,false,,8.90,0.0494,true,1,1339786
8710502194801,false,עוגיות שוקולד צי'פס,,,עוגיות שוקולד צי'פס,גרמים,175.00,100 גרם,false,,8.90,0.0509,true,1,1443325
8710502194825,false,עוגיות מרבה שוקוצ'יפ,,,עוגיות מרבה שוקוצ'יפ,גרמים,150.00,100 גרם,false,,5.90,0.0393,true,1,2279162
8710502279010,false,עוגיות שוקולד צ'יפס,,,עוגיות שוקולד צ'יפס,גרמים,175.00,100 גרם,false,,8.90,0.0509,true,1,2219664
8710502405204,false,עוגיות שוקולד ממולאו,COLGATE PALMOLIVE,NL,מרבה עוגיות  ממולאות קרם,גרמים,175.00,100 גרם,false,,8.90,0.0509,true,1,1339788
8710502470028,false,עוגיות נוגטלי 160 גר,COLGATE PALMOLIVE,NL,מרבה עוגיות  נוגטלי 160 ג,גרמים,160.00,100 גרם,false,,8.90,0.0556,true,1,1339790
8710552274614,false,וניש גולד קצף שטיחים,,,וניש גולד קצף שטיחים,מיליליטרים,600.00,"100 מ""ל",false,,29.90,0.0498,true,1,1896006
8710800027573,false,שקית מיני מנטוס,,,שקית מיני מנטוס,גרמים,178.00,100 גרם,false,,12.90,0.0725,true,1,1327242
8710800961310,false,מנטוס 1/4 טעם תות,,,מנטוס 1/4 טעם תות,גרמים,150.00,100 גרם,false,,10.90,0.0727,true,1,1327243
8710847942679,false,שמפו טרזמה קרטין 400,,,שמפו טרזמה קרטין 400,מיליליטרים,400.00,"100 מ""ל",false,,14.90,0.0373,true,1,2248719
8710847942693,false,מרכך טרזמה קרטין 400,,,מרכך טרזמה קרטין 400,מיליליטרים,400.00,"100 מ""ל",false,,14.90,0.0373,true,1,2248720
8710908326691,false,דאב תחליב רחצה אדמונ,,,דאב תחליב רחצה אדמונ,מיליליטרים,750.00,"100 מ""ל",false,,19.90,0.0265,true,1,1417325
8710908693809,false,מסכה לשיער טרזמה קרט,,,מסכה לשיער טרזמה קרט,מיליליטרים,300.00,"100 מ""ל",false,,29.90,0.0997,true,1,1836457
8710908882463,false,תחליב רחצה דאב 500 מ,,,תחליב רחצה דאב 500 מ,מיליליטרים,500.00,"100 מ""ל",false,,14.90,0.0298,true,1,1815628
8711000362556,false,לור קפסולות קפה אספר,קראפט,,לור קפסולות קפה אספר,גרמים,52.00,100 גרם,false,,19.90,0.3827,true,1,1951427
8711000362617,false,לור קפסולות קפה אספר,קראפט,,לור קפסולות קפה אספר,גרמים,52.00,100 גרם,false,,19.90,0.3827,true,1,1951429
8711000362631,false,לור קפסולות קפה אספר,קראפט,,לור קפסולות קפה אספר,גרמים,52.00,100 גרם,false,,19.90,0.3827,true,1,1951430
8711000371176,false,ג'ייקובס קפסולות קפה,קראפט,,ג'ייקובס קפסולות קפה,גרמים,52.00,100 גרם,false,,16.90,0.3250,true,1,1997113
8711000371206,false,ג'ייקובס קפסולות קפה,קראפט,,ג'ייקובס קפסולות קפה,גרמים,52.00,100 גרם,false,,16.90,0.3250,true,1,2026083
8711000371244,false,ג'ייקובס קפסולות קפה,קראפט,,ג'ייקובס קפסולות קפה,גרמים,52.00,100 גרם,false,,16.90,0.3250,true,1,2169679
8711327475663,false,מגנום פיינט וניל שוק,,,מגנום פיינט וניל שוק,מיליליטרים,440.00,"100 מ""ל",false,,19.90,0.0452,true,1,2221037
8711327475762,false,מגנום פיינט לבן עוגי,,,מגנום פיינט לבן עוגי,מיליליטרים,440.00,"100 מ""ל",false,,19.90,0.0452,true,1,2221039
8712400802499,false,נוטרילון חלב לתינוקו,נוטרישה         - נו,,נוטרילון חלב לתינוקו,גרמים,800.00,100 גרם,false,,64.90,0.0811,true,1,1307012
8712400802512,false,נוטרילון חלב לתינוקו,נוטרישה         - נו,,נוטרילון חלב לתינוקו,גרמים,800.00,100 גרם,false,,64.90,0.0811,true,1,1307014
8712400802536,false,נוטרילון חלב לתינוקו,נוטרישה         - נו,,נוטרילון חלב לתינוקו,גרמים,800.00,100 גרם,false,,64.90,0.0811,true,1,1307016
8712561594608,false,תחליב רחצה דאב 750 מ,יוניליוור,DE,דאב ת.ר מענג 750ML,מיליליטרים,750.00,"100 מ""ל",false,,19.90,0.0265,true,1,1365331
8712561611411,false,תחליב רחצה דאב 750 מ,יוניליוור,DE,דאב ת.ר פרש 750ML,מיליליטרים,750.00,"100 מ""ל",false,,19.90,0.0265,true,1,1365333
8712561626286,false,תחליב רחצה דאב 750 מ,יוניליוור,DE,דאב ת.ר מענג 750ML,מיליליטרים,750.00,"100 מ""ל",false,,19.90,0.0265,true,1,1365335
8712561646024,false,תחליב רחצה דאב 750 מ,,,תחליב רחצה דאב 750 מ,מיליליטרים,750.00,"100 מ""ל",false,,19.90,0.0265,true,1,2282687
8714599104316,false,קפה שחור ג'יקובס 200,קראפט,,קפה שחור ג'יקובס 200,גרמים,200.00,100 גרם,false,,14.90,0.0745,true,1,2168821
8714599410806,false,קפה ג'יקובס 160 גרם,קראפט,,קפה ג'יקובס 160 גרם,גרמים,160.00,100 גרם,false,,14.90,0.0931,true,1,2021544
8714599412336,false,קפה ג'יקובס בריסטה,קראפט,,קפה ג'יקובס בריסטה,גרמים,160.00,100 גרם,false,,27.90,0.1744,true,1,2254142
8714599513781,false,קפה ג'יקובס גולד 200,קראפט,,קפה ג'יקובס גולד 200,גרמים,200.00,100 גרם,false,,29.90,0.1495,true,1,1399829
8714599513866,false,קפה ג'יקובס 200 גרם,קראפט,,קפה ג'יקובס 200 גרם,גרמים,200.00,100 גרם,false,,29.90,0.1495,true,1,1399830
8714789177229,false,רביעיית מברשות שיניי,COLGATE PALMOLIVE,CN,קולגייט אקסטרה קלין רביעי,יח',4.00,יח',false,,14.90,3.7250,true,1,1339796
8714789402918,false,אג'קס פרחים אדום 1.5,COLGATE PALMOLIVE,GR,אגקס חגיגת הפרחים אדום 1.,ליטרים,1.50,ליטר,false,,19.90,13.2667,true,1,1339810
8714789402932,false,אג'קס פרחים ורוד 1.5,COLGATE PALMOLIVE,GR,אגקס חגיגת הפרחים ורוד 1.,ליטרים,1.50,ליטר,false,,19.90,13.2667,true,1,1339811
8714789402970,false,אג'קס פרחים ירוק 1.5,COLGATE PALMOLIVE,GR,אגקס חגיגת הפרחים ירוק 1.,ליטרים,1.50,ליטר,false,,19.90,13.2667,true,1,1339812
8714789450315,false,נוזל כלים פלמוליב 1.,COLGATE PALMOLIVE,GR,פלמוליב כלים שקוף לימון 1,ליטרים,1.50,ליטר,false,,15.90,10.6000,true,1,1339813
8714789582764,false,אג'קס חלונות טריגרם,COLGATE PALMOLIVE,GR,אגקס טריגר 750 מל,מיליליטרים,750.00,"100 מ""ל",false,,14.90,0.0199,true,1,1339823
8714789740058,false,מברשת שיניים זוג טוו,COLGATE PALMOLIVE,CN,קולגייט מברשת טוויסטר זוג,יח',2.00,יח',false,,19.90,9.9500,true,1,1339827
8714789797786,false,נוזל לכלים פלמוליב 7,COLGATE PALMOLIVE,GR,פלמוליב כלים שקוף גרםיס ב,מיליליטרים,750.00,"100 מ""ל",false,,9.90,0.0132,true,1,1339838
8714789834467,false,נוזל לכלים פלמוליב 1,COLGATE PALMOLIVE,GR,פלמוליב כלים שקוף קלאסי 1,ליטרים,1.50,ליטר,false,,15.90,10.6000,true,1,1339845
8714789835112,false,מברשת שיניים חשמלית,COLGATE PALMOLIVE,CN,קולגייט מברשת 360 אופטיק,יח',1.00,יח',false,,69.90,69.9000,true,1,1339846
8714789930848,false,משחת שיניים קולגייט,COLGATE PALMOLIVE,PL,קולגייט משחת אופטיק וייט,מיליליטרים,75.00,"100 מ""ל",false,,19.90,0.2653,true,1,1339851
8715700110141,false,ממרח מיונז היינץ בצנ,היינץ,,ממרח מיונז היינץ בצנ,גרמים,460.00,100 גרם,false,,11.90,0.0259,true,1,1717614
8715700110158,false,מיונז היינץ בצנצנת 4,היינץ,,מיונז היינץ בצנצנת 4,גרמים,490.00,100 גרם,false,,11.90,0.0243,true,1,1717615
8715700115641,false,ממרח היינץ 420 גרם ל,היינץ,,ממרח היינץ 420 גרם ל,גרמים,420.00,100 גרם,false,,14.90,0.0355,true,1,1617815
8715700117805,false,קטשופ היינץ מופחת סו,היינץ,,קטשופ היינץ מופחת סו,גרמים,425.00,100 גרם,false,,11.90,0.0280,true,1,2182417
8715700120874,false,קטשופ היינץ שום 460,היינץ,,קטשופ היינץ שום 460,גרמים,460.00,100 גרם,false,,12.90,0.0280,true,1,2258476
8715700419732,false,קטשופ היינץ 700 גרם,היינץ,,קטשופ היינץ 700 גרם,גרמים,700.00,100 גרם,false,,11.90,0.0170,true,1,1307017
8715700422473,false,ממרח היינץ לחיץ ללא,היינץ,,ממרח היינץ לחיץ ללא,גרמים,395.00,100 גרם,false,,14.90,0.0377,true,1,1562703
8715700423906,false,קטשופ היינץ 555 גרם,היינץ,,קטשופ היינץ 555 גרם,גרמים,555.00,100 גרם,false,,11.90,0.0214,true,1,1781248
8717163607305,false,סבון מוצק דאב 4 יחיד,יוניליוור,DE,דאב סבון מוצק אקספוליאייט,גרמים,400.00,100 גרם,false,,18.90,0.0472,true,1,1342301
8717163647226,false,אקס ספריי בלאק,,,אקס ספריי בלאק,מיליליטרים,150.00,"100 מ""ל",false,,14.90,0.0993,true,1,2054932
8717163647233,false,אקס פריי בלאק,,,אקס פריי בלאק,מיליליטרים,150.00,"100 מ""ל",false,,14.90,0.0993,true,1,2043541
8717163647240,false,אקס ספריי שוקולד,,,אקס ספריי שוקולד,מיליליטרים,150.00,"100 מ""ל",false,,14.90,0.0993,true,1,2054933
8717163647264,false,אקס ספריי אייס צ'יל,,,אקס ספריי אייס צ'יל,מיליליטרים,150.00,"100 מ""ל",false,,14.90,0.0993,true,1,2054012
8717163655764,false,דאודורנט ספריי רקסונ,,,דאודורנט ספריי רקסונ,מיליליטרים,150.00,"100 מ""ל",false,,13.90,0.0927,true,1,2163388
8717163714850,false,דאב ספריי קוקוס ויסמ,,,דאב ספריי קוקוס ויסמ,מיליליטרים,150.00,"100 מ""ל",false,,17.90,0.1193,true,1,2138669
8717163947692,false,אקס ג'ל רחצה פינק פפ,,,אקס ג'ל רחצה פינק פפ,מיליליטרים,400.00,"100 מ""ל",false,,15.90,0.0398,true,1,2184377
8717677336593,false,שוקולד חלב 180 גרם ט,,,שוקולד חלב 180 גרם ט,גרמים,180.00,100 גרם,false,,17.90,0.0994,true,1,2279113
8717677338436,false,שוקולד חלב עם אגוזי,,,שוקולד חלב עם אגוזי,גרמים,180.00,100 גרם,false,,17.90,0.0994,true,1,2279117
8718114734484,false,מיונז מיילי,,,מיונז מיילי,גרמים,320.00,100 גרם,false,,11.90,0.0372,true,1,1569473
8718951030169,false,משחת קולגייט סנסטיב+,,,משחת קולגייט סנסטיב+,מיליליטרים,75.00,"100 מ""ל",false,,19.90,0.2653,true,1,2188382
8718951030206,false,משחת קולגייט סנסטיב,,,משחת קולגייט סנסטיב,מיליליטרים,75.00,"100 מ""ל",false,,19.90,0.2653,true,1,2184046
8718951079205,false,משחת שיניים סנסטיב פ,,,משחת שיניים סנסטיב פ,מיליליטרים,75.00,"100 מ""ל",false,,24.90,0.3320,true,1,1726564
8718951093331,false,מברשות שיניים זוג מר,,,מברשות שיניים זוג מר,יח',2.00,יח',false,,34.90,17.4500,true,1,1411048
8718951159808,false,מברשות שיניים שלישיי,,,מברשות שיניים שלישיי,יח',3.00,יח',false,,29.90,9.9667,true,1,1642370
8718951166288,false,משחת שינים מקס וייט,,,משחת שינים מקס וייט,גרמים,125.00,100 גרם,false,,19.90,0.1592,true,1,1965346
8718951166561,false,משחת שינים מקס פרש כ,,,משחת שינים מקס פרש כ,גרמים,125.00,100 גרם,false,,19.90,0.1592,true,1,1965347
8718951167094,false,סבון לכלים פלמוליב 1,,,סבון לכלים פלמוליב 1,ליטרים,1.00,ליטר,false,,13.90,13.9000,true,1,1732119
8718951175280,false,משחת שיניים קולגייט,,,משחת שיניים קולגייט,מיליליטרים,75.00,"100 מ""ל",false,,19.90,0.2653,true,1,2013396
8718951175631,false,משחת שיניים קולגייט,,,משחת שיניים קולגייט,מיליליטרים,75.00,"100 מ""ל",false,,19.90,0.2653,true,1,2013397
8718951236790,false,משחת שינים קולגייט ט,,,משחת שינים קולגייט ט,מיליליטרים,100.00,"100 מ""ל",false,,16.90,0.1690,true,1,2013438
8718951236806,false,משחת שיניים קולגייט,,,משחת שיניים קולגייט,מיליליטרים,100.00,"100 מ""ל",false,,16.90,0.1690,true,1,2013414
8718951236813,false,משחת שיניים קולגייט,,,משחת שיניים קולגייט,מיליליטרים,100.00,"100 מ""ל",false,,16.90,0.1690,true,1,2013415
8718951240742,false,משחת שינים קולגייט ט,,,משחת שינים קולגייט ט,מיליליטרים,100.00,"100 מ""ל",false,,16.90,0.1690,true,1,2013439
8718951254527,false,משחת שיניים סנסטיב פ,,,משחת שיניים סנסטיב פ,מיליליטרים,75.00,"100 מ""ל",false,,24.90,0.3320,true,1,2157537
8718951259409,false,סבון נוזלי פלמוליב נ,,,סבון נוזלי פלמוליב נ,מיליליטרים,750.00,"100 מ""ל",false,,17.90,0.0239,true,1,2320066
8718951264618,false,משחת שינים קולגייט א,,,משחת שינים קולגייט א,מיליליטרים,75.00,"100 מ""ל",false,,29.90,0.3987,true,1,2184760
8718951281738,false,משחת שיניים אלמקס 75,,,משחת שיניים אלמקס 75,מיליליטרים,75.00,"100 מ""ל",false,,18.90,0.2520,true,1,2193061
8718951288492,false,מארז זוג משחת שיניים,,,מארז זוג משחת שיניים,מיליליטרים,150.00,"100 מ""ל",false,,24.90,0.1660,true,1,2173307
8718951289833,false,סבון מוצק רביעייה פל,,,סבון מוצק רביעייה פל,גרמים,360.00,100 גרם,false,,16.90,0.0469,true,1,2167099
8718951314023,false,סבון נוזלי פלמוליב א,,,סבון נוזלי פלמוליב א,מיליליטרים,750.00,"100 מ""ל",false,,17.90,0.0239,true,1,2273617
8718951315303,false,משחת שיניים קולגייט,,,משחת שיניים קולגייט,מיליליטרים,200.00,"100 מ""ל",false,,17.90,0.0895,true,1,2193062
8718951333048,false,סבון ידיים פלמוליב ל,,,סבון ידיים פלמוליב ל,מיליליטרים,300.00,"100 מ""ל",false,,10.90,0.0363,true,1,2223673
8718951334151,false,מרכך כביסה סופלין הי,,,מרכך כביסה סופלין הי,מיליליטרים,650.00,"100 מ""ל",false,,8.90,0.0137,true,1,2299364
8718951338128,false,דאודורנט רול און שאו,,,דאודורנט רול און שאו,מיליליטרים,50.00,"100 מ""ל",false,,19.90,0.3980,true,1,2255420
8718951354807,false,אג'קס חגיגת הפרחים י,,,אג'קס חגיגת הפרחים י,ליטרים,1.50,ליטר,false,,19.90,13.2667,true,1,2205312
8718951370135,false,סבון נוזלי פלמוליב א,,,סבון נוזלי פלמוליב א,מיליליטרים,750.00,"100 מ""ל",false,,17.90,0.0239,true,1,2195202
8718951381292,false,משחת שינים מקס דיטוק,,,משחת שינים מקס דיטוק,גרמים,125.00,100 גרם,false,,19.90,0.1592,true,1,2219665
8718951382718,false,ג'ל רחצה פלמוליב חימ,,,ג'ל רחצה פלמוליב חימ,מיליליטרים,750.00,"100 מ""ל",false,,17.90,0.0239,true,1,2198700
8718951385290,false,ניקוי כללי אג'קס 2 ל,,,ניקוי כללי אג'קס 2 ל,ליטרים,2.00,ליטר,false,,22.90,11.4500,true,1,2223674
8718951391253,false,אג'קס אנטי בקטריאלי,,,אג'קס אנטי בקטריאלי,ליטרים,1.50,ליטר,false,,21.90,14.6000,true,1,2240954
8718951409798,false,זוג מברשות שניים קול,,,זוג מברשות שניים קול,יח',2.00,יח',false,,24.90,12.4500,true,1,2246338
8718951431614,false,סבון נוזלי פלמוליב ס,,,סבון נוזלי פלמוליב ס,מיליליטרים,750.00,"100 מ""ל",false,,17.90,0.0239,true,1,2261882
8718951433120,false,משחת שיניים קולגייט,,,משחת שיניים קולגייט,מיליליטרים,50.00,"100 מ""ל",false,,16.90,0.3380,true,1,2310419
8718951466371,false,מרידול משחת שיניים 7,,,מרידול משחת שיניים 7,גרמים,75.00,100 גרם,false,,19.90,0.2653,true,1,2311138
8718951470323,false,מברשת שיניים קולגייט,,,מברשת שיניים קולגייט,יח',2.00,יח',false,,24.90,12.4500,true,1,2304931
8718951477384,false,משחת שיניים קולגייט,,,משחת שיניים קולגייט,מיליליטרים,75.00,"100 מ""ל",false,,19.90,0.2653,true,1,2280644
8718951509627,false,משחת שינים קולגייט א,,,משחת שינים קולגייט א,מיליליטרים,75.00,"100 מ""ל",false,,29.90,0.3987,true,1,2295816
8719200998001,false,בלובנד בלי מלח 200 ג,קראפט,,בלובנד בלי מלח 200 ג,גרמים,200.00,100 גרם,false,,4.30,0.0215,true,1,2164792
8719200998018,false,מחמאה בלובנד 200 גרם,קראפט,,מחמאה בלובנד 200 גרם,גרמים,200.00,100 גרם,false,,4.60,0.0230,true,1,2164793
8719200998032,false,מזולה בטעם חמאה 250,קראפט,,מזולה בטעם חמאה 250,גרמים,250.00,100 גרם,false,,10.90,0.0436,true,1,2164812
8719200998049,false,מזולה 250 גרם,קראפט,,מזולה 250 גרם,גרמים,250.00,100 גרם,false,,9.90,0.0396,true,1,2164794
8720181045912,false,אקס ספריי אפריקה,,,אקס ספריי אפריקה,מיליליטרים,50.00,"100 מ""ל",false,,14.90,0.2980,true,1,2207608
8720181046605,false,דאב דאו ספריי א.פ או,,,דאב דאו ספריי א.פ או,מיליליטרים,150.00,"100 מ""ל",false,,17.90,0.1193,true,1,2218175
8720181046612,false,דאב רולאון אורגינל,,,דאב רולאון אורגינל,מיליליטרים,50.00,"100 מ""ל",false,,17.90,0.3580,true,1,2241010
8720181090219,false,תחליב רחצה דאב 750 מ,,,תחליב רחצה דאב 750 מ,מיליליטרים,750.00,"100 מ""ל",false,,19.90,0.0265,true,1,2240959
8720181123955,false,אקס ג'ל רחצה ריצארג,,,אקס ג'ל רחצה ריצארג,מיליליטרים,400.00,"100 מ""ל",false,,15.90,0.0398,true,1,2272356
8720181204111,false,אקס ג'ל EPIC FRESH,,,אקס ג'ל EPIC FRESH,מיליליטרים,400.00,"100 מ""ל",false,,15.90,0.0398,true,1,2298238
8720182253156,false,סבון מוצק דאב מלפפונ,,,סבון מוצק דאב מלפפונ,גרמים,360.00,100 גרם,false,,16.90,0.0469,true,1,2303918
8720182256362,false,שישייה סבון מוצק דאב,,,שישייה סבון מוצק דאב,גרמים,540.00,100 גרם,false,,22.50,0.0417,true,1,2308141
8720182256850,false,סבון דאב לבן 4 יח',,,סבון דאב לבן 4 יח',גרמים,360.00,100 גרם,false,,16.90,0.0469,true,1,2303919
8723400756552,false,מנטוס 1/4 טעמים,,,מנטוס 1/4 טעמים,גרמים,150.00,100 גרם,false,,10.90,0.0727,true,1,1327244
8723400782520,false,סוכריות מנטוס לעיסה,,,סוכריות מנטוס לעיסה,גרמים,160.00,100 גרם,false,,7.90,0.0494,true,1,1753321
8723400793922,false,מנטוס 1/4 טעם דובדבן,,,מנטוס 1/4 טעם דובדבן,גרמים,150.00,100 גרם,false,,10.90,0.0727,true,1,2259235
8801055706440,false,טסטרס צ'ויס בודדים 2,נסטלה,KR,המוצר שייך ל - ONP,גרמים,36.00,100 גרם,false,,12.90,0.3583,true,1,1306380
8801055707966,false,טסטרס צ'ויס בריסטה,,,טסטרס צ'ויס בריסטה,גרמים,180.00,100 גרם,false,,29.90,0.1661,true,1,1420634
8801055709427,false,טסטרס צ'ויס אלטה ריק,,,טסטרס צ'ויס אלטה ריק,גרמים,100.00,100 גרם,false,,24.90,0.2490,true,1,2261888
8801055709458,false,נסקפה קפוצ'ינו קרמל,,,נסקפה קפוצ'ינו קרמל,גרמים,170.00,100 גרם,false,,21.90,0.1288,true,1,2288109
8801055709465,false,נסקפה קפוצ'ינו וניל,,,נסקפה קפוצ'ינו וניל,גרמים,185.00,100 גרם,false,,21.90,0.1184,true,1,2288110
8801055709489,false,נסקפה קפוצ'ינו אגוזי,,,נסקפה קפוצ'ינו אגוזי,גרמים,180.00,100 גרם,false,,21.90,0.1217,true,1,2288112
8850161160851,false,מי קוקוס קוקו מקס 35,,,מי קוקוס קוקו מקס 35,מיליליטרים,350.00,"100 מ""ל",false,,8.90,0.0254,true,1,2143614
8850161167041,false,חלב קוקוס קוקו וואי,,,חלב קוקוס קוקו וואי,מיליליטרים,270.00,"100 מ""ל",false,,7.90,0.0293,true,1,2143616
8850372000472,false,מקלוני שעועית תאילנד,sithinan,CN,מקלוני שעועית תאילנדי  20,גרמים,200.00,100 גרם,false,,8.90,0.0445,true,1,1344157
8850389103159,false,מוגו מוגו ליצ'י עם ח,,,מוגו מוגו ליצ'י עם ח,מיליליטרים,320.00,"100 מ""ל",false,,6.90,0.0216,true,1,2299020
8850389105825,false,סאפה משקה אלוורה ענב,,,סאפה משקה אלוורה ענב,ליטרים,1.00,ליטר,false,,12.90,12.9000,true,1,1306451
8850389105832,false,סאפה משקה אלוורה תפו,,,סאפה משקה אלוורה תפו,ליטרים,1.00,ליטר,false,,12.90,12.9000,true,1,1306452
8850389105849,false,סאפה משקה אלוורה אפר,,,סאפה משקה אלוורה אפר,ליטרים,1.00,ליטר,false,,12.90,12.9000,true,1,1306453
8850389111352,false,מוגו מוגו מלון עם חת,,,מוגו מוגו מלון עם חת,גרמים,320.00,100 גרם,false,,6.90,0.0216,true,1,2299021
8850389115336,false,סאפה משקה מלון ליטר,,,סאפה משקה מלון ליטר,ליטרים,1.00,ליטר,false,,12.90,12.9000,true,1,1836509
8850632604266,false,ממתק חמוץ מקלות בטעם,,,ממתק חמוץ מקלות בטעם,גרמים,50.00,100 גרם,false,,4.90,0.0980,true,1,1327249
8850632604372,false,ממתק חמוץ שטיח בטעם,,,ממתק חמוץ שטיח בטעם,גרמים,50.00,100 גרם,false,,4.90,0.0980,true,1,1327250
8850632605201,false,ממתק חמוץ מקלות בטעם,,,ממתק חמוץ מקלות בטעם,גרמים,50.00,100 גרם,false,,4.90,0.0980,true,1,1327252
8850632606390,false,יוגטה חיספוסים בטעם,,,יוגטה חיספוסים בטעם,גרמים,50.00,100 גרם,false,,4.90,0.0980,true,1,1327255
8852633119039,false,רוטב דגים,,,רוטב דגים,גרמים,300.00,100 גרם,false,,7.90,0.0263,true,1,1441403
8853662056098,false,רוטב סריראצ'ה צילי ח,,,רוטב סריראצ'ה צילי ח,מיליליטרים,455.00,"100 מ""ל",false,,24.90,0.0547,true,1,2301762
8853662060316,false,רוטב סריראצ'ה חריף,,,רוטב סריראצ'ה חריף,מיליליטרים,455.00,"100 מ""ל",false,,24.90,0.0547,true,1,2301764
8854692000976,false,רוטב צ'ילי 700 גרם,KRS,TH,רוטב צ'ילה מתוק 700 מל,גרמים,700.00,100 גרם,false,,10.90,0.0156,true,1,1309320
8858744800033,false,מחית קארי פננג,,,מחית קארי פננג,גרמים,50.00,100 גרם,false,,5.90,0.1180,true,1,1344168
8858744800088,false,מחית קארי סמאמן,,,מחית קארי סמאמן,גרמים,50.00,100 גרם,false,,5.90,0.1180,true,1,1344171
8888021200256,false,סוללות אנרג'יזר שמינ,אנרג'יזר Energizer,US,סוללות ENERGIZER 1X8 AA M,יח',8.00,יח',false,,22.90,2.8625,true,1,1353918
8888021200720,false,סוללות אנרג'יזר שמינ,אנרג'יזר Energizer,US,סוללות ENERGIZER 1X8 *AAA,יח',8.00,יח',false,,22.90,2.8625,true,1,1353919
8901138500306,false,משחת שיניים הימלאיה,הימלאיה,IN,הימלאיה משחת שיניים 100 ג,גרמים,100.00,100 גרם,false,,17.90,0.1790,true,1,1306628
8901138825577,false,משחת שיניים הימלאיה,הימלאיה,IN,הימלאיה משחת שיניים להגנה,מיליליטרים,75.00,"100 מ""ל",false,,17.90,0.2387,true,1,1306629
8901138825591,false,משחת שיניים הימלאיה,הימלאיה,IN,הימלאיה משחת שיניים מלבינ,מיליליטרים,75.00,"100 מ""ל",false,,17.90,0.2387,true,1,1306630
8901537024014,false,"אורז בסמטי 1 ק""ג DAA",lt foods,IN,אורז בסמטי מובחר 1 DAAWAT,קילוגרמים,1.00,"ק""ג",false,,12.90,12.9000,true,1,1309009
8901537076679,false,אורז בסמטי חום מלא 1,,,אורז בסמטי חום מלא 1,קילוגרמים,1.00,"ק""ג",false,,12.90,12.9000,true,1,1816409
8938505846019,false,דפי אורז עגולים,דין שיווק,,דפי אורז עגולים,גרמים,250.00,100 גרם,false,,9.90,0.0396,true,1,2192485
9000100798709,false,דאודוראנט פה רול-און,הנקל סוד,DE,פה דאודורנט רולאון כח המש,מיליליטרים,50.00,"100 מ""ל",false,,15.90,0.3180,true,1,1323768
9000100843256,false,תמציות שמן גליס 6 פע,הנקל סוד,DE,גליס שמן לשיער קופסא זהב,מיליליטרים,150.00,"100 מ""ל",false,,29.90,0.1993,true,1,1323772
9000101380255,false,פרסיל דיסקס לכביסה ע,,,פרסיל דיסקס לכביסה ע,יח',22.00,יח',false,,34.90,1.5864,true,1,2262729
9000101418163,false,ברף בניחוח מתחלף תפו,,,ברף בניחוח מתחלף תפו,גרמים,150.00,100 גרם,false,,14.90,0.0993,true,1,2296966
9000101520965,false,ברף בניחוח מתחלף לוט,,,ברף בניחוח מתחלף לוט,גרמים,150.00,100 גרם,false,,14.90,0.0993,true,1,2307566
9000101537581,false,פרסיל קאפסולות ג'ל 5,,,פרסיל קאפסולות ג'ל 5,יח',52.00,יח',false,,49.90,0.9596,true,1,2307560
9002975393812,false,סוכריות הריבו האפי צ,,,סוכריות הריבו האפי צ,גרמים,70.00,100 גרם,false,,6.90,0.0986,true,1,2219027
9005835312718,false,מלח למדיח קלרו,,,מלח למדיח קלרו,קילוגרמים,1.00,"ק""ג",false,,9.90,9.9000,true,1,2206485
9005835312732,false,נוזל הברקה למדיח קלר,,,נוזל הברקה למדיח קלר,מיליליטרים,500.00,"100 מ""ל",false,,9.90,0.0198,true,1,2206486
9044400841000,false,סוכריית פז פו הדב,PEZ,HU,פז דיספנסר,גרמים,25.50,100 גרם,false,,12.90,0.5059,true,1,1350667
9120025834723,false,חטיף אוראו מצונן 120,,,חטיף אוראו מצונן 120,גרמים,120.00,100 גרם,false,,13.90,0.1158,true,1,2310309
9120097310583,false,חטיף שוקו בננה מיניו,,,חטיף שוקו בננה מיניו,גרמים,108.00,100 גרם,false,,13.90,0.1287,true,1,2310311
9310714206157,false,ג'ל צביעה לגבר-שחור,הנקל סוד,DE,מן פרפקט ג'ל צבע לגבר קיט,מיליליטרים,40.00,"100 מ""ל",false,,49.90,1.2475,true,1,1323779
9322969000015,false,פריכיות תירס טבעי,Algam Gil - Agent,IL,פריכיות תירס - 150ג' בטעם,גרמים,150.00,100 גרם,false,,10.90,0.0727,true,1,1353922
9322969000022,false,פרכיות אורז סויה,Algam Gil - Agent,IL,פריכיות תירס - 150ג' עם ס,גרמים,150.00,100 גרם,false,,10.90,0.0727,true,1,1353923
9322969000039,false,פריכיות תירס,,,פריכיות תירס,גרמים,150.00,100 גרם,false,,10.90,0.0727,true,1,1942192
9322969000053,false,פריכיות אורז מלא 150,,,פריכיות אורז מלא 150,גרמים,150.00,100 גרם,false,,10.90,0.0727,true,1,2278193
9720188050109,false,ממרח על בסיס סויה 22,משק צוריאל,US,טופוטי - ממרח טופו בטעם ג,גרמים,225.00,100 גרם,false,,19.90,0.0884,true,1,1329259
9771565038357,false,עיתון יום חול ידיעות,,,עיתון יום חול ידיעות,יחידה,0.00,יחידה,false,,5.00,0.0000,true,1,1855533
