code,internal_code,name,manufacturer_name,manufacture_country,manufacturer_item_description,unit_qty,quantity,unit_of_measure,weighted,qty_in_package,price,unit_of_measure_price,allow_discount,status,item_id
374,true,פטריות שמפניון יחידה,חקלאי,IL,פטריות שמפניון יחידה,גרמים,250.00,100 גרם,false,1,0.00,0.0000,true,1,434359
8708,true,אספרסו עובדים La Far,לה פרינה,IL,אספרסו עובדים La Farina,לא מנהל יחידת מידה,0.00,לא מנהל יחידת מידה,false,1,4.00,0.0000,true,1,350691
8719,true,קפוצינו עובדים La Fa,לה פרינה,IL,קפוצינו עובדים La Farina,לא מנהל יחידת מידה,0.00,לא מנהל יחידת מידה,false,1,6.00,0.0000,true,1,350701
8722,true,קפוצינו גדול עובדים,לה פרינה,IL,קפוצינו גדול עובדים La Farina,לא מנהל יחידת מידה,0.00,לא מנהל יחידת מידה,false,1,7.00,0.0000,true,1,350704
8723,true,אספרסו La Farina,לה פרינה,IL,אספרסו La Farina,לא מנהל יחידת מידה,0.00,לא מנהל יחידת מידה,false,1,8.00,0.0000,true,1,350705
8724,true,תה La Farina,לה פרינה,IL,תה La Farina,לא מנהל יחידת מידה,0.00,לא מנהל יחידת מידה,false,1,8.00,0.0000,true,1,350706
8727,true,קפוצינו La Farina,לה פרינה,IL,קפוצינו La Farina,לא מנהל יחידת מידה,0.00,לא מנהל יחידת מידה,false,1,10.00,0.0000,true,1,350709
8728,true,אמריקנו חם/ קר בתוספ,לה פרינה,IL,אמריקנו חם/ קר בתוספת חלב La Farina,לא מנהל יחידת מידה,0.00,לא מנהל יחידת מידה,false,1,10.00,0.0000,true,1,350710
8731,true,קפוצינו גדול La Fari,לה פרינה,IL,קפוצינו גדול La Farina,לא מנהל יחידת מידה,0.00,לא מנהל יחידת מידה,false,1,12.00,0.0000,true,1,350713
8732,true,שוקו La Farina,לה פרינה,IL,שוקו La Farina,לא מנהל יחידת מידה,0.00,לא מנהל יחידת מידה,false,1,12.00,0.0000,true,1,350714
8733,true,חלה ברלה La Farina,לה פרינה,IL,חלה ברלה La Farina,לא מנהל יחידת מידה,0.00,לא מנהל יחידת מידה,false,1,15.90,0.0000,true,1,350715
8738,true,אייס קפה La Farina,לה פרינה,IL,אייס קפה La Farina,לא מנהל יחידת מידה,0.00,לא מנהל יחידת מידה,false,1,15.00,0.0000,true,1,350720
8760,true,דונטס במגוון מילויים,לה פרינה,IL,דונטס במגוון מילויים La Farina,יחידה,1.00,יחידה,false,1,9.90,9.9000,true,1,352371
37530,true,כנפית עוף,קצביית פרימיום,IL,כנפית עוף,קילוגרמים,1.00,"ק""ג",true,,24.90,24.9000,true,1,425504
37622,true,פרגיות קצר,קצביית פרימיום,IL,פרגיות קצר,קילוגרמים,1.00,"ק""ג",true,,69.90,69.9000,true,1,425513
40264,true,עגבניית אשכולות,חקלאי,IL,עגבניית אשכולות,קילוגרמים,1.00,"ק""ג",true,,9.90,9.9000,true,1,430426
40349,true,עגבנייה,חקלאי,IL,עגבנייה,קילוגרמים,1.00,"ק""ג",true,,9.90,9.9000,true,1,430427
40356,true,עגבניה תמר,חקלאי,IL,עגבניה תמר,קילוגרמים,1.00,"ק""ג",true,,9.90,9.9000,true,1,430428
40363,true,מלפפון,חקלאי,IL,מלפפון,קילוגרמים,1.00,"ק""ג",true,,9.90,9.9000,true,1,430429
40387,true,סלק,חקלאי,IL,סלק,קילוגרמים,1.00,"ק""ג",true,,7.90,7.9000,true,1,430431
40394,true,ענב ירוק איכות מעולה,חקלאי,IL,ענב ירוק איכות מעולה,קילוגרמים,1.00,"ק""ג",true,,30.90,30.9000,true,1,430432
40417,true,כרוב לבן,חקלאי,IL,כרוב לבן,קילוגרמים,1.00,"ק""ג",true,,6.90,6.9000,true,1,430433
40424,true,כרובית ארוזה,חקלאי,IL,כרובית ארוזה,גרמים,550.00,100 גרם,false,1,14.90,0.0271,true,1,430434
40486,true,בצל לבן,חקלאי,IL,בצל לבן,קילוגרמים,1.00,"ק""ג",true,,5.90,5.9000,true,1,430438
40493,true,שרי צבעוני 3 צבעים,חקלאי,IL,שרי צבעוני 3 צבעים,יחידה,1.00,יחידה,false,1,14.90,14.9000,true,1,434077
40509,true,שרי תמר בקבוקים,חקלאי,IL,שרי תמר בקבוקים,קילוגרמים,1.00,"ק""ג",true,,20.90,20.9000,true,1,430439
40523,true,בצל סגול,חקלאי,IL,בצל סגול,קילוגרמים,1.00,"ק""ג",true,,7.90,7.9000,true,1,430441
41421,true,פילה אמנון טרי מפולט,,IL,פילה אמנון טרי מפולט,קילוגרמים,1.00,"ק""ג",true,,79.90,79.9000,true,1,434110
41551,true,לחמניה המבורגר La Fa,לה פרינה,IL,לחמניה המבורגר La Farina,יחידה,1.00,יחידה,false,1,4.10,4.1000,true,1,350689
41575,true,גבטה La Farina,לה פרינה,IL,גבטה La Farina,יחידה,1.00,יחידה,false,1,6.50,6.5000,true,1,350692
41612,true,בייגל רומני  La Fari,לה פרינה,IL,בייגל רומני  La Farina,יחידה,1.00,יחידה,false,1,6.90,6.9000,true,1,350698
41629,true,בייגל ירושלמי La Far,לה פרינה,IL,בייגל ירושלמי La Farina,יחידה,1.00,יחידה,false,1,6.90,6.9000,true,1,350699
41636,true,פרצל La Farina,לה פרינה,IL,פרצל La Farina,יחידה,1.00,יחידה,false,1,7.90,7.9000,true,1,350702
41889,true,ראשי קוקוס,חקלאי,,ראשי קוקוס                        ייבוא,גרמים,550.00,100 גרם,false,1,8.90,0.0162,true,1,434341
176147,true,מוקה מס 1,פרוטרופיק סיה.,PL,מוקה 1 פילטר בריק,Unknown,0.00,Unknown,false,1,59.90,0.0000,true,1,412542
453781,true,שמרים יבשים 125 גרם,"אינסטנטה בע""מ",PT,שמרית שמרים יבשים 125 גרם,גרמים,125.00,100 גרם,false,1,6.90,0.0552,true,1,346367
662213,true,נתח פילה סלמון קפוא,תנובה,IL,נתח פילה סלמון קפוא בוואקום לקג,קילוגרמים,1.00,"ק""ג",true,,112.00,112.0000,true,1,346051
932026,true,אמנון גדול,,,אמנון גדול,קילוגרמים,1.00,"ק""ג",true,1,34.00,34.0000,true,1,411621
932064,true,בס,,,בס,קילוגרמים,1.00,"ק""ג",true,,59.90,59.9000,true,1,411625
932071,true,דניס גדול,,,דניס גדול,קילוגרמים,1.00,"ק""ג",true,,75.00,75.0000,true,1,411626
932378,true,סלמון טרי,,,סלמון טרי,קילוגרמים,1.00,"ק""ג",true,,134.90,134.9000,true,1,411640
940229,true,גאודה עזים הולנדית,,,גאודה עזים הולנדית,קילוגרמים,1.00,"ק""ג",true,,145.00,145.0000,true,1,411712
940960,true,גאודה הולנדית 31%,,,גאודה הולנדית 31%,קילוגרמים,1.00,"ק""ג",true,,75.00,75.0000,true,1,411731
940977,true,גבינת אמנטל,,,גבינת אמנטל,קילוגרמים,1.00,"ק""ג",true,1,95.00,95.0000,true,1,400359
1407127,true,חלבה בארכה פרוסות חל,רושדי תעשיות מזון בע,IL,בארכה פרוסות חלבה וניל כלפ.8*400גרם,גרמים,400.00,100 גרם,false,1,15.90,0.0398,true,1,412530
1427323,true,תפוח סלק מיץ קשת,"ב.א מזון בע""מ",IL,תפוח סלק מיץ קשת,ליטרים,1.00,ליטר,false,1,22.90,22.9000,true,1,412497
2026976,true,גלידת שוקולד וגלידת,מוצרי איכות אמריקאיי,IL,שוקולד מילק &קוקיס - מופוריה,מיליליטרים,500.00,"100 מ""ל",false,1,23.90,0.0478,true,1,348114
2026983,true,גלידת שוקולד עם בצק,מוצרי איכות אמריקאיי,IL,גלידת שוקולד בצק עוגיות - מופוריה,מיליליטרים,500.00,"100 מ""ל",false,1,23.90,0.0478,true,1,348115
2075035,true,אובלטים 500 גר,,,אובלטים 500 גר,גרמים,500.00,100 גרם,false,1,16.90,0.0338,true,1,412555
2075219,true,אייסקונפקט 500,,,אייסקונפקט 500,Unknown,0.00,Unknown,false,1,29.90,0.0000,true,1,412556
2075271,true,ריקולה שקית בטעם צמח,,,ריקולה שקית בטעם צמחים 70גרם,גרמים,70.00,100 גרם,false,1,12.90,0.1843,true,1,412557
2128311,true,נר נשמה מנורה בכוס ש,מנורה,IL,נר נשמה מנורה בכוס שבועי,יחידה,1.00,יחידה,false,1,13.90,13.9000,true,1,435928
2128410,true,נרות שבת אורה מספר 6,מנורה,IL,נרות שבת אורה מספר 6,יחידה,1.00,יחידה,false,1,3.90,3.9000,true,1,435929
2128946,true,נר נשמה מנורה  בכוס,מנורה,IL,נר נשמה מנורה  בכוס 84 שעות,יחידה,1.00,יחידה,false,1,5.90,5.9000,true,1,435930
2133551,true,לבנה 500 גר,,,לבנה 500 גר,Unknown,0.00,Unknown,false,1,19.90,0.0000,true,1,412560
2304210,true,קונפ לייט משמש 600 ג,,,קונפ לייט משמש 600 ג,Unknown,0.00,Unknown,false,1,24.90,0.0000,true,1,412562
2304234,true,קונפ לייט אוכמניות 6,,,קונפ לייט אוכמניות 6,Unknown,0.00,Unknown,false,1,24.90,0.0000,true,1,413144
2304616,true,"קונפיטורה ביתי ""ענבי",,,"קונפיטורה ביתי ""ענבי",גרמים,600.00,100 גרם,false,1,19.90,0.0332,true,1,406249
2304623,true,פירות יער תנובה,,,"קונפיטורה ביתי ""ענבי ציון"" פירות יער 600",גרמים,600.00,100 גרם,false,1,19.90,0.0332,true,1,412498
2304630,true,"קונפיטורה ביתי ""ענבי",,,"קונפיטורה ביתי ""ענבי",גרמים,600.00,100 גרם,false,1,19.90,0.0332,true,1,406250
2304661,true,"קונפיטורה ביתי ""ענבי",,,"קונפיטורה ביתי ""ענבי",גרמים,600.00,100 גרם,false,1,19.90,0.0332,true,1,406251
2304692,true,קונפ חמוציות דובדבן,,,קונפ חמוציות דובדבן 600 גרם,גרמים,600.00,100 גרם,false,1,19.90,0.0332,true,1,419234
2317616,true,זיתים מרינט 17-19 A2,מוטולה,IL,זיתים מרינט 17-19 A2  מוטולה 340גרם,גרמים,340.00,100 גרם,false,1,10.90,0.0321,true,1,436008
2317678,true,זיתים נטולי גלעין מו,מוטולה,IL,זיתים נטולי גלעין מוטולה 265גרם  צנצנת,גרמים,265.00,100 גרם,false,1,9.90,0.0374,true,1,436011
2317753,true,זיתים טבעות ירוק  מו,מוטולה,IL,זיתים טבעות ירוק  מוטולה 300 גרם צנצנת,גרמים,300.00,100 גרם,false,1,9.90,0.0330,true,1,436010
2511274,true,גבינת שמנת זיתים 30%,מחלבת המושבה,IL,גבינת שמנת זיתים 30%,קילוגרמים,1.00,"ק""ג",true,,49.00,49.0000,true,1,430365
2603504,true,פיצת השף שגב עגבניות,,,פיצת השף שגב עגבניות,Unknown,0.00,Unknown,false,1,14.90,0.0000,true,1,415429
3072804,true,פסטרמה של פעם  200גר,הנסיך- מפעל לייצור ט,IL,"טירת צבי, פסטרמה של פעם, 200 גרם, ללא גלוטן",גרמים,200.00,100 גרם,false,1,26.90,0.1345,true,1,350488
3072811,true,נקניקיות בראטוורסט ל,הנסיך- מפעל לייצור ט,IL,"נקניקיות בראטוורסט לל""ג 320 גרם",גרמים,320.00,100 גרם,false,1,22.90,0.0716,true,1,350489
4861056,true,גבינה צפתית 5%,מחלבת המושבה,IL,גבינה צפתית 5%,קילוגרמים,1.00,"ק""ג",true,,55.00,55.0000,true,1,430384
4982355,true,צדר טריפל,,,צדר טריפל,קילוגרמים,1.00,"ק""ג",true,1,149.00,149.0000,true,1,396810
6256775,true,יין גאטו נגרו מלבק 7,פינקל פודס,AR,יין גאטו נגרו מלבק 750 מל,מיליליטרים,750.00,"100 מ""ל",false,1,36.90,0.0492,true,1,356416
6660411,true,מגבונים טבעיים ואקול,"די.פי,אל תעשיות",IL,מגבונית לחים לתינוק,לא מנהל יחידת מידה,0.00,לא מנהל יחידת מידה,false,1,9.90,0.0000,true,1,413188
6899088,true,תה סרמוני ירוק נענע,,IL,תה סרמוני ירוק נענע מרוקאית 20 שקיקים,יחידה,1.00,יחידה,false,1,19.90,19.9000,true,1,430132
8403191,true,"גבינת קשקבל בשלה לק""",,,"גבינת קשקבל בשלה לק""ג",קילוגרמים,1.00,"ק""ג",true,,119.00,119.0000,true,1,416379
8403238,true,ברי איסיני לקגג,,,ברי איסיני לקגג,קילוגרמים,1.00,"ק""ג",true,1,149.00,149.0000,true,1,396816
8403443,true,גבינת קברה עיזים,סאן ויסנטה,ES,גבינת קברה עיזים,קילוגרמים,1.00,"ק""ג",true,,169.00,169.0000,true,1,410913
8403450,true,גבינת מנצגו בשלה,סאן ויסנטה,ES,גבינת מנצגו בשלה,קילוגרמים,1.00,"ק""ג",true,,199.00,199.0000,true,1,416385
8425186,true,זיתים אורגניים סורי4,,,זיתים אורגניים סורי4,Unknown,0.00,Unknown,false,1,21.90,0.0000,true,1,406571
8425193,true,זיתים נאבלי,,,זיתים נאבלי,גרמים,400.00,100 גרם,false,1,21.90,0.0547,true,1,406572
8425209,true,זיתים אורגניים פיקוא,,,זיתים אורגניים פיקוא,Unknown,0.00,Unknown,false,1,21.90,0.0000,true,1,406573
8804455,true,יין ס.א רוזה,אגודת הכורמים הקואופ,IL,כרמל הסדרה האזורית רוזה יין יבש 2016 750 מל,לא מנהל יחידת מידה,0.00,לא מנהל יחידת מידה,false,1,59.90,0.0000,true,1,399554
30107014,false,נייר גלגול גדול +פיל,,,נייר גלגול גדול +פילטר בודד,יחידה,1.00,יחידה,false,1,10.00,10.0000,true,1,434227
30112902,false,נייר גלגול קטן+פילטר,,,נייר גלגול קטן+פילטר בודד,יחידה,1.00,יחידה,false,1,8.90,8.9000,false,1,434228
32147230,false,מיץ לימון משומר לימו,סידאג איי.גיי,,סיצילה מיץ לימון משומר לימונית 200 מל,מיליליטרים,200.00,"100 מ""ל",false,1,8.50,0.0425,true,1,294525
40084077,false,קינדר מקסי,פררו,DE,קינדר מקסי,יחידה,1.00,יחידה,false,1,3.00,3.0000,true,1,395752
40084107,false,ביצת הפתעה קינדר בוד,פררו,IT,ביצת הפתעה - עשיר בחלב,גרמים,20.00,100 גרם,false,1,6.00,0.3000,true,1,285868
40084725,false,קנדר מילק סלייס עוגת,פררו טורקיה צ'יקולטה,TR,קנדר מילק סלייס עוגת ספוג במילוי קרם65%,גרמים,30.00,100 גרם,false,1,4.50,0.1500,true,1,360547
40099583,false,מסטיק סטיקס        .,ריגלי צרפת,FR,מסטיק אורביט ילדים קלאסי סטיקס בודד,Unknown,0.00,Unknown,false,1,2.30,0.0000,true,1,365317
40099606,false,מסטיק אורביט סטיקס ס,ריגלי צרפת,FR,מסטיק אורביט ספרמינט סטיקס בודד,לא מנהל יחידת מידה,0.00,לא מנהל יחידת מידה,false,1,2.30,0.0000,true,1,285828
40111216,false,חטיף שוקולד באונטי 5,מרס הולנד בי.וי.,NL,חטיף קוקוס רך מצופה שוקולד חלב באונטי,גרמים,57.00,100 גרם,false,1,4.70,0.0825,true,1,282512
41001356,false,"בירה בקס פחית 500 מ""",יבואן ומשווק: ש. שסט,DE,בירה בק'ס בפחית 500 מל,מיליליטרים,500.00,"100 מ""ל",false,1,11.90,0.0238,true,1,287274
42113263,false,מסטיק אורביט סטיקס ת,ריגלי צרפת,FR,מסטיק אורביט תות סטיקס בודד,לא מנהל יחידת מידה,0.00,לא מנהל יחידת מידה,false,1,2.30,0.0000,true,1,292954
42138105,false,סיגריות וינסטון סלימ,גיי טי אינטרנשיונל,,סיגריות וינסטון סלימס כחול חפיסה בודד,לא מנהל יחידת מידה,0.00,לא מנהל יחידת מידה,false,1,34.30,0.0000,false,1,296524
42138129,false,סיגריות וינסטון סלימ,JTI,,סיגריות וינסטון סלימס מנטול חפיסה בודד,לא מנהל יחידת מידה,0.00,לא מנהל יחידת מידה,false,1,34.30,0.0000,false,1,431201
42154662,false,מסטיק אורביט באריזת,ריגלי צרפת,FR,מסטיק אורביט ספרמינט מעטפה,לא מנהל יחידת מידה,0.00,לא מנהל יחידת מידה,false,1,6.90,0.0000,true,1,293097
42174479,false,מסטיק אורביט באריזת,ריגלי צרפת,FR,"אורביט גומי לעיסה בטעם תות ,27 גרם",גרמים,27.00,100 גרם,false,1,6.90,0.2556,true,1,319393
42188889,false,מסטיק פייב אבטיח סטי,ריגלי צרפת,FR,מסטיק פייב אבטיח סטיקס  12 יחידות,גרמים,31.00,100 גרם,false,1,6.90,0.2226,true,1,300406
50204830,false,אוטן אקטיב נגד יתוש,SC Jonson,,אוטן אקטיב נגד יתושים ללא גז,מיליליטרים,100.00,"100 מ""ל",false,1,17.90,0.1790,true,1,289042
54051140,false,מעדן סויה וניל אלפרו,הנסיך- מפעל לייצור ט,BE,מעדן סויה וניל אלפרו רביעייה 500 גרם,גרמים,500.00,100 גרם,false,1,17.90,0.0358,true,1,292647
59039549,false,סיגריות ווג פריזון מ,BAT,,סיגריות ווג פריזון מנטול חפיסה בודד,Unknown,0.00,Unknown,false,1,40.00,0.0000,false,1,300546
59068907,false,סיגריות פאל מאל כחול,גלוברנס,,סיגריות פאל מאל כחול דמי סלימס בודד,לא מנהל יחידת מידה,0.00,לא מנהל יחידת מידה,false,1,27.30,0.0000,false,1,432510
59068914,false,סיגריות פאל מאל סילב,,,סיגריות פאל מאל סילבר דמני סלימס בודד,לא מנהל יחידת מידה,0.00,לא מנהל יחידת מידה,false,1,27.30,0.0000,false,1,344221
59455233,false,סיגריות ווג ליידי כח,BAT,,סיגריות ווג ליידי כחול חפיסה בודד,לא מנהל יחידת מידה,0.00,לא מנהל יחידת מידה,false,1,40.00,0.0000,false,1,302220
59455240,false,סיגריות ווג ליידי לי,BAT,,סיגריות ווג ליידי לילך חפיסה בודד,Unknown,0.00,Unknown,false,1,40.00,0.0000,false,1,431365
72940754,false,מילקי וניל 133 גרם,"שטראוס גרופ בע""מ",IL,מילקי בטעם וניל,גרמים,133.00,100 גרם,false,1,3.00,0.0226,true,1,284236
72940761,false,מילקי שוקולד 133 גרם,"שטראוס גרופ בע""מ",IL,מילקי בטעם שוקולד,גרמים,133.00,100 גרם,false,1,3.00,0.0226,true,1,284237
72940952,false,מילקי פי 2 קצפת 107,"שטראוס גרופ בע""מ",IL,מילקי אקסטרה קצפת,גרמים,107.00,100 גרם,false,1,3.90,0.0364,true,1,284238
72941041,false,מילקי מיני שוקולד,"שטראוס גרופ בע""מ",IL,מילקי מיני שוקולד,מיליליטרים,90.00,"100 מ""ל",false,1,2.20,0.0244,true,1,284239
72945308,false,שמרים טריים לאפייה ש,קדבורי,IL,שמרית שמרים טריים לאפייה 50 גרם,גרמים,50.00,100 גרם,false,1,4.50,0.0900,true,1,284240
72961544,false,באדי תות 125 גרם,מחלבת אלון תבור,IL,באדי תות 125 גרם,גרמים,125.00,100 גרם,false,1,3.40,0.0272,true,1,284256
72963753,false,שמנת של פעם 27% תנוב,תנובה,IL,תנובה שמנת של פעם אורגינל 27% שומן,מיליליטרים,200.00,"100 מ""ל",false,1,4.20,0.0210,true,1,284264
72964132,false,טבעגורט יוגורט עם גר,מחלבת אלון תבור,IL,טבעגורט יוגורט עם גרנולה 200 גרם,גרמים,200.00,100 גרם,false,1,4.90,0.0245,true,1,284266
72964422,false,יוגורט תנובה 4% 200,מחלבת תנובה,IL,תנובה יוגורט 4.5% שומן 200 מל,גרמים,200.00,100 גרם,false,1,2.90,0.0145,true,1,284267
72986240,false,באדי שוקו בדצ,מחלבת אלון תבור,IL,באדי מעדן שוקו גביע 125גרם 2% בדצ,מיליליטרים,125.00,"100 מ""ל",false,1,3.20,0.0256,true,1,365164
72986424,false,גלידה קרם עוגיות 500,מוצרי איכות אמריקאיי,IL,"פיינט קרם עוגיות בד""ץ",מיליליטרים,500.00,"100 מ""ל",false,1,23.90,0.0478,true,1,284278
72986448,false,גלידה טופי קראנץ 500,מוצרי איכות אמריקאיי,IL,גלידת  וניל עם חתיכות טופי  מצופות שוקולד,מיליליטרים,500.00,"100 מ""ל",false,1,23.90,0.0478,true,1,284279
72986455,false,גלידה ניו יורק סופר,מוצרי איכות אמריקאיי,IL,פיינט ניו-יורק סופר FT,מיליליטרים,500.00,"100 מ""ל",false,1,23.90,0.0478,true,1,284280
72986479,false,גלידה צינקי מונקי 50,מוצרי איכות אמריקאיי,IL,פיינט צאנקי מנקי FT,מיליליטרים,500.00,"100 מ""ל",false,1,23.90,0.0478,true,1,284281
72989395,false,טילון קרם עוגיות 100,מוצרי איכות אמריקאיי,IL,טילון קרם עוגיות,גרמים,100.00,100 גרם,false,1,8.90,0.0890,true,1,430740
72989425,false,גלידה שוקולד בראוניס,מוצרי איכות אמריקאיי,IL,פיינט שוקולד בראוניס FT,מיליליטרים,500.00,"100 מ""ל",false,1,23.90,0.0478,true,1,288584
72991886,false,גלידה דולצה דה לצה 5,מוצרי איכות אמריקאיי,IL,פיינט דולצ'ה דה לצ'ה,מיליליטרים,500.00,"100 מ""ל",false,1,23.90,0.0478,true,1,284285
76136184,false,סיגריות פאל מל סלימס,BAT,,סיגריות פאל מל סלימס כחול חפיסה בודד,לא מנהל יחידת מידה,0.00,לא מנהל יחידת מידה,false,1,31.40,0.0000,false,1,292516
80001027,false,חטיף טורטינה חלב,לואקר,IT,וופל בציפוי שוקולד חלב וממלוא בקרם אגוזים,גרמים,21.00,100 גרם,false,1,4.60,0.2190,true,1,285865
80001287,false,חטיף גרדנה אגוז,לואקר,AT,חטיף גרדנה אגוז 38 גרם,גרמים,38.00,100 גרם,false,1,4.50,0.1184,true,1,284375
80001461,false,חטיף גרדנה שוקולד,"א. לואקר קונפקט בע""מ",AT,חטיף גרדנה שוקולד 38 גרם,גרמים,38.00,100 גרם,false,1,4.50,0.1184,true,1,292780
80001485,false,גרדנה קוקוס,א. לואקר,IT,לואקר גרדנה קוקוס,גרמים,38.00,100 גרם,false,1,4.50,0.1184,true,1,292781
80001799,false,חטיף טורטינה לבן 21,"כד בני דרום בע""מ",IT,וופל בציפוי שוקולד חלב וממלוא בקרם אגוזים,גרמים,21.00,100 גרם,false,1,4.50,0.2143,true,1,317248
80001911,false,חטיף גרדנה לבן 38 גר,א. לואקר,AT,חטיף גרדנה לבן 38 גרם,גרמים,38.00,100 גרם,false,1,4.50,0.1184,true,1,323097
80007128,false,קפה לווצה רוסו,לוואצה,IT,קפה לווצה רוסו אדום 250 גר,גרמים,250.00,100 גרם,false,1,29.90,0.1196,true,1,286035
80042563,false,מחית רסק עגבניות  פא,Mutti,IT,רסק עגבניות 700 גרם (צהוב) MUTTI,גרמים,700.00,100 גרם,false,1,11.90,0.0170,true,1,323124
80043638,true,כורכום טחון אורגני 4,בנומנולי,IT,סנומאלה כורכום טחון אורגני 47 גרם,גרמים,47.00,100 גרם,false,1,14.90,0.3170,true,1,337948
80043645,true,קארי טחון אורגני,בנומנולי,IT,סנומאלה קארי טחון אורגני 52 גרם,גרמים,32.00,100 גרם,false,1,14.90,0.4656,true,1,337949
80043775,true,צלי טחון אורגני,בנומנולי,IT,סנומאלה צ'ילי טחון אורגני 50 גרם,גרמים,50.00,100 גרם,false,1,14.90,0.2980,true,1,337950
80043874,true,פלפל שחור במטחנה,בונומלי,IT,פלפל שחור אורגני במטחנה 28 גרם,גרמים,32.00,100 גרם,false,1,14.90,0.4656,true,1,337951
80044062,true,ציפורן אורגני,בנומנולי,IT,סנומאלה ציפורן אורגני 32 גרם,גרמים,32.00,100 גרם,false,1,14.90,0.4656,true,1,337952
80044079,true,קינמון טחון אורגני,בנומנולי,IT,סנומאלה קינמון טחון אורגני 42 גרם,גרמים,42.00,100 גרם,false,1,14.90,0.3548,true,1,337953
80050025,false,סוכריות טיק טק תפוז,פררו,ZA,דחוסות בטעם תפוז,גרמים,16.00,100 גרם,false,1,3.90,0.2437,true,1,284420
80050124,false,סוכריות טיק טק מנטה,פררו,ZA,טיק טק מנטה,גרמים,16.00,100 גרם,false,1,3.90,0.2437,true,1,284421
80050278,false,פררו רושה שלישייה,קדבורי,IT,פררו רושה שלישייה,גרמים,38.00,100 גרם,false,1,5.90,0.1553,true,1,286994
80052487,false,רפאלו  30 גרי שלישיי,פררו,PL,רפאלו  30 גרי שלישייה,גרמים,30.00,100 גרם,false,1,3.90,0.1300,true,1,361200
80052760,false,חטיף וופל קינדר בואנ,קדבורי,PL,קינדר בואנו,גרמים,43.00,100 גרם,false,1,4.90,0.1140,true,1,284425
80083665,false,עוגיות שוקולד ציפס א,גנדולה ביסקוטי,IT,עוגיות אורגניות עם שוקולד צ'יפס 250 גרם,גרמים,350.00,100 גרם,false,1,16.90,0.0483,true,1,357216
80083764,false,עוגיות דגנים שיבולת,גנדולה ביסקוטי,IT,עוגיות דגנים אורגניות עם שיבולת שועל 250 גרם,גרמים,350.00,100 גרם,false,1,16.90,0.0483,true,1,357217
80136194,false,קינדר הפי היפו אגוזי,קדבורי,DE,"הפי היפו קקאו, וופל במילוי קרם חלבי וקרם אגוזי לוז",לא מנהל יחידת מידה,0.21,לא מנהל יחידת מידה,false,1,13.90,66.1905,true,1,399985
80176732,false,קינדר הפי היפו,קדבורי,DE,"הפי היפו קקאו, וופל במילוי קרם חלבי וקרם קקאו",גרמים,21.00,100 גרם,false,1,2.90,0.1381,true,1,293631
80176800,false,ממרח שוקולד נוטלה 75,אף.סי תבליני בגליל ב,IT,ממרח שוקולד נוטלה 750 גרם,גרמים,750.00,100 גרם,false,1,27.90,0.0372,true,1,284436
80177173,false,ממרח שוקולד נוטלה,פררו,IT,ממרח שוקולד נוטלה אגוזים 350 גרם,גרמים,350.00,100 גרם,false,1,15.90,0.0454,true,1,284437
80177180,false,שוקולד קינדר קאנטרי,קדבורי,IT,שוקולד קינדר קאנטרי 23.5 גרם,גרמים,24.00,100 גרם,false,1,2.90,0.1208,true,1,288581
80177609,false,שוקולד קינדר אצבעות,קדבורי,IT,שוקולד חלב עם תכולת חלב גבוהה במילוי קרם חלבי,גרמים,50.00,100 גרם,false,1,5.50,0.1100,true,1,284438
80177616,false,שוקולד חלב ממולא קינ,פררו,IT,שוקולד חלב עם תכולת חלב גבוהה במילוי קרם חלבי,גרמים,100.00,100 גרם,false,1,8.90,0.0890,true,1,284439
80273561,false,פלפל שחור במטחנה 45,DROGHERIA E ALIMENTA,,פלפל שחור במטחנה 45 גרם,גרמים,45.00,100 גרם,false,1,12.90,0.2867,true,1,284456
80273592,false,פלפל 4 העונות במטחנה,DROGHERIA E ALIMENTA,,פלפל 4 העונות במטחנה 35 גרם,גרמים,35.00,100 גרם,false,1,12.90,0.3686,true,1,284458
80273639,false,מלח ים במטחנה 90 גרם,DROGHERIA E ALIMENTA,,מלח ים במטחנה 90 גרם,גרמים,90.00,100 גרם,false,1,12.90,0.1433,true,1,284460
80273660,false,שום במטחנה 50 גרם,DROGHERIA E ALIMENTA,,שום במטחנה 50 גרם,גרמים,50.00,100 גרם,false,1,12.90,0.2580,true,1,284461
80273677,false,"צ""ילי במטחנה 20 גרם",DROGHERIA E ALIMENTA,,"צ""ילי במטחנה 20 גרם",גרמים,20.00,100 גרם,false,1,12.90,0.6450,true,1,284462
80310891,false,"ביצת קינדר ג""וי",פררו,ZA,"ביצת קינדר ג""וי 20 גרם",גרמים,20.00,100 גרם,false,1,6.00,0.3000,true,1,435859
80473206,true,פפריקה מתוקה קנהמלה,קנהמלה,IT,פפריקה מתוקה אורגנית,גרמים,50.00,100 גרם,false,1,14.90,0.2980,true,1,338192
80473213,true,כמון אורגני קנהמלה 3,קנהמלה,IT,כמון טחון אורגני,גרמים,32.00,100 גרם,false,1,14.90,0.4656,true,1,338193
80473336,true,פלפל שחור טחון אורגנ,בונומלי,IT,פלפל שחור טחון אורגני 50 גרם,גרמים,50.00,100 גרם,false,1,14.90,0.2980,true,1,338194
80533962,false,טונה בשמן זית 200 גר,,,טונה בשמן זית 200 גרם,גרמים,200.00,100 גרם,false,1,45.90,0.2295,true,1,430325
80541776,false,אורגנו אורגני,בנומנולי,IT,אורגנו אורגני,גרמים,14.00,100 גרם,false,1,14.90,1.0643,true,1,350971
80650881,false,תיבול גורמה בזיליקום,דרוגריה ואלימנטרי אס,,תיבול גורמה בזיליקום ים תיכוני,מיליליטרים,80.00,"100 מ""ל",false,1,12.90,0.1613,true,1,364290
80651000,false,"שום וצ""ילי במטחנה 30",DROGHERIA E ALIMENTA,,"שום וצ""ילי במטחנה 30 גרם",גרמים,30.00,100 גרם,false,1,12.90,0.4300,true,1,284491
80651017,false,תערובת עשבי טוסקנה,ארומה דה טוסקנה,,תערובת עשבי טוסקנה במטחנה16 גר,גרמים,16.00,100 גרם,false,1,11.90,0.7438,true,1,364291
80655404,true,שום גבישי אורגני,בנומנולי,IT,סנומאלה שום גבישי אורגני 70 גרם,גרמים,70.00,100 גרם,false,1,14.90,0.2129,true,1,338201
80655428,true,בזיליקום אורגני קנהמ,בנומנולי,IT,סנומאלה בזיליקום אורגני 15 גרם,גרמים,15.00,100 גרם,false,1,14.90,0.9933,true,1,338202
80718758,false,טונה בשמן זית בצנצנת,קליפו קונסרב,IT,גושי טונה בהירה בשמן זית,גרמים,160.00,100 גרם,false,1,21.90,0.1369,true,1,430013
80718765,false,טונה במים בצנצנת קלי,קליפו קונסרב,IT,טונה במים בצנצנת קליפו 160 גרם,גרמים,160.00,100 גרם,false,1,23.90,0.1494,true,1,430323
80761761,false,חטיף וופל קינדר בואנ,קדבורי,PL,חטיף וופל קינדר בואנו שוקולד לבן 39 גרם,גרמים,39.00,100 גרם,false,1,4.90,0.1256,true,1,301135
80768258,false,ביצת קינדר גוי ורוד,פררו,ZA,קינדר ג'וי ורוד,גרמים,20.00,100 גרם,false,1,6.00,0.3000,true,1,312104
80773429,false,מסטיק מנטוס פיור פרש,"פרפטי ואן מלה ג'ידה,",TR,מנטוס גומי לעיסה ללא סוכר בטעם תות שדה,גרמים,60.00,100 גרם,false,1,9.90,0.1650,true,1,329491
80773443,false,מסטיק מנטוס מנטה פיר,פרפטי ואן מלה ברדה,TR,מנטוס גומי לעיסה ללא סוכר בטעם מנטה,גרמים,60.00,100 גרם,false,1,9.90,0.1650,true,1,326995
80790990,false,מסטיק מנטוס מנטה עדי,פרפטי ואן מלה ברדה,TR,מסטיק מנטוס מנטה עדינה בקבוק מעוגל 60 גר,גרמים,60.00,100 גרם,false,1,9.90,0.1650,true,1,326979
80831402,false,סוכרית מנטוס מנטה עד,קדבורי,NL,סוכרית מנטוס מנטה עדינה ללא סוכר,לא מנהל יחידת מידה,0.00,לא מנהל יחידת מידה,false,1,6.90,0.0000,true,1,355490
80843184,false,מסטיק בקבוקון פיור ע,פרפטי ואן מלה,TR,מסטיק בקבוקון פיור ענבים 60 גרם,גרמים,60.00,100 גרם,false,1,9.90,0.1650,true,1,427702
80854753,false,סוכרית מנטוס מנטה לל,קדבורי,NL,סוכרית מנטוס מנטה ללא סוכר,לא מנהל יחידת מידה,0.00,לא מנהל יחידת מידה,false,1,6.90,0.0000,true,1,355491
80864295,false,מסטיק בקבקון מ.עדינה,פרפטי ואן מלה,TR,מסטיק בקבקון מ.עדינה pure white 60 גרם,גרמים,60.00,100 גרם,false,1,9.90,0.1650,true,1,428054
80874652,false,קינדר קארדס 25.6 גרם,פררו,IT,קינדר קארדס 25.6 גרם,גרמים,26.00,100 גרם,false,1,4.90,0.1885,true,1,435656
80896081,false,מסטיק מנטוס פיור פרש,"פרפטי ואן מלה ג'ידה,",TR,מנטוס גומי לעיסה ללא סוכר בטעם אבטיח,גרמים,60.00,100 גרם,false,1,9.90,0.1650,true,1,329492
80913467,false,מסטיק מנטוס מנטה בקב,פרפטי ואן מלה ג'דה,TR,mentos - pure fresh,גרמים,60.00,100 גרם,false,1,9.90,0.1650,true,1,327112
80936848,false,סוכריות טיק טק תות 1,פררו,ZA,טיק טק בטעם תות שדה- מנטה 16 גרם,גרמים,16.00,100 גרם,false,1,3.90,0.2437,true,1,311665
80945468,false,מסטיק בקבקון מ.מתוקה,"פרפטי ואן מלה ג'ידה,",TR,מנטוס גומי לעיסה ללא סוכר בטעם תות שדה,גרמים,60.00,100 גרם,false,1,9.90,0.1650,true,1,428055
80974482,false,ביצת קינדר גוי כחול,פררו,ZA,קינדר ג'וי כחול,גרמים,20.00,100 גרם,false,1,6.00,0.3000,true,1,312105
80979128,false,מסטיק בקבוקון פיור ד,פרפטי ואן מלה,TR,מסטיק בקבוקון פיור דובדובן 60 גרם,גרמים,60.00,100 גרם,false,1,9.90,0.1650,true,1,427703
80982470,false,מסטיק מנטוס פיור מנט,פרפטי ואן מלה ברדה,TR,מסטיק מנטוס פיור מנטה חזקה 60 ג,גרמים,60.00,100 גרם,false,1,9.90,0.1650,true,1,359777
80986348,false,מסטיק בקבקון מנטה pu,"פרפטי ואן מלה ג'ידה,",TR,מנטוס גומי לעיסה ללא סוכר בטעם תות שדה,גרמים,60.00,100 גרם,false,1,9.90,0.1650,true,1,428056
85939868,false,נייר קצר ללא פילטר,,,נייר קצר ללא פילטר,יחידה,0.00,יחידה,false,1,3.00,0.0000,true,1,435747
85942677,false,נייר קצר כולל פילטר,,,נייר קצר כולל פילטר,Unknown,0.00,Unknown,false,1,6.00,0.0000,false,1,435746
85942707,false,נייר קצר עבה,,,נייר קצר עבה,Unknown,0.00,Unknown,false,1,3.00,0.0000,false,1,435748
85951730,false,120 פילטרים SLIM PAR,,,120 פילטרים SLIM PARTY,Unknown,0.00,Unknown,false,1,0.01,0.0000,false,1,435745
85966611,false,נייר גלגול גדול כולל,,,נייר גלגול גדול כולל פילטר PIH,יחידה,1.00,יחידה,false,1,7.50,7.5000,false,1,435751
87108538,false,סוכריות מנטוס תות גל,הדקלאים אגודת שיתופי,NL,מנטוס תות 40 גלילים,גרמים,38.00,100 גרם,false,1,3.90,0.1026,true,1,292354
87108651,false,סוכריות מנטה,פרפטי ואן מילה,NL,מנטוס מנטה  1/4,גרמים,150.00,100 גרם,false,1,11.90,0.0793,true,1,364421
87311396,false,סוכריות מנטוס ריינבא,פרפטי ואן מלה,NL,מנטוס  ריינבאוו סוכריות לעיסה בטעמי פירות 37.5 גרם,גרמים,38.00,100 גרם,false,1,3.90,0.1026,true,1,305730
90162602,false,משקה אנרגיה רד בול,רד בול ג'י.אם.בי. אץ,AT,"משקה אנרגיה רד בול 250 מ""ל",מיליליטרים,250.00,"100 מ""ל",false,1,8.00,0.0320,true,1,291694
90162800,false,משקה אנרגיה רד בול,רד בול ג'י.אם.בי. אץ,AT,רד בול,מיליליטרים,250.00,"100 מ""ל",false,1,8.00,0.0320,true,1,292508
90446269,false,רד בול אבטיח 250 מל,ראון פרוכטסאפה,AT,רד בול אבטיח 250 מל,מיליליטרים,250.00,"100 מ""ל",false,1,8.00,0.0320,true,1,430406
90448867,false,רד בול ללא פחמימות פ,רד בול,AT,רד בול ללא פחמימות פחית 250 מל,מיליליטרים,250.00,"100 מ""ל",false,1,8.00,0.0320,true,1,430126
8421361472,false,בובת TY עיניים גדולו,TY,,בובת TY עיניים גדולות הזהבה,Unknown,0.00,Unknown,false,1,29.90,0.0000,true,1,394094
9800800056,false,נוטלה גו בייגלה מלוח,פררו,DE,נוטלה גו בייגלה מלוח,גרמים,52.00,100 גרם,false,1,6.20,0.1192,true,1,323517
11182700923,false,קינג קול שעועית אדומ,קינג קול,,קינג קול שעועית אדומה,יחידה,1.00,יחידה,false,1,10.90,10.9000,true,1,382459
11182700930,false,שעועית אדומה בהירה ק,קינג קול,,שעועית אדומה בהירה קינג קול 436 גרם,גרמים,436.00,100 גרם,false,1,10.90,0.0250,true,1,302783
11182700954,false,שעועית שחורה קינג קו,קינג קול,,שעועית שחורה קינג קול 436 גרם,גרמים,436.00,100 גרם,false,1,10.90,0.0250,true,1,301381
11210000094,false,"רוטב טבסקו 60 מ""ל",מקאילהייני אייבורי,,"רוטב טבסקו 60 מ""ל",מיליליטרים,60.00,"100 מ""ל",false,1,11.90,0.1983,true,1,280585
11210007253,false,רוטב טבסקו שום ופלפל,מקאילהייני אייבורי,,"רוטב טבסקו שום ופלפל 60 מ""ל",מיליליטרים,60.00,"100 מ""ל",false,1,11.90,0.1983,true,1,280586
11210009387,false,רוטב טבסקו פלפל ירוק,מקאילהייני אייבורי,,"רוטב טבסקו פלפל ירוק 60 מ""ל",מיליליטרים,60.00,"100 מ""ל",false,1,11.90,0.1983,true,1,280587
14100082033,false,עוגיות קאפטיבה רכות,פפרדג פארם,,עוגיות קאפטיבה רכות פפרידג 244 גרם,גרמים,244.00,100 גרם,false,1,22.90,0.0939,true,1,293338
16000142220,false,נייטצר ואלי פרוטאין,ג'נרל מילס,US,נייטצר ואלי פרוטאין XL בוטנים קרמל מלוח,גרמים,60.00,100 גרם,false,1,11.90,0.1983,true,1,429046
16000185517,false,דגני פייבר 1 555גרם,בטר אנד דיפרנט,US,דגני פייבר 1 555גרם,גרמים,555.00,100 גרם,false,1,29.90,0.0539,true,1,428333
16000281684,false,חטיפי גרנולה קראנצי,ג'נרל מילס,,חטיפי גרנולה קראנצי פקאן 210 גרם,גרמים,210.00,100 גרם,false,1,14.90,0.0710,true,1,294397
16000423534,false,חטיפי גרנולה קראנצי,ג'נרל מילס סאן אדריא,ES,חטיפי גרנולה קראנצי שיבולת שועל מריר 210,גרמים,210.00,100 גרם,false,1,14.90,0.0710,true,1,301215
16000515420,false,נייטצר ואלי פרוטאין,ג'נרל מילס,US,נייטצר ואלי פרוטאין XL בוטנים שבבי שוקול,גרמים,60.00,100 גרם,false,1,11.90,0.1983,true,1,429047
16000548404,false,חטיפי גרנולה קראנצי,ג'נרל מילס סאן אדריא,ES,"נייטשר וואלי, קראנצ'י שיבולת שועל עם דבש",גרמים,210.00,100 גרם,false,1,14.90,0.0710,true,1,280908
16000548503,false,חטיפי גרנולה קראנצי,ג'נרל מילס סאן אדריא,ES,חטיפי גרנולה קראנצי מייפל וסוכר חום 210,גרמים,210.00,100 גרם,false,1,14.90,0.0710,true,1,280909
16000548602,false,חטיפי גרנולה קראנצי,ג'נרל מילס סאן אדריא,ES,חטיפי גרנולה קראנצי קינמון 210 גרם,גרמים,210.00,100 גרם,false,1,14.90,0.0710,true,1,280910
16000548909,false,חטיפי גרנולה קראנצי,ג'נרל מילס סאן אדריא,ES,חטיפי גרנולה קראנצי מגוון טעמים 210 גרם,גרמים,210.00,100 גרם,false,1,14.90,0.0710,true,1,280911
16229924263,true,קרם קוקוס 250 מל,,,קרם קוקוס 250 מל,Unknown,0.00,Unknown,false,1,9.90,0.0000,true,1,402693
18000701223,false,תערובת להכנת עוגת שו,"ג'נרל מילס ישראל בע""",IL,תערובת להכנת עוגת שוקולד פילסברי 500 גרם,גרמים,500.00,100 גרם,false,1,17.90,0.0358,true,1,280979
18000703494,false,תערובת לעוגת וניל,"ג'נרל מילס ישראל בע""",IL,תערובת לעוגה וניל פילסברי,גרמים,524.00,100 גרם,false,1,17.90,0.0342,true,1,361951
18000766413,false,תערובת לעוגת בראוניס,"ג'נרל מילס ישראל בע""",IL,תערובת לעוגת בראוניס פלסברי 550 גרם,גרמים,550.00,100 גרם,false,1,17.90,0.0325,true,1,280982
22014031023,false,רסק תפוחי עץ אורגני,MANISCHEWITZ,US,רסק תפוחי עץ אורגני בפאוץ רביעיה 360 גר,גרמים,360.00,100 גרם,false,1,15.90,0.0442,true,1,434673
22224500708,false,סוויט כאוס פופקורן ע,קניז קודי קומפוני,US,סוויט כאוס פופקורן עם שוקולד חום לבן 156 גרם,גרמים,156.00,100 גרם,false,1,24.90,0.1596,true,1,427490
22224500715,false,סוויט כאוס פופקורן ע,קניז קודי קומפוני,US,סוויט כאוס פופקורן עם חמאת בוטנים ושוקלד 156 גרם,גרמים,156.00,100 גרם,false,1,24.90,0.1596,true,1,361062
22224500722,false,סוויט כאוס פופקורן ע,קניז קודי קומפוני,US,סוויט כאוס פופקורן עם בצק עוגה 156 גרם,גרמים,156.00,100 גרם,false,1,24.90,0.1596,true,1,361060
25675301108,false,מקלות חמוצים פשקס תו,פאסין,,מקלות חמוצים פשקס תות 50 גרם,גרמים,50.00,100 גרם,false,1,7.00,0.1400,true,1,289545
25675301153,false,מקלות חמוצים פטל,יושלם,,מקלות חמוצים פטל 50 גר                 .,גרמים,50.00,100 גרם,false,1,7.00,0.1400,true,1,289566
25675301184,false,מקלות חמוצים קולה 50,יושלם,,מקלות חמוצים קולה 50 גרם,גרמים,50.00,100 גרם,false,1,7.00,0.1400,true,1,289546
25700005650,false,זיפלוק שקיות הקפאה ג,אס.סי גונוסון,US,זיפלוק שקיות הקפאה גדולות 14 יח,יחידה,1.00,יחידה,false,1,13.90,13.9000,true,1,425477
25700005681,false,זיפלוק סליידר בינוני,אס.סי גונוסון,US,יפלוק סליידר בינוניות 20יח,יחידה,1.00,יחידה,false,1,16.90,16.9000,true,1,357804
25700005698,false,זיפלוק שקיות אחסון ב,אס.סי גונוסון,US,זיפלוק שקיות אחסון בינוניות 24יח,יחידה,1.00,יחידה,false,1,13.90,13.9000,true,1,357802
30000315958,false,קוואקר פרוטאין בננה,קוואקר אוטס קומפני,US,קוואקר פרוטאין בננה אגוזים 366 גרם,גרמים,366.00,100 גרם,false,1,26.90,0.0735,true,1,349404
30000315989,false,קוואקר פרוטאין חמוצי,קוואקר אוטס קומפני,US,קוואקר פרוטאין חמוציות ושקדים 372 גרם,גרמים,372.00,100 גרם,false,1,26.90,0.0723,true,1,349405
30100545101,false,קיבלר קרקר קלאב צדר,"מאכלי עולם ר.ז. בע""מ",,קיבלר קרקר קלאב צדר כתום 39 גרם,גרמים,39.00,100 גרם,false,1,4.00,0.1026,true,1,311954
31200001597,false,חמוציות מומתקים  גת,,,חמוציות מומתקים ומיובשים170 גר,גרמים,170.00,100 גרם,false,1,13.90,0.0818,true,1,366431
31290140107,false,טבלת שוקולד גודייבה,פלאדיס,TR,טבלת שוקולד גודייבה סטיק 72% 90גרם,גרמים,90.00,100 גרם,false,1,14.90,0.1656,true,1,356074
31290140176,false,טבלת שוקולד סטיקס מר,פלאדיס,TR,טבלת שוקולד סטיקס מריר 90גרם,גרמים,90.00,100 גרם,false,1,14.90,0.1656,true,1,356075
31290140190,false,טבלת שוקולד גודייבה,פלאדיס,TR,טבלת שוקולד גודייבה סטיק 90 גרם מריר מלח,גרמים,90.00,100 גרם,false,1,14.90,0.1656,true,1,356076
31290140237,false,טבלת שוקולד חלב גודי,פלאדיס,TR,טבלת שוקולד חלב גודייבה סטיקס חלב 90גרם,גרמים,90.00,100 גרם,false,1,14.90,0.1656,true,1,356078
34000148301,true,נשיקות הרשי לאפייה,,,נשיקות הרשי לאפייה,Unknown,0.00,Unknown,false,1,21.90,0.0000,true,1,401095
34000196173,false,שוקולד קוקיס אנד קרי,הרשי,,שוקולד קוקיס אנד קרים 120 גרם,גרמים,120.00,100 גרם,false,1,9.90,0.0825,true,1,394868
34000271184,false,הרשיז דרופס,הרשי,US,הרשיז דרופס,גרמים,59.00,100 גרם,false,1,6.50,0.1102,true,1,395839
34000312177,false,סירופ שוקולד למאפים,הרשי,,סירופ שוקולד למאפים  קינוחים,גרמים,680.00,100 גרם,false,1,20.90,0.0307,true,1,386913
34000442652,false,שוקולד ממולא קרם בוט,הרשי,,שוקולד ממולא קרם בוטנים 121 גרם,גרמים,121.00,100 גרם,false,1,9.90,0.0818,true,1,394863
34000446001,false,חטיפי שוקולד חלב,הרשי,,חטיפי שוקולד חלב במילוי 150 גר,גרמים,150.00,100 גרם,false,1,10.90,0.0727,true,1,386933
34000470228,false,שוקולד חלב מיני ריזס,הרשי,,שוקולד חלב מיני ריזס 70 גרם,גרמים,70.00,100 גרם,false,1,6.90,0.0986,true,1,310441
34000544028,false,טוויזלרס  ממתק בטעם,הרשי,,טוויזלרס  ממתק בטעם תות 198 גרם,גרמים,198.00,100 גרם,false,1,8.90,0.0449,true,1,367912
36000516890,false,קלינקס לושן אלוורה 1,קימברלי,GB,קלינקס לושן אלוורה 120 - 3 שכבות,יחידה,24.00,יחידה,false,1,17.90,0.7458,true,1,352920
37600207256,false,חמאת בוטנים סקיפי בו,חברת המזון אלגוד,US,חמאת בוטנים סקיפי עם שברי בוטנים 462 גרם,גרמים,462.00,100 גרם,false,1,24.90,0.0539,true,1,313507
37600207287,false,חמאת בוטנים עם דבש ס,חברת המזון אלגוד.,US,חמאת בוטנים סקיפי עם דבש 462 גרם,גרמים,462.00,100 גרם,false,1,25.60,0.0554,true,1,313508
38000138607,false,פרינגלס חומץ מלח 158,מנופקצורי קטמפני,US,פרינגלס חומץ מלח 158 גרם,גרמים,158.00,100 גרם,false,1,9.90,0.0627,true,1,349568
38000138638,false,פרינגלס פיצה 158 גרם,פרינגלס מנופקצורינג,US,פרינגלס פיצה 158 גרם,גרמים,158.00,100 גרם,false,1,9.90,0.0627,true,1,325741
38000138720,false,פרינגלס ראנץ 158 גרם,פרינגלס מניופקצ'ורינ,US,פרינגלס ראנץ 158 גרם,גרמים,158.00,100 גרם,false,1,9.90,0.0627,true,1,345146
38000183928,false,פרינגלס חרדל ודבש 15,פרינגלס מניופקצ'ורינ,US,פרינגלס חרדל ודבש 158 גרם,גרמים,158.00,100 גרם,false,1,9.90,0.0627,true,1,357032
38000197840,false,פרינגלס גלי חריף מתו,פרינגלס מניופקצ'ורינ,US,פרינגלס גלי חריף מתוק 137 גרם,גרמים,137.00,100 גרם,false,1,9.90,0.0723,true,1,357031
38000202278,false,פרינגלס גלי  אורגינל,פרינגלס מניופקצ'ורינ,US,פרינגלס גלי  אורגינל 130 גרם,גרמים,130.00,100 גרם,false,1,9.90,0.0762,true,1,357030
38000232152,false,פרינגלס ברביקיו 158ג,פרינגלס מניופקצ'ורינ,US,פרינגלס ברביקיו 158גרם,גרמים,158.00,100 גרם,false,1,9.90,0.0627,true,1,353508
38000232176,false,פרינגלס שמנת בצל 158,פרינגלס מניופקצ'ורינ,US,פרינגלס שמנת בצל 158גרם,גרמים,158.00,100 גרם,false,1,9.90,0.0627,true,1,353507
38000232183,false,פרינגלס אורגינל 149,פרינגלס מניופקצ'ורינ,US,פרינגלס אורגינל 149 גרם,גרמים,149.00,100 גרם,false,1,9.90,0.0664,true,1,353506
38527591060,false,דגני קוואקר מרובעים,BEVERAGES FOODS & SE,,דגני קוואקר מרובעים סוכר חום 411 גרם,גרמים,411.00,100 גרם,false,1,21.90,0.0533,true,1,303405
39000008006,false,אורטגה טאקו מקסיקני,בי אנד גי,US,אורטגה טאקו מקסיקני 12 יחידות 164 גרם,גרמים,164.00,100 גרם,false,1,22.90,0.1396,true,1,297222
39000008051,false,אורטגה קיט ארוחת טאק,בי אנד גי,US,אורטגה קיט ארוחת טאקו 283 גרם,גרמים,283.00,100 גרם,false,1,29.90,0.1057,true,1,420428
39000008907,false,אורטגה רוטב טאקו מיי,בי אנד גי,US,אורטגה רוטב טאקו מיילד 226 גרם,גרמים,226.00,100 גרם,false,1,16.90,0.0748,true,1,420429
39000008914,false,אורטגה רוטב טאקו חרי,בי אנד גי,US,אורטגה רוטב טאקו חריף 226 גרם,גרמים,226.00,100 גרם,false,1,16.90,0.0748,true,1,420430
40000513568,false,m&m שוקולד 156 גרם,מארס,US,m&m שוקולד 156 גרם,גרמים,156.00,100 גרם,false,1,11.90,0.0763,true,1,402601
40000513582,false,m&m בוטנים 156 גרם,מארס,US,m&m בוטנים 156 גרם,גרמים,156.00,100 גרם,false,1,11.90,0.0763,true,1,402608
40000514480,false,סוכריות M&M בטעם שוק,מרס נדרלנד,,סוכריות M&M בטעם שוקולד 48 גרם,גרמים,48.00,100 גרם,false,1,5.80,0.1208,true,1,323668
40000514510,false,סוכריות שוקולד M&M,מרס נדרלנד,,סוכריות שוקולד M&M  בוטנים 49 גרם,גרמים,49.00,100 גרם,false,1,5.80,0.1184,true,1,323074
41190032518,false,שופרייט חרדל חום מתו,ווקפרן פוד קורפ,US,שופרייט חרדל חום מתובל 340 גרם,גרמים,340.00,100 גרם,false,1,10.90,0.0321,true,1,420431
41190064564,false,רוטב סלסלה חריפה 439,ווקפרן פוד קורפ,US,רוטב סלסלה חריפה 439 גרם,גרמים,439.00,100 גרם,false,1,17.90,0.0408,true,1,359975
41224468108,false,עגבניות מיובשות בשמן,סיגס גיטה,,עגבניות מיובשות בשמן זית 283 גרם,גרמים,283.00,100 גרם,false,1,22.90,0.0809,true,1,295281
41321005459,false,ווישבון רוטב סגנון א,פיניקל פודס גרופ,US,"ווישבון רוטב סגנון איטלקי 444 מ""ל",גרמים,444.00,100 גרם,false,1,22.90,0.0516,true,1,347509
41321006753,false,ווישבון רוטב סגנון א,פיניקל פודס גרופ,US,"ווישבון רוטב סגנון איטלקי לייט 444 מ""ל",גרמים,444.00,100 גרם,false,1,22.90,0.0516,true,1,347508
41390000010,false,רוטב סויה קיקומן 148,קיקומן פודז אינק,,"רוטב סויה קיקומן 148 מ""ל",מיליליטרים,148.00,"100 מ""ל",false,1,10.90,0.0736,true,1,308507
41390000058,false,רוטב טריאקי קיקומן 2,קיקומן פודז אינק,US,"רוטב טריאקי קיקומן 296 מ""ל",מיליליטרים,296.00,"100 מ""ל",false,1,23.90,0.0807,true,1,430000
41421177452,false,רייטס רוטב היקורי מע,בי אנד גי,US,רייטס רוטב היקורי מעושן מרוכז 103 מל,מיליליטרים,103.00,"100 מ""ל",false,1,13.90,0.1350,true,1,307419
41500013107,false,רוטב וורצסטר פרנצס29,רקיט בנקיזר,US,"רוטב וורצסטר פרנצס296 מ""ל",גרמים,295.00,100 גרם,false,1,19.90,0.0675,true,1,433172
41570113103,true,בלו דיאמנד משקה שקדי,קלובר ס.א,ZA,בלו דיאמנד משקה שקדים בריסטה להקצפה 1 לי,ליטרים,1.00,ליטר,false,1,19.90,19.9000,true,1,346366
46214382259,false,עוגיות בראוניס,בנקטבקריי מרבה בי.וי,NL,"עוגיות בראוניס 225 גר                  """,גרמים,225.00,100 גרם,false,1,9.90,0.0440,true,1,430370
46214731552,false,עוגיות שוקולד ציפס מ,"מרבה בע""מ",NL,מרבה עוגיות עם 37% שוקולד צ'יפס 225 גרם,גרמים,225.00,100 גרם,false,1,9.90,0.0440,true,1,282884
47800175477,false,רייטס רוטב מסקיט מעו,בי אנד גי,US,רייטס רוטב מסקיט מעושן מרוכז 103 מל,מיליליטרים,103.00,"100 מ""ל",false,1,13.90,0.1350,true,1,310293
47997130006,true,מלח מתובל מגיק,,,מלח מתובל מגיק,Unknown,0.00,Unknown,false,1,15.90,0.0000,true,1,412675
49568010342,false,מיונז טבעוני 340 גרם,אריויה,,מיונז טבעוני 340 גרם,גרמים,340.00,100 גרם,false,1,23.90,0.0703,true,1,398279
49568200347,false,וגה מיונז טבעוני מופ,אריויה,,וגה מיונז טבעוני מופחת שומן  340 גרם,גרמים,340.00,100 גרם,false,1,23.90,0.0703,true,1,398318
50000421541,false,מזון חתולים מיקס גרי,פורינה,US,מזון חתולים מיקס גריל פריסקיז 156 גרם,גרמים,156.00,100 גרם,false,1,5.90,0.0378,true,1,377919
51500255162,false,JIF חמאת בוטנים 454,ג'י.אס.קיי קונסיומר,US,JIF חמאת בוטנים 454 גרם,גרמים,454.00,100 גרם,false,1,17.90,0.0394,true,1,427661
52100002460,false,תערובת תיבול לעוף וד,מקרומיק,US,תערובת תיבול לעוף ודג 77 גרם,גרמים,77.00,100 גרם,false,1,19.90,0.2584,true,1,346828
52100004488,false,פפריקה 60 גרם,מקרומיק,US,פפריקה 60 גרם,גרמים,60.00,100 גרם,false,1,21.90,0.3650,true,1,346830
52100005966,false,גבישי שום 85 גרם,מקרומיק,US,גבישי שום 85 גרם,גרמים,85.00,100 גרם,false,1,26.90,0.3165,true,1,346832
52100006260,false,אבקת שום 88 גרם,מקרומיק,US,אבקת שום 88 גרם,גרמים,88.00,100 גרם,false,1,26.90,0.3057,true,1,346833
52100029924,false,מקורמיק פלפל שחור טח,מקורמיק,US,מקורמיק פלפל שחור טחון טהור 43 גרם,גרמים,43.00,100 גרם,false,1,19.90,0.4628,true,1,429861
52100030043,false,פלפל שחור טחון גס 42,מקרומיק,US,פלפל שחור טחון גס 42 גרם,גרמים,42.00,100 גרם,false,1,19.90,0.4738,true,1,346829
52100030234,false,פלפל שחור 53 גרם,מקרומיק,US,פלפל שחור 53 גרם,גרמים,53.00,100 גרם,false,1,26.90,0.5075,true,1,346831
52100034898,false,תמצית ליים טהורה 29,מקורמיק,US,"תמצית ליים טהורה 29 מ""ל",מיליליטרים,29.00,"100 מ""ל",false,1,16.90,0.5828,true,1,356004
52100040806,false,מקורמיק תערובת שום ב,מקורמיק,US,"מקורמיק תערובת שום בצל פלפל שחור ומלח ים, 120 גרם",גרמים,120.00,100 גרם,false,1,25.90,0.2158,true,1,429863
52100041155,false,מקורמיק תערובת מלח ה,מקורמיק,US,"מקורמיק תערובת מלח הימלאיה ורוד פלפל שחור ושום, 18",גרמים,184.00,100 גרם,false,1,25.90,0.1408,true,1,429862
52100070780,false,תמצית תפוז טהורה 29,מקורמיק,US,"תמצית תפוז טהורה 29 מ""ל",מיליליטרים,29.00,"100 מ""ל",false,1,16.90,0.5828,true,1,356005
52100070827,false,תמצית בטעם רום 29 מל,יושלם,US,תמצית טעם רום,מיליליטרים,29.00,"100 מ""ל",false,1,10.90,0.3759,true,1,297166
52100070865,false,תמצית וניל טהור מקור,מקורמיק,US,תמצית וניל טהור מקורמיק 28 גרם,גרמים,28.00,100 גרם,false,1,29.90,1.0679,true,1,283204
52100136387,false,פלפל שום במטחנה,מקורמיק,FR,פלפל שום במטחנה 34 גרם,גרמים,34.00,100 גרם,false,1,19.90,0.5853,true,1,300189
52100746043,false,תערובת פלפלים במטחנה,מקורמיק,FR,תערובת פלפלים במטחנה 24 גרם,גרמים,24.00,100 גרם,false,1,17.90,0.7458,true,1,300194
52600751219,true,ממרח מרשמלו בטעם וני,,,ממרח מרשמלו בטעם וניל213 גרם,גרמים,213.00,100 גרם,false,1,16.90,0.0793,true,1,349035
52600751233,false,ממרח מרשמלו בטעם תות,Duracell,US,ממרח מרשמלו בטעם תות213גרם,גרמים,213.00,100 גרם,false,1,16.90,0.0793,true,1,349114
54100977601,false,רוטב אופן פיט T אנד,פיניקל פודס גרופ,US,רוטב אופן פיט T אנד T אורגניל 510 גרם,גרמים,510.00,100 גרם,false,1,12.90,0.0253,true,1,349793
54100977656,false,רוטבאופן פיט BBQ אור,פיניקל פודס גרופ,US,רוטבאופן פיט BBQ אוריגינל 510 גרם,גרמים,510.00,100 גרם,false,1,12.90,0.0253,true,1,430034
55369901673,false,מחית אפרסק ללא סוכר,ליייהי אורצ'רדס,,מחית אפרסק ללא סוכר אפלסנקס רביעייה,גרמים,113.00,100 גרם,false,1,14.90,0.1319,true,1,293041
55369901703,false,מחית תות שדה ללא סוכ,ליייהי אורצ'רדס,,מחית תות שדה ללא סוכר אפלסנקס רביעייה,גרמים,113.00,100 גרם,false,1,14.90,0.1319,true,1,293042
55369902342,false,רסק תפוחי עץ אפלסנק,לייהי אורצרדס,CA,רסק תפוחי עץ אפלסנקס    680 גרם,גרמים,680.00,100 גרם,false,1,14.90,0.0219,true,1,430181
55369902557,false,מחית תפוחי עץ טבעי א,ליייהי אורצ'רדס,,מחית תפוחי עץ טבעי אפלסנקס רביעייה,גרמים,113.00,100 גרם,false,1,14.90,0.1319,true,1,296776
55369902564,false,מחית תפוחי עץ ללא סו,ליייהי אורצ'רדס,,מחית תפוחי עץ ללא סוכר אפלסנקס רביעייה,גרמים,113.00,100 גרם,false,1,14.90,0.1319,true,1,296777
55369903295,false,רסק תפוחי עץ ללא תוס,לייהי אורצרדס,CA,רסק תפוחי עץ ללא תוספת סוכר אפלסנקס 652,גרמים,452.00,100 גרם,false,1,14.90,0.0330,true,1,396298
55500012046,false,לניקוי כללי כלורקס,כלורוקס אוקלנד,US,"קלין אפ מרסס 946 מ""ל",מיליליטרים,946.00,"100 מ""ל",false,1,18.90,0.0200,true,1,283467
63517877145,false,פרנקיז חטיף אורגני ג,,CA,פרנקיז חטיף אורגני גבינת צדר עם אורז מלא,גרמים,113.00,100 גרם,false,1,19.90,0.1761,true,1,429052
63517877152,false,פרנקיז חטיף אורגני ח,,CA,פרנקיז חטיף אורגני חלפניו עם אורז מלא וק,גרמים,113.00,100 גרם,false,1,19.90,0.1761,true,1,429053
63517877169,false,פרנקיז חטיף אורגני ב,,CA,פרנקיז חטיף אורגני ברביקיו עם אורז מלא ו,גרמים,113.00,100 גרם,false,1,19.90,0.1761,true,1,429054
64144090013,false,תרסיס PAM שמן חמאה 1,קונאגרה פודס,,"תרסיס PAM שמן חמאה 148 מ""ל",מיליליטרים,148.00,"100 מ""ל",false,1,18.90,0.1277,true,1,304643
64144090020,false,PAM תרסיס שמן זית 14,קונאגרה פודס,,"PAM תרסיס שמן זית 148 מ""ל",מיליליטרים,148.00,"100 מ""ל",false,1,18.90,0.1277,true,1,304634
64144090051,false,PAM תרסיס שמן קנולה,קונאגרה פודס,,"PAM תרסיס שמן קנולה 148 מ""ל",מיליליטרים,148.00,"100 מ""ל",false,1,18.90,0.1277,true,1,315774
70177077563,false,תה טווינינג ארל גריי,אר. טווינינגס אנד קו,PL,תה טווינינג ארל גריי 50 גרם,גרמים,50.00,100 גרם,false,1,18.90,0.3780,true,1,318987
70177077693,false,תה אינגליש טוונינג 5,אר. טווינינגס אנד קו,PL,1X12X50G אינגליש ברקפסט,גרמים,50.00,100 גרם,false,1,18.90,0.3780,true,1,319723
70177078775,true,תה ליידי,אר. טווינינגס אנד קו,PL,תה שחור בטעם הדרים,גרמים,50.00,100 גרם,false,1,18.90,0.3780,true,1,316545
70177086664,false,תה ירוק טהור 25 שק,טוינינג,GB,טווינינג תה ירוק טהור 25 שק,גרמים,50.00,100 גרם,false,1,21.90,0.4380,true,1,294962
70177173159,false,תה ירוק לימון 25 שקי,אר. טווינינגס אנד קו,PL,טווינינג תה ירוק לימון 25 שקיקים,גרמים,50.00,100 גרם,false,1,21.90,0.4380,true,1,344788
70177173203,false,תה ירוק מנטה 50 גרם,טוינינג,GB,טווינינג תה ירוק מנטה 25 שקיקים,גרמים,50.00,100 גרם,false,1,21.90,0.4380,true,1,344787
70970473562,false,מייק אנד אייק מגה מי,ג'אסט בורן,,מייק אנד אייק מגה מיקס 141 גרם,גרמים,141.00,100 גרם,false,1,9.90,0.0702,true,1,327514
71570001667,false,גלי בלי סוכריות גלי,ג'לי בלי קינדי,TH,גלי בלי סוכריות גלי 20טעמים 70 גרם,גרמים,70.00,100 גרם,false,1,11.90,0.1700,true,1,346550
71570001841,false,גלי בלי סוכריות גליב,ג'לי בלי קינדי,TH,גלי בלי סוכריות גליבטעם חמוצים 70 גרם,גרמים,70.00,100 גרם,false,1,11.90,0.1700,true,1,346552
71570001858,false,גלי בלי סוכריות גליב,ג'לי בלי קינדי,TH,גלי בלי סוכריות גליבטעם פירות 70 גרם,גרמים,70.00,100 גרם,false,1,11.90,0.1700,true,1,346551
72600062306,false,חטיף גבינה הר 198 גר,הר פודס,,חטיף גבינה הר 198 גרם,גרמים,198.00,100 גרם,false,1,26.90,0.1359,true,1,312085
72600062313,false,חטיף גבינה בטעם בופא,הר פודס,,חטיף גבינה בטעם בופאלו כחולה 198 גרם,גרמים,198.00,100 גרם,false,1,26.90,0.1359,true,1,321567
72600062320,false,חטיף גבינה בטעם פיצה,הר פודס,,חטיף גבינה בטעם פיצה הר  198 גרם,גרמים,198.00,100 גרם,false,1,26.90,0.1359,true,1,319521
75810001257,true,תמרי רוטב סויה אורגנ,,,תמרי רוטב סויה אורגנ,Unknown,0.00,Unknown,false,1,32.90,0.0000,true,1,410382
75810001356,true,תמרי רוטב סויה אורגנ,,,תמרי רוטב סויה אורגנ,Unknown,0.00,Unknown,false,1,54.90,0.0000,true,1,410383
75810021255,false,רוטב תמרי ללא גלוטן,סאן גיי אינטרנשיונל,,"רוטב תמרי ללא גלוטן סאן גיי 296 מ""ל",מיליליטרים,296.00,"100 מ""ל",false,1,29.90,0.1010,true,1,328543
75810021354,true,סאן גיי תמרי 1/12 59,,,סאן גיי תמרי 1/12 59,Unknown,0.00,Unknown,false,1,38.90,0.0000,true,1,413021
76840001774,false,בצק עוגות שוקולד ציפ,מוצרי איכות אמריקאים,IL,"גלידה בן&גרי שוקולד צפס קור 500מ""ל",גרמים,500.00,100 גרם,false,1,23.90,0.0478,true,1,354538
76840002542,false,פיינט נטפליקס וצילד,מוצרי איכות אמריקאים,IL,פיינט נטפליקס וצילד,גרמים,500.00,100 גרם,false,1,23.90,0.0478,true,1,355643
76840002566,false,גלידה בן&גרי נטפליקס,בן & ג'ריס,US,"גלידה בן&גרי נטפליקס ללא חלב 500 מ""ל",מיליליטרים,500.00,"100 מ""ל",false,1,29.90,0.0598,true,1,355642
76840100125,false,גלידה פיינט צאבי האב,מוצרי איכות אמריקאיי,,"גלידה פיינט צאבי האבי 500 מ""ל",מיליליטרים,500.00,"100 מ""ל",false,1,23.90,0.0478,true,1,300453
76840100156,false,גלידה צרי גרסיה 500,מוצרי איכות אמריקאיי,,"גלידה צרי גרסיה 500 מ""ל",מיליליטרים,500.00,"100 מ""ל",false,1,23.90,0.0478,true,1,430697
76840100583,false,גלידה בצק עוגיות 473,מוצרי איכות אמריקאיי,,"גלידה בצק עוגיות 473 מ""ל",מיליליטרים,473.00,"100 מ""ל",false,1,23.90,0.0505,true,1,299072
76840100989,false,גלידת שוקולד עם מרשמ,בן & ג'ריס,IL,גלידת שוקולד עם מרשמלו קרמל וחתיכות פאדג,מיליליטרים,473.00,"100 מ""ל",false,1,23.90,0.0505,true,1,297752
76840400218,false,גלידה עוגת גבינה ותו,מוצרי איכות אמריקאיי,,"גלידה עוגת גבינה ותות שדה 473 מ""ל",מיליליטרים,473.00,"100 מ""ל",false,1,23.90,0.0505,true,1,310389
77245110610,false,סוכריות מאסט מנטה לל,MIESZKO S.A - MS. JO,,סוכריות מאסט מנטה ללא סוכר 80 גרם,גרמים,80.00,100 גרם,false,1,8.90,0.1113,true,1,286167
77343000233,false,נרות חימום אורה 50,מנורה,IL,נרות חימום אורה 50,יחידה,1.00,יחידה,false,1,12.90,12.9000,true,1,430361
77975088234,false,בייגלה סניידרס חלפינ,סניידרס,,בייגלה סניידרס חלפיניו 340 גרם,גרמים,340.00,100 גרם,false,1,17.90,0.0526,true,1,302714
77975094624,false,שברי בייגלה סניידרס,סניידרס,US,שברי בייגלה סניידרס חמאת בוטנים 283 גרם,גרמים,284.00,100 גרם,false,1,17.90,0.0630,true,1,356761
77975094631,false,בייגלה סניידרס סנדבי,סיינדרס,,"בייגלה סניידרס סנדביץ גבינה צ""דר 226 גרם",גרמים,226.00,100 גרם,false,1,17.90,0.0792,true,1,356760
77975094761,false,סניידרס בטעם צדר 340,סניידרס,US,סניידרס בטעם צדר 340 גרם,גרמים,340.00,100 גרם,false,1,17.90,0.0526,true,1,359641
77975094778,false,סניידרס דבש חרדל ובצ,סניידרס,US,סניידרס דבש חרדל ובצל 340 גרם,גרמים,340.00,100 גרם,false,1,17.90,0.0526,true,1,360141
77975095157,false,בייגלה סניידרס חלפינ,סניידרס,,בייגלה סניידרס חלפיניו 318גרם,גרמים,318.00,100 גרם,false,1,17.90,0.0563,true,1,429940
80432402931,false,וויסקי שיבאס ריגאל,מזקקת האחים שיבאס,GB,"וויסקי סקוטי, שיבאס ריגאל 12 שנה, 700 מ''ל",מיליליטרים,700.00,"100 מ""ל",false,1,139.90,0.1999,true,1,314006
80518532743,false,שקית בלון 50 בלונים,NORTHERN,,שקית בלון 50 בלונים,מיליליטרים,0.00,"100 מ""ל",false,1,15.90,0.0000,true,1,284470
80518532897,false,10 בלונים נקניק,יושלם,,בלוני דיסני                        10 X,Unknown,0.00,Unknown,false,1,5.90,0.0000,true,1,364281
84213017420,false,מיסלי אורגני אגוזים,מסטמכר,DE,מיסלי אורגני אגוזים וצימוקים 500 גרם,גרמים,500.00,100 גרם,false,1,19.90,0.0398,true,1,430373
84213017475,false,מיסלי אורגני עם פירו,מסטמכר,,מיסלי אורגני עם פירות יבשים 500 גרם,גרמים,500.00,100 גרם,false,1,20.90,0.0418,true,1,430374
84213017499,false,מיסלי אורגני עם פירו,מסטמכר,DE,מיסלי אורגני עם פירות יער 500 גרם,גרמים,500.00,100 גרם,false,1,19.90,0.0398,true,1,430375
84380422133,false,וודקה פרבדה ליטר,jobert polska,PL,וודקה פרבדה  1 ליטר,ליטרים,1.00,ליטר,false,1,139.90,139.9000,true,1,385177
84909023049,true,רוטב צילי מתוק 800 ג,,,רוטב צילי מתוק 800 ג,Unknown,0.00,Unknown,false,1,14.90,0.0000,true,1,411019
85696607207,false,טופו מרינו 340 גר,פסיפיק נוטרישונל פוד,,טופו מרינו 340 גרם,גרמים,340.00,100 גרם,false,1,12.90,0.0379,true,1,389976
85696608044,false,טופו ללא גלוטן 349 ג,Morinaga NUTRITIONAL,US,טופו ללא גלוטן מרינו 340  גרם,גרמים,340.00,100 גרם,false,1,12.90,0.0379,true,1,314111
87000006928,false,"קפטן מורגן 700 מ""ל ש",DIAGEO,,"קפטן מורגן 700 מ""ל שחור",מיליליטרים,700.00,"100 מ""ל",false,1,114.90,0.1641,true,1,401028
93133737325,false,מייקי רוטב טריאקי שו,קיוטה קיצ'ן,US,מייקי רוטב טריאקי שומשום 566 גרם,מיליליטרים,566.00,"100 מ""ל",false,1,37.90,0.0670,true,1,378617
305210256712,false,וזלין מיני לשפתיים א,"יוניליוור ג'ונסבורו,",US,וזלין  מיני לשפתיים אורגינל 7 גרם,יחידה,1.00,יחידה,false,1,14.90,14.9000,true,1,352357
413900010558,false,רוטב סויה קיקומן ליי,קיקומן פודז אינק,,"רוטב סויה קיקומן לייט 296 מ""ל",מיליליטרים,296.00,"100 מ""ל",false,1,22.90,0.0774,true,1,430001
611745285685,false,אבוקדו ארוז בשל 500,חקלאי,IL,אבוקדו ארוז בשל 570 גרם,גרמים,570.00,100 גרם,false,1,15.90,0.0279,true,1,434437
613008742348,false,אריזונה גנסנג ודבש ב,"נטורלה גטרנק בע""מ",DE,אריזונה גנסנג ודבש בקבוק 1 ליטר,ליטרים,1.00,ליטר,false,1,12.90,12.9000,true,1,355910
613008742409,false,אריזונה אפרסק בקבוק,"נטורלה גטרנק בע""מ",DE,אריזונה אפרסק בקבוק 1 ליטר,ליטרים,1.00,ליטר,false,1,12.90,12.9000,true,1,355909
613008753290,false,אריזונה אפרסק 450 מל,נובה טרייד,BG,אריזונה אפרסק 450 מל,מיליליטרים,450.00,"100 מ""ל",false,1,8.50,0.0189,true,1,348700
613008753320,false,אריזונה גינסנג ודבש,נובה טרייד,BG,אריזונה גינסנג ודבש 450 מל,מיליליטרים,450.00,"100 מ""ל",false,1,8.50,0.0189,true,1,348701
613008753382,false,אריזונה אוכמניות 450,נובה טרייד,BG,אריזונה אוכמניות 450 מל,מיליליטרים,450.00,"100 מ""ל",false,1,8.50,0.0189,true,1,348699
613008755461,false,אריזונה אוכמניות בקב,"נטורלה גטרנק בע""מ",DE,אריזונה אוכמניות בקבוק 1 ליטר,ליטרים,1.00,ליטר,false,1,12.90,12.9000,true,1,355908
628154383659,false,POST דגני פרוטי פבלס,PO קוד יצרן,PL,POST דגני פרוטי פבלס  בטעם פירות 311 גרם,גרמים,311.00,100 גרם,false,1,23.90,0.0768,true,1,434537
633824111838,false,וודקה ואן גוך אננס ב,מזקקת דירקזוואכר סכי,,"וודקה ואן גוך אננס בקבוק 750 מ""ל",מיליליטרים,750.00,"100 מ""ל",false,1,149.90,0.1999,true,1,308774
633824913432,false,וודקה ואן גוך אסאי ב,מזקקת דירקזוואכר סכי,,"וודקה ואן גוך אסאי בלוברי בקבוק 750 מ""ל",מיליליטרים,750.00,"100 מ""ל",false,1,149.90,0.1999,true,1,308693
638102203090,false,זון פאדג,"אבוט נוטרישן, מעבדות",US,זון פאדג,Unknown,0.00,Unknown,false,1,12.90,0.0000,true,1,289487
638102532817,false,חטיף זון דאבל שוקולד,"אבוט נוטרישן, מעבדות",US,חטיף זון דאבל שוקולד,גרמים,50.00,100 גרם,false,1,12.90,0.2580,true,1,324922
638102582737,false,חטיף זון קלאסיק רול,"אבוט נוטרישן, מעבדות",US,חטיף זון קלאסיק רול קינמון,גרמים,50.00,100 גרם,false,1,12.90,0.2580,true,1,326612
644209405923,false,דנקן היינס ציפוי מוק,רוזקםבייקינג קומפני,US,דנקן היינס ציפוי מוקצף וניל 397 גרם,גרמים,397.00,100 גרם,false,1,19.90,0.0501,true,1,419163
644209405930,false,דנקן היינס ציפוי מוק,רוזקםבייקינג קומפני,US,דנקן היינס ציפוי מוקצף שוקולד 397 גרם,גרמים,397.00,100 גרם,false,1,19.90,0.0501,true,1,419164
649660432020,false,שזיפים מיובשים מגולע,"היל ויו בע""מ",,שזיפים מיובשים מגולענים 567 גרם,גרמים,567.00,100 גרם,false,1,31.90,0.0563,true,1,321060
651080647519,false,קיסמים לשיניים פלאקר,פלאקרס רניר,US,פלאקרס פלוסר חוט דנטלי ירוק -מנטה,יחידה,1.00,יחידה,false,1,11.90,11.9000,true,1,327229
653694000117,false,רוטב AH חזרת 454 גרם,GALLO,US,רוטב AH חזרת 454 גרם,גרמים,454.00,100 גרם,false,1,21.90,0.0482,true,1,424660
673879000275,false,קאברד ברידג בטטה ומל,קאבר ברידג',CA,קאברד ברידג בטטה ומלח ים ללא גלוטן 142 ג,גרמים,142.00,100 גרם,false,1,21.90,0.1542,true,1,427574
673879000602,false,קאברד ברידג תפוא מלח,קאבר ברידג',CA,קאברד ברידג תפוא מלח ים חומץ ללא גלוטן,גרמים,170.00,100 גרם,false,1,21.90,0.1288,true,1,434118
673879000626,false,קאברד ברידג מלח ים ו,קאבר ברידג',CA,קאברד ברידג מלח ים ופלפל גרוס ללא גלוטן,גרמים,170.00,100 גרם,false,1,21.90,0.1288,true,1,427576
673879000633,false,קאברד ברידג תפוא BBQ,קאבר ברידג',CA,קאברד ברידג תפוא BBQ מתוק ללא גלוטן  170,גרמים,170.00,100 גרם,false,1,21.90,0.1288,true,1,434119
675684915102,false,סירופ אגבה אורגני תב,יושלם,,סירופ אגבה אורגני תבואות,Unknown,0.00,Unknown,false,1,26.90,0.0000,true,1,386271
686412282984,false,טונה לבנה בשמן זית (,אורטיז,ES,טונה לבנה בשמן זית (צנצנת)220 גרם ORTIZ,גרמים,220.00,100 גרם,false,1,41.90,0.1905,true,1,356904
693493010788,false,נאצוס בטעם ברביקיו 2,או. קיי סניקס,DK,נאצוס בטעם ברביקיו 200 גרם,גרמים,200.00,100 גרם,false,1,13.90,0.0695,true,1,434784
693493010818,false,נאצוס בטעם טבעי 200,או. קיי סניקס,DK,נאצוס בטעם טבעי 200 גרם,גרמים,200.00,100 גרם,false,1,13.90,0.0695,true,1,434785
693493054997,false,עוגיות מקרון מארז 9,נטלי פלוס בעמ,IL,עוגיות מקרון מארז 9 יח מעורב חלבי 144 גר,גרמים,144.00,100 גרם,false,1,50.00,0.3472,true,1,428190
693493075350,false,עוגיות זיו מרטה 250ג,זיו,IL,עוגיות זיו מרטה 250גרם,גרמים,250.00,100 גרם,false,1,34.90,0.1396,true,1,429912
693493075640,false,עוגיות זיו בראוניז 3,זיו,IL,עוגיות זיו בראוניז 300גרם,גרמים,300.00,100 גרם,false,1,34.90,0.1163,true,1,427240
698929000395,false,גין מרטין מילרס קלאס,,GB,"גין מרטין מילרס קלאסיק   700 מ""ל",מיליליטרים,700.00,"100 מ""ל",false,1,159.90,0.2284,true,1,421780
707595100114,false,NESTOSפלפלים אדומים,NESTOS,GR,NESTOSפלפלים אדומים קלויים 480 גרם,גרמים,480.00,100 גרם,false,1,14.90,0.0310,true,1,429140
707595100206,false,NESTOSמלפפונים חמוצי,NESTOS,GR,NESTOSמלפפונים חמוצים 355 גרם,גרמים,355.00,100 גרם,false,1,14.90,0.0420,true,1,429139
721733000739,false,פטרון סילבר 700 מל,פטרון דיסטרליס,MX,טקילה פטרון סילבר 700 מל,מיליליטרים,700.00,"100 מ""ל",false,1,169.90,0.2427,true,1,347566
728229123590,false,טרה ירקות בטעם טבעי,הונדורס צ'יפס יצור א,HN,טרה חטיף על בסיס ירקות שורש בטעם טבעי 110 גרם,גרמים,110.00,100 גרם,false,1,14.90,0.1355,true,1,291249
728229123613,false,טרה תפוא כחול טבעי 1,היין סלסטיאל גרופ,US,טרה חטיף על בסיס תפוח אדמה כחול בטעם טבעי 110 גרם,גרמים,110.00,100 גרם,false,1,14.90,0.1355,true,1,291250
728229123811,false,טרה ירקות ים תיכוני,הונדורס צ'יפס יצור א,HN,טרה ירקות ים תיכוני 110 גרם,גרמים,110.00,100 גרם,false,1,14.90,0.1355,true,1,291252
728229124764,false,טרה בטטה עם מלח ים 1,היין פיוצ'ור נטורל פ,IN,טרה חטיף על בסיס בטטה עם מלח ים ללא גלוטן 110 גרם,גרמים,110.00,100 גרם,false,1,14.90,0.1355,true,1,348414
728229124771,false,טרה בטטה טעם ברביקיו,היין פיוצ'ור נטורל פ,IN,טרה בטטה טעם ברביקיו 110 גרם,גרמים,110.00,100 גרם,false,1,14.90,0.1355,true,1,322184
728229124795,false,"צ""יפס TERRA בטטה כשל",היין סלסטייאל גרופ,US,"צ""יפס TERRA בטטה כשל""פ 110 גרם",גרמים,110.00,100 גרם,false,1,14.90,0.1355,true,1,430042
728229130154,false,טרה בטטה וסלק טבעי 1,הונדורס צ'יפס יצור א,HN,טרה חטיף על בסיס בטטה וסלק בטעם טבעי 110 גרם,גרמים,110.00,100 גרם,false,1,14.90,0.1355,true,1,297246
728229130444,false,טרה ירק תפוא כחול סל,היין סלסטיאל גרופ,US,טרה ירק תפוא כחול סלק  110 גרם,גרמים,110.00,100 גרם,false,1,14.90,0.1355,true,1,299313
732494000500,false,פופקורן קרמל קרטורס,איגל פודס ווקיגאן מפ,US,פופקורן מקורמל,גרמים,227.00,100 גרם,false,1,26.90,0.1185,true,1,434116
732494000524,false,פופקורן שיקגו קרמל ו,איגל פודס ווקיגאן מפ,US,פופקורן שיקגו קרמל וגבינה,גרמים,227.00,100 גרם,false,1,26.90,0.1185,true,1,434115
732494000609,false,קרטורס פופקורן רק הג,קורפפידלס אינק,US,קרטורס פופקורן רק הגבינה,יחידה,1.00,יחידה,false,1,26.90,26.9000,true,1,434117
753182231761,false,משקה אנרגיה BLU ללא,אקו - ביט,PL,בלו משקה אנרגיה מוגז 250 מל,מיליליטרים,250.00,"100 מ""ל",false,1,5.00,0.0200,true,1,299183
768404001640,false,"גלידה קפה 500 מ""ל",מוצרי איכות אמריקאיי,,"פיינט בטעם קפה בן אנד גרי 500 מ""ל",מיליליטרים,500.00,"100 מ""ל",false,1,23.90,0.0478,true,1,296425
770009250262,false,שקיות אוכל מנייר 100,Source Atlantic,IL,שקיות אוכל מנייר,לא מנהל יחידת מידה,0.00,לא מנהל יחידת מידה,false,1,22.90,0.0000,true,1,422900
798164800019,false,אוכמניות בריאות 125,חקלאי,IL,אוכמניות בריאות 125 גר,גרמים,125.00,100 גרם,false,1,19.90,0.1592,true,1,327280
818570007066,false,תמצית וניל טהור וטקי,"ג'יי אר ווטקינס בע""מ",US,סידס תמצית מוניל טהור עם פולי וניל ממדגסקר 29 מל,מיליליטרים,29.00,"100 מ""ל",false,1,30.90,1.0655,true,1,327285
819046000086,false,אינקה ציפס בטטה ללא,אינקה קורפ אס.אי.אל,PE,אינקה ציפס בטטה ללא גלוטן 142 גרם,גרמים,142.00,100 גרם,false,1,19.90,0.1401,true,1,323362
833949000264,false,סירופ מייפל אורגני 3,דיקסר,CA,סירופ מייפל אורגני 330 גרם,גרמים,330.00,100 גרם,false,1,29.90,0.0906,true,1,304489
839762000641,false,נקטר איילנד מנגו 1 ל,"פאראגאלה,דה אג'יפשן",EG,איילנד מנגו 1 ליטר,ליטרים,1.00,ליטר,false,1,11.50,11.5000,true,1,288486
839762000658,false,נקטר איילנד גויאבה 1,The Egyptian Co. for,EG,איילנד גויאבה המשקה של חופי סיני 1 ליטר,ליטרים,1.00,ליטר,false,1,11.50,11.5000,true,1,288306
839762002379,false,נקטר איילנד מנגו 350,"פאראגאלה,דה אג'יפשן",EG,"איילנד מנגו  350 מ""ל",מיליליטרים,350.00,"100 מ""ל",false,1,6.90,0.0197,true,1,298974
842426146005,false,ליטל אנד ויילד וניל,,DO,ליטל אנד ויילד וניל 5 יחידות,יחידה,5.00,יחידה,false,5,34.90,6.9800,false,1,434430
850004207789,false,מיטבולס ביונד מיט 29,תאי פרזידנט פוד פאבל,US,מיטבולס ביונד מיט 290 גרם,גרמים,290.00,100 גרם,false,1,39.90,0.1376,true,1,427600
850014985127,false,חטיף גק סנסיטיב 154,שינייה פט פוד,CN,חטיף גק סנסיטיב 154 גרם,גרמים,154.00,100 גרם,false,1,14.90,0.0968,true,1,435383
850668000863,false,חטיף ציפס DEEP ברביק,OLD LYME GOURMET COM,,חטיף ציפס DEEP ברביקיו ללא גלוטן 142 גרם,גרמים,142.00,100 גרם,false,1,21.90,0.1542,true,1,308067
851621000050,false,שישיית בירה 1664 Bla,קרלסברג ספליי קומפאנ,PL,"שישיית 1664 Blanc בק 330 מ""ל",ליטרים,1.98,ליטר,false,1,59.90,30.2525,true,1,349710
852629004774,false,רביעיית נקניקיות ביו,סווג ריבר ביונד מיט,US,רביעיית נקניקיות ביונד מיט 400 גרם,גרמים,400.00,100 גרם,false,1,44.90,0.1122,true,1,427598
856591000062,false,עוגיות מזרחיות עבאדי,מאפיית יוסף ושמחה עב,IL,מזרח. מלח 400ג 856591000062,גרמים,400.00,100 גרם,false,1,18.90,0.0472,true,1,288829
856591000109,false,עוגיות מזרחיות עבאדי,מאפיית יוסף ושמחה עב,IL,עבאדי עוגיות מזרחיות פריך במיוחד 400 גרם,גרמים,400.00,100 גרם,false,1,18.90,0.0472,true,1,298453
884912002372,false,דגני פוסט סלקט קרנבר,post consumer brands,US,דגני פוסט סלקט קרנברי 396 גרם,גרמים,396.00,100 גרם,false,1,27.90,0.0705,true,1,306369
884912102102,false,דגני גרייט גריינס או,post consumer brands,US,דגני בוקר עם שקדים ואוכמניות,גרמים,382.00,100 גרם,false,1,27.90,0.0730,true,1,328965
884912116505,false,דגני פוסט גרייט גריי,post consumer brands,US,דגני פוסט גרייט גריינס בננה נאט 439 גרם,גרמים,439.00,100 גרם,false,1,27.90,0.0636,true,1,298985
884912117625,false,דגני פוסט גולדן קריס,post consumer brands,US,חטיף חיטה ממותק,גרמים,418.00,100 גרם,false,1,22.90,0.0548,true,1,356003
884912126115,false,דגני פוסט גרייט גריי,post consumer brands,US,תערובת דגנים עם פירות יבשים ופקאן,גרמים,453.00,100 גרם,false,1,27.90,0.0616,true,1,298986
884912342737,false,וופל קריספ 325 גרם,post consumer brands,US,תערובת דגנים בטעם וואפל אמריקאי,גרמים,325.00,100 גרם,false,1,24.90,0.0766,true,1,353900
884912359155,false,האני באנצ רוסטד,post consumer brands,US,POST האני באנצ רוסטד 340 גרם,גרמים,411.00,100 גרם,false,1,22.90,0.0557,true,1,430348
884912359162,false,האני באנצ אלמונד,post consumer brands,US,POST האני באנצ אלמונד 340 גרם,גרמים,411.00,100 גרם,false,1,22.90,0.0557,true,1,430347
884912359421,false,דגני פוסט האני באנצ,post consumer brands,US,דגני פוסט האני באנצ פקאן 411 גרם,גרמים,411.00,100 גרם,false,1,22.90,0.0557,true,1,430349
884912365200,false,דגני בוקר אוראו 311ג,פוסט,US,דגני בוקר אוראו 311גרם,גרמים,311.00,100 גרם,false,1,22.90,0.0736,true,1,435759
884912365217,false,דגני בוקר אוראו 311ג,פוסט,US,דגני בוקר אוראו 311גרם,גרמים,311.00,100 גרם,false,1,22.90,0.0736,true,1,359161
888849008100,false,משקה חלבון קווסט בטע,קווסט נטרישן,US,משקה חלבון קווסט בטעם שוקולד 330מל,מיליליטרים,330.00,"100 מ""ל",false,1,19.90,0.0603,true,1,434346
888849010103,false,משקה חלבון קווסט בטע,קווסט נטרישן,US,משקה חלבון קווסט בטעם קרמל מלוח  330מל,מיליליטרים,330.00,"100 מ""ל",false,1,19.90,0.0603,true,1,434348
898193001252,false,בונומלי - חליטת קמומ,בונומלי,IT,"""בונומלי"" תה קמומיל (בבונג) 28 גרם",גרמים,28.00,100 גרם,false,1,17.90,0.6393,true,1,351627
1230000068116,false,המבורגר ביונד מיט  ז,ביונד מיט קליפורניה,US,המבורגר ביונד מיט מארז זוגות,גרמים,226.00,100 גרם,false,1,34.90,0.1544,true,1,426439
1230000068314,false,בשר טחון ביונד מיט 3,זנברגן וורלד פינסט מ,NL,בשר טחון ביונד מיט 300 גרם,גרמים,300.00,100 גרם,false,1,34.90,0.1163,true,1,427597
1230000116022,false,המבורגר ביונד מיט  ז,ביונד מיט קליפורניה,US,המבורגר ביונד מיט  זוג  226גרם,גרמים,226.00,100 גרם,false,1,34.90,0.1544,true,1,434127
1724826034511,false,יין סטון וואלי שרדונ,יקב,US,יין סטון וואלי שרדונה 750מל,מיליליטרים,750.00,"100 מ""ל",false,1,59.90,0.0799,true,1,359723
1724826114510,false,יין סטון וואלי זינפנ,יקב,US,יין סטון וואלי זינפנדל  750מל,מיליליטרים,750.00,"100 מ""ל",false,1,59.90,0.0799,true,1,359725
3014260214692,false,גל גילוח גילט סירייס,ג'ילט,GB,גל גילוח גילט סירייס לעור רגיש ירוק 200,מיליליטרים,20000.00,"100 מ""ל",false,1,13.90,0.0007,true,1,291487
3014260262693,false,מכשיר ונוס,פרוקטר אנד גמבל,PL,מכשיר גילוח ונוס+ 2 סכינים,קילוגרמים,0.00,"ק""ג",false,1,33.90,0.0000,true,1,281819
3014260262709,false,סכיני גילוח ונוס לאש,פרוקטר אנד גמבל,DE,סכיני גילוח ג'ילט ונוס לנשים 4 יחידות,יחידה,1.00,יחידה,false,1,44.90,44.9000,true,1,281820
3014260287030,false,סכיני גילוח חד פעמי,פרוטקר אנד גמבל,MD,סכיני גילוח חד פעמי גילט 5 יחידות,לא מנהל יחידת מידה,0.00,לא מנהל יחידת מידה,false,1,7.90,0.0000,true,1,291396
3014260289287,false,סכיני גילוח בלו 2 לנ,פרוקטר אנד גמבל,RU,ג'ילט  סכיני בלו 2 לנשים חמישייה,יחידה,1.00,יחידה,false,1,14.90,14.9000,true,1,302075
3046920010801,false,שוקולד לינדט אקסלנס,לינדט ושפרונגלי אס.א,FR,שוקולד לינדט אקסלנס הזלנט 100 גרם,גרמים,100.00,100 גרם,false,1,14.90,0.1490,true,1,326947
3046920027281,false,שוקולד לינדט אקסלנס,לינדט ושפרונגלי,FR,שוקולד לינדט אקסלנס קרמלסולט 100 גרם,גרמים,100.00,100 גרם,false,1,14.90,0.1490,true,1,393820
3046920028004,false,שוקולד לינדט אקסלנס,לינדט ושפרונגלי,FR,לינדט אקסלנס 70% שוקולד מריר 100 גר,גרמים,100.00,100 גרם,false,1,14.90,0.1490,true,1,281914
3046920028363,false,שוקולד לינדט אקסלנס,לינדט ושפרונגלי,FR,שוקולד לינדט אקסלנס 85%  100 גרם,גרמים,100.00,100 גרם,false,1,14.90,0.1490,true,1,289495
3046920028721,false,שוקולד לינדט אקסלנס,לינדט ושפרונגלי,FR,שוקולד לינדט אקסלנס 99%  50 גרם,גרמים,50.00,100 גרם,false,1,14.90,0.2980,true,1,326015
3046920028752,false,שוקולד לינדט אקסלנס,לינדט ושפרונגלי,FR,לינדט אקסלנס שוקולד מריר שוויצרי עם מלח ים 100 גרם,גרמים,100.00,100 גרם,false,1,14.90,0.1490,true,1,293056
3046920029674,false,שוקולד לינדט אקסלנס,לינדט ושפרונגלי,DE,לינדט אקסלנס שוקולד מריר עם נגיעות מלח ים 100 גרם,גרמים,100.00,100 גרם,false,1,14.90,0.1490,true,1,296412
3046920029759,false,שוקולד לינדט אקסלנס,לינדט ושפרונגלי ג'י.,DE,שוקולד לינדט אקסלנס 90% 100 גרם,גרמים,100.00,100 גרם,false,1,14.90,0.1490,true,1,318461
3068320014067,false,מים מינרליים אוויאן,קריניציה ויטמינה אס,FR,"מים מינרליים אוויאן ספורט 750 מ""ל",מיליליטרים,750.00,"100 מ""ל",false,1,12.20,0.0163,true,1,434894
3068320017846,false,מים מינרלים אוויאן 1,קריניציה ויטמינה אס,FR,מים מינרלים אוויאן 1 ליטר,ליטרים,1.00,ליטר,false,1,13.20,13.2000,true,1,434895
3068320055008,false,מים מינרלים אוויאן,קריניציה ויטמינה אס,FR,"מים מינרלים אוויאן  500 מ""ל",מיליליטרים,500.00,"100 מ""ל",false,1,9.20,0.0184,true,1,434892
3073781161663,false,גבינת לבש קירי כשר12,בל,FR,גבינת לה וואש קירי,גרמים,128.00,100 גרם,false,1,13.90,0.1086,true,1,361012
3073781161687,false,גבינת לבש קירי כשר 2,בל,FR,גבינת לה וואש קירי,גרמים,256.00,100 גרם,false,1,25.90,0.1012,true,1,361013
3073781162790,false,גבינת בייבי בל אדום,מחלבות בל,FR,"בייבי בל גבינה מחלב מפוסטר, 120 גרם",גרמים,120.00,100 גרם,false,1,22.90,0.1908,true,1,429710
3073781177220,false,בייבי בל ספיירול 85ג,בל,FR,בייבי בל ספיירול 85גרם,גרמים,85.00,100 גרם,false,1,22.90,0.2694,true,1,435057
3120581456267,false,יין שבלי מ.דה ליני ל,,FR,"יין שבלי מ.דה ליני לבן יבש 750 מ""ל",מיליליטרים,750.00,"100 מ""ל",false,1,99.90,0.1332,true,1,355216
3120581458759,false,יין מ דה ליני בורגונ,,FR,"יין מ דה ליני בורגונדי שרדונה 750 מ""ל",מיליליטרים,750.00,"100 מ""ל",false,1,79.90,0.1065,true,1,429761
3141360054405,false,פיניש ציטרופרש ריח ל,רקיט בנקיזר,HU,מפיץ ריח למדיח לימון פיניש,לא מנהל יחידת מידה,0.00,לא מנהל יחידת מידה,false,1,16.90,0.0000,true,1,430050
3142701906001,false,דומיין דה זאראס פינק,,FR,"דומיין דה זאראס פינק פלמינגו גרי רוזה 750 מ""ל",מיליליטרים,750.00,"100 מ""ל",false,1,79.90,0.1065,true,1,421786
3161911229199,false,חמאה רכה אלוויר 250,אלל אה וויר,FR,חמאה רכה אלוויר 250 גרם,גרמים,250.00,100 גרם,false,1,22.90,0.0916,true,1,281991
3161911393210,false,חמאת אלוויר עם מלח,אלוויר,FR,אלוויר חמאת נורמנדי מלוחה 200 גרם,גרמים,200.00,100 גרם,false,1,17.90,0.0895,true,1,429766
3175460030083,false,גבינה בורסאן בצל עיר,השחר,FR,גבינה בורסאן בצל עירית 150 גרם,גרמים,150.00,100 גרם,false,1,22.90,0.1527,true,1,288728
3178530402353,false,מיני מדלן 175גרם,סאן מישל,FR,מיני מדלן 175גרם,גרמים,175.00,100 גרם,false,1,10.90,0.0623,true,1,434143
3178530407938,false,מיני מדלן עם פצפוצי,סאן מישל,FR,מיני מדלן עם פצפוצי שוקולד 175גרם,גרמים,175.00,100 גרם,false,1,10.90,0.0623,true,1,434145
3179730011024,false,מים מינרלים פרייה,נסטלה ווטרס ספלאי,FR,פרייה מים מינרלים מבעבעים טבעיים 330 מל,מיליליטרים,330.00,"100 מ""ל",false,1,6.90,0.0209,true,1,430378
3179732348913,false,מים פריה ירוק 1 ליטר,נסטלה ווטרס ספלאי,FR,פרייה מים מינרליים טבעיים מבעבעים 1 ליטר,ליטרים,100.00,ליטר,false,1,9.90,0.0990,true,1,296345
3228022910023,false,פרזידנט חמאה 200 גרם,סוסייטה בארייר דה אי,FR,פרזידנט חמאה 200 גרם,גרמים,200.00,100 גרם,false,1,15.50,0.0775,true,1,282065
3254550033279,false,קממבר איסני 250 גרם,איזיני סנט מר,FR,קממבר איסני 250 גרם,גרמים,250.00,100 גרם,false,1,36.90,0.1476,true,1,348926
3256931113815,false,‎פ‎‎כשל‎ ‎ברוט ‎הייד,,FR,‎פ‎‎כשל‎ ‎ברוט ‎היידסיק‎ ‎שמפניה‎ ‎מונופ,מיליליטרים,750.00,"100 מ""ל",false,1,199.90,0.2665,true,1,430214
3296324219007,false,יין לגנד בורדו רוטשי,יקבי רמת הגולן,IL,יין לגנד בורדו רוטשילד 750 מל,מיליליטרים,750.00,"100 מ""ל",false,1,109.90,0.1465,true,1,359873
3299791003612,false,אליזה פאלאס קברנה סו,,FR,"אליזה פאלאס קברנה סוביניון 750 מ""ל",מיליליטרים,750.00,"100 מ""ל",false,1,64.90,0.0865,true,1,421787
3299791009669,false,אר דה רומי שרדונה קו,,FR,"אר דה רומי שרדונה קולקשן גורמה 750 מ""ל",מיליליטרים,750.00,"100 מ""ל",false,1,59.90,0.0799,true,1,421788
3352379006365,false,‎פ‎‎כשל‎  ‎שמפניה‎ ‎,,FR,‎פ‎‎כשל‎  ‎שמפניה‎ ‎פומרי‎,מיליליטרים,750.00,"100 מ""ל",false,1,209.90,0.2799,true,1,430215
3379810116483,false,"יין שאבלי 750 מ""ל",לנגוט טראבן,FR,דומיין ברסאן שאבלי כשר,מיליליטרים,750.00,"100 מ""ל",false,1,109.90,0.1465,true,1,352326
3387390320244,false,דגני פיטנס פירות 375,סי. פי. צרפת,FR,דגני פיטנס פירות 375 גרם,גרמים,375.00,100 גרם,false,1,21.90,0.0584,true,1,289854
3387390525960,false,דגני קראנץ נסטלה 500,סי. פי. צרפת,FR,דגני קראנץ נסטלה 500 גרם,גרמים,500.00,100 גרם,false,1,26.90,0.0538,true,1,295413
3387390730852,false,דגני פיטנס 375 גרם,סי פי צרפת,FR,דגני פיטנס 375 גרם,גרמים,375.00,100 גרם,false,1,21.90,0.0584,true,1,289855
3500610150500,false,שאטו הו פורה מרלו 75,,FR,"שאטו הו פורה מרלו 750 מ""ל",מיליליטרים,750.00,"100 מ""ל",false,1,79.90,0.1065,true,1,429762
3500610150517,false,שאטו טימברליי בורדו,שאטו בלוו,FR,"שאטו טימברליי בורדו 750 מ""ל",מיליליטרים,750.00,"100 מ""ל",false,1,89.90,0.1199,true,1,429763
3523230025638,false,גבינת עיזים בושה,אוריאל,FR,גבינת בושה עיזים טבעית 125 גרם,גרמים,125.00,100 גרם,false,1,24.90,0.1992,true,1,304904
3523230025652,true,בושה עיזים שום 125 ג,אוריאל,FR,בושה עיזים שום ע.תיבול  125 גרם,גרמים,125.00,100 גרם,false,1,24.90,0.1992,true,1,330029
3523230026826,false,גבינת עיזים פרימדה ס,אוריאל,FR,גבינת עיזים טבעית למריחה פירמידה 140 גרם,גרמים,140.00,100 גרם,false,1,26.90,0.1921,true,1,342992
3523230026888,false,פירמידה עיזים  שום14,אוריאל,FR,גבינת עיזים  שום פרימדה סואניון 140 גרם,גרמים,140.00,100 גרם,false,1,26.90,0.1921,true,1,326232
3523230038959,false,בושה מפוחם של נני 12,אוריאל,FR,גבינת בושה עיזים מפוחמת 125 גרם,גרמים,125.00,100 גרם,false,1,25.90,0.2072,true,1,354383
3525490011109,false,יין לה זאמל מלבק 750,badet clement,FR,לה ג'אמל מלבק יבש,מיליליטרים,750.00,"100 מ""ל",false,1,54.90,0.0732,true,1,352327
3525490011116,false,יין לה זאמל קברנה סו,badet clement,FR,לה ג'אמל קברנה סוביניון יבש,מיליליטרים,750.00,"100 מ""ל",false,1,54.90,0.0732,true,1,352329
3574660057706,false,גונסון שמן תינוקות 3,גונסון,IT,גונסון שמן תינוקות 300 מל,ליטרים,300.00,ליטר,false,1,12.90,0.0430,true,1,434294
3574660089547,false,טמפוני O.B קלאסי נור,ג'ונסון אנד ג'ונסון,GR,טמפוני O.B קלאסי נורמל 32 יח,יחידה,1.00,יחידה,false,1,24.90,24.9000,true,1,292788
3574660115154,false,טמפוני O.B סופר 32 י,ג'ונסון אנד ג'ונסון,GR,אובה טמפונים ללא מוליך סופר 32 יח',יחידה,1.00,יחידה,false,1,24.90,24.9000,true,1,292790
3574660333466,false,טמפוני O.B קומפורט מ,"ש. שסטוביץ בע""מ",DE,אובה מיני טמפונים ללא מוליך 32 יחידות,ליטרים,0.00,ליטר,false,1,24.90,0.0000,true,1,304843
3574660649895,false,ליסטרין מי פה זירו מ,גונסון אנד גונסון,,"ליסטרין מי פה זירו מעודן 500 מ""ל",מיליליטרים,500.00,"100 מ""ל",false,1,17.90,0.0358,true,1,397306
3574661487328,false,קרפרי מגן תחתון רגיל,ג'ונסון אנד ג'ונסון,GR,קארפריי מגיני תחתון אורג'ינל עם שכבה מגינה 58 יח',יחידה,1.00,יחידה,false,1,19.90,19.9000,true,1,351690
3574661487625,false,קרפרי מגן תחתון מקסי,ג'ונסון אנד ג'ונסון,GR,קרפרי פלוס מגן תחתון לארג' 48 יחידות,יחידה,1.00,יחידה,false,1,19.90,19.9000,true,1,351691
3760125946719,false,רוזה אור פרובאנס 750,ג'נרל מילס סאן אדריא,FR,יין רוזה יבש 750 מל,מיליליטרים,750.00,"100 מ""ל",false,1,59.90,0.0799,true,1,358685
3760235771003,false,יין פטיט שאבלי דומיי,יקב רמת הגולן,IL,יין פטיט שאבלי דומיין דה בומו 750 מל,מיליליטרים,750.00,"100 מ""ל",false,1,90.00,0.1200,true,1,429978
3760235771010,false,שאבלי דומיין דה בומו,יקב רמת הגולן,IL,שאבלי דומיין דה בומו 750 מל,מיליליטרים,750.00,"100 מ""ל",false,1,100.00,0.1333,true,1,429977
3770000016758,false,‎פ‎‎כשל‎ ‎שאבלי‎ ‎פט,דומיין דה לה,FR,‎פ‎‎כשל‎ ‎שאבלי‎ ‎פטיט‎  ‎שאטיון‎ ‎דה‎ ‎,מיליליטרים,750.00,"100 מ""ל",false,1,99.90,0.1332,true,1,430216
3770000016796,false,‎פ‎‎כשל‎ ‎שאבלי‎  ‎ש,דומיין דה לה,FR,‎פ‎‎כשל‎ ‎שאבלי‎  ‎שאטיון‎ ‎דה‎ ‎דומיין‎,מיליליטרים,750.00,"100 מ""ל",false,1,99.90,0.1332,true,1,430217
4000417019004,false,שוקולד ריטר ספורט חל,אלפרד ריטר,DE,ריטר ספורט שוקולד חלב עם אגוזי לוז שלמים,גרמים,100.00,100 גרם,false,1,11.20,0.1120,true,1,301073
4000417022004,false,שוקולד ריטר ספורט חל,אלפרד ריטר,DE,שוקולד ריטר ספורט חלב צימוק אגוזים 100 ג,גרמים,100.00,100 גרם,false,1,11.20,0.1120,true,1,301074
4000417023001,false,שוקולד ריטר ספורט חל,אלפרד ריטר,DE,ריטר ספורט שוקולד חלב מעולה עם שקדים שלמים,גרמים,100.00,100 גרם,false,1,11.90,0.1190,true,1,301075
4000417025005,false,שוקולד ריטר ספורט מר,אלפרד ריטר,DE,שוקולד מריר ממולא מרציפן,גרמים,100.00,100 גרם,false,1,11.20,0.1120,true,1,301076
4000417026002,false,שוקולד ריטר ספורט נו,אלפרד ריטר,DE,שוקולד ריטר ספורט נוגט פרלין 100 גרם,גרמים,100.00,100 גרם,false,1,11.20,0.1120,true,1,301077
4000417101211,false,אמיצלי גלילי וופל 15,קימס,AT,אמיצלי גלילי וופל 150 גרם,גרמים,150.00,100 גרם,false,1,17.90,0.1193,true,1,429108
4000417211002,false,שוקולד ריטר ספורט מו,אלפרד ריטר,DE,שוקולד ריטר ספורט מוס קרמל ושברי שקדים,גרמים,100.00,100 גרם,false,1,11.20,0.1120,true,1,323662
4000417222008,false,שוקולד ריטר שברי אגו,אלפרד ריטר,DE,שוקולד ריטר שברי אגוזים  100 גרם,גרמים,100.00,100 גרם,false,1,11.20,0.1120,true,1,397213
4000417224002,false,שוקולד ריטר ספורט מר,אלפרד ריטר,DE,שוקולד ריטר ספורט מריר אגוזים 100 גרם,גרמים,100.00,100 גרם,false,1,11.90,0.1190,true,1,317660
4000417294005,false,שוקולד ריטר קרם קקאו,אלפרד ריטר,DE,שוקולד ריטר קרם קקאו מוקצף 100 ג,גרמים,100.00,100 גרם,false,1,11.20,0.1120,true,1,393108
4000417298003,false,שוקולד רייטר קוקוס 1,אלפרד ריטר,DE,שוקולד רייטר קוקוס 100 ג,גרמים,100.00,100 גרם,false,1,11.20,0.1120,true,1,392797
4000539280726,false,שוקולד לינדט אקסלנס,לינדט ושפרונגלי,DE,שוקולד לינדט אקסלנס 70% מילד 100 גרם,גרמים,100.00,100 גרם,false,1,14.90,0.1490,true,1,434549
4000539280740,true,לינדט אקסלנס 78% 100,לינדט ושפרונגלי אס.א,DE,לינדט אקסלנס 78% 100 גרם,גרמים,100.00,100 גרם,false,1,14.90,0.1490,true,1,434688
4001507161948,false,פתיתי שיבולת שועל דק,פורטין,DE,פתיתי שיבולת שועל דקה 500 גר,גרמים,500.00,100 גרם,false,1,5.90,0.0118,true,1,418089
4001518108642,false,עוגיות סנדוויץ וניל,גריסון,DE,עוגיות סנדוויץ וניל 180 גרם,גרמים,180.00,100 גרם,false,1,9.90,0.0550,true,1,430035
4002103250487,false,בירה ארדינגר בהירה מ,ארדינגר,DE,"בירה ארדינגר בהירה מעוננת 500 מ""ל",מיליליטרים,500.00,"100 מ""ל",false,1,11.90,0.0238,true,1,376181
4002575016253,false,מרציפן מצופה שוקולד,"זנטוס, ג'ולישר 177",DE,מרציפן מצופה שוקולד 100 גר             .,גרמים,100.00,100 גרם,false,1,9.90,0.0990,true,1,362931
4002720005736,false,קפה פילטר מליטה,מליטה אירופה,DE,מליטה קפה לפילטר פרימיום 250 גרם,גרמים,250.00,100 גרם,false,1,24.70,0.0988,true,1,430014
4002720008300,true,פולי קפה מליטה 1 קג,,,פולי קפה מליטה 1 קג,Unknown,0.00,Unknown,false,1,120.00,0.0000,true,1,403615
4003754081000,false,מרציפן חטיף 100 גרם,Erasmi & Carstens Gm,DE,מרציפן חטיף 100 גרם CARSTENS ERASMI,גרמים,100.00,100 גרם,false,1,7.90,0.0790,true,1,418600
4006508122134,false,מליטה נייר פילטר,שוורצקוף& הנקל דיסלד,DE,"נייר פילטר לקפה מס' 4, 40 יחידות",יחידה,1.00,יחידה,false,1,12.90,12.9000,true,1,400969
4008400290126,false,קנדר עוגת ספוג במילו,פררו טורקיה צ'יקולטה,TR,קנדר עוגת ספוג במילוי חלבי מצופה ש מריר,גרמים,30.00,100 גרם,false,1,4.50,0.1500,true,1,360544
4009300522935,false,תה ירוק לימונית ולוא,טיקנה,DE,פומפדור תה ירוק לימונית ולואיזה 30 גר',גרמים,30.00,100 גרם,false,1,19.90,0.6633,true,1,295164
4009300522966,false,תה ירוק עם נענע,טיקנה,DE,pompadour תה ירוק עם נענע 30 גרם,גרמים,30.00,100 גרם,false,1,18.90,0.6300,true,1,295165
4009300524588,false,תה פומפדור חליטה,טיקנה,DE,פומפדור חליטת פירות וצמחים בטעם פירות יער 60 גר',גרמים,60.00,100 גרם,false,1,16.90,0.2817,true,1,374922
4009300526438,false,תה ירוק קלאסי פומפדו,טיקנה,DE,פומפדור תה ירוק קלאסי 30 גרם,גרמים,30.00,100 גרם,false,1,18.90,0.6300,true,1,313967
4009300527909,true,פומפדור גינגר כורכום,,DE,פומפדור גינגר כורכום,Unknown,0.00,Unknown,false,1,16.90,0.0000,true,1,415520
4009309022399,true,כרוב כבוש אורגני 670,נטורפוד,DE,כרוב כבוש אורגני,גרמים,670.00,100 גרם,false,1,15.90,0.0237,true,1,330792
4009309114346,true,מלפפונים אורגנים בחו,נטורפוד,DE,מלפפון כבוש אורגני,גרמים,670.00,100 גרם,false,1,22.90,0.0342,true,1,330793
4009309114407,true,נטורפוד מלפפון כבוש,נטורפוד,DE,מלפפון כבוש אורגני,גרמים,670.00,100 גרם,false,1,22.90,0.0342,true,1,330794
4009309456453,true,סלק אדום אורגני 670,נטורפוד,DE,סלק אדום אורגני,גרמים,670.00,100 גרם,false,1,15.90,0.0237,true,1,330795
4009309740422,true,רסק תפוחים אורגני,אלפרד פאולסן,DE,נטור פוד רסק תפוחים אורגני 700 גרם,גרמים,700.00,100 גרם,false,1,16.90,0.0241,true,1,330796
4009309742426,true,רסק תפוח מנגו אורגני,אלפרד פאולסן,DE,נטור פוד רסק תפוחים אורגני 700 גרם,גרמים,700.00,100 גרם,false,1,17.90,0.0256,true,1,330797
4009900379564,false,הובה בובה טייפ פירות,מרס ריגלי קונפקשונרי,,מסטיק הובה בובה באבל טייפ פירות,לא מנהל יחידת מידה,0.00,לא מנהל יחידת מידה,false,1,6.90,0.0000,true,1,369785
4009900402965,false,מסטיק אורביט וויט פי,ריגלי פולין,PL,מסטיק אורביט וויט פירות בקבוקון,Unknown,0.00,Unknown,false,1,9.90,0.0000,true,1,306472
4009900403023,false,מסטיק אורביט וויט מנ,ריגלי פולין,PL,מסטיק אורביט וויט קלאסי בקבוקון,גרמים,64.00,100 גרם,false,1,9.90,0.1547,true,1,306473
4009900420129,false,אורביט פרופשיונל פפר,מרס נדרלנד,PL,אורביט פרופשיונל פפרמינט בקבוקון,לא מנהל יחידת מידה,0.00,לא מנהל יחידת מידה,false,1,9.90,0.0000,true,1,347312
4009900426039,false,מסטיק איירווייבס מנט,ריגלי פולין,PL,מסטיק אירווביס מנטה אקליפטוס בקבוקון,גרמים,64.00,100 גרם,false,1,9.90,0.1547,true,1,324522
4009900426121,false,מסטיק איירווייבס אוכ,ריגלי פולין,PL,מסטיק איירווייבס אוכמניות בקבוקון,גרמים,64.00,100 גרם,false,1,9.90,0.1547,true,1,324523
4009900455299,false,סקיטלס פירות 174 גרם,ריגלי ממתקים,CZ,סקיטלס סוכריות לעיסה בציפוי דרג'ה בטעם פירות,גרמים,174.00,100 גרם,false,1,8.90,0.0511,true,1,314042
4009900465304,false,סקיטלס חמוץ 174 גרם,ריגלי ממתקים,CZ,סקיטלס חמוץ 174 גרם,גרמים,174.00,100 גרם,false,1,8.90,0.0511,true,1,314043
4009900479998,false,מסטיק אורביט אוכמניו,ריגלי פולין,PL,מסטיק אורביט אוכמניות בקבוקון,Unknown,0.00,Unknown,false,1,9.90,0.0000,true,1,314044
4009900482417,false,מסטיק אורביט בבאבל מ,ריגלי פולין,PL,מסטיק אורביט בבלמינט בקבוקון 64 גרם,Unknown,0.00,Unknown,false,1,9.90,0.0000,true,1,308938
4009900525138,false,מסטיק אורביט  וויט ת,ריגלי,PL,מסטיק אורביט  וויט תות בקבוקון,יחידה,1.00,יחידה,false,1,9.90,9.9000,true,1,352502
4009900531122,false,אורביט פרופשיונל ספי,מרס נדרלנד,PL,אורביט פרופשיונל ספירמינט בקבוקון,לא מנהל יחידת מידה,0.00,לא מנהל יחידת מידה,false,1,9.90,0.0000,true,1,347313
4009900539340,false,סקיטלס גיינט סאוור 1,מרס ריגלי קונפקשונרי,PL,סקיטלס גיינט סאוור 141 גר,גרמים,141.00,100 גרם,false,1,8.90,0.0631,true,1,429043
4009900539685,false,מסטיק פייב מנטה בקבו,ריגלי בעמ רוסיה,PL,מסטיק פייב באונס בטעם מנטה ללא סוכר,גרמים,62.00,100 גרם,false,1,11.90,0.1919,true,1,429501
4009900539746,false,מסטיק פייב אבטיח בקב,ריגלי בעמ רוסיה,PL,מסטיק פייב באונס בטעם אבטיח בקבוקון,גרמים,62.00,100 גרם,false,1,11.90,0.1919,true,1,429502
4009900540551,false,אורביט ריפרשרס טרופי,מרס פולין,PL,אורביט ריפרשרס טרופיקל,גרמים,67.00,100 גרם,false,1,10.90,0.1627,true,1,429497
4011800567613,false,חטיף קורני סנדוויץ ש,שוורטאוור וורקה,DE,חטיף קורני סנדוויץ שחור לבן מארז 4 יח,גרמים,120.00,100 גרם,false,1,12.90,0.1075,true,1,313027
4011800628512,false,חטיף קורני שוקולד חל,שוורטאוור וורקה,DE,קורני חטיף דגנים עם שוקולד חלב 6 יחידות 150 גרם,גרמים,150.00,100 גרם,false,1,12.90,0.0860,true,1,311390
4011800630515,false,קורני בייס שוק בננה,שוורטאוור וורקה,DE,קורני חטיף דגנים עם שוקולד חלב ובננה 175 גרם,גרמים,150.00,100 גרם,false,1,12.90,0.0860,true,1,311417
4011800632519,false,חטיף קורני שוקולד חל,שוורטאוור וורקה,DE,חטיף קורני שוקולד חלב וקוקוס מארז 6 יח,גרמים,150.00,100 גרם,false,1,12.90,0.0860,true,1,311582
4011800633516,false,חטיף קורני שוקולד מר,שוורטאוור וורקה,DE,חטיף קורני שוקולד מריר מארז 6 יח,גרמים,138.00,100 גרם,false,1,12.90,0.0935,true,1,311166
4011800636517,false,חטיף קורני FREE שוקו,שוורטאוור וורקה,DE,חטיף קורני FREE שוקולד חלב מארז 6 יח,גרמים,120.00,100 גרם,false,1,12.90,0.1075,true,1,311168
4013197767027,false,סוכריות פחיות,יושלם,,סוכריות פחיות,קילוגרמים,0.20,"ק""ג",false,1,11.00,55.0000,true,1,431290
4013197767119,false,סוכריות פחיות,יושלם,,סוכריות פחיות,קילוגרמים,0.20,"ק""ג",false,1,11.00,55.0000,true,1,431287
4014400900217,false,בונבוניירה מרסי 400,אוגוסט שטורק,DE,בונבונריית מרסי מבחר ממתקי שוקולד 400 גרם,גרמים,400.00,100 גרם,false,1,49.90,0.1247,true,1,285230
4014400901191,false,בונבוניירה מרסי 250,אוגוסט שטורק,DE,בונבוניירה מרסי 250 גרם,גרמים,250.00,100 גרם,false,1,29.90,0.1196,true,1,282523
4014400904277,false,סוכריות אייס פרש,שטורק,DE,אייספרש 425 גרם (15 בקרטון),גרמים,425.00,100 גרם,false,1,19.90,0.0468,true,1,287787
4014400904307,false,סוכריות קליפורניה 42,אוגוסט שטורק,DE,קליפורניה שקית 425 גר',גרמים,425.00,100 גרם,false,1,19.90,0.0468,true,1,321668
4014400904376,false,סוכריות שוקולדן,אוגוסט שטורק,DE,סוכ.שטורק שוקולדן 325 גר,גרמים,326.00,100 גרם,false,1,19.90,0.0610,true,1,282526
4014400904390,false,סוכריות שטורק וולמיל,אוגוסט שטורק,DE,וולמילש 325 גר',גרמים,325.00,100 גרם,false,1,19.90,0.0612,true,1,282527
4014400910063,false,סוכריות חמאה וורטר1,אוגוסט שטורק,DE,וורטרס אורגינל סוכריות חמאה 135 גרם,גרמים,135.00,100 גרם,false,1,10.90,0.0807,true,1,376861
4014400913910,false,סוכריות וורטר קרימי,שטורק,DE,וורטר במילוי קרם 125 גרם,גרמים,125.00,100 גרם,false,1,11.90,0.0952,true,1,389412
4014400914696,false,סוכריות חמאה וורטר ל,אוגוסט שטורק,DE,סוכריות חמאה וורטר ללא סוכר 80 גרם,גרמים,80.00,100 גרם,false,1,10.90,0.1363,true,1,300289
4014400914924,false,סוכריות קפה וורטר לל,אוגוסט שטורק,DE,סוכריות חמאה וורטרס ללא סוכר בטעם קפוצ'ינו,גרמים,80.00,100 גרם,false,1,11.90,0.1488,true,1,377692
4014400920857,false,וורטר שוקולד ללא סוכ,אוגוסט שטורק,DE,וורטרס סוכריות חמאה בטעם שוקולד ללא סוכר,Unknown,0.00,Unknown,false,1,11.90,0.0000,true,1,392848
4014400923711,false,בונבוניירה טופיפי שו,אוגוסט שטורק,DE,בונבוניירה טופיפי שוקולד 125 גרם,גרמים,125.00,100 גרם,false,1,13.90,0.1112,true,1,324956
4014400925319,false,וורטר פופקורן קרמל 1,שטורק,DE,חטיף פופקורן בציפוי קרמל,גרמים,140.00,100 גרם,false,1,14.90,0.1064,true,1,357786
4015400363002,false,טמפקס סופר 20 יח,פרוקטר & גמבל,DE,טמפקס סופר 20 יח,יחידה,20.00,יחידה,false,1,25.90,1.2950,true,1,434611
4015400363033,false,טמפקס רגולר 20 יח,פרוקטר & גמבל,DE,טמפקס רגולר 20 יח,יחידה,20.00,יחידה,false,1,25.90,1.2950,true,1,434612
4015400363064,false,טמפקס סופר פלוס 20 י,פרוקטר & גמבל,DE,טמפקס סופר פלוס 20 יח,יחידה,20.00,יחידה,false,1,25.90,1.2950,true,1,434613
4015400824701,false,טמפונים טמפקס פלאש ר,פרוקטר אנד גמבל,HU,טמפונים טמפקס פלאש רגולר מוליך 30 יח,גרמים,0.00,100 גרם,false,1,28.90,0.0000,true,1,282537
4015600762742,false,שמפו הד אנד שולדרס ק,פרוקטר אנד גמבל,RO,"הד אנד שולדרס שמפו קלאסי  500 מ""ל",מיליליטרים,500.00,"100 מ""ל",false,1,23.90,0.0478,true,1,318619
4015600762780,false,שמפו הד אנד שולדרס 2,פרוקטר אנד גמבל,RO,"הד אנד שולדרס 2 ב 1 קלאסי 500  מ""ל",מיליליטרים,500.00,"100 מ""ל",false,1,23.90,0.0478,true,1,318329
4015600762902,false,שמפו הד אנד שולדרס מ,פרוקטר אנד גמבל,RO,"הד אנד שולדרס שמפו מנטול  500 מ""ל",מיליליטרים,500.00,"100 מ""ל",false,1,23.90,0.0478,true,1,318628
4015600762940,false,שמפו הד אנד שולדרס ת,פרוקטר אנד גמבל,RO,"הד אנד שולדרס שמפו תפוח 500 מ""ל",מיליליטרים,500.00,"100 מ""ל",false,1,23.90,0.0478,true,1,326113
4015600763022,false,שמפו הד אנד שולדרס ל,פרוקטר אנד גמבל,RO,"הד אנד שולדרס שמפו מגע משי  500 מ""ל",מיליליטרים,500.00,"100 מ""ל",false,1,23.90,0.0478,true,1,318711
4015600810849,false,Gillette Clear Gel A,פרוקטר אנד גמבל,PL,Gillette Clear Gel AP Deo Stick Power Ru,מיליליטרים,70.00,"100 מ""ל",false,1,16.90,0.2414,true,1,389430
4017100210105,false,וופלטן וופל מגולגל מ,באלסן,DE,וופלטן וופל מגולגל מריר 100 גרם,גרמים,100.00,100 גרם,false,1,13.90,0.1390,true,1,394364
4017100216800,true,וופל מיניס מצופה שוק,בלזן,DE,בלזן וופל מצופה שוקולד חלב,גרמים,75.00,100 גרם,false,1,9.90,0.1320,true,1,323647
4017100219900,false,ופל ופלטן מגולגל מצו,חברת באלסן,DE,ופל ופלטן מגולגל מצופה שוקולד 100 גרם,גרמים,100.00,100 גרם,false,1,13.90,0.1390,true,1,282543
4017100290008,false,ביסקוויט בלזן מצופה,חברת באלסן,DE,בלזן בסקויט חמאה מצופה שוק חלב 125 גרם,גרמים,125.00,100 גרם,false,1,13.90,0.1112,true,1,282544
4017100291005,false,ביסקוויטבלזן מצופה ש,חברת באלסן,DE,בלזן לייבניז בסקויט חמאה מצופה שוקולד מריר,גרמים,125.00,100 גרם,false,1,13.90,0.1112,true,1,322693
4017100364112,false,עוגיות היט קקאו 220,חברת בלזן,PL,בלזן היט קקאו 220 גרם,גרמים,220.00,100 גרם,false,1,8.90,0.0405,true,1,316892
4018722100157,false,פסטה פוזילי כוסמין מ,אלב גולד,DE,אלב גולד פוזילי כוסמין אורגני 250 גרם,גרמים,250.00,100 גרם,false,1,12.90,0.0516,true,1,339323
4018722100188,true,אטריות כוסמין ביצים,אלב גולד,DE,אטריות כוסמין ביצים רחבות 250 גרם,גרמים,250.00,100 גרם,false,1,15.90,0.0636,true,1,330916
4018722102632,true,ספגטי כוסמין מלא אור,אלב גולד,DE,כוסמין פסטה אורגנית,גרמים,500.00,100 גרם,false,1,16.90,0.0338,true,1,339324
4018722102656,true,ספגטי כוסמין אורגני,אלב גולד,DE,אלב גולד - ספגטי כוסמין אורגני 500 גרם,גרמים,500.00,100 גרם,false,1,16.90,0.0338,true,1,339325
4022025001752,true,יין בלו נאן מבעבע כש,,,"יין בלו נאן מבעבע כשר 750 מ""ל",מיליליטרים,750.00,"100 מ""ל",false,1,54.90,0.0732,true,1,430400
4022025001790,false,יין בלו נאן 24K גולד,היי סישל סוהן טראבן,DE,"יין בלו נאן 24K גולד מבעבע כשר 750 מ""ל",מיליליטרים,750.00,"100 מ""ל",false,1,54.90,0.0732,true,1,430395
4022025002087,false,24K יין בלו נאן רוזה,בלו נאן,DE,"24K יין בלו נאן רוזה מבעבע כשר 750 מ""ל",מיליליטרים,750.00,"100 מ""ל",false,1,54.90,0.0732,true,1,428875
4022025262009,false,יין בלו נאן גוורצטרמ,לנגוט טראבן,,"יין בלו נאן גוורצטרמינר כשר  750 מ""ל",מיליליטרים,750.00,"100 מ""ל",false,1,49.90,0.0665,true,1,430387
4022025290309,false,יין בלו נאן פינק רוז,בלו נאן,DE,"יין בלו נאן פינק רוזה כשר 750 מ""ל",מיליליטרים,750.00,"100 מ""ל",false,1,49.90,0.0665,true,1,428874
4022025773000,false,בלו נאן מוסקטו כשר 7,בלו נאן,DE,"בלו נאן מוסקטו כשר 750 מ""ל",מיליליטרים,750.00,"100 מ""ל",false,1,49.90,0.0665,true,1,428873
4023800531648,false,בונ מוצרט 200 ג CARS,Erasmi & Carstens Gm,DE,בונ מוצרט 200 ג CARSTENS,גרמים,200.00,100 גרם,false,1,19.90,0.0995,true,1,434580
4025700001962,false,שוקולד מילקה לבן,פי אר ג'יי אס סי מונ,UA,מילקה שוקולד לבן 100 גרם,גרמים,100.00,100 גרם,false,1,6.90,0.0690,true,1,297796
4032900104508,false,סיגריות אל די סופרסל,,,סיגריות אל די סופרסל,לא מנהל יחידת מידה,0.00,לא מנהל יחידת מידה,false,1,28.40,0.0000,false,1,432709
4032900111292,false,סיגריות ווינסטון קומ,JTI,UA,סיגריות ווינסטון קומפקט כחול בודד,לא מנהל יחידת מידה,0.00,לא מנהל יחידת מידה,false,1,29.80,0.0000,false,1,432753
4032900111308,false,סיגריות ווינסטון קומ,JTI,UA,סיגריות ווינסטון קומפקט סילבר בודד,לא מנהל יחידת מידה,0.00,לא מנהל יחידת מידה,false,1,29.80,0.0000,false,1,432755
4032900112879,false,סיגריות כאמל קומפקט,,,סיגריות כאמל קומפקט כחול בודד,יחידה,1.00,יחידה,false,1,27.60,27.6000,false,1,432778
4032900124254,false,וינסטון  קומפקט ברי,,,וינסטון  קומפקט ברי PP בודד,יחידה,1.00,יחידה,false,1,29.80,29.8000,false,1,433325
4033100013348,false,סיגריות אל די כחול א,JTI,,סיגריות אל די כחול ארוך חפיסה בודד,לא מנהל יחידת מידה,0.00,לא מנהל יחידת מידה,false,1,30.20,0.0000,false,1,431278
4033100014468,false,סיגריות אל די אדום ח,JTI,,סיגריות אל די אדום חפיסה בודד,לא מנהל יחידת מידה,0.00,לא מנהל יחידת מידה,false,1,30.20,0.0000,false,1,431277
4033100014499,false,סיגריות אל די כחול ח,JTI,,סיגריות אל די כחול חפיסה בודד,Unknown,0.00,Unknown,false,1,30.20,0.0000,false,1,431276
4033100014529,false,סיגריות אל די סלים ח,JTI,,סיגריות אל די סלים חפיסה בודד,יחידה,1.00,יחידה,false,1,29.00,29.0000,false,1,431279
4033100024146,false,סיגריות וינסטון קוד,JTI,,סיגריות וינסטון קוד חפיסה בודד,לא מנהל יחידת מידה,0.00,לא מנהל יחידת מידה,false,1,32.00,0.0000,false,1,431481
4033100024252,false,סיגריות וינסטון אקוו,JTI,,סיגריות וינסטון אקווה חפיסה בודד,יחידה,0.00,יחידה,false,1,32.00,0.0000,false,1,306037
4033100038914,false,טבק לגלגול קאמל צהוב,JTI,,טבק לגלגול קאמל צהוב חפיסה30 גרם,גרמים,30.00,100 גרם,false,1,81.20,2.7067,false,1,431588
4033100046490,false,סיגריות וינסטון קוד,יושלם,,סיגריות וינסטון קוד אקווה 100 חפיסה בודד,לא מנהל יחידת מידה,0.00,לא מנהל יחידת מידה,false,1,32.00,0.0000,false,1,309530
4033100047350,false,טבק לגלגול קאמל כחול,JTI,,טבק לגלגול קאמל כחול חפיסה30 גרם,גרמים,30.00,100 גרם,false,1,81.20,2.7067,false,1,431589
4033100064036,false,טבק לגלגול וינסטון כ,JTI,,טבק לגלגול וינסטון כחול חפיסה30 גרם,גרמים,30.00,100 גרם,false,1,81.20,2.7067,false,1,431807
4043058008778,false,טבק לגלגול אמריקן ספ,jti,,טבק לגלגול אמריקן ספיריט כחול חבילה30גר,גרמים,30.00,100 גרם,false,1,88.20,2.9400,false,1,431595
4043058010412,false,טבק לגלגול אמריקן ספ,jti,,טבק לגלגול אמריקן ספיריט צהוב חבילה30גר,גרמים,30.00,100 גרם,false,1,88.20,2.9400,false,1,431788
4052197000017,false,בירה בנדיקטינר בקבוק,בנדיקטינר וויצבראו,DE,בנדיקטינר בירה 500 מל,מיליליטרים,500.00,"100 מ""ל",false,1,10.90,0.0218,true,1,304433
4052197000369,false,בירה בנדיקטינר שישיי,benediktiner,DE,"בירה בנדיקטינר שישייה בקבוק 330 מ""ל",ליטרים,1.98,ליטר,false,1,55.90,28.2323,true,1,322709
4052197001281,false,בירה בנדיקטינר פחית,בנדקטינר,,"בירה בנדיקטינר פחית 500 מ""ל",מיליליטרים,500.00,"100 מ""ל",false,1,9.50,0.0190,true,1,316230
4052197003254,false,בירה בנדיקטינר לאגר,בנדיקטינר וויצבראו,DE,בנדיקטינר בירה לאגר בהירה אוריגינל 500 מל,מיליליטרים,500.00,"100 מ""ל",false,1,10.90,0.0218,true,1,321987
4062400543125,false,טקילה סיירה זהב רפוס,Sierra Unidas,MX,סיארה טקילה רפוסאדו 700 מל,מיליליטרים,700.00,"100 מ""ל",false,1,94.90,0.1356,true,1,319697
4067700014849,false,"ייגרמייסטר 700 מ""ל",פארייפאבה אגרואינדוס,DE,"ייגרמייסטר 700 מ""ל",מיליליטרים,700.00,"100 מ""ל",false,1,99.90,0.1427,true,1,323577
4084500371453,false,טייד אבקת כביסה אלפי,פרוקטר אנד גמבל,TR,"טייד אבקת כביסה אלפיין 8 ק""ג",קילוגרמים,8.00,"ק""ג",false,1,56.90,7.1125,true,1,390222
4100130937163,false,בירה בקס 6 יחידות 1.,"איי, בי, אינבוו",DE,בירה בקס 6 יחידות 1.65 ליטר,מיליליטרים,275.00,"100 מ""ל",false,1,34.90,0.1269,true,1,319024
4100470106700,true,חומץ תפוחים טבעי ואו,ברוקהרט,DE,נטורפוד חומץ תפוחים טבעי ואורגני,מיליליטרים,750.00,"100 מ""ל",false,1,25.90,0.0345,true,1,330953
4105120623941,false,בירה וויינשטפן בקבוק,"ויינשטפן, ת.ד 1155 פ",DE,"ויינשטפן בק ח""פ 500 מ""ל",מיליליטרים,500.00,"100 מ""ל",false,1,12.90,0.0258,true,1,357547
4600659010854,false,וודקה סטולי בקבוק 70,פארייפאבה אגרואינדוס,LV,"וודקה סטולי בקבוק 700 מ""ל",מיליליטרים,700.00,"100 מ""ל",false,1,69.90,0.0999,true,1,287592
4602486002071,false,וודקה בלנקאיה גולד 7,מזקקת גאורגייבסקי קר,RU,וודקה בלנקאיה גולד 700 מל,מיליליטרים,770.00,"100 מ""ל",false,1,59.90,0.0778,true,1,352505
4603400000043,false,וודקה רוסקי סטנדרט ב,האי נאם סי או אל.טי.,RU,"וודקה רוסקי סטנדרט בקבוק 700 מ""ל",מיליליטרים,700.00,"100 מ""ל",false,1,69.90,0.0999,true,1,308720
4603400000197,false,וודקה רוסקי סטנדרט ב,יושלם,,"וודקה רוסקי סטנדרט בקבוק 500 מ""ל",מיליליטרים,500.00,"100 מ""ל",false,1,64.90,0.1298,true,1,431324
4603514009277,false,גין באריסטר יבש 700מ,לדוגה,RU,גין באריסטר יבש 700מל,מיליליטרים,700.00,"100 מ""ל",false,1,89.90,0.1284,true,1,427986
4603514009390,false,גין באריסטר אולד טום,לדוגה,RU,גין באריסטר אולד טום סמול באטש 700מל,מיליליטרים,700.00,"100 מ""ל",false,1,119.90,0.1713,true,1,427987
4603514011027,false,גין באריסטר ראשין סמ,לדוגה,RU,גין באריסטר ראשין סמול באטש 700מל,מיליליטרים,700.00,"100 מ""ל",false,1,144.90,0.2070,true,1,427988
4603928000976,false,"וודקה בלוגה 700 מ""ל",מרינסקי ליקרו-וודאצ',RU,"וודקה בלוגה 700 מ""ל",מיליליטרים,700.00,"100 מ""ל",false,1,139.90,0.1999,true,1,308872
4607002990290,false,מלפפונים  מוחמצים  ד,רוסקויי פולה אלבאשי,RU,מלפפונים  מוחמצים  דאדיה וניה 680גר,גרמים,680.00,100 גרם,false,1,11.90,0.0175,true,1,422598
4607002990474,false,עגבניות מוחמצות  דאד,רוסקויי פולה אלבאשי,RU,עגבניות מוחמצות  דאדיה וניה 680גר,גרמים,680.00,100 גרם,false,1,11.90,0.0175,true,1,422599
4607012351005,false,מרטין גרעיני חמניות,אל אל סי מרטין,RU,גרעיני חמניה קלויים מרטין 200 גרם,גרמים,200.00,100 גרם,false,1,12.90,0.0645,true,1,330983
4607012351999,false,גרעיני חמניות מרטין,אל אל סי מרטין,RU,גרעיני חמנייה במלח מרטין 200 גרם,גרמים,200.00,100 גרם,false,1,12.90,0.0645,true,1,330984
4607012352002,true,גרעיני דלעת מרטין,,,גרעיני דלעת מרטין,Unknown,0.00,Unknown,false,1,12.90,0.0000,true,1,403828
4607026530212,false,כוסמת 900 גרם,קרלו,RU,כוסמת 900 גרם,גרמים,900.00,100 גרם,false,1,12.90,0.0143,true,1,300565
4607109409619,false,פיניש טבליות 25 יח A,רקיט בנקיזר,PL,טבליות למדיח כלים פיניש אול אין וואן 25 טבליות,גרמים,530.00,100 גרם,false,1,29.90,0.0564,true,1,324866
4610028130052,false,וודקה  לגנד אוף קרמל,מפעל משקאות,,וודקה  לגנד אוף קרמלין 0.70,יחידה,1.00,יחידה,false,1,119.90,119.9000,true,1,422381
4640018993343,false,פיניש קוואנטום 30 יח,רקיט בנקיזר,PL,פיניש קוואנטום קפסולות למדיח 30 טבליות,גרמים,375.00,100 גרם,false,1,39.90,0.1064,true,1,358104
4640018993350,false,פיניש קוואנטום 30 יח,רקיט בנקיזר,PL,פיניש קוואנטום 30 יח קפסולות גיל לימון,גרמים,375.00,100 גרם,false,1,39.90,0.1064,true,1,358105
4710068001692,false,מאסטר קפה לאטה 240 מ,תאיט מרקטינג אנד דיס,,מאסטר קפה לאטה פחית,מיליליטרים,240.00,"100 מ""ל",false,1,7.50,0.0313,true,1,312471
4710068001715,false,מאסטר קפה טירמיסו 24,יוני פרזינדנט אנטרפר,,מאסטר קפה טרמיסו פחית 240 מל,מיליליטרים,240.00,"100 מ""ל",false,1,7.50,0.0313,true,1,312473
4710068001739,false,מאסטר קפה קולומביאני,יוני פרזינדנט אנטרפר,,מאסטר קפה משקה קפה קר קלאסיקו 240 מל,מיליליטרים,240.00,"100 מ""ל",false,1,7.50,0.0313,true,1,312472
4710068002798,false,מאסטר קפה וונילה פחי,מאיטה פוד אינדוסטריא,,מאסטר קפה לאטה פחית,מיליליטרים,240.00,"100 מ""ל",false,1,7.50,0.0313,true,1,349623
4711476002813,false,קפה קר מוקצינו 240 מ,,CN,קפה קר מוקצינו 240 מל,מיליליטרים,240.00,"100 מ""ל",false,1,9.60,0.0400,true,1,435852
4751007730938,false,שימורי שפרוטים מעושנ,,LV,שימורי שפרוטים מעושנים בשמן צמחי 240גרם,גרמים,240.00,100 גרם,false,1,9.90,0.0413,true,1,418877
4751007737760,false,שימורי דגי קילקה מטו,,LV,שימורי דגי קילקה מטוגנים ברוטב עגבניות,גרמים,240.00,100 גרם,false,1,5.90,0.0246,true,1,424305
4770179109991,false,PERGALבונבונירה שוקו,PERGALE,LT,PERGALבונבונירה שוקולד עם וודקה 190גרם,גרמים,190.00,100 גרם,false,1,17.90,0.0942,true,1,361405
4770179110126,false,PERGALEבונ שוק עם לי,BARILLA G.E.R.,BE,PERGALEבונ שוק עם ליקר שרי 190 ג,גרמים,190.00,100 גרם,false,1,17.90,0.0942,true,1,434884
4792032060454,true,מי קוקוס אורגני גרין,בן טרה ג'וינט סטוק,DE,GREEN COCO מי קוקוס אורגני 330 מל,מיליליטרים,330.00,"100 מ""ל",false,1,9.40,0.0285,true,1,323414
4793000637005,false,מקלות קינמון ציילון,אינטרנשיונל קומודטי,DE,קינמון ציילוני אמיתי טחון אורגני,גרמים,50.00,100 גרם,false,1,19.90,0.3980,true,1,355567
4793000637012,false,קינמון ציילון אורגני,אינטרנשיונל קומודטי,DE,קינמון ציילוני אמיתי טחון אורגני,גרמים,70.00,100 גרם,false,1,16.90,0.2414,true,1,355568
4796019790013,false,שמן קוקוס אורגני גרי,גרין קוקו,,שמן קוקוס אורגני,מיליליטרים,300.00,"100 מ""ל",false,1,23.90,0.0797,true,1,322602
4796019790020,false,שמן קוקוס אורגני 500,גרין קוקו,LK,"שמן קוקוס אורגני 500 מ""ל",מיליליטרים,500.00,"100 מ""ל",false,1,33.90,0.0678,true,1,328488
4800888219534,false,דאו סטיק אורגינל דאב,"חברת זולברג, גוברנור",IL,דאב דאורדורנט סטיק אוריגינל 50 גרם,גרמים,50.00,100 גרם,false,1,24.90,0.4980,true,1,427425
4860019001346,false,"מים מינרלים בורג""ומי",אי די אס בורגומי,,"מים מינרלים בורג""ומי 500 מ""ל",מיליליטרים,500.00,"100 מ""ל",false,1,7.90,0.0158,true,1,301211
4860019001414,false,מים מינרלים בורגומי,האי נאם סי או אל.טי.,,"מים מינרלים בורגומי 750 מ""ל",מיליליטרים,750.00,"100 מ""ל",false,1,8.90,0.0119,true,1,311289
4891228308032,false,שיק אינטואיישן ידית+,ארץ ייצור סכינים: אר,US,schick - Hydro 5 - sense,יחידה,1.00,יחידה,false,1,69.90,69.9000,true,1,423565
4891228308049,false,שיק היידרו 5 ידית+7,ארץ ייצור סכינים: אר,US,schick - Hydro 5 - sense,יחידה,1.00,יחידה,false,1,69.90,69.9000,true,1,423564
4903001904192,false,רוטב סויה יאמסה פרמי,יאמאסה קורפורשיין,JP,סויה פרימיום 500 מ'ל ב 12,מיליליטרים,500.00,"100 מ""ל",false,1,18.90,0.0378,true,1,384957
4903001925784,false,סויה יאמאסה,יאמאסה קורפורשיין,JP,סויה דל מלח 500 מ'ל ב 12,גרמים,500.00,100 גרם,false,1,21.90,0.0438,true,1,389377
4903001930993,true,רוטב טריאקי ימאסה,יאמאסה קורפורשיין,JP,טריאקי יאמסה 500 מ'ל,Unknown,0.00,Unknown,false,1,21.90,0.0000,true,1,404160
5000111001007,false,"רוטב HP255 מ""ל",HP,,"רוטב HP255 מ""ל",גרמים,250.00,100 גרם,false,1,23.90,0.0956,true,1,430028
5000111041065,false,רוטב וויטרשייר 150 מ,"חברת קראפט היינץ,",,היינץ ווורסטרשייר 150 מל,מיליליטרים,150.00,"100 מ""ל",false,1,12.90,0.0860,true,1,421880
5000111047364,true,HP ברביקיו דבש,ה.י. היינץ הולדינג ב,NL,HP  ברביקיו דבש 465 גרם,גרמים,465.00,100 גרם,false,1,16.90,0.0363,true,1,331334
5000111047371,true,HP ברביקיו קלאסי,ה.י. היינץ הולדינג,NL,465 גרםHP  ברביקיו קלאסי,גרמים,465.00,100 גרם,false,1,16.90,0.0363,true,1,331335
5000157143365,true,מתבל בטעם מיונז וקטש,"פודליצקי ספ.ז.או.או,",PL,"רוטב בטעם מיונז וקטשופ 425 מ""ל",מיליליטרים,425.00,"100 מ""ל",false,1,15.90,0.0374,true,1,353809
5000159376655,false,סוכריות סקיטלס פירות,ריגלי ממתקים,,סוכריות סקיטלס פירות 38 גרם,גרמים,38.00,100 גרם,false,1,3.80,0.1000,true,1,307185
5000159376792,false,סוכריות סקיטלס חמוץ,ריגלי ממתקים,,סוכריות סקיטלס חמוץ 38 גרם,גרמים,38.00,100 גרם,false,1,3.80,0.1000,true,1,307186
5000159407236,false,חטיף מרס,מרס הולנד בי.וי.,NL,חטיף שוקולד חלב במילוי נוגט וקרמל מרס,גרמים,51.00,100 גרם,false,1,4.70,0.0922,true,1,294927
5000159452977,false,חטיפי שוקולד מיקס מי,מרס הולנד בי.וי.,NL,שוקולד מיקס חטיפי מיני,גרמים,400.00,100 גרם,false,1,25.90,0.0647,true,1,387366
5000159459228,false,חטיף טויקס שוקולד,מרס הולנד בי. וי.,NL,חטיף אצבעות קרמל ושוקולד טוויקס,גרמים,50.00,100 גרם,false,1,4.70,0.0940,true,1,308084
5000159461122,false,חטיף סניקרס שוקולד,מרס הולנד בי.וי.,NL,חטיף סניקרס שוקולד 50 גרם,גרמים,50.00,100 גרם,false,1,4.70,0.0940,true,1,308085
5000159473200,false,שקית באונטי 170גרם,מרסי,NL,שקית באונטי 170גרם,גרמים,170.00,100 גרם,false,1,11.90,0.0700,true,1,359327
5000159473866,false,שקית שוקולד סניקרס 1,מרסי,NL,שקית שוקולד סניקרס 170גרם,גרמים,170.00,100 גרם,false,1,11.90,0.0700,true,1,357252
5000168199245,false,שוקולד גודייבה פיור,"אולקר מקבוצת פלאדיס,",TR,שוקולד חלב מעולה בתוספת חתיכות קרם קרמל מלוח,גרמים,90.00,100 גרם,false,1,14.90,0.1656,true,1,430080
5000186735012,false,סיף קרם רב תכליתי בנ,יוניליוור,GB,סיף קרם רב תכליתי בניחוח לימון 500 מל,ליטרים,500.00,ליטר,false,1,11.90,0.0238,true,1,434297
5000186735036,false,סיף קרם רב תכליתי 50,יוניליוור,GB,סיף קרם רב תכליתי 500 מל,ליטרים,500.00,ליטר,false,1,11.90,0.0238,true,1,434298
5000213014905,false,בירה גינס פחית 440 מ,"תשלובת גינס,",IE,בירה גינס 330 מל,מיליליטרים,440.00,"100 מ""ל",false,1,15.90,0.0361,true,1,310587
5000267014234,false,ויסקי גוני ווקר אדום,ג'ון ווקר ובניו,,"ויסקי גוני ווקר אדום בקבוק 700 מ""ל",מיליליטרים,700.00,"100 מ""ל",false,1,99.90,0.1427,true,1,289569
5000267024233,false,"ויסקי ג""וני ווקר שחו",ג'וני ווקר ובניו,,"גוני ווקר שחור 700 מ""ל",מיליליטרים,700.00,"100 מ""ל",false,1,139.90,0.1999,true,1,292905
5000277001019,false,וויסקי דיוארס וויט ל,בקרדי מרטיני,GB,וויסקי דיוארס וויט לייבל  700מל,מיליליטרים,700.00,"100 מ""ל",false,1,99.90,0.1427,true,1,430403
5000289925440,false,גין גורדון בקבוק 700,אלכסנדר גורדון ושות',,"ג'ין גורדון לונדון דריי ג'ין, 700 מל",מיליליטרים,700.00,"100 מ""ל",false,1,109.90,0.1570,true,1,318805
5000291020706,false,גין טנקרי 750מל,צ'רלס טנקרי ושות',GB,טנקרי ג'ין יבש 750 מל,מיליליטרים,750.00,"100 מ""ל",false,1,149.90,0.1999,true,1,359316
5000329002193,false,גין,ג'יימס בורו,,"ג'ין ביפאיטר, 700 מ''ל",מיליליטרים,1.00,"100 מ""ל",false,1,119.90,119.9000,true,1,318804
5000396037531,true,מקוויטיס ביסקויט מצו,יונייטד ביסקוויטס,,מקוויטיס ביסקויט מצו,Unknown,0.00,Unknown,false,1,10.90,0.0000,true,1,331348
5000396037548,true,מקוויטיס ביסקויט מצו,יונייטד ביסקוויטס,,מקוויטיס ביסקויט מצו,Unknown,0.00,Unknown,false,1,14.90,0.0000,true,1,404181
5000396037944,true,מקוויטיס ביסקויט קלא,יונייטד ביסקוויטס,,"מקויטיס,  ביסקוויט מקמח חיטה קלאסי 250 גרם",Unknown,0.00,Unknown,false,1,9.90,0.0000,true,1,331351
5010029000252,true,וויטביקס מקורי 430 ג,ויטהביקס לימיטד,,וויטביקס מקורי 430 גרם,גרמים,430.00,100 גרם,false,1,22.90,0.0533,true,1,404187
5010038454831,false,בירה בלו מון בקבוק 3,"איי, בי, אינבוו",,"בירה בלו מון 5.4% כוהל 330 מ""ל",מיליליטרים,330.00,"100 מ""ל",false,1,13.90,0.0421,true,1,351840
5010103800259,false,ויסקי J&B בקבוק 700,גסטוריני אנד ברוקס,,"ויסקי J&B בקבוק 700 מ""ל",מיליליטרים,700.00,"100 מ""ל",false,1,109.90,0.1570,true,1,292312
5010182996799,false,טואלט דאק גל פרחי בר,דאופלור אס.פי.אי איט,,דאק ג'ל אסלה פרחי בר ורודים,מיליליטרים,55.00,"100 מ""ל",false,1,11.90,0.2164,true,1,363329
5010182997338,false,טואלט דאק ניחוח רענן,דאופלור,IT,ג'ל נוזלי לאסלה בניחוח רענן 55 מל,מיליליטרים,55.00,"100 מ""ל",false,1,11.90,0.2164,true,1,363332
5010182997918,false,טואלט דאק בניחוח ים,deoflor s.p.a,IT,דאק ג'ל לאסלה בניחוח ים 55 מל,מיליליטרים,55.00,"100 מ""ל",false,1,11.90,0.2164,true,1,283079
5010182998847,false,נוזל לאסלה כחול ים,אס.סי.ג'ונסון מידרכט,NL,ניקוי נוזל לאסלה,מיליליטרים,750.00,"100 מ""ל",false,1,12.90,0.0172,true,1,300329
5010182998861,false,נוזל לניקוי אסלה ירו,אס.סי.ג'ונסון מידרכט,NL,דאק נוזל לניקוי אסלה ירוק בניחוח רענן- בודד  750 מ,מיליליטרים,750.00,"100 מ""ל",false,1,12.90,0.0172,true,1,300330
5010232964211,false,קונדומים דורקס אקסטר,תאילנד,TH,קונדומים דורקס אקסטרא סייף 12 יחידות,לא מנהל יחידת מידה,0.00,לא מנהל יחידת מידה,false,1,47.90,0.0000,true,1,430318
5010232964228,false,קונדומים דקים דורקס,תאילנד,TH,"קונדמים קצר ולעניין, דק 12 יחידות",לא מנהל יחידת מידה,0.00,לא מנהל יחידת מידה,false,1,0.00,0.0000,true,1,430319
5010265002836,true,רויטה פת פריכה שיפון,דה ג'ורנדסאנד ריוויט,AO,פת פריכה קמח שיפון מלא 250 גרם,גרמים,250.00,100 גרם,false,1,12.90,0.0516,true,1,331362
5010314048907,false,מקאלן 12 700 מל,מקאלן דיסטילרי,GB,מקאלן וויסקי 12 שנה 700 מל,מיליליטרים,700.00,"100 מ""ל",false,1,269.90,0.3856,true,1,347565
5010314302863,false,וויסקי מקאלן דאבל קא,אדרינגטון,GB,"וויסקי מקאלן דאבל קאסק 700 מ""ל",מיליליטרים,700.00,"100 מ""ל",false,1,269.90,0.3856,true,1,358744
5010327000046,false,"ויסקי גרנטס 700 מ""ל","איי, בי, אינבוו",,"ויסקי גרנטס 700 מ""ל",מיליליטרים,700.00,"100 מ""ל",false,1,89.90,0.1284,true,1,283081
5010327105215,false,ויסקי מנקי שולדר 700,וויליאם גרנט,GB,"ויסקי מנקי שולדר 700 מ""ל",מיליליטרים,700.00,"100 מ""ל",false,1,149.90,0.2141,true,1,404194
5010327399614,false,גלנפידיך 12 שנה 700,,GB,גלנפידיך 12 שנה 700 מל,מיליליטרים,700.00,"100 מ""ל",false,1,219.90,0.3141,true,1,434512
5010327755014,false,"גין הנדריקס 700 מ""ל",וויליאם גרנט,GB,"גין הנדריקס 700 מ""ל",מיליליטרים,700.00,"100 מ""ל",false,1,149.90,0.2141,true,1,427705
5010677551281,false,בקרדי בריזר לימון בק,"בקרדי בע""מ",BE,"בריזר - משקה כוהלי מוגז בטעם לימון 275 מ""ל",מיליליטרים,275.00,"100 מ""ל",false,1,14.90,0.0542,true,1,283084
5010677551397,false,בקרדי בריזר ליים בקב,"ברקדי בע""מ",BE,"בריזר - משקה כוהלי מוגז בטעם ליים 275 מ""ל",מיליליטרים,275.00,"100 מ""ל",false,1,14.90,0.0542,true,1,316562
5010677552387,false,בקרדי בריזר אננס בקב,בקרדי בעמ,BE,"בריזר - משקה כוהלי מוגז בטעם אננס 275 מ""ל",מיליליטרים,275.00,"100 מ""ל",false,1,14.90,0.0542,true,1,283086
5010677554398,false,בקרדי בריזר אבטיח בק,בקרדי בעמ,BE,"בריזר - משקה כוהלי מוגז בטעם אבטיח 275 מ""ל",מיליליטרים,275.00,"100 מ""ל",false,1,14.90,0.0542,true,1,283087
5010677714006,false,גין בומביי ספייר 700,בומביי ספיריטס,ES,ג'ין בומביי ספייר,מיליליטרים,700.00,"100 מ""ל",false,1,129.90,0.1856,true,1,430383
5010677850100,false,וודקה גריי גוס בקבוק,גריי גוס,FR,"וודקה גריי גוס 750 מ""ל",מיליליטרים,700.00,"100 מ""ל",false,1,139.90,0.1999,true,1,348411
5011007003005,false,ויסקי גיימסון בקבוק,אייריש דיסטילרז,IE,"וויסקי אירי, ג'יימסון, 700 מ''ל",מיליליטרים,700.00,"100 מ""ל",false,1,114.90,0.1641,true,1,288465
5011026108033,false,טולמור דיו וויסקי 70,פארייפאבה אגרואינדוס,IE,טולמור דיו וויסקי אירי 700 מל,מיליליטרים,700.00,"100 מ""ל",false,1,94.90,0.1356,true,1,358219
5011157630281,false,אורז טילדה בסמטי 1 ק,טילדה,,"אורז טילדה בסמטי 1 ק""ג",קילוגרמים,1.00,"ק""ג",false,1,24.90,24.9000,true,1,283088
5014271300429,false,מעדן משמש,סנדלפור,FR,מעדן סנדלפור משמש 284 גרם,גרמים,284.00,100 גרם,false,1,21.90,0.0771,true,1,283092
5014271310428,false,מעדן דובדבנים שחורים,סנט דלפור,FR,מעדן סנדלפור דובדבן שחור 284 גרם,גרמים,284.00,100 גרם,false,1,21.90,0.0771,true,1,283093
5014271330426,false,מעדן אוכמניות כחולות,סנדלפור,FR,מעדן סנדלפור אוכמניות 284 גרם,גרמים,284.00,100 גרם,false,1,21.90,0.0771,true,1,283094
5014271350424,false,מעדן ארבע פירות סן ד,סנט דלפור,FR,מעדן סנדלפור ארבעה פירות 284 גרם,גרמים,284.00,100 גרם,false,1,21.90,0.0771,true,1,286158
5014271360423,false,מעדן תפוז,סנט דלפור,FR,מעדן סנדלפור תפוז 284 גרם,גרמים,284.00,100 גרם,false,1,21.90,0.0771,true,1,283095
5014271370422,false,מעדן אפרסק סן דלפור,סנט דלפור,FR,מעדן אפרסק סן דלפור 284 גרם,גרמים,284.00,100 גרם,false,1,21.90,0.0771,true,1,283096
5014271400426,false,מעדן תות שדה סן דלפו,סנט דלפור,FR,מעדן סנדלפור תות שדה 284 גרם,גרמים,284.00,100 גרם,false,1,21.90,0.0771,true,1,283098
5014271560427,false,מעדן תפוז גינגר    .,סנט דלפור,FR,מעדן סנדלפור תפוז ג'ינגר 284 גרם,גרמים,284.00,100 גרם,false,1,21.90,0.0771,true,1,286160
5014271795980,false,מעדן חמוציות אוכמניו,סנדלפור,FR,סנדלפור מעדן חמוציות ואוכמניות 284 גרם,גרמים,284.00,100 גרם,false,1,21.90,0.0771,true,1,288816
5014379009972,false,בירה באדוויזר  פחית,"איי, בי, אינבוו",,בירה באדוויזר,מיליליטרים,500.00,"100 מ""ל",false,1,11.90,0.0238,true,1,351019
5018357006755,false,גרנולה דורסט סיריאלס,דורסט סיריאלס,GB,גרנולה דורסט סיריאלס היי פייבר 540 גרם,גרמים,540.00,100 גרם,false,1,29.90,0.0554,true,1,292461
5018357006779,false,תערובת דגנים 50% חמו,דורסט סיריאלס,,תערובת דגנים 50% חמוציות ואגוזים 540 גרם,גרמים,540.00,100 גרם,false,1,29.90,0.0554,true,1,292462
5018357006816,false,גרנולה 30%,דורסט סיריאלס,,גרנולה דורסט 620 גרם,גרמים,620.00,100 גרם,false,1,23.90,0.0385,true,1,292463
5018357007653,false,מוזלי תערובת דגנים ו,דורסט סיריאלס,,מוזלי תערובת דגנים ופפאיה 620 גרם,גרמים,620.00,100 גרם,false,1,23.90,0.0385,true,1,297029
5018357011896,false,גרנולה דורסט סיריאלס,דורסט סיריאליס,IL,גרנולה דורסט סיריאלס גרנולה דבש 550 גרם,גרמים,550.00,100 גרם,false,1,33.90,0.0616,true,1,339310
5018357012459,false,גרנולה דורסט פירות 6,דורסט סיריאלס,GB,דורסט סיריאלס מוזל יפירות נפלא 600 גרם,גרמים,600.00,100 גרם,false,1,33.90,0.0565,true,1,355572
5026489483955,false,חטיף חומוס סיסולט 45,קופרש סנק פודס,GB,איט ריל חטיף על בסיס קמח חומוס בטעם מלח ים 45 גרם,גרמים,45.00,100 גרם,false,1,7.90,0.1756,true,1,344353
5026489483993,false,חטיף עדשים סיסולט 40,קופרש סנק פודס,GB,סידס חטיף על בסיס קמח עדשים בטעם מלח ים 40 גרם,גרמים,40.00,100 גרם,false,1,7.90,0.1975,true,1,427152
5026489484785,false,חטיף קינואה ס קרים 3,קופרש סנק פודס,GB,חטיף קינואה ס קרים 30 גרם,גרמים,30.00,100 גרם,false,1,7.90,0.2633,true,1,360460
5029053002408,false,נייר טואלט קלינקס לב,יוניליוור גרמניה  Gm,IL,"קלינקס נייר טואלט דו שכבתי לבן, 9 גלילים",מטרים,27500.00,מטר,false,1,34.90,0.0013,true,1,283105
5029053578309,false,קלינקס אולטרה סופט ק,קימברלי,IL,קלינקס אולטרה סופט קוביה 48 דף,יחידה,1.00,יחידה,false,1,9.90,9.9000,true,1,428204
5038483207949,false,קונדומים דקים דורקס,תאילנד,TH,"קונדמים Durex Thin Feel Extra Lube, דק  12 יחידות",לא מנהל יחידת מידה,0.00,לא מנהל יחידת מידה,false,1,0.00,0.0000,true,1,430320
5038483574386,false,קונדומים דורקס פדרלי,רקיט בנקיזר הלת'קר,,קונדומים דורקס פדרלייט 3 * 12 יח,לא מנהל יחידת מידה,0.00,לא מנהל יחידת מידה,false,1,19.90,0.0000,true,1,430328
5038483574416,false,קונדומים דורקס אקסטר,רקיט בנקיזר הלת'קר,,קונדומים דורקס אקסטרא 3 יחידות,לא מנהל יחידת מידה,0.00,לא מנהל יחידת מידה,false,1,19.90,0.0000,true,1,430321
5038483578780,false,קונדומים דורקס עלית,רקיט בנקיזר הלת'קר,,קונדומים דורקס עלית  3 יחידות,לא מנהל יחידת מידה,0.00,לא מנהל יחידת מידה,false,1,19.90,0.0000,true,1,430322
5050083559761,false,דגני קלוגס קוקו פופס,קלוגס מניופקטורינג א,ES,דגני קלוגס קוקו פופס צדפים 500 גרם,גרמים,500.00,100 גרם,false,1,19.90,0.0398,true,1,302456
5050895245463,false,גלי בלי מטהר אוויר ד,יוניליוור,GB,גלי בלי מטהר אוויר דובדבן 300 מל,ליטרים,300.00,ליטר,false,1,11.90,0.0397,true,1,434299
5050895246606,false,גלי בלי מטהר אוויר מ,יוניליוור,GB,גלי בלי מטהר אוויר מוחיטו 300 מל,ליטרים,300.00,ליטר,false,1,11.90,0.0397,true,1,434300
5050895246620,false,גלי בלי מטהר אוויר א,יוניליוור,GB,גלי בלי מטהר אוויר אוכמניות 300 מל,ליטרים,300.00,ליטר,false,1,11.90,0.0397,true,1,434301
5050895246835,false,גלי בלי מפיץ ריח מוח,יוניליוור,CN,גלי בלי מפיץ ריח מוחיטו מקלות 30 מל,ליטרים,30.00,ליטר,false,1,13.90,0.4633,true,1,434302
5050895247351,false,גלי בלי מפיץ ריח דוב,יוניליוור,CN,גלי בלי מפיץ ריח דובדבן מקלות 30 מל,ליטרים,30.00,ליטר,false,1,13.90,0.4633,true,1,434303
5050895247412,false,גלי בלי מפיץ ריח תות,יוניליוור,CN,גלי בלי מפיץ ריח תותי פרוטי מקלות 30 מל,ליטרים,30.00,ליטר,false,1,13.90,0.4633,true,1,434304
5050974504559,false,פת פריכה עם חלבון אפ,דה ג'ורדנס אנד ריווי,GB,פת פריכה עם חלבון אפונה וקינואה רייויטה,גרמים,200.00,100 גרם,false,1,15.90,0.0795,true,1,347080
5056357900925,false,סניקרס חמאת בוטנים 5,מרס נדרלנד,US,סניקרס חמאת בוטנים 57 גרם,גרמים,59.00,100 גרם,false,1,16.90,0.2864,true,1,358453
5060045588128,false,"גים בים לבן 700 מ""ל","איי, בי, אינבוו",US,ג'ים בים וויסקי קנטאקי ברבן ג'ים בים 700 מל,מיליליטרים,700.00,"100 מ""ל",false,1,84.90,0.1213,true,1,339301
5060221201605,false,חטיף חלבון גרנייד בא,,GB,חטיף חלבון גרנייד באוני פאדג  23 חלבון,גרמים,60.00,100 גרם,false,1,16.90,0.2817,true,1,428369
5060221203937,false,גרנייד  שוקוציפס בצק,גרנייה,NL,גרנייד  שוקוציפס בצק עוגיות 60גרם,גרמים,60.00,100 גרם,false,1,16.90,0.2817,true,1,429264
5060221206860,false,חטיף חלבון גרנייד  ק,,GB,חטיף חלבון גרנייד  קרמל מלוח 20 חלבון 60,גרמים,60.00,100 גרם,false,1,16.90,0.2817,true,1,426256
5060319120023,true,תה קנמון - הייר ליבי,הייר ליבינג,GB,תה קינמון אורגני 40 גרם,גרמים,40.00,100 גרם,false,1,18.90,0.4725,true,1,331428
5060319120047,true,תה וורי ברי - הייר ל,אונלי נטורל פרודקטס,GB,הייר ליווינג תה ורי ברי אורגני 33 גרם,גרמים,40.00,100 גרם,false,1,18.90,0.4725,true,1,331429
5060319120078,true,תה הייר ליבינג סוויט,אונלי נטורל פרודקטס,GB,הייר ליווינג חליטת סוויט דרימס אורגני 26 גרם,גרמים,40.00,100 גרם,false,1,18.90,0.4725,true,1,331430
5060319120092,false,תה הייר ליבינג אינגל,הייר ליבינג,GB,תה אינגליש ברקפסט אורגני,גרמים,45.00,100 גרם,false,1,18.90,0.4200,true,1,339328
5060319120108,true,תה ארל גריי הייר ליב,אונלי נטורל פרודקטס,GB,הייר ליווינג תה ארל גריי אורגני 45 גרם,גרמים,45.00,100 גרם,false,1,18.90,0.4200,true,1,331431
5060319120115,true,תה ירוק אורגני-הייר,אונלי נטורל פרודקטס,GB,הייר ליווינג תה ירוק אורגני 40 גרם,גרמים,50.00,100 גרם,false,1,18.90,0.3780,true,1,331432
5060319120122,true,תה הייר ליבינג צאי י,אונלי נטורל פרודקטס,GB,הייר ליווינג צ'אי תה ירוק אורגני 40 גרם,גרמים,40.00,100 גרם,false,1,18.90,0.4725,true,1,331433
5060319120153,true,תה קמומיל וניל-הייר,אונלי נטורל פרודקטס,IL,הייר ליווינג תה קמומיל וניל אורגני 30 גרם,גרמים,30.00,100 גרם,false,1,18.90,0.6300,true,1,331434
5060319129286,true,תה לבן אורגני-הייר ל,אונלי נטורל פרודקטס,GB,הייר ליווינג תה לבן אורגני 35 גרם,גרמים,35.00,100 גרם,false,1,18.90,0.5400,true,1,331435
5060319129293,false,תה הייר ליבינג תה יר,הייר ליבינג,GB,תה ירוק קוקוס אורגני,גרמים,40.00,100 גרם,false,1,18.90,0.4725,true,1,430047
5060319129491,true,תה הייר ליבינג כורכו,אונלי נטורל פרודקטס,GB,הייר ליווינג חליטת כורכום אורגני 30 גרם,גרמים,30.00,100 גרם,false,1,18.90,0.6300,true,1,331436
5060402908248,false,סניקרס פרוטאין 55 גר,מרס נדרלנד,US,סניקרס פרוטאין 55 גרם,גרמים,59.00,100 גרם,false,1,16.90,0.2864,true,1,358454
5060412214124,true,אברקלין חול עפיזור מ,מיוצר בהולנד עבור cb,NL,"חול מתגבש בעל פיזור מופחת, 5 קג",קילוגרמים,5.00,"ק""ג",false,1,59.00,11.8000,true,1,433759
5060517886486,false,משקה אנרגיה מונסטר פ,Monster energy סרביה,RU,"מונסטר אנרג'י פח 500 מ""ל",מיליליטרים,500.00,"100 מ""ל",false,1,8.90,0.0178,true,1,352914
5060639129102,false,משקה אנרגיה מונסטר M,Monster energy סרביה,RS,"מונסטר Mango Loco פח 500 מ""ל",מיליליטרים,500.00,"100 מ""ל",false,1,8.90,0.0178,true,1,358220
5060751218173,false,משקה אנרגיה מונסטר פ,Monster energy סרביה,IE,"מונסטר פייפליין פאנץ' פח 500 מ""ל",מיליליטרים,500.00,"100 מ""ל",false,1,8.90,0.0178,true,1,430112
5060751219033,false,משקה אנרגיה מונסטר א,Monster energy סרביה,IE,"מונסטר  ULTRA PARADISE פח 500 מ""ל",מיליליטרים,500.00,"100 מ""ל",false,1,8.90,0.0178,true,1,430113
5099873017623,false,גק דניאלס תפוח 700 מ,מזקקת ג'ק דניאלס,BE,ליקר טנסי קינמון על בסיס ג'ק דניאל'ס,מיליליטרים,700.00,"100 מ""ל",false,1,124.90,0.1784,true,1,430404
5099873038758,false,וויסקי גנטלמן גק 700,ג'ק דניאלס,US,"ג'נטלמן ג'ק 700 מ""ל",מיליליטרים,700.00,"100 מ""ל",false,1,149.90,0.2141,true,1,430385
5099873210642,false,וויסקי גק דניאלס דבש,,US,וויסקי גק דניאלס דבש כוס 700 מל,מיליליטרים,700.00,"100 מ""ל",false,1,124.90,0.1784,true,1,430114
5200100943725,false,עוגיות שוקולד ציפס מ,Violanta Cookies S.A,GR,עוגיות שוקולד ציפס ממולאות קרם חמאת בוטנ,גרמים,200.00,100 גרם,false,1,11.90,0.0595,true,1,434566
5200100943749,false,עוגיות סנדוויץ משיבו,Violanta Cookies S.A,GR,עוגיות סנדוויץ משיבולת שועל ממולאות קרם חמאת בוטני,גרמים,200.00,100 גרם,false,1,11.90,0.0595,true,1,434571
5200100943763,false,עוגיות סנדוויץ משיבו,Violanta Cookies S.A,GR,עוגיות סנדוויץ משיבולת שועל ממולאות קרם טחינה 180,גרמים,200.00,100 גרם,false,1,11.90,0.0595,true,1,434572
5200100943800,false,עוגיות סובין במילוי,Violanta Cookies S.A,GR,עוגיות סובין במילוי קרם שוקולד מריר 170 ג VIOLANTA,גרמים,200.00,100 גרם,false,1,11.90,0.0595,true,1,434568
5200100943824,false,עוגיות סובין במילוי,Violanta Cookies S.A,GR,עוגיות סובין במילוי קרם טחינה 170 ג VIOLANTA,גרמים,200.00,100 גרם,false,1,11.90,0.0595,true,1,434569
5200133120476,false,גליליות וופלים 400 ג,קוארטט אס.אי,GR,גליליות וופלים 400 גרם אגוזים וקקאו,גרמים,400.00,100 גרם,false,1,18.90,0.0472,true,1,344555
5200133120483,false,גליליות וופלים 400 ג,קוארטט אס.אי,GR,"גליליות וופלים ממולאות קרם בטעם וניל, 400 גרם",גרמים,400.00,100 גרם,false,1,18.90,0.0472,true,1,421508
5201004020338,false,קפריס רולס קלאסיק 40,פפדופולוס,GR,קפריס רולס קלאסיק 400 גרם,גרמים,400.00,100 גרם,false,1,19.90,0.0497,true,1,350398
5201583042028,false,PALLASטופי פירות ללא,LAVDAS,GR,PALLAS,גרמים,175.00,100 גרם,false,1,11.90,0.0680,true,1,361393
5201583084035,false,PALLAS OLEIסוכריות,LAVDAS,GR,PALLAS OLEIסוכריות  ללס 4 טעמים  150ג,גרמים,150.00,100 גרם,false,1,11.90,0.0793,true,1,361392
5201583414221,false,שקית מידי גנינבה ללס,LAVDAS,GR,שקית מידי גנינבה ללס טעמים שונים 175 גרם,גרמים,175.00,100 גרם,false,1,23.90,0.1366,true,1,361410
5201940010110,false,זיתים שחורים טבעיים,סיוארס אס.איי,GR,זיתים שחורים טבעיים קלמטה 454 גרם,גרמים,454.00,100 גרם,false,1,14.90,0.0328,true,1,291318
5202082002261,false,GREEK WHITE COW-פטה,ברידג' ס.ר.ל,GR,GREEK WHITE COW-פטה יוונית בקר 200 גרם,גרמים,200.00,100 גרם,false,1,13.90,0.0695,true,1,429232
5202302000022,false,זיתים שחורים טבעיים,לילייה פודס,GR,זיתים שחורים עם שמן זית כתית מעולה 250 גרם,גרמים,275.00,100 גרם,false,1,16.90,0.0615,true,1,326851
5202302000039,true,זיתים שחורים טבעיים,לילייה פודס,GR,זיתים שחורים טבעיים קלמטה ליליה 275 גרם,גרמים,275.00,100 גרם,false,1,17.90,0.0651,true,1,331460
5202302010014,true,זיתים שחורים טאסוס,לילייה פודס,GR,"זיתים שחורים "" טאסוס"" מיוון",לא מנהל יחידת מידה,0.00,לא מנהל יחידת מידה,false,1,12.90,0.0000,true,1,400526
5202302020020,true,ממרח זיתי קלמטה לילי,לילייה פודס,GR,"ממרח זיתי קלמטה- ""טפנד""",גרמים,200.00,100 גרם,false,1,16.90,0.0845,true,1,331461
5202390014192,false,צהובה טבעונית עם זית,אריביה אס.אי,GR,צהובה טבעונית עם זיתים 200 DRO,גרמים,200.00,100 גרם,false,1,23.90,0.1195,true,1,329367
5202390015618,false,צהובה אורגינל טבעוני,אריביה אס.אי. 57022,GR,ויולייף הצהובה הטבעונית בטעם אורגינלי 200 גרם,גרמים,200.00,100 גרם,false,1,23.90,0.1195,true,1,312340
5202390016325,false,צהובה מעושנת טבעוני,"אריביה אס.אי., יוון",GR,הצהובה הטבעונית בטעם מעושן פרוסות 200 גר' ויולייף,גרמים,200.00,100 גרם,false,1,23.90,0.1195,true,1,321500
5202390020407,false,יוונית בסגנון פטה טב,וויטרוס אס.אי.,GR,יוונית בסגנון פטה טבעוני 200 גרם ויולייף,גרמים,200.00,100 גרם,false,1,27.90,0.1395,true,1,347094
5202413007019,false,"אוזו פלומארי 700 מ""ל",Plomari ouzo distill,GR,"אוזו פלומארי 700 מ""ל",מיליליטרים,700.00,"100 מ""ל",false,1,89.90,0.1284,true,1,355790
5208049001452,false,גולדן ירוק 30 ג+ ניי,BAT,,גולדן ירוק 30 ג+ נייר PP פקט חפיסה,יחידה,1.00,יחידה,false,1,70.00,70.0000,false,1,432967
5208049001483,false,גולדן וירגיניה לבן30,,,גולדן וירגיניה לבן30 גר+ נייר גלגול P,גרמים,30.00,100 גרם,false,1,70.00,2.3333,true,1,432936
5208049001513,false,גולדן וירגיניה צהוב,,,גולדן וירגיניה צהוב 30 גר+ נייר גלגול P,גרמים,30.00,100 גרם,false,1,70.00,2.3333,true,1,432935
5208049001841,false,פאל מאל דמי קפסולה ב,גלוברנס,,פאל מאל דמי קפסולה בודד,יחידה,1.00,יחידה,false,1,27.30,27.3000,false,1,432905
5208049002473,false,סיגריות קנט ארוך חפי,BAT,,סיגריות קנט ארוך חפיסה בודד PP,יחידה,1.00,יחידה,false,1,38.40,38.4000,false,1,432939
5208049004781,false,סיגריות פאל מאל ברי,,,סיגריות,יחידה,1.00,יחידה,false,1,27.30,27.3000,false,1,433456
5208049005719,false,סיגריות פאל מאל אננס,,,סיגריות פאל מאל אננס דמ י סלימס בודד,לא מנהל יחידת מידה,0.00,לא מנהל יחידת מידה,false,1,27.30,0.0000,false,1,428380
5208049006594,false,פאל מאל אקסטרה כחול,BAT,DE,פאל מאל אקסטרה כחול חפיסה,יחידה,1.00,יחידה,false,1,30.20,30.2000,true,1,434874
5208049006624,false,פאל מאל אקסטרה סילבר,BAT,DE,פאל מאל אקסטרה סילבר חפיסה,יחידה,1.00,יחידה,false,1,30.20,30.2000,true,1,434876
5410076933129,false,אבקת כביסה אריאל שוש,P&G,,"אבקת כביסה אריאל שושן צחור 3 ק""ג",קילוגרמים,3.00,"ק""ג",false,1,33.90,11.3000,true,1,304511
5410126006087,false,ביסקוויט לוטוס,לוטוס בייקרי,BE,עוגיות לוטוס 700 גרם,גרמים,700.00,100 גרם,false,1,29.90,0.0427,true,1,387782
5410126006360,false,לוטוס עוגיות סנדוויץ,לוטוס ביקרי בלגיה נ.,BE,לוטוס עוגיות סנדוויץ במילוי לוטוס 150 גר,גרמים,150.00,100 גרם,false,1,9.90,0.0660,true,1,428253
5410126006377,false,לוטוס עוגיות סנדוויץ,לוטוס ביקרי בלגיה נ.,BE,לוטוס עוגיות סנדוויץ במילוי וניל 150 גרם,גרמים,150.00,100 גרם,false,1,9.90,0.0660,true,1,428254
5410126106183,false,ביסקוויט קרמל לוטוס,לוטוס בייקרי,BE,"ביסקויט קרמל 312 גרם בד""צ 50 יח ארוז בנפ",גרמים,312.00,100 גרם,false,1,19.90,0.0638,true,1,286212
5410126116953,false,ממרח לוטוס עוגיות קר,לוטוס בייקרי בלגיה נ,BE,ממרח עוגיות לוטוס קרמל,גרמים,400.00,100 גרם,false,1,22.90,0.0572,true,1,306818
5410126716016,false,ביסקוויט לוטוס טעם ק,לוטוס ביקרי בלגיה,BE,"ביסקויט בטעם קרמל לוטוס 250 גרם בד""צ",גרמים,250.00,100 גרם,false,1,12.90,0.0516,true,1,283327
5410126726947,false,ממרח לוטוס עוגיות קר,לוטוס בייקרי בלגיה נ,BE,ממרח עוגיות לוטוס קראנץ',גרמים,380.00,100 גרם,false,1,22.90,0.0603,true,1,312508
5410228142089,false,בירה לף בלונד בקבוק,אינבב,,"בירה לף בלונד בקבוק 330 מ""ל",מיליליטרים,330.00,"100 מ""ל",false,1,9.90,0.0300,true,1,434404
5410228146162,false,בירה לף ברון בקבוק 3,אינבב,BE,"בירה לף ברון בקבוק 330 מ""ל",מיליליטרים,330.00,"100 מ""ל",false,1,9.90,0.0300,true,1,431177
5410228267508,false,בירה באדוויזר בקבוק,"איי, בי, אינבוו",,בירה באדוויזר,מיליליטרים,330.00,"100 מ""ל",false,1,8.90,0.0270,true,1,351018
5410228267515,false,בירה באדוויזר שישייה,"איי, בי, אינבוו",,בירה באדוויזר,ליטרים,1.98,ליטר,false,1,43.90,22.1717,true,1,351017
5410316983693,false,סמירנוף אייס בקבוק .,דיאג'ו אופריישנס,IT,סמירנוף אייס בודד,מיליליטרים,275.00,"100 מ""ל",false,1,12.90,0.0469,true,1,285669
5410316994019,false,וודקה סמירנוף אדום ב,דיאג'ו אופריישנס איט,US,סמירנוף וודקה 700 מל,מיליליטרים,700.00,"100 מ""ל",false,1,84.90,0.1213,true,1,309273
5410769100081,false,בירה לה שוף בקבוק 33,"איי, בי, אינבוו",BE,לה שוף בירה חזקה ומעוננת 330 מל,מיליליטרים,330.00,"100 מ""ל",false,1,15.90,0.0482,true,1,299542
5410769200088,false,בירה מק שוף בקבוק 33,פארייפאבה אגרואינדוס,BE,"בירה מק שוף בקבוק 330 מ""ל",מיליליטרים,330.00,"100 מ""ל",false,1,15.90,0.0482,true,1,299544
5410769800097,false,בירה צרי שוף 8% בקבו,פארייפאבה אגרואינדוס,BE,"בירה צרי שוף 8% בקבוק 330 מ""ל",מיליליטרים,330.00,"100 מ""ל",false,1,15.90,0.0482,true,1,328361
5411081000523,false,בירה קסטיל כהה 330 מ,ואן הונסברוק,BE,"בירה קסטיל כהה 330 מ""ל",מיליליטרים,330.00,"100 מ""ל",false,1,12.90,0.0391,true,1,346587
5411081000677,false,בירה קסטיל טריפל 330,ואן הונסברוק,BE,"בירה קסטיל טריפל 330 מ""ל",מיליליטרים,330.00,"100 מ""ל",false,1,12.90,0.0391,true,1,346589
5411081003654,false,בירה קסטל רוזי 330,יושלם,,בירה קסטל רוזי                     330,מיליליטרים,330.00,"100 מ""ל",false,1,12.90,0.0391,true,1,309347
5411188081852,false,משקה סויה אלפרו וניל,אלפרו C.V.A,BE,אלפרו משקה סויה וניל 1ל,ליטרים,1.00,ליטר,false,1,14.90,14.9000,true,1,312565
5411188094159,false,מעדן סויה שוקולד בלג,אלפרו C.V.A,BE,אלפרו מעדן סויה שוקולד מריר 4*125מל,גרמים,500.00,100 גרם,false,1,17.90,0.0358,true,1,292649
5411188106159,false,משקה סויה לייט,אלפרו C.V.A,BE,אלפרו משקה סויה מופחת שומן 1ל,ליטרים,1.00,ליטר,false,1,14.90,14.9000,true,1,312566
5411188110835,false,משקה אלפרו חלב שקדים,אלפרו C.V.A,BE,אלפרו משקה שקדים 1ל,ליטרים,1.00,ליטר,false,1,14.90,14.9000,true,1,308002
5411188112549,false,משקה אלפרו אורז 1 לי,אלפרו C.V.A,BE,אלפרו משקה אורז 1ל,ליטרים,1.00,ליטר,false,1,14.90,14.9000,true,1,311991
5411188112709,false,אלפרו משקה שקדים ללא,אלפרו C.V.A,BE,אלפרו משקה שקדים ללס 1ל,ליטרים,1.00,ליטר,false,1,14.90,14.9000,true,1,314331
5411188115366,false,אלפרו.משקה שיבולת שו,אלפרו C.V.A,BE,אלפרו משקה שיבולת שועל 1ל,ליטרים,1.00,ליטר,false,1,14.90,14.9000,true,1,388059
5411188115472,false,משקה סויה אלפרו 1ל,אלפרו C.V.A,BE,אלפרו משקה סויה  1ל,ליטרים,1.00,ליטר,false,1,14.90,14.9000,true,1,356536
5411188116905,false,אלפרו משקה סויה בטעם,אלפרו C.V.A,BE,אלפרו משקה סויה בטעם בננה 1ליטר,ליטרים,1.00,ליטר,false,1,14.90,14.9000,true,1,429770
5411188127697,false,משקה בריסטה שיבולת ש,אלפרו C.V.A,BE,אלפרו בריסטה שיבולת שועל 1ל,ליטרים,1.00,ליטר,false,1,14.90,14.9000,true,1,356538
5411188134985,false,3.5%שומן  NOT MILK א,אלפרו C.V.A,BE,אלפרו 3.5%שומן NOT M*LK ש.שועל  ל1,ליטרים,1.00,ליטר,false,1,13.90,13.9000,true,1,427448
5411188135005,false,1.8%שומן  NOT MILK א,אלפרו C.V.A,BE,אלפרו 1.8%שומן NOT M*LK ש.שועל  ל1,ליטרים,1.00,ליטר,false,1,13.90,13.9000,true,1,360999
5411188300328,false,משקה סויה שוקו,אלפרו C.V.A,BE,אלפרו משקה סויה שוקו 1ל,ליטרים,1.00,ליטר,false,1,14.90,14.9000,true,1,312568
5411188543398,false,משקה סויה  אלפרו ללא,הנסיך- מפעל לייצור ט,BE,אלפרו משקה סויה ללס 1ל,ליטרים,1.00,ליטר,false,1,14.90,14.9000,true,1,356540
5411616002190,false,בירה מרטנס סטרונג 8.,מבשלת מרטנס,BE,"בירה Strong מרטנס 500 מ""ל 8.5%",מיליליטרים,500.00,"100 מ""ל",false,1,6.90,0.0138,true,1,327331
5411616133245,false,בירה מרטנס לאגר פחית,מבשלת מרטנס,BE,"בירה מרטנס ירוק פרימיום 500 מ""ל 5%",מיליליטרים,500.00,"100 מ""ל",false,1,6.90,0.0138,true,1,285885
5411616148546,false,בירה מרטנס גולד פחית,מבשחת מרטנס,BE,בירה מרטנס גולד  500מל 6.5%,מיליליטרים,500.00,"100 מ""ל",false,1,6.90,0.0138,true,1,285172
5411681014005,false,בירה דובל בקבוק 330,פארייפאבה אגרואינדוס,IL,"בירה דובל בקבוק 330 מ""ל",מיליליטרים,330.00,"100 מ""ל",false,1,15.90,0.0482,true,1,283337
5411681038001,false,בירה מרדסו בקבוק 330,"איי, בי, אינבוו",BE,בירה מרדסו 10% כוהל 330 מל,מיליליטרים,330.00,"100 מ""ל",false,1,15.90,0.0482,true,1,320877
5411718911963,false,סיידר תפוחים סטרונגב,סטאסן ס.א,BE,"סטרונגבואו רוזה 330 מ""ל",מיליליטרים,330.00,"100 מ""ל",false,1,9.00,0.0273,true,1,357245
5412956214519,false,טב שוקולד מריר עם תפ,Kim's Chocolates NV,BE,טב שוקולד מריר עם תפוז ושקדים 100 ג CACHET,גרמים,100.00,100 גרם,false,1,9.90,0.0990,true,1,434577
5412956214526,false,טב שוקולד מריר עם אג,Kim's Chocolates NV,BE,טב שוקולד מריר עם אגס ושקדים 100 ג CACHET,גרמים,100.00,100 גרם,false,1,9.90,0.0990,true,1,434578
5412956214533,false,טב שוקולד מריר עם לי,Kim's Chocolates NV,BE,טב שוקולד מריר עם לימון ופלפל שחור 100 ג CACHET,גרמים,100.00,100 גרם,false,1,9.90,0.0990,true,1,434576
5412956214540,false,טב שוקולד מריר עם גי,Kim's Chocolates NV,BE,טב שוקולד מריר עם גינגר ואוכמניות 100 ג CACHET,גרמים,100.00,100 גרם,false,1,9.90,0.0990,true,1,434579
5412956214649,false,טב שוקולד מריר 85% ק,Kim's Chocolates NV,BE,טב שוקולד מריר 85% קקאו 100 ג CACHET,גרמים,100.00,100 גרם,false,1,9.90,0.0990,true,1,434574
5412956214670,false,טב שוקולד מריר 70% ק,Kim's Chocolates NV,BE,טב שוקולד מריר 70% קקאו 100 ג CACHET,גרמים,100.00,100 גרם,false,1,9.90,0.0990,true,1,434575
5413202171105,false,בונ פרלינים בלגיים 1,DELAFAILLE,BE,בונ פרלינים בלגיים 100 ג עטיפה לבבות DELAFAILLE,גרמים,100.00,100 גרם,false,1,21.90,0.2190,true,1,426384
5413202173109,false,בונ פרלינים בלגיים 1,DELAFAILLE,BE,בונ פרלינים בלגיים 100 ג 4 צבעים DELAF,גרמים,100.00,100 גרם,false,1,21.90,0.2190,true,1,426383
5413216990242,true,צוקטה צדפי שוקולד 25,נאטראג'אקאלי,BE,צדפי שוקולד 250 גרם,לא מנהל יחידת מידה,0.00,לא מנהל יחידת מידה,false,1,19.90,0.0000,true,1,396043
5413548040479,false,רפאלו T24,פררו,PL,כדור וופל בציפוי קוקוס פריך במילוי קרם ושקד שלם,גרמים,240.00,100 גרם,false,1,24.90,0.1037,true,1,379296
5600213501018,true,תבואות מלח אטלנטי עב,,,תבואות מלח אטלנטי עב,Unknown,0.00,Unknown,false,1,16.90,0.0000,true,1,404321
5600286004089,false,תפוחונים אורגניים חמ,נטורפוד,PT,תפוחונים אורגניים חמצמץ 40 גרם נטורפוד,גרמים,40.00,100 גרם,false,1,8.90,0.2225,true,1,355564
5601010111035,false,סרדינים בשמן זית 125,רמירז קונסרב,PT,שימורי סרדינים בשמן זית,גרמים,125.00,100 גרם,false,1,12.80,0.1024,true,1,430023
5601010211070,false,סרדינים במים 125 גרם,רמירז קונסרב,PT,שימורי סרדינים במי מלח 100 גרם,גרמים,125.00,100 גרם,false,1,11.20,0.0896,true,1,300049
5601010211087,false,סרדינים פילה בשמן זי,רמירז קונסרב,PT,שימורי סרדינים(פילה)בשמן זית,גרמים,100.00,100 גרם,false,1,13.20,0.1320,true,1,430019
5604912415058,false,סרדינים בשמן חמניה ח,,PT,סרדינים בשמן חמניה חריף פורטוס 125 גרם,גרמים,125.00,100 גרם,false,1,6.90,0.0552,true,1,430057
5604912425040,false,מקרלים בשמן חמניה פו,קונסרבס פורטוגל נורט,PT,מקרלים קטנים בשמן חמניות 125 גרם,גרמים,125.00,100 גרם,false,1,6.90,0.0552,true,1,430059
5604912425057,false,מקרלים בשמן חמניה חר,קונסרבס פורטוגל נורט,PT,מקרלים קטנים בשמן חמניות חריף 125 גרם,גרמים,125.00,100 גרם,false,1,6.90,0.0552,true,1,430058
5608933004369,false,בירה עלמה לאגר כהה ב,פונטסאלם,PT,בירה עלמה לאגר כהה בקבוק 330 מל,מיליליטרים,330.00,"100 מ""ל",false,1,6.90,0.0209,true,1,346949
5701932026964,false,פופקורן עם מלח הוטפו,פופז בעמ,US,פופקורן עם מלח הוטפופ  600 גרם,גרמים,600.00,100 גרם,false,1,14.90,0.0248,true,1,283527
5701932026971,false,פופקורן עם חמאה הוטפ,"פופז בע""מ",US,הוט חמאה 600 ג') ב(12,גרמים,600.00,100 גרם,false,1,14.90,0.0248,true,1,283528
5701932026995,false,פופקורן לייט טבעי הו,פופז בעמ,US,פופקורן לייט טבעי הוטפופ 510 גרם,גרמים,510.00,100 גרם,false,1,14.90,0.0292,true,1,283529
5705550300963,true,ביצי דג שיבוט 200 גר,"אינסטנטה בע""מ",DK,ביצי דג שיבוט 200 גר,Unknown,0.00,Unknown,false,1,12.90,0.0000,true,1,430043
5710840186615,false,באלי סילבר אמריקן בל,,,באלי סילבר אמריקן בל,גרמים,40.00,100 גרם,false,1,100.00,2.5000,true,1,432653
5710840209437,false,באלי נטוראל 40 גר,,,באלי נטוראל 40 גר,גרמים,40.00,100 גרם,false,1,100.00,2.5000,true,1,432993
5710840210013,false,באלי לבן 40 גר,,,באלי לבן 40 גר,גרמים,40.00,100 גרם,false,1,100.00,2.5000,true,1,432992
5710840210136,false,באלי אדום 40 גר,S.T.G,,באלי אדום 40 גר,גרמים,40.00,100 גרם,false,1,100.00,2.5000,false,1,433021
5710840210167,false,באלי צהוב 40 גר,S.T.G,,באלי צהוב 40 גר,גרמים,40.00,100 גרם,false,1,100.00,2.5000,true,1,433022
5711953106583,false,ארלה גבינת שמנת טבעי,ארלה פודס אמבה,DK,ארלה גבינת שמנת טבעי 200 גרם,גרמים,200.00,100 גרם,false,1,16.90,0.0845,true,1,351436
5711953106590,false,ארלה גבינת שמנת שום,ארזינא,DK,ארלה גבינת שמנת שום,גרמים,200.00,100 גרם,false,1,16.90,0.0845,true,1,351437
5711953106606,false,ארלה גבינת שמנת עשבי,ארזינא,DK,ארלה גבינת שמנת עשבי תיבול,גרמים,200.00,100 גרם,false,1,16.90,0.0845,true,1,351438
5740900403215,true,ממרח לורפק עם מלח 25,ארלה פודס אמבה,DK,ממרח לורפק עם מלח 250,גרמים,250.00,100 גרם,false,1,18.90,0.0756,true,1,346368
5740900403222,true,ממרח לורפק עם מלח מו,ארלה פודס אמבה,DK,ממרח לורפק עם מלח מופחת שומן,גרמים,250.00,100 גרם,false,1,19.90,0.0796,true,1,346369
5740900403239,true,ממרח לורפק ללא מלח 2,ארלה פודס אמבה,DK,ממרח לורפק בלי מלח 250,גרמים,250.00,100 גרם,false,1,19.90,0.0796,true,1,346370
5740900403260,false,ממרח לורפק ללא מלח מ,ארלה פודס אמבה,DK,ממרח לורפק ללא מלח מופחת שומן,גרמים,250.00,100 גרם,false,1,19.90,0.0796,true,1,346373
5740900403284,false,ממרח לורפק 200 גר לל,ארלה דודס,DK,ממרח לורפק 200 גר ללא מלח,גרמים,200.00,100 גרם,false,1,11.90,0.0595,true,1,356183
5740900403864,false,לורפק חמאה עם מלח 20,ארלה פודס אמבה,DK,לורפק חמאה עם מלח 200 גרם,גרמים,200.00,100 גרם,false,1,11.90,0.0595,true,1,427445
5900020012814,false,דגני בוקר נסקוויק 50,סי. פי. פולין,PL,דגני בוקר נסקוויק 500 גרם,גרמים,500.00,100 גרם,false,1,26.90,0.0538,true,1,297563
5900020025647,false,פיטנס בר דליס שוקולד,סי. פי. פולין,PL,פיטנס בר דליס שוקולד חלב מאח.9 6*22.5ג,גרמים,135.00,100 גרם,false,1,16.90,0.1252,true,1,318594
5900020026552,false,דגני האני נאט ציריוס,סי. פי. צרפת,FR,דגני האני נאט ציריוס  625 גרם,גרמים,625.00,100 גרם,false,1,26.90,0.0430,true,1,322101
5900020034991,false,דגני קראנץ צדפים בטע,סי. פי. פולין,PL,דגני קראנץ צדפים בטעם שוקולד450גרםN9,גרמים,450.00,100 גרם,false,1,26.90,0.0598,true,1,353264
5900020036407,true,ליון דגני בוקר שוקול,סי.פי פולין,PL,ליון דגני בוקר שוקולד וקרמל 480גרם,גרמים,480.00,100 גרם,false,1,26.90,0.0560,true,1,355598
5900020037916,false,דגני ציריוס שיבולת ש,סי פי פולין,PL,דגני ציריוס שיבולת שועל 375גרם,גרמים,375.00,100 גרם,false,1,18.90,0.0504,true,1,357746
5900353645895,false,בונ לב פח אמורטה 189,SORINI-Holding Dolci,IT,בונ לב פח אמורטה 189 ג MIESZKO AMORETTA,גרמים,189.00,100 גרם,false,1,41.90,0.2217,true,1,361433
5900627063233,false,פיניש טבליות AIO 50,רקיט בנקיזר,PL,טבליות למדיח כלים פיניש אול אין וואן 50 טבליות,יחידה,1.00,יחידה,false,1,37.90,37.9000,true,1,402274
5900907000118,false,סלט ירקות בתחמיץ 680,אורבנק,PL,סלט ירקות בתחמיץ 680 גרם,גרמים,680.00,100 גרם,false,1,11.90,0.0175,true,1,430073
5900907000217,false,פלפל אדום בחומץ 680,אורבנק,PL,פלפל אדום בחומץ 680 גרם,גרמים,680.00,100 גרם,false,1,16.90,0.0249,true,1,430070
5900907000347,false,פטריות בתחמיץ 500 גר,אורבנק,PL,פטריות בתחמיץ 500 גרם,גרמים,500.00,100 גרם,false,1,19.90,0.0398,true,1,424284
5900907000491,false,לטשו 680 גרם,אורבנק,PL,לטשו 680 גרם,גרמים,680.00,100 גרם,false,1,15.90,0.0234,true,1,430071
5900907000583,false,מלפפונים בחומץ 920גר,ברצה אורבנק,,מלפפונים בחומץ 920גרם,גרמים,920.00,100 גרם,false,1,16.90,0.0184,true,1,371504
5900907000828,false,לטשו פטריות 680 גרם,אורבנק,PL,לטשו פטריות 680 גרם,גרמים,680.00,100 גרם,false,1,15.90,0.0234,true,1,430072
5900907000835,false,מלפפון בחומץ 2.55 קג,אורבנק,PL,מלפפון בחומץ 2.55 קג,קילוגרמים,2.55,"ק""ג",false,1,34.90,13.6863,true,1,434098
5900907000965,false,פטיסון בחומץ 910 גרם,אורבנק,PL,פטיסון בחומץ 910 גרם,גרמים,910.00,100 גרם,false,1,21.90,0.0241,true,1,424291
5900907001429,false,אסורטי 920 גרםURBAN,יושלם,,אסורטי 910גרם,גרמים,910.00,100 גרם,false,1,16.90,0.0186,true,1,371745
5900907001450,false,מלפפון במלח 910 גרם,אורבנק,PL,מלפפון במלח 910 גרם,גרמים,910.00,100 גרם,false,1,16.90,0.0186,true,1,424289
5900907001474,false,עגבניות אדומות בחומץ,,,עגבניות אדומות בחומץ 920 גרם,גרמים,920.00,100 גרם,false,1,16.90,0.0184,true,1,389288
5900907001597,false,כרוב כבוש עם גזר 900,אורבנק,PL,כרוב כבוש עם גזר 900 גרם,גרמים,900.00,100 גרם,false,1,16.90,0.0188,true,1,424292
5900907001665,false,מלפפון בחומץ 1.65 קג,אורבנק,PL,מלפפון בחומץ 1.65 קג,קילוגרמים,1.65,"ק""ג",false,1,26.90,16.3030,true,1,434096
5900907001719,false,תערובת מלפפונים ועגב,סגל דברים טובים,IL,תערובת מלפפונים ועגבניות,גרמים,910.00,100 גרם,false,1,16.90,0.0186,true,1,424273
5900907001955,false,אסורטי תערובת ירקות1,אורבנק,PL,אסורטי תערובת ירקות1.65 קג,קילוגרמים,1.65,"ק""ג",false,1,26.90,16.3030,true,1,434097
5900907003393,false,עגבניות שרי 930 גרם,אורבנק,PL,עגבניות שרי 930 גרם,גרמים,930.00,100 גרם,false,1,16.90,0.0182,true,1,424290
5900951283963,false,dro סניקרס קרימי ח.ב,מרס פולין,PL,dro סניקרס קרימי ח.בוטנים 36.5,גרמים,37.00,100 גרם,false,1,4.70,0.1270,true,1,429044
5901177153665,false,סרגל בסט וישז שוק חל,vobro,PL,סרגל בסט וישז שוק חלב עם קרם אגוזים 75,גרמים,75.00,100 גרם,false,1,9.90,0.1320,true,1,361372
5901177155959,false,VOBRO בונבוניירה שרי,vobro,PL,VOBRO בונבוניירה שרי טראפז 210גרם,גרמים,210.00,100 גרם,false,1,21.90,0.1043,true,1,361408
5901414200411,false,עוגיות היט מיני קקאו,בלזן,PL,עוגיות היט מיני קקאו 130 גרם,גרמים,130.00,100 גרם,false,1,6.90,0.0531,true,1,289214
5902198160403,false,משקה אנרגיה XL TEN,"טמפו משקאות בע""מ",IL,"משקה אנרגיה XL TEN  פחית 250 מ""ל",מיליליטרים,250.00,"100 מ""ל",false,1,4.50,0.0180,true,1,326308
5904941750312,false,משקה אנרגיה BLU דיי,אקו - ביט,PL,בלו משקה אנרגיה מוגז 250 מל,מיליליטרים,250.00,"100 מ""ל",false,1,5.00,0.0200,true,1,307863
5904941751241,false,משקה אנרגיה בלו דיי,אקו - ביט,PL,בלו משקה אנרגיה מוגז 250 מל,מיליליטרים,250.00,"100 מ""ל",false,1,5.00,0.0200,true,1,355949
5904941751302,false,משקה אנרגיה BLU  פחי,אקו - ביט,PL,בלו משקה אנרגיה מוגז 250 מל,מיליליטרים,250.00,"100 מ""ל",false,1,5.00,0.0200,true,1,295090
5904941751524,false,משקה אנרגיה BLU דיי,אקו - ביט,PL,בלו משקה אנרגיה מוגז 250 מל,מיליליטרים,250.00,"100 מ""ל",false,1,5.00,0.0200,true,1,307864
5904941751920,false,משקה אנרגיה BLU דיי,אקו - ביט,PL,בלו משקה אנרגיה מוגז 250 מל,מיליליטרים,250.00,"100 מ""ל",false,1,5.00,0.0200,true,1,305086
5904941752262,false,משקה אנרגיה בלו 6 קל,אקו - ביט,PL,בלו משקה אנרגיה מוגז 250 מל,מיליליטרים,250.00,"100 מ""ל",false,1,5.00,0.0200,true,1,355948
5905643070845,false,חמוציות בסירופ קל 40,,PL,חמוציות בסירופ קל 400 גרם,גרמים,400.00,100 גרם,false,1,11.90,0.0298,true,1,399226
5905643070852,false,פטל בסירופ קל 400 גר,,PL,פטל בסירופ קל 400 גרם,גרמים,400.00,100 גרם,false,1,11.90,0.0298,true,1,399214
5905643070869,false,אוכ כחולות בסירופ קל,"קזברוק,ג'.א. קסול",PL,אוכ כחולות בסירופ קל 400 גרם,גרמים,400.00,100 גרם,false,1,11.90,0.0298,true,1,422240
5905643070876,false,פטל שחור בסירופ קל 4,,PL,פטל שחור בסירופ קל 400 גרם,גרמים,400.00,100 גרם,false,1,11.90,0.0298,true,1,399215
5905643070883,false,סירופ תות שדה,,PL,תות שדה בסירופ קל 400 גרם,גרמים,400.00,100 גרם,false,1,11.90,0.0298,true,1,399148
5905643070906,false,תערובת פירות בסירופ,העידן האורגני,,תערובת פירות בסירופ קל 400 גרם,גרמים,400.00,100 גרם,false,1,11.90,0.0298,true,1,399282
5905643071644,false,סירופ אוכמניות שחורו,,PL,אוכ שחורות בסירופ קל 400 גרם,גרמים,400.00,100 גרם,false,1,11.90,0.0298,true,1,399283
5906485301012,false,משקה אנרגיה XL פחית,"טמפו משקאות בע""מ",IL,אקס אל אנרג'י דרינק משקה אנרגיה מוגז,מיליליטרים,250.00,"100 מ""ל",false,1,4.50,0.0180,true,1,289670
5998623526739,false,יין גוורצטרמינר סי ג,דנוביאנה,HU,"יין גוורצטרמינר סי גראס 750 מ""ל",מיליליטרים,750.00,"100 מ""ל",false,1,44.90,0.0599,true,1,348924
5998749109113,false,פדיגרי דנטה לארג 270,מארס,US,פדיגרי דנטה לארג 270 ג,גרמים,270.00,100 גרם,false,1,19.90,0.0737,true,1,435031
6001067001485,false,מברשת שיניים קולגייט,קולגייט פלמוליב,CN,מברשת שיניים קולגייט 360,יחידה,1.00,יחידה,false,1,9.90,9.9000,true,1,434305
6001067022558,false,מברשת שיניים קולגייט,קולגייט פלמוליב,CN,מברשת שיניים קולגייט אקסטרה קלין,יחידה,1.00,יחידה,false,1,3.90,3.9000,true,1,434290
6008165003984,false,סיגריות פאל מל כחול,אמריקן גרדן,,סיגריות פאל מל כחול סטרים חפיסה בודד,לא מנהל יחידת מידה,0.00,לא מנהל יחידת מידה,false,1,31.40,0.0000,false,1,431562
6008165271192,false,סיגריות פאל מל ארוך,אמריקן גרדן,,סיגריות פאל מל ארוך אדום חפיסה בודד,לא מנהל יחידת מידה,0.00,לא מנהל יחידת מידה,false,1,31.40,0.0000,false,1,431539
6008165274629,false,סיגריות פאל מאל כחול,יושלם,,סיגריות פאל מאל כחול ארוך סטרים חפיסה בו,לא מנהל יחידת מידה,0.00,לא מנהל יחידת מידה,false,1,31.40,0.0000,false,1,431824
6009893614206,false,‎פ‎‎כשל‎ ‎גוורצטרמינ,קייפ ג'ואל,ZA,‎פ‎‎כשל‎ ‎גוורצטרמינר‎ ‎רזרב‎ ‎ואל‎‎ג‎ ‎,מיליליטרים,750.00,"100 מ""ל",false,1,49.90,0.0665,true,1,430218
6009900532684,false,‎פ‎‎כשל‎ ‎שרדונה‎ ‎ר,קייפ ג'ואל,ZA,‎פ‎‎כשל‎ ‎שרדונה‎ ‎רזרב‎ ‎ואל‎‎ג‎ ‎קייפ‎,מיליליטרים,750.00,"100 מ""ל",false,1,44.90,0.0599,true,1,430219
6009900532745,false,‎פ‎‎כשל‎  ‎מרלו‎ ‎רז,קייפ ג'ואל,ZA,‎פ‎‎כשל‎  ‎מרלו‎ ‎רזרב‎ ‎ואל‎‎ג‎ ‎קייפ‎,מיליליטרים,750.00,"100 מ""ל",false,1,44.90,0.0599,true,1,430220
6009900532752,false,‎פ‎‎כשל‎  ‎שיראז‎ ‎ר,קייפ ג'ואל,ZA,‎פ‎‎כשל‎  ‎שיראז‎ ‎רזרב‎ ‎ואל‎‎ג‎ ‎קייפ,מיליליטרים,750.00,"100 מ""ל",false,1,44.90,0.0599,true,1,430221
6009900532769,false,‎פ‎‎כשל‎  ‎רוזה‎ ‎רז,קייפ ג'ואל,ZA,‎פ‎‎כשל‎  ‎רוזה‎ ‎רזרב‎ ‎ואל‎‎ג‎ ‎קייפ‎,מיליליטרים,750.00,"100 מ""ל",false,1,44.90,0.0599,true,1,430222
6009900532776,false,‎פ‎‎כשל‎  ‎בלאן‎ ‎שנ,קייפ ג'ואל,ZA,‎פ‎‎כשל‎  ‎בלאן‎ ‎שנין‎ ‎רזרב‎ ‎ואל‎‎ג‎,מיליליטרים,750.00,"100 מ""ל",false,1,44.90,0.0599,true,1,430223
6009900532783,false,‎פ‎‎כשל‎ ‎סוביניון‎,קייפ ג'ואל,ZA,‎פ‎‎כשל‎ ‎סוביניון‎ ‎קברנה‎ ‎רזרב‎ ‎ואל‎,מיליליטרים,750.00,"100 מ""ל",false,1,44.90,0.0599,true,1,430224
6009900532790,false,‎פ‎‎כשל‎  ‎פינוטאז‎,קייפ ג'ואל,ZA,‎פ‎‎כשל‎  ‎פינוטאז‎ ‎רזרב‎ ‎ואל‎‎ג‎ ‎קיי,מיליליטרים,750.00,"100 מ""ל",false,1,44.90,0.0599,true,1,430225
6253017300012,false,טחינה קראוון המקורית,אחדות ביחר לטחינה  ח,IL,טחינה קראוון המקורית 500 גרם,גרמים,500.00,100 גרם,false,1,15.90,0.0318,true,1,304763
6253341100029,false,טחינה עאייש 100% שומ,עומר עאייש שכם,PS,טחינה עאייש 100% שומשום 450 גרם,גרמים,450.00,100 גרם,false,1,15.90,0.0353,true,1,350550
6942133304706,false,Twist stix  בטעם אוכ,,CN,Twist stix  בטעם אוכמניות וחלב עיזים 80,גרמים,80.00,100 גרם,false,1,11.90,0.1488,true,1,435552
7070646288653,false,מקס 100בטעם קרמל מלו,הרת'סייד פוד סולושיי,GB,מקס 100בטעם קרמל מלוח,גרמים,100.00,100 גרם,false,1,18.90,0.1890,true,1,360541
7271730901261,false,פסטה עם גבינה 156 גר,ניו וורלד פסטה קומפנ,US,ארוחת אטריות עם רוטב גבינה,גרמים,156.00,100 גרם,false,1,11.90,0.0763,true,1,307439
7290000000411,false,שום ייבוא ליח,,,שום ייבוא ליח,גרמים,200.00,100 גרם,false,1,7.90,0.0395,true,1,430272
7290000004444,false,פולי קפה 1 קג,,,פולי קפה 1 קג                    סגפרדו,קילוגרמים,1.00,"ק""ג",false,1,59.90,59.9000,false,1,430425
7290000023083,false,ערק אשקלון 40% בקבוק,"יקבי ברקן בע""מ",IL,"ערק אשקלון 700 מ""ל",מיליליטרים,700.00,"100 מ""ל",false,1,69.90,0.0999,true,1,311736
7290000033372,false,גבינת צדר אנגלית כתו,,,גבינת צדר אנגלית כתומה מעדנייה,קילוגרמים,1.00,"ק""ג",true,,149.00,149.0000,true,1,420268
7290000035130,false,כתף מרכזי,קצביית פרימיום,IL,כתף מרכזי,קילוגרמים,1.00,"ק""ג",true,,79.90,79.9000,true,1,423594
7290000035376,false,פילה מדומה,קצביית פרימיום,IL,פילה מדומה,קילוגרמים,1.00,"ק""ג",true,,79.90,79.9000,true,1,423596
7290000035512,false,סינטה,קצביית פרימיום,IL,סינטה,קילוגרמים,1.00,"ק""ג",true,,139.90,139.9000,true,1,423598
7290000036359,false,אסאדו עם עצם,קצביית פרימיום,IL,אסאדו עם עצם,קילוגרמים,1.00,"ק""ג",true,,59.90,59.9000,true,1,423608
7290000036403,false,אונטריב,קצביית פרימיום,IL,אונטריב,קילוגרמים,1.00,"ק""ג",true,,69.90,69.9000,true,1,423613
7290000036861,false,חזה עוף,קצביית פרימיום,IL,חזה עוף,קילוגרמים,1.00,"ק""ג",true,,39.90,39.9000,true,1,423664
7290000036892,false,כנפיים הודו,קצביית פרימיום,IL,כנפיים הודו,קילוגרמים,1.00,"ק""ג",true,,19.90,19.9000,true,1,423667
7290000036915,false,כנפיים עוף מובחר,קצביית פרימיום,IL,כנפיים עוף מובחר,קילוגרמים,1.00,"ק""ג",true,,14.90,14.9000,true,1,423669
7290000036946,false,כרעיים עוף שלם,קצביית פרימיום,IL,כרעיים עוף שלם,קילוגרמים,1.00,"ק""ג",true,,29.90,29.9000,true,1,423672
7290000036977,false,עוף שלם,קצביית פרימיום,IL,עוף שלם,קילוגרמים,1.00,"ק""ג",true,,22.90,22.9000,true,1,423675
7290000036991,false,פילה עוף,קצביית פרימיום,IL,פילה עוף,קילוגרמים,1.00,"ק""ג",true,,39.90,39.9000,true,1,423677
7290000037035,false,שוקיים עוף,קצביית פרימיום,IL,שוקיים עוף,קילוגרמים,1.00,"ק""ג",true,,39.90,39.9000,true,1,423681
7290000037073,false,שניצל עוף,קצביית פרימיום,IL,שניצל עוף,קילוגרמים,1.00,"ק""ג",true,,48.90,48.9000,true,1,423685
7290000037226,false,צוואר צלעות עגל,קצביית פרימיום,IL,צוואר צלעות עגל,קילוגרמים,1.00,"ק""ג",true,,59.90,59.9000,true,1,423910
7290000037431,false,גבינה גאודה גלגל במש,נטו,,גבינה גאודה גלגל במשקל1 קג,קילוגרמים,1.00,"ק""ג",true,,109.00,109.0000,true,1,433363
7290000037448,false,גבינה עזים הולנדית ג,הנרי ויליך,NL,גבינה עזים הולנדית גלגל1קג,קילוגרמים,1.00,"ק""ג",true,,149.00,149.0000,true,1,424545
7290000037455,false,גבינת צדר אנגלית מעד,כושר דייארי,,גבינת צדר אנגלית מעדנייה,קילוגרמים,1.00,"ק""ג",true,,149.00,149.0000,true,1,400355
7290000037769,false,אנטריקוט אנגוס פרימי,קצביית פרימיום,IL,אנטריקוט אנגוס פרימיום  איתן,קילוגרמים,1.00,"ק""ג",true,,249.90,249.9000,true,1,425412
7290000038513,false,חציל במיונז על האש מ,קלאס פוד,IL,חציל במיונז על האש משקל,קילוגרמים,1.00,"ק""ג",true,,47.00,47.0000,true,1,425780
7290000038544,false,חציל יווני סלוניקי ע,קלאס פוד,IL,חציל יווני סלוניקי על האש  משקל,קילוגרמים,1.00,"ק""ג",true,,59.00,59.0000,true,1,425792
7290000038643,false,סלט ביצים משקל,קלאס פוד,IL,סלט ביצים משקל,קילוגרמים,1.00,"ק""ג",true,,74.00,74.0000,true,1,425811
7290000039688,false,מנצגו שום שחור  ראם,ראם,IL,"מנצגו שום שחור  ראם לק""ג",קילוגרמים,1.00,"ק""ג",true,,199.00,199.0000,true,1,429210
7290000039862,false,כרוב לבן עם גזר,מונטה קרלו,IL,כרוב לבן עם גזר,קילוגרמים,1.00,"ק""ג",true,,43.00,43.0000,true,1,430201
7290000039947,false,מסבחה פקנטי,מונטה קרלו,IL,מסבחה פקנטי,קילוגרמים,1.00,"ק""ג",true,,39.00,39.0000,true,1,430209
7290000039992,false,פיצה אישית,לה פרינה,IL,פיצה אישית,יחידה,1.00,יחידה,false,1,32.00,32.0000,true,1,430238
7290000040011,false,פוקצה ירקות,לה פרינה,IL,פוקצה ירקות,יחידה,1.00,יחידה,false,1,29.00,29.0000,true,1,430236
7290000040028,false,מאפה פרימיום במשקל,לה פרינה,IL,מאפה פרימיום במשקל,קילוגרמים,1.00,"ק""ג",true,,69.00,69.0000,true,1,430237
7290000040042,false,יוגורט יופלה תות 3%,תנובה בעמ,IL,יופלה יוגורט תות %3 גביע 150 גרם,גרמים,150.00,100 גרם,false,1,4.90,0.0327,true,1,282458
7290000040066,false,יוגורט יופלה דובדבן,תנובה בעמ,IL,יופלה יוגורט דובדבן %3 גביע 150 גרם,גרמים,150.00,100 גרם,false,1,4.90,0.0327,true,1,282484
7290000040073,false,קוראסון פרנציז,לה פרינה,IL,קוראסון פרנציז,יחידה,1.00,יחידה,false,1,16.00,16.0000,true,1,430240
7290000040080,false,יוגורט יופלה אפרסק 3,תנובה בעמ,IL,יופלה יוגורט אפרסק %3 גביע 150 גרם,גרמים,150.00,100 גרם,false,1,4.90,0.0327,true,1,282485
7290000040097,false,קוראסון פרנציז אקסטר,לה פרינה,IL,קוראסון פרנציז אקסטרא,יחידה,1.00,יחידה,false,1,18.00,18.0000,true,1,430241
7290000040103,false,קוקיז אישי,לה פרינה,IL,קוקיז אישי,יחידה,1.00,יחידה,false,1,18.00,18.0000,true,1,430242
7290000040110,false,אוזני פיל,לה פרינה,IL,אוזני פיל,יחידה,1.00,יחידה,false,1,17.00,17.0000,true,1,430243
7290000040127,false,לחם בריוש גלוטריה,לה פרינה,IL,לחם בריוש גלוטריה,יחידה,1.00,יחידה,false,1,49.90,49.9000,true,1,430245
7290000040141,false,לחם יווני גלוטריה,לה פרינה,IL,לחם יווני גלוטריה,יחידה,1.00,יחידה,false,1,39.90,39.9000,true,1,430246
7290000040158,false,לחם אגוזים  גלוטריה,לה פרינה,IL,לחם אגוזים גלוטריה,יחידה,1.00,יחידה,false,1,39.90,39.9000,true,1,430247
7290000040257,false,מארז גבטה 3 יח גלוטר,לה פרינה,IL,מארז גבטה 3 יח גלוטריה,יחידה,1.00,יחידה,false,3,31.90,31.9000,true,1,430252
7290000040271,false,פילה דניס גדול,,IL,פילה דניס גדול,קילוגרמים,1.00,"ק""ג",true,,119.00,119.0000,true,1,430337
7290000040288,false,פילה לברק,,IL,פילה לברק,קילוגרמים,1.00,"ק""ג",true,,139.00,139.0000,true,1,430338
7290000040301,false,גבינה קולאז קממבר 12,תנובה,IL,קממבר 24%,גרמים,125.00,100 גרם,false,1,20.50,0.1640,true,1,282551
7290000040318,false,גבינת ברי קולאז 125,תנובה,IL,גבינה רכה בשלה מחלב בקר,גרמים,125.00,100 גרם,false,1,20.50,0.1640,true,1,282552
7290000040592,false,בטטה,חקלאי,IL,בטטה,קילוגרמים,1.00,"ק""ג",true,,11.90,11.9000,true,1,434004
7290000040622,false,דלעת ארוזה,חקלאי,IL,דלעת ארוזה,קילוגרמים,1.00,"ק""ג",true,1,14.90,14.9000,true,1,434007
7290000040639,false,דלורית,חקלאי,IL,דלורית,קילוגרמים,1.00,"ק""ג",true,1,8.90,8.9000,true,1,434008
7290000040646,false,דלעת ערמונים,חקלאי,IL,דלעת ערמונים,קילוגרמים,1.00,"ק""ג",true,1,19.90,19.9000,true,1,434009
7290000040653,false,חצילים,חקלאי,IL,חצילים,קילוגרמים,1.00,"ק""ג",true,1,9.90,9.9000,true,1,434010
7290000040660,false,פלפל בהיר,חקלאי,IL,פלפל בהיר,קילוגרמים,1.00,"ק""ג",true,1,12.90,12.9000,true,1,434011
7290000040684,false,פלפל ירוק,חקלאי,IL,פלפל ירוק,קילוגרמים,1.00,"ק""ג",true,1,9.90,9.9000,true,1,434013
7290000040691,false,פלפל חריף,חקלאי,IL,פלפל חריף,קילוגרמים,1.00,"ק""ג",true,1,13.90,13.9000,true,1,434014
7290000040707,false,פלפל אדום,חקלאי,IL,פלפל אדום,קילוגרמים,1.00,"ק""ג",true,1,12.90,12.9000,true,1,434015
7290000040714,false,פלפל צהוב,חקלאי,IL,פלפל צהוב,קילוגרמים,1.00,"ק""ג",true,1,11.90,11.9000,true,1,434016
7290000040721,false,פלפל כתום,חקלאי,IL,פלפל כתום,קילוגרמים,1.00,"ק""ג",true,1,12.90,12.9000,true,1,434017
7290000040738,false,קולורבי,חקלאי,IL,קולורבי,קילוגרמים,1.00,"ק""ג",true,1,10.90,10.9000,true,1,434018
7290000040752,false,קישוא,חקלאי,IL,קישוא,קילוגרמים,1.00,"ק""ג",true,1,12.90,12.9000,true,1,434020
7290000040776,false,אפרסק,חקלאי,IL,אפרסק,קילוגרמים,1.00,"ק""ג",true,1,12.90,12.9000,true,1,434022
7290000040783,false,קישוא זוקיני,חקלאי,IL,קישוא זוקיני,קילוגרמים,1.00,"ק""ג",true,1,13.90,13.9000,true,1,434023
7290000040813,false,אוכמניות ליחידה,חקלאי,IL,אוכמניות ליחידה,יחידה,1.00,יחידה,false,1,24.90,24.9000,true,1,434026
7290000040837,false,לבבות חסה,חקלאי,IL,לבבות חסה,יחידה,1.00,יחידה,false,1,14.90,14.9000,true,1,434028
7290000040844,false,עלי מנגולד,חקלאי,IL,עלי מנגולד,יחידה,1.00,יחידה,false,1,5.90,5.9000,true,1,434029
7290000040851,false,חסה עגולה,חקלאי,IL,חסה עגולה,גרמים,500.00,100 גרם,false,1,9.90,0.0198,true,1,434030
7290000040882,false,תפוא אדום ארוז,חקלאי,IL,תפוא אדום ארוז,קילוגרמים,1.00,"ק""ג",true,1,6.90,6.9000,true,1,434033
7290000040899,false,תפוא זעיר למיקרו,חקלאי,IL,תפוא זעיר למיקרו,יחידה,1.00,יחידה,false,1,9.90,9.9000,true,1,434034
7290000040905,false,תפוא  לבן ארוז,חקלאי,IL,תפוא  לבן ארוז,קילוגרמים,1.00,"ק""ג",true,1,9.90,9.9000,true,1,434035
7290000040929,false,פטרוזליה,חקלאי,IL,פטרוזליה,יחידה,1.00,יחידה,false,1,4.90,4.9000,true,1,434037
7290000040974,false,חלב דל לקטוז 2% בקרט,"תנובה, מחלבת רחובות",IL,חלב תנובה דל לקטוז 2% שומן 1 ליטר,ליטרים,1.00,ליטר,false,1,7.20,7.2000,true,1,300968
7290000040981,false,גזר ארוז,חקלאי,IL,גזר ארוז,קילוגרמים,1.00,"ק""ג",true,1,6.90,6.9000,true,1,434042
7290000040998,false,מלון,חקלאי,IL,מלון,קילוגרמים,1.00,"ק""ג",true,1,8.90,8.9000,true,1,434043
7290000041032,false,פטריות שמפיניון,חקלאי,IL,פטריות שמפיניון,יחידה,1.00,יחידה,false,1,12.90,12.9000,true,1,434047
7290000041070,false,סלק וואקום,חקלאי,IL,סלק וואקום,יחידה,1.00,יחידה,false,1,7.90,7.9000,true,1,434051
7290000041087,false,לימון,חקלאי,IL,לימון,קילוגרמים,1.00,"ק""ג",true,1,12.90,12.9000,true,1,434052
7290000041094,false,תפוז,חקלאי,IL,תפוז,קילוגרמים,1.00,"ק""ג",true,1,9.90,9.9000,true,1,434053
7290000041100,false,תפוז ברשת,חקלאי,IL,תפוז ברשת,קילוגרמים,1.00,"ק""ג",true,1,6.90,6.9000,true,1,434054
7290000041117,false,קלמנטינה איכות מעולה,חקלאי,IL,קלמנטינה איכות מעולה,קילוגרמים,1.00,"ק""ג",true,1,8.90,8.9000,true,1,434055
7290000041124,false,אשכולית לבנה אדומה,חקלאי,IL,אשכולית לבנה אדומה,קילוגרמים,1.00,"ק""ג",true,1,8.90,8.9000,true,1,434056
7290000041148,false,בננה,חקלאי,IL,בננה,קילוגרמים,1.00,"ק""ג",true,1,10.90,10.9000,true,1,434058
7290000041162,false,אבוקדו,חקלאי,IL,אבוקדו,קילוגרמים,1.00,"ק""ג",true,1,18.90,18.9000,true,1,434060
7290000041179,false,נקטרינה,חקלאי,IL,נקטרינה,קילוגרמים,1.00,"ק""ג",true,1,19.90,19.9000,true,1,434061
7290000041186,false,אגס,חקלאי,IL,אגס,קילוגרמים,1.00,"ק""ג",true,1,16.90,16.9000,true,1,434062
7290000041193,false,גויאבה,חקלאי,IL,גויאבה,קילוגרמים,1.00,"ק""ג",true,1,27.90,27.9000,true,1,434063
7290000041209,false,שסק,חקלאי,IL,שסק,קילוגרמים,1.00,"ק""ג",true,1,29.90,29.9000,true,1,434064
7290000041216,false,אננס,חקלאי,IL,אננס,קילוגרמים,1.20,"ק""ג",false,1,39.90,33.2500,true,1,434065
7290000041223,false,קיווי,חקלאי,IL,קיווי,קילוגרמים,1.00,"ק""ג",true,1,19.90,19.9000,true,1,434066
7290000041230,false,תפוח עץ סמיט,חקלאי,IL,תפוח עץ סמיט,קילוגרמים,1.00,"ק""ג",true,1,12.90,12.9000,true,1,434067
7290000041247,false,תפוח עץ זהוב,חקלאי,IL,תפוח עץ זהוב,קילוגרמים,1.00,"ק""ג",true,1,12.90,12.9000,true,1,434068
7290000041254,false,תפוח עץ סטרקינג,חקלאי,IL,תפוח עץ סטרקינג,קילוגרמים,1.00,"ק""ג",true,1,12.90,12.9000,true,1,434069
7290000041261,false,תמר מגהול  פרמיום 1,חקלאי,IL,תמר מגהול  פרמיום 1 קג,קילוגרמים,1.00,"ק""ג",true,1,29.90,29.9000,true,1,434070
7290000041308,false,כרוב אדום,חקלאי,IL,כרוב אדום,קילוגרמים,1.00,"ק""ג",true,1,7.90,7.9000,true,1,434074
7290000041315,false,תפוח פינק לידי,חקלאי,IL,תפוח פינק לידי,קילוגרמים,1.00,"ק""ג",true,1,19.80,19.8000,true,1,434075
7290000041377,false,תירס,חקלאי,IL,תירס,קילוגרמים,1.00,"ק""ג",true,,12.90,12.9000,true,1,434094
7290000041445,false,קוטג 5% תנובה 250 גר,מחלבת אלון תבור,IL,קוטג תנובה גביע 250 גרם 5% בדצ,גרמים,250.00,100 גרם,false,1,5.70,0.0228,true,1,282674
7290000041476,false,פילה בס מפולט,,,פילה בס מפולט,קילוגרמים,1.00,"ק""ג",true,,119.00,119.0000,true,1,434113
7290000041742,false,ענב שחור אדום מובחר,חקלאי,IL,ענב שחור אדום מובחר,קילוגרמים,1.00,"ק""ג",true,,29.90,29.9000,true,1,434198
7290000041759,false,לחם גרעינים גלוטריה,לה פרינה,IL,לחם גרעינים גלוטריה,יחידה,1.00,יחידה,false,1,39.90,39.9000,true,1,434261
7290000041766,false,פלוט סלק גלוטריה,לה פרינה,IL,פלוט סלק גלוטריה,יחידה,1.00,יחידה,false,1,19.90,19.9000,true,1,434262
7290000041797,false,בבקה פיננסייר במגוון,לה פרינה,IL,בבקה פיננסייר במגוון מילויים,יחידה,1.00,יחידה,false,1,13.00,13.0000,true,1,434266
7290000041803,false,שזיף אדום,חקלאי,IL,שזיף אדום,קילוגרמים,1.00,"ק""ג",true,,18.90,18.9000,true,1,434267
7290000041858,false,שמנת יטבתה מעושרת 20,מחלבת יטבתה,IL,שמנת חמוצה 15% מועשרת מהדרין,מיליליטרים,200.00,"100 מ""ל",false,1,2.40,0.0120,true,1,282695
7290000041964,false,מנגו,חקלאי,IL,מנגו,קילוגרמים,1.00,"ק""ג",true,,16.90,16.9000,true,1,434360
7290000042015,false,"חלב 3% שקית בד""ץ פיק",תנובה,IL,"חלב 3% שקית בד""ץ פיקוח 1 ליטר",ליטרים,1.00,ליטר,false,1,5.43,5.4300,true,1,282714
7290000042152,false,שום בודד,חקלאי,IL,שום בודד,יחידה,1.00,יחידה,false,1,9.90,9.9000,true,1,434687
7290000042169,false,קרמבולה,חקלאי,IL,קרמבולה,קילוגרמים,1.00,"ק""ג",true,,39.90,39.9000,true,1,435898
7290000042183,false,פפאיה,חקלאי,IL,פפאיה,קילוגרמים,1.00,"ק""ג",true,,19.90,19.9000,true,1,434795
7290000042190,false,אנונה,חקלאי,IL,אנונה,קילוגרמים,1.00,"ק""ג",true,,39.90,39.9000,true,1,434796
7290000042206,false,רימון,חקלאי,IL,רימון,קילוגרמים,1.00,"ק""ג",true,,17.90,17.9000,true,1,434797
7290000042282,false,אפרסמון,חקלאי,IL,אפרסמון,קילוגרמים,1.00,"ק""ג",true,,25.90,25.9000,true,1,435861
7290000042299,false,חבושים,חקלאי,IL,חבושים,קילוגרמים,1.00,"ק""ג",true,,19.90,19.9000,true,1,435923
7290000042336,false,פטאיה,חקלאי,IL,פטאיה,קילוגרמים,1.00,"ק""ג",true,,19.90,19.9000,true,1,435899
7290000042435,false,חלב 1% קרטון פיקוח 1,תנובה,IL,תנובה חלב טרי 1% שומן,ליטרים,1.00,ליטר,false,1,5.86,5.8600,true,1,282736
7290000042442,false,חלב 3% קרטון+פקק פיק,תנובה,IL,תנובה חלב טרי 3% שומן,ליטרים,1.00,ליטר,false,1,6.23,6.2300,true,1,282737
7290000042855,false,שוקו יטבתה בשקית 225,שטראוס גרופ,,"שוקו יטבתה בשקית 225 מ""ל",מיליליטרים,225.00,"100 מ""ל",false,1,2.60,0.0116,true,1,282746
7290000043012,false,שוקו עמיד 2% בקרטון,תנובה,IL,תנובה שוקו עמיד 2% שומן 250 מל,מיליליטרים,250.00,"100 מ""ל",false,1,4.90,0.0196,true,1,282747
7290000043623,false,טונה ירקות,מונטה קרלו,IL,טונה ירקות,קילוגרמים,1.00,"ק""ג",true,,95.00,95.0000,true,1,435892
7290000043678,false,פומלה,חקלאי,IL,פומלה,קילוגרמים,1.00,"ק""ג",true,,9.90,9.9000,true,1,435920
7290000043685,false,פומלה אדומה,חקלאי,IL,פומלה אדומה,קילוגרמים,1.00,"ק""ג",true,,9.90,9.9000,true,1,435921
7290000043814,false,שמנת מתוקה עמידה 38%,תנובה,IL,השף הלבן שמנת להקצפה 38% שומן 250 מל,מיליליטרים,250.00,"100 מ""ל",false,1,6.47,0.0259,true,1,282799
7290000043890,false,רויון בקרטון 1 ליטר,תנובה,IL,תנובה רויון לבן מחלב מפסוטר 1.5% 1 ליטר,ליטרים,1.00,ליטר,false,1,10.90,10.9000,true,1,282802
7290000044712,false,"פרילי תות 500 מ""ל",מחלבת אלון תבור,IL,"פרילי תות 500 מ""ל",מיליליטרים,500.00,"100 מ""ל",false,1,10.90,0.0218,true,1,282815
7290000044880,false,"באדי תות 3%  500 מ""ל",מחלבת אלון תבור,IL,"באדי תות 3%  500 מ""ל",מיליליטרים,500.00,"100 מ""ל",false,1,9.40,0.0188,true,1,282817
7290000045573,false,גבינה מותכת נעמה 200,תנובה,IL,נעמה גבינה מותכת משולשים 25% שומן,גרמים,200.00,100 גרם,false,1,14.90,0.0745,true,1,282855
7290000045580,false,גבינה מותכת חורש 240,תנובה,IL,נעמה גבינה מותכת משולשים 25% שומן,גרמים,240.00,100 גרם,false,1,19.90,0.0829,true,1,282856
7290000045917,false,גבינה צאן פרומעז גלי,תנובה,IL,תנובה פרומעז גבינה מותכת מחלב עיזים 23% שומן,גרמים,200.00,100 גרם,false,1,26.60,0.1330,true,1,282866
7290000046020,false,גבינה גלבוע     22%,תנובה מרכז שיתופי לש,,גלבוע חריץ פיקוח                    22%,קילוגרמים,1.00,"ק""ג",true,,42.58,42.5800,true,1,363197
7290000046327,false,גבינה צהובה גלבוע פר,"תנובה, מחלבת תל יוסף",IL,גלבוע גבינה צהובה חצי קשה פרוס 22% שומן,גרמים,200.00,100 גרם,false,1,13.20,0.0660,true,1,282890
7290000046563,false,גבינה קשה פרמזן 23%,תנובה מרכז שיתופי לש,,גבינה קשה פרמזן חריץ קג             23%.,קילוגרמים,1.00,"ק""ג",true,,119.00,119.0000,true,1,363215
7290000047034,false,גבינה צאן קולאז 25%,תנובה מרכז שיתופי לש,,"גבינה צאן קולאז ""רוקפור             25%",קילוגרמים,1.00,"ק""ג",true,,126.00,126.0000,true,1,363225
7290000047485,false,גבינה בולגרית   24%,תנובה מרכז שיתופי לש,,בולגרית-24% קג  מיכל3קג,קילוגרמים,1.00,"ק""ג",true,,59.90,59.9000,true,1,363235
7290000047546,false,גבינה כנען 5% שומן,תנובה,IL,גבינה כנען500 גרם 5% שומן,גרמים,500.00,100 גרם,false,1,24.90,0.0498,true,1,282946
7290000047621,false,גבינה למריחה 5% תנוב,מחלבת אלון תבור,IL,גבינה לבנה 5% 250 גרם בדצ,גרמים,250.00,100 גרם,false,1,4.98,0.0199,true,1,286262
7290000048185,false,גבינה למריחה 5% תנוב,מחלבת אלון תבור,IL,גבינה למריחה 5% תנובה פיקוח 250 גרם,גרמים,250.00,100 גרם,false,1,4.98,0.0199,true,1,282961
7290000048192,false,גבינה למריחה 9% תנוב,מחלבת אלון תבור,IL,גבינה למריחה 9% תנובה 250 גרם,גרמים,250.00,100 גרם,false,1,4.80,0.0192,true,1,282962
7290000048307,false,קוטג 5% זיתים 250 גר,מחלבת אלון תבור,IL,קוטג 5% זיתים 250 גרם,גרמים,250.00,100 גרם,false,1,6.10,0.0244,true,1,282971
7290000048413,false,גבינת חמד פיראוס בשק,תנובה,IL,פיראוס חמד גבינה כפרית מלוחה 16% שומן,גרמים,250.00,100 גרם,false,1,18.90,0.0756,true,1,282977
7290000048437,false,גבינה צפתית 5% פיראו,תנובה מחלבת טנא נוגה,IL,גבינה צפתית 5% שומן,גרמים,200.00,100 גרם,false,1,15.50,0.0775,true,1,282981
7290000049458,false,גבינת פטה עזים 16% פ,תנובה,IL,פיראוס פטה עיזים 16% שומן,גרמים,250.00,100 גרם,false,1,27.90,0.1116,true,1,283011
7290000050447,false,יופלה תות 500 גרם,תנובה בעמ,IL,יופלה תות 3% גביע 500 גרם,גרמים,500.00,100 גרם,false,1,13.80,0.0276,true,1,295876
7290000050454,false,יופלה אפרסק 500 גרם,תנובה בעמ,IL,יופלה אפרסק 3% גביע 500 גרם,גרמים,500.00,100 גרם,false,1,13.80,0.0276,true,1,295877
7290000051307,false,מארז הפסקת אוכל,"תנובה, מחלבת טנא נוג",IL,מארז הפסקת אוכל חלב+דגני עוגי,לא מנהל יחידת מידה,0.00,לא מנהל יחידת מידה,false,1,9.30,0.0000,true,1,374564
7290000051352,false,חלב של פעם 3.5% /3.8,הרדוף תוצרת מזון אור,IL,חלב מלא בטעם של פעם 3.8% שומן 1 ליטר,ליטרים,1.00,ליטר,false,1,7.50,7.5000,true,1,296666
7290000051710,false,גבינת לאבנה שמן זית,"תנובה, מחלבת אלון תב",IL,פיראוס לאבנה אסלית עם שמן זית וזעתר על בסיס יוגורט,גרמים,263.00,100 גרם,false,1,14.20,0.0540,true,1,297185
7290000052311,false,גבינה עמק 15% פרוס 2,תנובה,IL,עמק פרוסות גבינה צהובה חצי קשה 15% מופחתת שומן,גרמים,200.00,100 גרם,false,1,15.90,0.0795,true,1,299198
7290000052649,false,פיראוס לאבנה     %5,תנובה,IL,פיראוס לאבנה אסלית 5% שומן,גרמים,500.00,100 גרם,false,1,19.90,0.0398,true,1,376572
7290000053219,false,טל העמק 31%,תנובה מרכז שיתופי לש,,טל העמק 31%,קילוגרמים,1.00,"ק""ג",true,,65.00,65.0000,true,1,398699
7290000055206,false,גבינה לבנה 5% בצל מט,מחלבת אלון תבור,IL,גבינה לבנה 5% בצל מטוגן 250 גרם,גרמים,250.00,100 גרם,false,1,5.80,0.0232,true,1,303209
7290000055329,false,משקה יוגורט יופלה תו,תנובה בעמ,IL,"משקה יוגורט יופלה תות מלון 250 מ""ל",מיליליטרים,250.00,"100 מ""ל",false,1,5.90,0.0236,true,1,301695
7290000055336,false,משקה יוגורט יופלה בנ,תנובה בעמ,IL,"משקה יוגורט יופלה בננה אפרסק 250 מ""ל",מיליליטרים,250.00,"100 מ""ל",false,1,5.90,0.0236,true,1,301696
7290000055343,false,משקה יוגורט יופלה טר,תנובה בעמ,IL,"משקה יוגורט יופלה טרופי 250 מ""ל",מיליליטרים,250.00,"100 מ""ל",false,1,5.90,0.0236,true,1,301697
7290000055350,false,חריץ עמק 28%,תנובה מרכז שיתופי לש,,חריץ עמק 28%,קילוגרמים,1.00,"ק""ג",true,,44.79,44.7900,true,1,394962
7290000056081,false,מאגדת יוגורט פרילי ט,מחלבת אלון תבור,IL,מאגדת יוגורט פרילי טבע          25% 1/6,קילוגרמים,1.20,"ק""ג",false,1,23.60,19.6667,true,1,379289
7290000056272,false,גבינה לבנה 5% זיתים,מחלבת אלון תבור,IL,גבינה לבנה 5% זיתים 250 גרם,גרמים,250.00,100 גרם,false,1,5.80,0.0232,true,1,303251
7290000056784,false,גבינה פטה כבשים  5%,תנובה מרכז שיתופי לש,,גבינה פטה כבשים 5% למעדניה,קילוגרמים,1.00,"ק""ג",true,,119.00,119.0000,true,1,380647
7290000056845,false,חלב 3% קרטון פיקוח 1,"תנובה, מחלבת רחובות",IL,תנובה חלב טרי 3% שומן אריזת נוחות,ליטרים,1.50,ליטר,false,1,9.34,6.2267,true,1,303579
7290000056883,false,מאגדת יופלה טעמים שו,תנובה בעמ,IL,מאגדת יופלה טעמים שונים שמיניי,קילוגרמים,1.20,"ק""ג",false,1,31.90,26.5833,true,1,379896
7290000056906,false,מאגדת יופלה לבן 1.5%,מחלבת אלון תבור,IL,מאגדת יופלה לבן 1.5% שמינייה,קילוגרמים,1.20,"ק""ג",false,1,18.90,15.7500,true,1,379922
7290000056951,false,שמנת לבישול     15%,תנובה,IL,תנובה השף הלבן שמנת לבישול 15% שומן 500 מל,מיליליטרים,500.00,"100 מ""ל",false,1,16.50,0.0330,true,1,381358
7290000056968,false,שמנ מתוקה הקצפה  38%,תנובה,IL,השף הלבן שמנת להקפצה 38% שומן,מיליליטרים,500.00,"100 מ""ל",false,1,12.94,0.0259,true,1,381359
7290000057088,false,גבינה עמק 28% דק 200,תנובה,IL,גבינה עמק 28% דק 200 גרם,גרמים,200.00,100 גרם,false,1,15.90,0.0795,true,1,303595
7290000057118,false,גבינה צהובה עמק קלאס,תנובה,IL,גבינת עמק קלאסית חצי קשה פרוסות 28% שומן,גרמים,400.00,100 גרם,false,1,22.90,0.0572,true,1,303671
7290000057132,false,יוגורט ביו 1.5% תנוב,מחלבת אלון תבור,IL,יוגורט ביו 1.5% תנובה 200 גרם,גרמים,200.00,100 גרם,false,1,3.20,0.0160,true,1,303596
7290000057149,false,יוגורט ביו  3% תנובה,מחלבת אלון תבור,IL,יוגורט ביו  3% תנובה 200 גרם,גרמים,200.00,100 גרם,false,1,3.20,0.0160,true,1,303597
7290000057552,false,יוגורט יופלה דיאט ע.,תנובה בעמ,IL,יוגורט יופלה דיאט ע.גבינה ותות 150 גרם,גרמים,150.00,100 גרם,false,1,4.90,0.0327,true,1,306013
7290000058030,false,משקה יוגורט יופלה שט,מיוצר עי קונדיטוריית,IL,יופלה  משקה יוגורט תות 800 מל,מיליליטרים,800.00,"100 מ""ל",false,1,21.30,0.0266,true,1,381699
7290000058047,false,שמנת מתוקה,תנובה,IL,שמנת מתוקה להקצפה 500 38% גרם,מיליליטרים,500.00,"100 מ""ל",false,1,12.94,0.0259,true,1,382393
7290000058580,false,קוקילידה 80 גרם,תות תעשיות מזון (201,IL,נסטלה קוקילידה 28*80גרם,גרמים,80.00,100 גרם,false,1,10.50,0.1313,true,1,285754
7290000060071,false,חטיפי פריכונים טבעי,"מיוצר ע""י PT, משווק",IL,אסם חטיפי פריכונים טבעי 12*80גרם,גרמים,80.00,100 גרם,false,1,7.90,0.0988,true,1,283694
7290000060088,false,בייגלה מקלות מלוחים,"אסם השקעות בע""מ",IL,אסם בייגלה מקלות מלוחים 12*400גרם,גרמים,400.00,100 גרם,false,1,11.90,0.0298,true,1,287628
7290000060156,false,אטריות ביצים דקות 20,"אסם השקעות בע""מ",IL,אסם אטריות ביצים דקות 12*200גרם,גרמים,200.00,100 גרם,false,1,7.90,0.0395,true,1,363765
7290000060200,false,פתיתים אפויים קוסקוס,"אסם השקעות בע""מ",IL,פתיתים אפויים קוסקוס 500 גרם,גרמים,500.00,100 גרם,false,1,6.90,0.0138,true,1,283710
7290000060248,false,פסטה תלתלים,פסטה זארה,IT,אסם פסטה תלתלים 12*500גרם,גרמים,500.00,100 גרם,false,1,6.90,0.0138,true,1,363768
7290000060323,false,ספגטיני פרפקטו,פסטה זארה,UG,פרפקטו ספגטיני 2 20*500גרם-חדש,גרמים,500.00,100 גרם,false,1,7.90,0.0158,true,1,363770
7290000060330,false,פסטה פרפקטו ספירלי 5,פסטה זארה,IT,פרפקטו ספירלי 12*500גרם-חדש,גרמים,500.00,100 גרם,false,1,7.90,0.0158,true,1,283716
7290000060408,false,פתיתים אפויים טבעות,"אסם השקעות בע""מ",IL,אסם פתיתים אפויים טבעות 12*500גרם,גרמים,500.00,100 גרם,false,1,6.90,0.0138,true,1,363772
7290000060415,false,לזניה פרפקטו 500 גרם,פסטה לנסי,IT,פרפקטו לזניה 12*500גרם 2016,גרמים,500.00,100 גרם,false,1,14.90,0.0298,true,1,283719
7290000060576,false,פתיתים אפויים כוכבים,"אסם השקעות בע""מ",IL,אסם פתיתים אפויים כוכבים 12*500גרם,גרמים,500.00,100 גרם,false,1,6.90,0.0138,true,1,283740
7290000060781,false,פסטה מסולסלים אסם 50,פסטה זארה,IT,אסם פסטה מסולסלים לאחר הפסח 12*500גרם,גרמים,500.00,100 גרם,false,1,6.90,0.0138,true,1,283748
7290000060903,false,פתיתים אפויים אורז 5,"אסם השקעות בע""מ",IL,אסם פתיתים אפויים אורז 12*500גרם,גרמים,500.00,100 גרם,false,1,6.90,0.0138,true,1,283757
7290000060958,false,אטריות בינוניות 400,"אסם השקעות בע""מ",IL,אסם אטריות בינוניות 12*400גרם,גרמים,400.00,100 גרם,false,1,7.90,0.0198,true,1,283761
7290000060965,false,אטריות רחבות 400 גרם,"אסם השקעות בע""מ",IL,אסם אטריות רחבות 12*400גרם,גרמים,400.00,100 גרם,false,1,7.90,0.0198,true,1,283762
7290000061061,false,קרקר בצל 250 גרם,"אסם השקעות בע""מ",IL,אסם קרקר בצל 12*250גרם,גרמים,250.00,100 גרם,false,1,10.90,0.0436,true,1,283765
7290000061450,false,פתיתים קוסקוס3 צבעים,"אסם השקעות בע""מ",IL,אסם פתיתים קוסקוס 3 צבעים 12*500גרם,גרמים,500.00,100 גרם,false,1,6.90,0.0138,true,1,374221
7290000061764,false,קפה נמס רד מאג 200 ג,נסטלה ספרד,ES,נסקפה רד מאג טעם חדש 6*200גרם2017,גרמים,200.00,100 גרם,false,1,24.90,0.1245,true,1,283787
7290000062952,false,קרוטונים מיני למרק ו,עינת תעשיות,IL,אסם מיני קרוטונים למרק וסלט 12*250גרם,גרמים,250.00,100 גרם,false,1,16.90,0.0676,true,1,294893
7290000063140,false,שקדי מרק אסם בשקית 4,"אסם השקעות בע""מ",IL,אסם שקדי מרק רכיבים טבעיים 12*400גרם,גרמים,400.00,100 גרם,false,1,12.90,0.0323,true,1,283882
7290000063157,false,"קמח תופח מאליו 1 ק""ג","אסם השקעות בע""מ",IL,"קמח תופח מאליו 1 ק""ג אסם",קילוגרמים,1.00,"ק""ג",false,1,9.70,9.7000,true,1,283884
7290000064758,false,קוסקוס אמיתי אסם 350,"מיוצר ע""י קוד יצרן K",IL,אסם קוסקוס אמיתי 12*350גרם,גרמים,350.00,100 גרם,false,1,7.90,0.0226,true,1,286966
7290000064871,false,מנה חמה פירה עם בצל,"אסם השקעות בע""מ",IL,מנה חמה פירה תפוא.ובצל 12*56גרם,גרמים,56.00,100 גרם,false,1,6.90,0.1232,true,1,283920
7290000065335,false,פירה תפוח אדמה+ירקות,"אסם השקעות בע""מ",IL,מנה חמה פירה וירקות 12*55גרם,גרמים,55.00,100 גרם,false,1,6.90,0.1255,true,1,283937
7290000065540,false,מנה חמה פסטה מוקרמת,"אסם השקעות בע""מ",IL,מנה חמה פסטה מוקרמת בדץ 12*55גרם,גרמים,55.00,100 גרם,false,1,6.90,0.1255,true,1,283938
7290000065557,false,מנה חמה קוסקוס עם יר,"אסם תעשיות מזון בע""מ",IL,מנה חמה קוסקוס וירקות בדצ 12*84גרם,גרמים,84.00,100 גרם,false,1,6.90,0.0821,true,1,283939
7290000065977,false,אסם חטיפי פריכונים ת,"מיוצר ע""י פרח, משווק",IL,אסם חטיפי פריכונים תירס 12*80גרם,גרמים,80.00,100 גרם,false,1,7.90,0.0988,true,1,298789
7290000066196,false,ביסלי גריל 200 גרם,"אסם השקעות בע""מ",IL,ביסלי גריל 25*200גרם,גרמים,200.00,100 גרם,false,1,7.90,0.0395,true,1,283961
7290000066226,false,ביסלי פיצה 200 גרם,"אסם השקעות בע""מ",IL,ביסלי פיצה 25*200גרם,גרמים,200.00,100 גרם,false,1,7.90,0.0395,true,1,283964
7290000066264,false,חטיף דובונים 40 גרם,"אסם השקעות בע""מ",IL,חטיף דובונים 40 גרם,גרמים,40.00,100 גרם,false,1,4.90,0.1225,true,1,283965
7290000066332,false,אפרופו 50 גרם,"אסם השקעות בע""מ",IL,אפרופו 36*50גרם,גרמים,50.00,100 גרם,false,1,5.20,0.1040,true,1,283970
7290000066349,false,אפרופו 100 גרם,"אסם השקעות בע""מ",IL,אפרופו 20*100גרם,גרמים,100.00,100 גרם,false,1,8.90,0.0890,true,1,283971
7290000066431,false,חטיף פופקו תירס חמאה,"אסם השקעות בע""מ",IL,פופקו חמאה ודבש 40*80גרם,גרמים,80.00,100 גרם,false,1,5.20,0.0650,true,1,283972
7290000067544,false,פירורית זהב 200 גרם,עינת תעשיות,IL,אסם פירורית פירורי לחם זהב 12*200גרם,גרמים,200.00,100 גרם,false,1,6.90,0.0345,true,1,284022
7290000068138,false,פודינג אינסטנט וניל,"אסם השקעות בע""מ",IL,אסם פודינג אינסטנט וניל 12*80גרם,גרמים,80.00,100 גרם,false,1,5.90,0.0738,true,1,284081
7290000068190,false,"ג""לי בזק טעם תות שדה","אסם השקעות בע""מ",IL,אסם ג'לי תות שדה צבעים טבעיים 12*90גרם,גרמים,90.00,100 גרם,false,1,6.90,0.0767,true,1,284083
7290000068206,false,"ג""לי בזק טעם משמש 85","אסם השקעות בע""מ",IL,אסם ג'לי משמש צבעים טבעיים 12*85גרם,גרמים,85.00,100 גרם,false,1,6.90,0.0812,true,1,284084
7290000068237,false,"ג""לי בזק טעם פטל 85","אסם השקעות בע""מ",IL,אסם ג'לי פטל צבעים טבעיים 12*85גרם,גרמים,85.00,100 גרם,false,1,6.90,0.0812,true,1,284085
7290000068251,false,גלי  בזק טעם אננס,"אסם השקעות בע""מ",IL,אסם ג'לי אננס צבעים טבעיים 12*85גרם,גרמים,85.00,100 גרם,false,1,6.90,0.0812,true,1,364047
7290000068343,false,אסם פריכונים מאורז מ,"מיוצר ע""י PT, משווק",IL,אסם פריכונים מאורז מלא 12*140גרם,גרמים,140.00,100 גרם,false,1,8.90,0.0636,true,1,284088
7290000068701,false,שקדי מרק אסם במיכל 4,"אסם השקעות בע""מ",IL,אסם שקדי מרק רכיבים טבע.מיכל 10*400גרם,גרמים,400.00,100 גרם,false,1,18.30,0.0458,true,1,284097
7290000069258,false,פסטה פרפקטו פנה ריגא,פסטה זארה,IT,פרפקטו פנה ריגאטה 12*500גרם-חדש,גרמים,500.00,100 גרם,false,1,7.90,0.0158,true,1,284120
7290000069364,false,"פריכונים 140 גר ""דל","מיוצר ע""י PT, משווק",IL,אסם פריכונים עגול אורז דל נת.12*140ג,גרמים,140.00,100 גרם,false,1,8.90,0.0636,true,1,366716
7290000069739,false,חטיפי קרקר שומשום,"אסם השקעות בע""מ",IL,אסם חטיפי קרקר שומשום 12*300גרם,גרמים,300.00,100 גרם,false,1,13.30,0.0443,true,1,374196
7290000070308,false,מרק עוף אמיתי 400 גר,"אסם השקעות בע""מ",IL,אסם מרק עוף אמיתי חתם סופר כלפ.6*400גרם,גרמים,400.00,100 גרם,false,1,21.90,0.0547,true,1,284147
7290000070353,false,"מרק בצל כשל""פ 400 גר","אסם השקעות בע""מ",IL,"מרק בצל כשל""פ 400 גרם",גרמים,400.00,100 גרם,false,1,28.90,0.0722,true,1,364089
7290000070919,false,"בייגלה רשתות בד    """,אסם,IL,אסם בייגלה רשתות מלח 9*400גרם,גרמים,400.00,100 גרם,false,1,14.50,0.0363,true,1,377574
7290000072067,false,במבה במילוי קרם חלבה,"אסם השקעות בע""מ",IL,במבה במילוי קרם חלבה 36*60גרם,גרמים,60.00,100 גרם,false,1,4.90,0.0817,true,1,297675
7290000072241,false,אסם רוטב לפיצה בקבוק,"אסם השקעות בע""מ",IL,אסם רוטב פיצה 9*290מל,מיליליטרים,290.00,"100 מ""ל",false,1,12.90,0.0445,true,1,364095
7290000072623,false,קטשופ לחיץ רגיל,"אסם השקעות בע""מ",IL,אסם קטשופ בקבוק לחיץ 9*750גרם-חדש,גרמים,750.00,100 גרם,false,1,11.90,0.0159,true,1,284161
7290000072630,false,קטשופ לחיץ חריף,"אסם השקעות בע""מ",IL,אסם קטשופ חריף כלפ.9*750גרם 2015,גרמים,750.00,100 גרם,false,1,15.80,0.0211,true,1,284162
7290000072753,false,קפה טסטרצויס 200 גרם,לוטה נסטלה קוריאה,,טייסטרס צ'וייס 12*200גרם,גרמים,200.00,100 גרם,false,1,31.90,0.1595,true,1,284164
7290000072777,false,קפה טסטרצויס נטול קפ,לוטה נסטלה קוריאה,,טייסטרס צוייס נטול קופאין 12*200גרם,גרמים,200.00,100 גרם,false,1,39.90,0.1995,true,1,284166
7290000072784,false,קפה טסטרצויס נטול קפ,לוטה נסטלה קוריאה,,טייסטרס צוייס נטול קופאין 12*100גרם,גרמים,100.00,100 גרם,false,1,27.90,0.2790,true,1,361209
7290000072968,false,דגני סיני מיניס קינמ,סי. פי. פולין,PL,דגני סיני מיניס קינמון 500 גרם,גרמים,500.00,100 גרם,false,1,26.90,0.0538,true,1,284269
7290000073125,false,מנה חמה פסטה ברוטב ע,"אסם השקעות בע""מ",IL,מנה חמה פסטה עם עגבניות ר.טבע. בדץ12*62ג,גרמים,62.00,100 גרם,false,1,6.90,0.1113,true,1,284301
7290000073699,false,סלט חומוס צבר 150 גר,סלטי צבר,IL,סלטי צבר חומוס חלק 6*150גרם,גרמים,150.00,100 גרם,false,1,4.90,0.0327,true,1,306709
7290000074153,false,ביסקוויט פתיבר שוקו,"אסם השקעות בע""מ",IL,אסם פתי בר שוקו 12*500גרם,גרמים,500.00,100 גרם,false,1,14.10,0.0282,true,1,284308
7290000074184,false,ביסקוויט פתיבר 500 ג,"אסם השקעות בע""מ",IL,ביסקוויט פתיבר 500 גרם,גרמים,500.00,100 גרם,false,1,9.90,0.0198,true,1,284310
7290000074245,false,קרם קרקר 250 גרם,"אסם השקעות בע""מ",IL,אסם קרם קרקר 12*250גרם,גרמים,250.00,100 גרם,false,1,10.90,0.0436,true,1,284311
7290000074252,false,קרקר שומשום 250 גרם,"אסם השקעות בע""מ",IL,אסם קרקר שומשום 12*250גרם,גרמים,250.00,100 גרם,false,1,10.90,0.0436,true,1,284312
7290000074276,false,קרקר פיקנטי 250 גרם,"אסם השקעות בע""מ",IL,אסם קרקר פיקנטי 12*250גרם,גרמים,250.00,100 גרם,false,1,10.90,0.0436,true,1,284313
7290000074375,false,קרקר זהב,"אסם השקעות בע""מ",IL,אסם קרקר זהב 12*150גרם,גרמים,150.00,100 גרם,false,1,6.90,0.0460,true,1,284317
7290000074481,false,לחמית אגוזים,"אסם השקעות בע""מ",IL,לחמית אגוזים 12*160גרם,גרמים,160.00,100 גרם,false,1,10.90,0.0681,true,1,380155
7290000075204,false,לחמית קרקר חיטה מלאה,"אסם השקעות בע""מ",IL,לחמית חיטה מלאה 10*250גרם חדש,גרמים,250.00,100 גרם,false,1,10.90,0.0436,true,1,284335
7290000075693,false,עוגת הבית שמרים בריו,"אסם השקעות בע""מ",IL,הבית עוגת שמרים בריוש שוקולד 8*360גרם,גרמים,360.00,100 גרם,false,1,19.90,0.0553,true,1,297320
7290000076133,false,בייגלה שמיניות קטנות,"אסם השקעות בע""מ",IL,אסם בייגלה שמיניות קטנות 12*400גרם,גרמים,400.00,100 גרם,false,1,11.90,0.0298,true,1,284345
7290000077017,false,עוגיות משהו קרמוגית,"אסם השקעות בע""מ",IL,אסם קרמוגית במילוי שוקולד 12*200גרם,גרמים,200.00,100 גרם,false,1,11.90,0.0595,true,1,284356
7290000077253,false,לחמית כפרית,"אסם השקעות בע""מ",IL,לחמית כפרית 12*190גרם,גרמים,190.00,100 גרם,false,1,10.90,0.0574,true,1,298718
7290000078212,false,קרוטונים מתובלים 250,עינת תעשיות,IL,אסם קרוטונים מתובלים 12*250גרם,גרמים,250.00,100 גרם,false,1,15.90,0.0636,true,1,284365
7290000078762,false,אסם חטיפי פריכונים א,סנורייס בלגיום אן. ו,,אסם חטיפי פריכונים אורז ודבש 14*80גרם,גרמים,80.00,100 גרם,false,1,7.90,0.0988,true,1,284369
7290000081663,false,בייגלה טבעות שומשום,"אסם השקעות בע""מ",IL,אסם בייגלה טבעות שומשום 12*300גרם,גרמים,300.00,100 גרם,false,1,11.90,0.0397,true,1,284526
7290000085159,false,פירורי ביסקויט וניל,מגדנית הדר,,פירורי ביסקויט וניל 300 גר,גרמים,300.00,100 גרם,false,1,5.80,0.0193,true,1,430077
7290000085180,false,ביסקוויט פתיבר וניל,"אחים גטניו בע""מ",,ביסקוויט פתיבר וניל גטניו 470 גרם,גרמים,470.00,100 גרם,false,1,9.90,0.0211,true,1,431020
7290000085755,false,10 פיתות לבן,,,10 פיתות לבן,יחידה,1.00,יחידה,false,1,18.90,18.9000,true,1,422211
7290000085756,false,10 פיתות חיטה מלאה,,,10 פיתות חיטה מלאה,יחידה,1.00,יחידה,false,1,18.90,18.9000,true,1,422212
7290000085757,false,פיצה אישית,,,פיצה אישית,יחידה,1.00,יחידה,false,1,21.90,21.9000,true,1,351859
7290000100128,false,פירות קפואים תות,סנפרוסט בעמ,IL,פירות קפואים תות,גרמים,300.00,100 גרם,false,1,19.90,0.0663,true,1,344726
7290000100135,false,פירות קפואים דובדבן,סנפרוסט בעמ,IL,פירות קפואים דובדבן,גרמים,300.00,100 גרם,false,1,19.90,0.0663,true,1,344727
7290000100302,false,פול ירוק קלוף 600 גר,"סנפרוסט בע""מ",IL,פול ירוק קלוף 600 גרם סנפרוסט,גרמים,600.00,100 גרם,false,1,29.90,0.0498,true,1,419324
7290000101927,false,אוכמניות כחולות מוקפ,"סנפרוסט בע""מ",IL,אוכמניות כחולות מוקפאות 300 גרם,גרמים,300.00,100 גרם,false,1,19.90,0.0663,true,1,326776
7290000101941,false,אננס מוקפא 300 גרם,"סנפרוסט בע""מ",IL,אננס מוקפא 300 גרם,גרמים,300.00,100 גרם,false,1,19.90,0.0663,true,1,307569
7290000101958,false,מנגו מוקפא 300 גרם,"סנפרוסט בע""מ",IL,מנגו מוקפא 300 גרם,גרמים,300.00,100 גרם,false,1,19.90,0.0663,true,1,326849
7290000103433,false,לקט ירקות לתנור 800,"סנפרוסט בע""מ",IL,פסטיבל ירקות לתנור 800 גרם סנפרוסט,גרמים,800.00,100 גרם,false,1,24.90,0.0311,true,1,323209
7290000103488,false,ארטישוק ירושלמי 400,"סנפרוסט בע""מ",IL,ארטישוק ירושלמי 400 גרם,גרמים,400.00,100 גרם,false,1,24.90,0.0622,true,1,322465
7290000103730,false,לקט להקפצה עם פסטה,"סנפרוסט בע""מ",IL,לקט להקפצה עם פסטה פוזולי סנפרוסט,גרמים,800.00,100 גרם,false,1,24.90,0.0311,true,1,375503
7290000103822,false,ללקט לעוף סנפרוסט 80,"סנפרוסט בע""מ",IL,ללקט לעוף סנפרוסט 800 גרם,גרמים,800.00,100 גרם,false,1,24.90,0.0311,true,1,302767
7290000103846,false,מרק אפונה קפוא 572 ג,"סנפרוסט בע""מ",IL,מרק אפונה קפוא סנפרוסט 572 גרם,גרמים,572.00,100 גרם,false,1,19.90,0.0348,true,1,302692
7290000104072,false,עדשים ירוקות מבושלות,"סנפרוסט בע""מ",IL,עדשים ירוקות מבושלות 800 גרם,גרמים,800.00,100 גרם,false,1,22.50,0.0281,true,1,300187
7290000104201,false,אפונה עדינה סנפרוסט,"סנפרוסט בע""מ",IL,אפונה עדינה סנפרוסט 600 גרם,גרמים,600.00,100 גרם,false,1,19.90,0.0332,true,1,280528
7290000104676,false,אפונת גינה 800 גרם ס,"סנפרוסט בע""מ",IL,אפונת גינה 800 גרם סנפרוסט,גרמים,800.00,100 גרם,false,1,19.90,0.0249,true,1,280537
7290000104683,false,שעועית ירוקה שלמה סנ,"סנפרוסט בע""מ",IL,שעועית ירוקה שלמה סנפרוסט 800גרם,גרמים,800.00,100 גרם,false,1,21.90,0.0274,true,1,280538
7290000104690,false,תירס גרעינים סנפרוסט,"סנפרוסט בע""מ",IL,תירס גרעינים סנפרוסט 800גרם,גרמים,800.00,100 גרם,false,1,19.90,0.0249,true,1,280539
7290000104706,false,גזר גמדי 800 גרם,"סנפרוסט בע""מ",IL,גזר גמדי 800 גרם,גרמים,800.00,100 גרם,false,1,19.90,0.0249,true,1,280540
7290000104720,false,שעועית ירוקה חתוכה ס,"סנפרוסט בע""מ",IL,שעועית ירוקה חתוכה סנפרוסט 800גרם,גרמים,800.00,100 גרם,false,1,20.90,0.0261,true,1,280542
7290000104744,false,כרובית 800 גרם,"סנפרוסט בע""מ",IL,כרובית 800 גרם סנפרוסט,גרמים,800.00,100 גרם,false,1,26.90,0.0336,true,1,280544
7290000104751,false,כרוב ניצנים 800-גר,"סנפרוסט בע""מ",IL,כרוב ניצנים 800-גר                     .,גרמים,800.00,100 גרם,false,1,26.90,0.0336,true,1,361673
7290000104768,false,תרד עלים,"סנפרוסט בע""מ",IL,תרד עלים 800-גר                        .,גרמים,800.00,100 גרם,false,1,27.90,0.0349,true,1,280546
7290000104775,false,מדליוני תרד 800 גרם,"סנפרוסט בע""מ",IL,מדליוני תרד 800 גרם,גרמים,800.00,100 גרם,false,1,27.90,0.0349,true,1,280547
7290000104799,false,שעועית לבנה מבושלת ק,"סנפרוסט בע""מ",IL,שעועית לבנה מבושלת קפואה 800 גרם,גרמים,800.00,100 גרם,false,1,21.90,0.0274,true,1,280548
7290000104805,false,גרגרי חומוס מבושלים,"סנפרוסט בע""מ",IL,גרגרי חומוס מבושלים קפואים 800 גרם,גרמים,800.00,100 גרם,false,1,21.90,0.0274,true,1,280549
7290000104829,false,"קלחוני תירס 1 ק""ג","סנפרוסט בע""מ",IL,"קלחוני תירס 1 ק""ג",קילוגרמים,1.00,"ק""ג",false,1,23.90,23.9000,true,1,280550
7290000104836,false,שעועית עדינה שלמה,"סנפרוסט בע""מ",IL,שעועית עדינה שלמה 600 גרם סנפרוסט,גרמים,600.00,100 גרם,false,1,24.90,0.0415,true,1,288393
7290000104874,false,לקט לקוסקוס 800 גרם,"סנפרוסט בע""מ",IL,ירקות לקוסקוס של אמא 800 גרם סנפרוסט,גרמים,800.00,100 גרם,false,1,25.90,0.0324,true,1,280551
7290000104911,false,לקט נורמנדי 800 גרם,"סנפרוסט בע""מ",IL,י,גרמים,800.00,100 גרם,false,1,24.90,0.0311,true,1,280555
7290000107165,false,חטיף פולי סויה אדממה,"סנפרוסט בע""מ",IL,חטיף פולי סויה אדממה 400 גרם סנפרוסט,גרמים,400.00,100 גרם,false,1,13.90,0.0348,true,1,290569
7290000107189,false,תחתיות ארטישוק 400 ג,"סנפרוסט בע""מ",IL,תחתיות ארטישוק 400 גרם סנפרוסט,גרמים,400.00,100 גרם,false,1,24.90,0.0622,true,1,280557
7290000107295,false,ברוקולי מוקפא 800 גר,"סנפרוסט בע""מ",IL,ברוקולי מוקפא 800 גרם סנפרוסט,גרמים,800.00,100 גרם,false,1,27.90,0.0349,true,1,280559
7290000107615,false,ירקות מנה אסייתית צב,"סנפרוסט בע""מ",IL,לקט מנה אסייתית צבעונית ועשירה 800גרם,גרמים,800.00,100 גרם,false,1,26.90,0.0336,true,1,349402
7290000107622,false,פסטה וירקות אלה איטל,"סנפרוסט בע""מ",IL,לקט פסטה וירקות א-לה איטליה  800גרם,גרמים,800.00,100 גרם,false,1,26.90,0.0336,true,1,349403
7290000107677,false,שעועית צהובה עדינה,"סנפרוסט בע""מ",IL,שעועית צהובה עדינה שלמה 600 גר,גרמים,600.00,100 גרם,false,1,24.70,0.0412,true,1,381788
7290000110844,false,חטיף כיפלי גריל 70 ג,יוניליור ישראל מזון,IL,כיפלי חטיף בטעם גריל,גרמים,70.00,100 גרם,false,1,6.50,0.0929,true,1,287423
7290000110851,false,חטיף כיפלי בצל 70 גר,אתר שפע - Food,IL,כיפלי חטיף בטעם בצל,גרמים,70.00,100 גרם,false,1,6.50,0.0929,true,1,287424
7290000111063,false,מיונז אמיתי תלמה 250,יוניליוור ישראל מזון,IL,מיונז אמיתי תלמה 250 גרם,גרמים,250.00,100 גרם,false,1,7.80,0.0312,true,1,280566
7290000111186,false,מיונז אמיתי תלמה 500,יוניליוור ישראל מזון,IL,תלמה  מיונז אמיתי 500 גרם,גרמים,500.00,100 גרם,false,1,10.90,0.0218,true,1,280568
7290000112220,false,טחינה קלאסית בארכה 5,רושדי תעשיות מזון בע,IL,בארכה טחינה 100% שומשום 12*500גרם,גרמים,500.00,100 גרם,false,1,14.90,0.0298,true,1,280594
7290000112497,false,מרק עשיר עוף עם אטרי,יוניליוור ישראל מזון,IL,מרק עוף עם אטריות,גרמים,68.00,100 גרם,false,1,12.90,0.1897,true,1,280600
7290000112503,false,מרק עשיר ירקות קנור,יוניליוור ישראל מזון,IL,מרק עשיר ירקות קנור 61 גרם,גרמים,61.00,100 גרם,false,1,12.90,0.2115,true,1,280601
7290000112619,false,מרק עוף אמיתי לתיבול,יוניליוור ישראל מזון,IL,קנור מרק עוף אמיתי 400 גרם,גרמים,400.00,100 גרם,false,1,22.90,0.0572,true,1,280610
7290000113180,false,חטיף כיפלי ציפסים 50,יוניליור ישראל מזון,IL,"כיפלי חטיף על בסיס תפו""א",גרמים,50.00,100 גרם,false,1,4.90,0.0980,true,1,382787
7290000116204,false,"מרק דגש שקית 1 ק""ג",יוניליוור ישראל מזון,IL,קנור מרק דגש זך בטעם עוף 1 קג,קילוגרמים,1.00,"ק""ג",false,1,19.70,19.7000,true,1,280640
7290000116884,false,רוטב ברביקיו קנור 30,יוניליוור ישראל מזון,IL,רוטב ברביקיו קנור,מיליליטרים,300.00,"100 מ""ל",false,1,12.90,0.0430,true,1,286087
7290000116945,false,רוטב סויה קנור,יוניליוור ישראל מזון,IL,רוטב סויה קלאסי קנור,מיליליטרים,300.00,"100 מ""ל",false,1,13.90,0.0463,true,1,286089
7290000117171,false,מרק נמס בכוס דל קלור,יוניליוור ישראל מזון,IL,קנור מרק נמס בכוס בטעם עוף 48 גרם,גרמים,48.00,100 גרם,false,1,8.60,0.1792,true,1,280643
7290000117720,false,מרק נמס בכוס פטריות,יוניליוור ישראל מזון,IL,קנור נמס בכוס פטריות 43 גרם,גרמים,43.00,100 גרם,false,1,7.50,0.1744,true,1,280647
7290000118277,false,קניידלך קנור 130 גרם,יוניליוור ישראל מזון,IL,קניידל תערובת להכנת כופתאות מצה,גרמים,130.00,100 גרם,false,1,12.90,0.0992,true,1,280650
7290000120836,false,מיונז הלמנס 394 גרם,קונפקו אינק' די.בי.א,CA,hellmanns real  מיונז אמיתי הלמנס,גרמים,394.00,100 גרם,false,1,12.90,0.0327,true,1,280657
7290000120874,false,מיונז הלמנס לייט 424,"שד' קילבורן 2816, שי",US,hellmanns light ממרח מופחת קלוריות,גרמים,424.00,100 גרם,false,1,12.90,0.0304,true,1,280658
7290000121093,false,גבינה מותכת מון בלאן,"שלושת האופים בע""מ",IL,גבינה מותכת מון בלאן 7% לייט 120 גרם,גרמים,120.00,100 גרם,false,1,11.90,0.0992,true,1,280660
7290000121109,false,גבינה מותכת 7% מון ב,"שלושת האופים בע""מ",IL,גבינה מותכת 7% מון בלאן זיתים לייט 120 ג,גרמים,120.00,100 גרם,false,1,11.90,0.0992,true,1,280661
7290000121147,false,גבינה מותכת 7%פיקנטי,"שלושת האופים בע""מ",IL,גבינה מותכת 7%פיקנטי120 גר,גרמים,120.00,100 גרם,false,1,11.90,0.0992,true,1,367640
7290000121154,false,גבינה מותכת 7% מון ב,"שלושת האופים בע""מ",IL,גבינה מותכת 7% מון בלאן סלמון לייט 120 ג,גרמים,120.00,100 גרם,false,1,11.90,0.0992,true,1,280662
7290000123363,false,צימקאו שוקולד אפיכל,"דרך השוקולד 1, צפת 1",IL,אפיכל צמקאו לציפוי ולאפייה 500 גרם,גרמים,500.00,100 גרם,false,1,15.50,0.0310,true,1,280671
7290000129457,false,רוטב פטריות,יוניליוור ישראל מזון,IL,קנור רוטב פטריות 28 גרם,גרמים,28.00,100 גרם,false,1,5.00,0.1786,true,1,290270
7290000134109,false,כמון מזרחי 40 גרם,תות ממתקי איכות,IL,תבליני טעם וריח מיכל קטן כמון מזרחי 40 גרם,גרמים,40.00,100 גרם,false,1,6.90,0.1725,true,1,287328
7290000134116,false,פפריקה מתוקה 40 גרם,תות ממתקי איכות,IL,תבליני טעם וריח פפריקה מתוקה 40 גרם,גרמים,40.00,100 גרם,false,1,6.90,0.1725,true,1,287473
7290000134123,false,פלפל שחור טחון 40 גר,תות ממתקי איכות,IL,תבלין טעם וריח מיכל פלפל שחור טחון 40 גרם,גרמים,40.00,100 גרם,false,1,9.90,0.2475,true,1,288311
7290000134147,false,מוסקט טחון 40 גרם,תבליני טעם וריח,IL,"תבליני טעם וריח, מוסקט טחון 100%, 40 גרם",גרמים,40.00,100 גרם,false,1,14.90,0.3725,true,1,287811
7290000134314,false,תיבול לפיצה,תבליני טעם וריח,IL,תבליני טעם וריח תערובת תיבול לפיצה 120 גרם,גרמים,120.00,100 גרם,false,1,9.90,0.0825,true,1,288664
7290000134338,false,תב.אבקת שום 90 גר מי,תבליני טעם וריח,IL,תבליני טעם וריח אבקת שום 90 גרם,גרמים,90.00,100 גרם,false,1,9.90,0.1100,true,1,287433
7290000134666,false,רוזמרין 15 גרם,תות ממתקי איכות,IL,"תבליני טעם וריח, 100% רוזמרין, 15 גרם",גרמים,15.00,100 גרם,false,1,6.90,0.4600,true,1,292485
7290000134673,false,זנגביל 30 גרם,תבליני טעם וריח,IL,"תבליני טעם וריח, 100% זנגביל טחון, 30 גרם",גרמים,30.00,100 גרם,false,1,6.90,0.2300,true,1,292486
7290000134680,false,קימל שלם 40 מיכל קטן,תות ממתקי איכות,IL,"תבליני טעם וריח, 100% מקלות קינמון, 15 גרם",גרמים,40.00,100 גרם,false,1,6.90,0.1725,true,1,370955
7290000134758,false,תיבול לתפוא  מיכל,תות ממתקי איכות,IL,"תבליני טעם וריח, תערובת תיבול לתפוחי אדמה, 100 גרם",גרמים,100.00,100 גרם,false,1,9.90,0.0990,true,1,292488
7290000134826,false,תבלין זעתר 100 גרם,תבליני טעם וריח,IL,"תבליני טעם וריח, תערובת תיבול זעתר , 100 גרם",גרמים,100.00,100 גרם,false,1,9.90,0.0990,true,1,287385
7290000134871,false,פלפל שחור טחון 100 ג,תבליני טעם וריח,IL,"תבליני טעם וריח, 100% פלפל שחור טחון, 100 גרם",גרמים,100.00,100 גרם,false,1,12.90,0.1290,true,1,287557
7290000134970,false,תבלין חאוויגי מיכל,תבליני טעם וריח,IL,"תבליני טעם וריח, חוויאג' למרק, 100 גרם",גרמים,100.00,100 גרם,false,1,9.90,0.0990,true,1,366759
7290000134987,false,פלפל שחור גרוס מיכל,תבליני טעם וריח,,"פלפל שחור גרוס 90 גר  ""מכיל",גרמים,90.00,100 גרם,false,1,12.90,0.1433,true,1,287247
7290000135045,false,XL TEN משקה אנרגיה ב,"טמפו משקאות בע""מ",IL,XL TEN משקה אנרגיה בטעם תפוח250מל,מיליליטרים,250.00,"100 מ""ל",false,1,4.50,0.0180,true,1,310946
7290000135052,false,משקה אנרגיה XL TEN מ,"טמפו משקאות בע""מ",IL,משקה אנרגיה XL TEN מנגו פחית 250 מל,מיליליטרים,250.00,"100 מ""ל",false,1,4.50,0.0180,true,1,348665
7290000135793,false,פפסי מקס ליים בקבוק,טמפו,IL,פפסי מקס ליים בקבוק 500מל,מיליליטרים,500.00,"100 מ""ל",false,1,5.50,0.0110,true,1,359960
7290000136684,false,פפסי קולה מקס ללא סו,טמפו,IL,פפסי קולה מקס ללא סוכר בקבוק 1.5 ליטר,ליטרים,1.50,ליטר,false,1,8.50,5.6667,true,1,428722
7290000136769,false,פפסי קולה לארג שישיי,טמפו,IL,פפסי קולה לארג שישייה בקבוק 1.5 ליטר,ליטרים,9.00,ליטר,false,6,49.90,5.5444,true,1,428426
7290000136790,false,מי סודה שישייה בקבוק,טמפו,IL,מי סודה שישייה בקבוק 1.5 ליטר,ליטרים,9.00,ליטר,false,6,16.70,1.8556,true,1,428429
7290000136844,false,מים אקווה נובה שישיי,טמפו,IL,מים אקווה נובה שישייה בקבוק 2 ליטר,ליטרים,12.00,ליטר,false,6,12.90,1.0750,true,1,428432
7290000136868,false,מים סן בנדטו שישייה,טמפו,IL,מים סן בנדטו שישייה בקבוק 1.5 ליטר,ליטרים,9.00,ליטר,false,6,19.90,2.2111,true,1,428433
7290000136875,false,שישיית סןבנדטו מוגז,טמפו,IL,שישיית סןבנדטו מוגז בקבוק 1.5 ליטר,ליטרים,9.00,ליטר,false,6,21.70,2.4111,true,1,428434
7290000137513,false,גלידונית קרמיסימו  1,"גלידת שטראוס בע""מ, ר",IL,גלידונית קרמיסימו  1/60  630 גרם,גרמים,630.00,100 גרם,false,1,39.90,0.0633,true,1,280757
7290000139104,false,חיטה תפוחה מתוקה,"אשב""ל בע""מ",,.חיטה תפוחה מתוקה 250 גרם,גרמים,250.00,100 גרם,false,1,9.90,0.0396,true,1,430004
7290000139227,false,דגן תפוח ממותק 150 ג,"אשב""ל בע""מ",,דגן תפוח ממותק 150 גרם,גרמים,150.00,100 גרם,false,1,9.90,0.0660,true,1,430005
7290000144160,false,שמן זית כתית מעולה ב,"מרקאולאו, ספרד.אבסה,",IT,שמן זית ארומתי,מיליליטרים,750.00,"100 מ""ל",false,1,36.90,0.0492,true,1,298891
7290000144467,false,עץ הזית שמן חמניות ב,הלינק פיין,GR,שמן חמניות מועשר בנוגדי חמצון 1 ליטר,ליטרים,1.00,ליטר,false,1,16.90,16.9000,true,1,280787
7290000144474,false,שמן קנולה מועשר בנוג,סקנולה,EE,שמן קנולה מועשר בנוגדי חמצון 1 ליטר,ליטרים,1.00,ליטר,false,1,15.90,15.9000,true,1,280788
7290000148380,false,פיסטוקים קלויים קליי,J&G PECANS,IL,קליית גת פיסטוק קלויים 200 גרם,גרמים,200.00,100 גרם,false,1,21.90,0.1095,true,1,285213
7290000148489,false,גרעיני דלעת קליית גת,J&G PECANS,IL,"קליית גת גרעיני דלעת קלויים,200 גרם",גרמים,200.00,100 גרם,false,1,10.30,0.0515,true,1,286297
7290000148618,false,אגוזי קשיו מטוגנים ק,J&G PECANS,IL,קליית גת קשיו מטוגן 200 גרם,גרמים,200.00,100 גרם,false,1,19.90,0.0995,true,1,285214
7290000148748,false,גרעיני חמנייה קליית,J&G PECANS,IL,"קליית גת חמנייה קלויים, 200 גרם",גרמים,200.00,100 גרם,false,1,6.90,0.0345,true,1,285142
7290000148939,false,שקדים קלויים קליית ג,J&G PECANS,IL,שקד קלוי 200 גר' שקית,גרמים,200.00,100 גרם,false,1,21.90,0.1095,true,1,285215
7290000168173,false,ברנפלקס קרנצים 375 ג,יוניליור ישראל מזון,IL,ברנפלקס קרנצים 375 גרם,גרמים,375.00,100 גרם,false,1,25.90,0.0691,true,1,313095
7290000169538,false,מרק נמס בכוס עגבניות,יוניליוור ישראל מזון,IL,מרק נמס בכוס עגבניות קרוטונים קנור 62 גר,גרמים,62.00,100 גרם,false,1,7.50,0.1210,true,1,309588
7290000169798,false,דגני עוגי מופחת 20%,יוניליוור ישראל מזון,IL,עוגי - דגנים עם פצפוצים בטעם שוקולד,גרמים,500.00,100 גרם,false,1,24.90,0.0498,true,1,309732
7290000174723,false,שוקולית עלית 500 גרם,שטראוס קפה בי.וי.,IL,שוקולית קופסא 500  / 12 קופ'/ 500ג',גרמים,500.00,100 גרם,false,1,13.90,0.0278,true,1,280949
7290000176062,false,קפה טורקי בצלופן 100,שטראוס קפה בי.וי.,IL,עלית טורקי שקית 100ג/1שק'/100גר',גרמים,100.00,100 גרם,false,1,8.90,0.0890,true,1,280954
7290000176079,false,קפה עם הל 100 גרם,שטראוס קפה בי.וי.,IL,עלית טורקי עם הל 00/1שק'/100גר',גרמים,100.00,100 גרם,false,1,10.20,0.1020,true,1,280955
7290000176413,false,קפה נמס עלית 50 גרם,שטראוס קפה בי.וי,IL,קפה נמס 50 גרם חדש,גרמים,50.00,100 גרם,false,1,10.80,0.2160,true,1,280959
7290000176420,false,קפה נמס עלית פחית 20,שטראוס קפה בי.וי,IL,קפה נמס עלית פחית 200 גרם,גרמים,200.00,100 גרם,false,1,19.90,0.0995,true,1,280960
7290000176468,false,קפה נמס האג עלית 50,"נגון קופי בע""מ",,האג נמס אבקתי פחית 50 גר חדש,גרמים,50.00,100 גרם,false,1,13.10,0.2620,true,1,280961
7290000178707,false,תפוציפס מלוח 50 גרם,"שטראוס פריטו ליי בע""",IL,תפו טבעי 50 גר 48 יח - שמיטה,גרמים,50.00,100 גרם,false,1,3.90,0.0780,true,1,280974
7290000178721,false,תפוציפס מלוח 200 גרם,"שטראוס פריטו ליי בע""",IL,תפו טבעי 200 גר 12 יח,גרמים,200.00,100 גרם,false,1,9.90,0.0495,true,1,280976
7290000187860,false,מגבוני טואלט לח לילי,עלבד משואות יצחק בעמ,IL,מגבוני טואלט לח לילי,לא מנהל יחידת מידה,0.00,לא מנהל יחידת מידה,false,1,7.90,0.0000,true,1,281004
7290000187938,false,נייר טואלט לילי פסטל,חוגלה קימברלי,,נייר טואלט לילי פסטל 32 גלילים,מטרים,58880.00,מטר,false,1,38.90,0.0007,true,1,294521
7290000187952,false,נייר טואלט לילי טריו,חוגלה קימברלי,,נייר טואלט לילי טריו 32 גלילים,מטרים,53470.00,מטר,false,1,44.90,0.0008,true,1,361620
7290000189116,false,תבניות עגולות ניקול,לחמנו,CN,תבניות עגולות ניקול 6 יחידות,לא מנהל יחידת מידה,0.00,לא מנהל יחידת מידה,false,1,10.90,0.0000,true,1,315316
7290000189505,false,תבנית אפייה קרטון אי,"דוקארט בעמ, קיבוץ כפ",IL,תבנית אפייה מקרטון אינגלי,לא מנהל יחידת מידה,0.00,לא מנהל יחידת מידה,false,1,11.90,0.0000,true,1,375654
7290000189550,false,שקיות אשפה זוג 20 יח,אשפלסט,IL,שקיות אשפה זוג 20 יחידות,לא מנהל יחידת מידה,0.00,לא מנהל יחידת מידה,false,1,23.90,0.0000,true,1,290093
7290000189598,false,מטליות לחות לניקוי כ,עלבד משואות יצחק בעמ,IL,מטליות לחות לניקוי כללי 50 יח ניקול,Unknown,0.00,Unknown,false,1,11.90,0.0000,true,1,295860
7290000189659,false,מטליות לחות לרצפה,עלבד משואות יצחק בעמ,IL,ניקול מטליות לחות לניקוי הרצפה 10 יחידות,Unknown,0.00,Unknown,false,1,11.80,0.0000,true,1,297428
7290000189734,false,מטליות לחות לניקוי פ,עלבד משואות יצחק בעמ,IL,ניקול מטליות לחות לניקוי פרקט 10 יחידות,גרמים,0.00,100 גרם,false,1,14.90,0.0000,true,1,301457
7290000190068,false,מפיות נייר ניקול 100,חוגלה קימברלי,IL,"מפיות ניקול חלקות לאירוח חד שכבתי, 100 יחידות",Unknown,0.00,Unknown,false,1,6.90,0.0000,true,1,292519
7290000190150,false,מפיות אירוח ניקול,PALOMA,SI,ניקול מפיות מעוצבות תלת שכבתי 20 יחידות,לא מנהל יחידת מידה,0.00,לא מנהל יחידת מידה,false,1,7.90,0.0000,true,1,361977
7290000190198,false,מטליות לניקוי וחיטוי,עלבד משואות יצחק בעמ,IL,מטליות לחות לניקוי חיטוי ניקול,יחידה,1.00,יחידה,false,1,11.90,11.9000,true,1,310657
7290000191225,false,האגיס ליטל בייביס מי,קימברלי קלארק שיווק,IL,האגיס ליטל בייביס מידה 2,יחידה,1.00,יחידה,false,1,38.90,38.9000,true,1,394264
7290000191546,false,ממחטות טישיו לילי צב,חוגלה קימברלי,,ממחטות טישיו לילי צבעוני בניילון שלישייה,Unknown,0.00,Unknown,false,1,11.90,0.0000,true,1,281026
7290000195216,false,נייר אפיה 50 יח,אופל,,נייר אפיה ניקול 50 יח,לא מנהל יחידת מידה,0.00,לא מנהל יחידת מידה,false,1,10.90,0.0000,true,1,315513
7290000195537,false,מגבונים לחים האגיס ל,ווטנאפס,,מגבונים לחים האגיס ללא בישום רביעייה,יחידה,1.00,יחידה,false,1,18.90,18.9000,true,1,286973
7290000196039,false,מפות שולחן ניקול זוג,דיספובד,,"מפות שולחן ניקול זוג  180*110 ס""מ",לא מנהל יחידת מידה,0.00,לא מנהל יחידת מידה,false,1,12.90,0.0000,true,1,281058
7290000196763,false,שקיות אשפה השקית החז,הורביץ סחר,IL,שקיות אשפה השקית החזקה ניקול 40 יח,Unknown,0.00,Unknown,false,1,22.90,0.0000,true,1,302623
7290000197012,false,שקיות ריצרץ 19*18 ני,סין,CN,שקיות ריצרץ 19*18 ניקול בקופסא 15 שקיות,לא מנהל יחידת מידה,0.00,לא מנהל יחידת מידה,false,1,14.90,0.0000,true,1,291039
7290000197029,false,שקיות ריצרץ 26*28 בק,קילת,,שקיות ריצרץ 26*28 בקופסא 12 שקיות,לא מנהל יחידת מידה,0.00,לא מנהל יחידת מידה,false,1,16.90,0.0000,true,1,369758
7290000197425,false,חיתולים פרידום דריי,קימברלי קלארק ישראל,IL,חיתולים פרידום דריי שלב 3,יחידה,1.00,יחידה,false,1,42.90,42.9000,true,1,314884
7290000197432,false,שקיות סנדוויצון 19*2,אשלפסט תעשיות בעמ,IL,סנדוויצון זוגות,לא מנהל יחידת מידה,0.00,לא מנהל יחידת מידה,false,1,13.90,0.0000,true,1,281067
7290000197456,false,חיתולים פרידום דריי,קימברלי קלארק ישראל,IL,חיתולים פרידום דריי שלב 4,יחידה,1.00,יחידה,false,1,42.90,42.9000,true,1,314885
7290000197463,false,חיתולי פרידום דריי ש,קימברלי קלארק ישראל,IL,חיתולי פרידום דריי שלב  +4,יחידה,1.00,יחידה,false,1,42.90,42.9000,true,1,315136
7290000197548,false,חיתולי האגיס פרידום,קימברלי קלארק ישראל,IL,חיתולי האגיס פרידום דריי שלב 5,לא מנהל יחידת מידה,0.00,לא מנהל יחידת מידה,false,1,42.90,0.0000,true,1,314886
7290000197678,false,חיתולים פרידום דריי,קימברלי קלארק ישראל,IL,חיתולים פרידום דריי שלב 6,יחידה,1.00,יחידה,false,1,42.90,42.9000,true,1,314887
7290000197883,false,תבנית אלומיניום גדול,ארץ ייצור: סין,CN,תבנית אלומיניום גדול 4 יחידות,לא מנהל יחידת מידה,0.00,לא מנהל יחידת מידה,false,1,9.90,0.0000,true,1,287477
7290000197951,false,תבנית אלומיניום ענק,פאלאס,,תבנית אלומיניום ענק 2 יחידות,לא מנהל יחידת מידה,0.00,לא מנהל יחידת מידה,false,1,9.90,0.0000,true,1,287389
7290000204086,false,כרית קירצוף ניקול,UFO INC,US,"ניקול, כריות קרצוף גדולות וחזקות במיוחד, 3 יחידות",יחידה,0.00,יחידה,false,1,11.90,0.0000,true,1,365132
7290000204147,false,כריות יפניות דו צדדי,פלסטופוליש,IL,כריות יפניות דו צדדיות ניקול רביעייה,גרמים,280.00,100 גרם,false,1,11.90,0.0425,true,1,291115
7290000204215,false,כרית יפנית שישייה,פלסטופוליש,IL,"ניקול,כריות יפניות ,6 יחידות",גרמים,0.00,100 גרם,false,1,11.90,0.0000,true,1,281158
7290000204239,false,מטליות רצפה ניקול 4,עופרטקס,,מטליות רצפה ניקול 4 יח,לא מנהל יחידת מידה,0.00,לא מנהל יחידת מידה,false,1,12.90,0.0000,true,1,289293
7290000204253,false,מטליות ניקוי רב שימו,נועם אורים-קיבוץ אור,IL,"ניקול, מטליות ניקוי רב שימושיות, 9 יחידות",לא מנהל יחידת מידה,0.00,לא מנהל יחידת מידה,false,1,9.90,0.0000,true,1,281160
7290000204307,false,מטלית ניקול בגליל,נועם אורים-קיבוץ אור,IL,"מטליות ניקוי רב-שימושיות, 40 יחידות",לא מנהל יחידת מידה,0.00,לא מנהל יחידת מידה,false,1,22.90,0.0000,true,1,368160
7290000204512,false,מטליות לחות ניקול בר,עלבד משואות יצחק בעמ,IL,מטליות לחות ניקול בריח לימון,לא מנהל יחידת מידה,0.00,לא מנהל יחידת מידה,false,1,13.90,0.0000,true,1,405442
7290000207063,false,רסק עגבניות פריכוז 2,"זנלכל בע""מ",IL,יכין פריכוז רוטב עגבניות 240 גרם,גרמים,260.00,100 גרם,false,1,4.90,0.0188,true,1,289905
7290000207162,false,רסק עגבניות 22% 100,"זנלכל בע""מ",IL,יכין רוטב עגבניות מרוכז 100 גרם,גרמים,100.00,100 גרם,false,1,2.50,0.0250,true,1,281209
7290000207438,false,קוביות עגבניות יכין,"זנלכל בע""מ",IL,קוביות עגבניות יכין A2.5 800 ג,גרמים,800.00,100 גרם,false,1,8.90,0.0111,true,1,291836
7290000208022,false,עגבניות מרוסקות יכין,"זנלכל בע""מ",IL,עגבניות מרוסקות יכין 800 גרם,גרמים,800.00,100 גרם,false,1,8.90,0.0111,true,1,291851
7290000208077,false,אפונה גדולה 550 גר .,"זנלכל בע""מ",IL,אפונה גדולה 550 גר .יכין,גרמים,550.00,100 גרם,false,1,7.90,0.0144,true,1,287257
7290000208091,false,אפונה קטנה,"זנלכל בע""מ",IL,אפונה קטנה 560 גרם יכין,גרמים,560.00,100 גרם,false,1,8.90,0.0159,true,1,430010
7290000208114,false,אפונה וגזר,"זנלכל בע""מ",IL,יכין אפונת גינה וגזר 550 גרם,גרמים,550.00,100 גרם,false,1,7.90,0.0144,true,1,281221
7290000208138,false,סירופ דיאט ענבים יכי,"זנלכל בע""מ",IL,יכין סירופ בטעם ענבים דיאט 1 ליטר,ליטרים,1.00,ליטר,false,1,8.90,8.9000,true,1,287440
7290000208145,false,תירס לייט גרעינים יכ,"זנלכל בע""מ",IL,תירס לייט גרעינים יכין 550  גרם,גרמים,550.00,100 גרם,false,1,8.90,0.0162,true,1,287258
7290000208213,false,שעועית לבנה ברוטב עג,"זנלכל בע""מ",IL,יכין שעועית לבנה ברוטב עגבניות 580 גרם,גרמים,580.00,100 גרם,false,1,7.90,0.0136,true,1,287259
7290000208220,false,צילי שעועית יכין,"זנלכל בע""מ",IL,יכין שעועית צ'ילי בנוסח מקסיקני חריף 580 גרם,גרמים,0.00,100 גרם,false,1,8.90,0.0000,true,1,317653
7290000208251,false,שעועית ירוקה חתוכה י,"זנלכל בע""מ",IL,יכין שעועית ירוקה חתוכה שימורים 550 גרם,גרמים,550.00,100 גרם,false,1,7.50,0.0136,true,1,431779
7290000208329,false,תירס גרעינים מתוק יכ,"זנלכל בע""מ",IL,תירס גרעינים מתוק יכין 560 גרם,גרמים,560.00,100 גרם,false,1,7.90,0.0141,true,1,285145
7290000208336,false,רסק עגבניות 240 גרם,"זנלכל בע""מ",IL,יכין רוטב עגבניות מרוכז 240 גרם,גרמים,240.00,100 גרם,false,1,4.50,0.0188,true,1,291330
7290000208404,false,פול מצרי 560 גרם A2,"זנלכל בע""מ",IL,פול מצרי 560 גרם A2 יכין,גרמים,560.00,100 גרם,false,1,7.50,0.0134,true,1,287098
7290000208428,false,חומוס שלם יכין 560 ג,"זנלכל בע""מ",IL,יכין חומוס שלם 550 גרם,גרמים,560.00,100 גרם,false,1,7.90,0.0141,true,1,287260
7290000208534,false,תירס קיד עם ויטמינים,"זנלכל בע""מ",IL,יכין תירס קיד גרעיני תירס מתוק 550 גרם משקל נקי,גרמים,550.00,100 גרם,false,1,8.90,0.0162,true,1,430007
7290000208855,false,רוטב פסטה,"זנלכל בע""מ",IL,רוטב פסטה 240גר,גרמים,240.00,100 גרם,false,1,5.50,0.0229,true,1,291344
7290000208947,false,עגבניות מרוסקות יכין,"זנלכל בע""מ",IL,יכין עגבניות מרוסקות 260 גרם,גרמים,240.00,100 גרם,false,1,5.50,0.0229,true,1,291332
7290000209012,false,חומץ 1 ליטר יכין,"זנלכל בע""מ",IL,חומץ 1 ליטר יכין,ליטרים,1.00,ליטר,false,1,5.50,5.5000,true,1,287621
7290000209043,false,מיץ לימון,"זנלכל בע""מ",IL,יכין רוטב לימון משומר לתיבול 1 ליטר,ליטרים,1.00,ליטר,false,1,6.50,6.5000,true,1,366732
7290000209579,false,סירופ דיאט אננס יכין,"זנלכל בע""מ",IL,יכין סירופ בטעם אננס דיאט 1 ליטר,ליטרים,1.00,ליטר,false,1,8.90,8.9000,true,1,287336
7290000209722,false,תרכיז עגבניות פריכוז,"זנלכל בע""מ",IL,רסק עגבניות פריכוז 580 יכין,גרמים,580.00,100 גרם,false,1,9.90,0.0171,true,1,285146
7290000209913,false,קוביות עגבניות,"זנלכל בע""מ",IL,קוביות עגבניות 240גרם,גרמים,240.00,100 גרם,false,1,5.50,0.0229,true,1,293995
7290000209944,false,רוטב עגבניות לשקשוקה,"זנלכל בע""מ",IL,רוטב עגבניות לשקשוקה יכין 240גרם,גרמים,240.00,100 גרם,false,1,5.50,0.0229,true,1,293996
7290000209951,false,רוטב פיצה,"זנלכל בע""מ",IL,רוטב פיצה 240גרם יכין,גרמים,240.00,100 גרם,false,1,5.50,0.0229,true,1,293997
7290000209968,false,רוטב לזניה,"זנלכל בע""מ",IL,רוטב לזניה 240גרם,גרמים,240.00,100 גרם,false,1,5.50,0.0229,true,1,293998
7290000210896,false,רוטב בולנז 260 גרם י,"זנלכל בע""מ",IL,רוטב בולנז 240גרם יכין,גרמים,240.00,100 גרם,false,1,5.50,0.0229,true,1,317882
7290000211169,false,"אורז תאילנדי 1 ק""ג","סוגת תעשיות בע""מ",IL,"אורז תאילנדי 1 ק""ג",קילוגרמים,1.00,"ק""ג",false,1,7.90,7.9000,true,1,287337
7290000211312,false,אורז מלא אחד אחד סוג,"סוגת תעשיות בע""מ",IL,"אורז מלא ארוך 1 ק""ג",קילוגרמים,1.00,"ק""ג",false,1,10.90,10.9000,true,1,281245
7290000211374,false,"קמח מלא 1 ק""ג סוגת",תחנות קמח דגן 2006 ב,IL,"קמח מלא 1 ק""ג סוגת",קילוגרמים,1.00,"ק""ג",false,1,7.90,7.9000,true,1,281247
7290000211442,false,אורז פרסי אחד אחד סו,"סוגת תעשיות בע""מ",IL,"אורז פרסי 1 ק""ג",קילוגרמים,1.00,"ק""ג",false,1,12.90,12.9000,true,1,281249
7290000211503,false,סוכר לבן ארוז בשקית,"סוגת תעשיות בע""מ",IL,"סוכר לבן ארוז בשקית סוגת 1 ק""ג",קילוגרמים,1.00,"ק""ג",false,1,5.30,5.3000,true,1,281250
7290000211985,false,אורז ריזוטו עגול סוג,"סוגת תעשיות בע""מ",IL,"אורז עגול 1 ק""ג",קילוגרמים,1.00,"ק""ג",false,1,11.90,11.9000,true,1,281254
7290000233162,false,מים נביעות 1.5ל בקבו,יושלם,,מים נביעות 1.5ל בקבוק בודד,ליטרים,1.50,ליטר,false,1,3.90,2.6000,true,1,365537
7290000238029,false,"בצק עלים 1 ק""ג","מעדנות בע""מ",IL,"בצק עלים 1 ק""ג",קילוגרמים,1.00,"ק""ג",false,1,25.90,25.9000,true,1,281393
7290000238036,false,מלווח 700 גרם,"מעדנות בע""מ",IL,מלווח 700 גרם מעדנות,גרמים,700.00,100 גרם,false,1,19.90,0.0284,true,1,281394
7290000238173,false,בורקס גבינה מעדנות 8,"מעדנות בע""מ",IL,בורקס גבינה מעדנות 800 גרם,גרמים,800.00,100 גרם,false,1,24.90,0.0311,true,1,281397
7290000238180,false,"בורקס תפו""א מעדנות 8","מעדנות בע""מ",IL,"בורקס תפו""א מעדנות 800 גרם",גרמים,800.00,100 גרם,false,1,24.90,0.0311,true,1,281398
7290000240541,false,ריבועי בצק עלים800ג.,"מעדנות בע""מ",IL,ריבועי בצק עלים800 גר                  .,גרמים,800.00,100 גרם,false,1,26.40,0.0330,true,1,362261
7290000253251,false,שוקולד ציפס אופנהיימ,אופנהיימר,IL,שוקולד ציפס אופנהיימר לבן260גר,גרמים,260.00,100 גרם,false,1,12.90,0.0496,true,1,281469
7290000263359,false,חיתולים האגיס מידה 1,קימברלי קלארק שיווק,IL,חיתולים האגיס מידה 1 ליטל בייביז,יחידה,1.00,יחידה,false,1,38.90,38.9000,true,1,376828
7290000267012,false,שקד טבעי מולבן שלם 1,,IL,שקד טבעי מולבן שלם 100 גרם שקדיה,גרמים,100.00,100 גרם,false,1,11.90,0.1190,false,1,281520
7290000267029,false,שקד טבעי מולבן חצוי,,IL,שקד טבעי מולבן חצוי 100 גרם שקדיה,גרמים,100.00,100 גרם,false,1,11.90,0.1190,true,1,362342
7290000267036,false,שקד טבעי מולבן משובב,,IL,שקד טבעי מולבן משובב 100 גרם שקדיה,גרמים,100.00,100 גרם,false,1,11.90,0.1190,true,1,362343
7290000267043,false,שקד טבעי מולבן פרוס,,IL,שקד טבעי מולבן פרוס 100 גרם שקדיה,גרמים,100.00,100 גרם,false,1,11.90,0.1190,false,1,281523
7290000267050,false,שקדים טחונים 100 גרם,,IL,שקדים טחונים 100 גרם שקדיה,גרמים,100.00,100 גרם,false,1,11.90,0.1190,false,1,362344
7290000267104,false,שקד מולבן מרוסק 100,,IL,שקד מולבן מרוסק 100 גרם שקדיה,גרמים,100.00,100 גרם,false,1,11.90,0.1190,true,1,281525
7290000267548,false,אגוז גרוס 100 גרם,,IL,אגוז גרוס 100 גרם שקדיה,גרמים,100.00,100 גרם,false,1,10.70,0.1070,true,1,430011
7290000272696,false,מיץ לימון משומר 1 לי,בית-השיטה עסיס תעשיו,IL,עסיס מיץ לימון משומר 12*1ליטר,ליטרים,1.00,ליטר,false,1,12.90,12.9000,true,1,281570
7290000286761,false,ניילון נצמד סנו זוג,מיוצר עי קונדיטוריית,CN,סנו סושי - צמד ניילון נצמד+,מטרים,3000.00,מטר,false,1,11.90,0.0040,true,1,281671
7290000286945,false,סנו רהיט מרסס,"סנו מפעלי ברונוס בע""",IL,סנו רהיט נוזל מנקה ומבריק רהיטים 500 מל,מיליליטרים,500.00,"100 מ""ל",false,1,26.90,0.0538,true,1,281681
7290000287102,false,סנו ספריי לשטיחים 60,סנו מפעלי ברונוס בעמ,IL,"סנו ספריי לשטיחים 600 מ""ל",מיליליטרים,600.00,"100 מ""ל",false,1,22.40,0.0373,true,1,281683
7290000287195,false,סנורהיט ספריי  לרהיט,סנו מפעלי ברונוס בעמ,IL,"סנו רהיט אירוסול מנקה, מבריק, מגן ודוחה אבק 300 מל",מיליליטרים,305.00,"100 מ""ל",false,1,16.90,0.0554,true,1,281693
7290000287621,false,מנקה אסלות אנטי קאלק,סנו מפעלי ברונוס בעמ,IL,"מנקה אסלות אנטי קאלק 750 מ""ל",מיליליטרים,750.00,"100 מ""ל",false,1,12.90,0.0172,true,1,287851
7290000288017,false,אקונומיקה סנו JAVEL,"סנו מפעלי ברונוס בע""",IL,סנו JAVEL אקונומיקה בריח לימון 1 ליטר,ליטרים,1.00,ליטר,false,1,8.90,8.9000,true,1,281703
7290000288024,false,אקונומיקה סנו JAVEL,"סנו מפעלי ברונוס בע""",IL,אקונומיקה סנו JAVEL לימון 4 ליטר,ליטרים,4.00,ליטר,false,1,16.90,4.2250,true,1,281704
7290000288352,false,משמיד חרקים K300 סנו,"סנו מפעלי ברונוס בע""",IL,K-300,מיליליטרים,630.00,"100 מ""ל",false,1,23.90,0.0379,true,1,281711
7290000288420,false,סנו די דוחה יתושיםספ,סנו מפעלי ברונוס בע',IL,סנו די דוחה יתושיםספריי 125 גרם,גרמים,125.00,100 גרם,false,1,19.90,0.1592,true,1,281715
7290000289069,false,קצף ניקוי JAVEL מרסס,"סנו מפעלי ברונוס בע""",IL,קצף ניקוי JAVEL מרסס בריח לימון סנו 1 ל,ליטרים,1.00,ליטר,false,1,16.90,16.9000,true,1,281721
7290000289748,false,מסיר שומנים פורטה פל,"סנו מפעלי ברונוס בע""",IL,סנו פורטה פלוס 750 מ''ל,מיליליטרים,750.00,"100 מ""ל",false,1,15.90,0.0212,true,1,281723
7290000291963,false,אקונומיקה סנו JAVEL,סנו,,אקונומיקה סנו JAVEL סמיכה 1 ליטר,ליטרים,1.00,ליטר,false,1,8.90,8.9000,true,1,281737
7290000292137,false,סנו לניקוי מוצרי עור,סנו מפעלי ברונוס בעמ,IL,סנו תחליב לניקוי ולטיפול במוצרי עור 500 מל,מיליליטרים,500.00,"100 מ""ל",false,1,31.90,0.0638,true,1,281745
7290000292311,false,נוזל לניקוי רצפות פו,סנו מפעלי ברונוס.,IL,פוליויקס מנקה ומבריק רצפות 2 ליטר שחלבים,ליטרים,2.00,ליטר,false,1,22.90,11.4500,true,1,430527
7290000292564,false,משמיד חרקים K2000 לל,סנו מפעלי ברונוס בעמ,IL,תכשיר מיקרוקפסורי,מיליליטרים,750.00,"100 מ""ל",false,1,34.60,0.0461,true,1,281750
7290000292687,false,סנובון לאסלה כחול של,סנו מפעלי ברונוס בעמ,IL,סנובון כחול סבון מוצק לאסלה בניחוח קלאסי 3 יחידות,גרמים,165.00,100 גרם,false,1,19.90,0.1206,true,1,281751
7290000292915,false,רסס ונגב לניקוי כללי,"סנו מפעלי ברונוס בע""",IL,סנו רסס ונגב - מנקה כל משטח ללא צורך בשטיפה 750 מל,מיליליטרים,750.00,"100 מ""ל",false,1,13.90,0.0185,true,1,281752
7290000293073,false,מרכך כביסה מקסימה בי,"סנו מפעלי ברונוס בע""",IL,מקסימה מרכך כביסה ביו 4 ליטר,ליטרים,4.00,ליטר,false,1,22.90,5.7250,true,1,281754
7290000293561,false,סנו מסיר עובש,"סנו מפעלי ברונוס בע""",IL,סנו מסיר עובש,מיליליטרים,750.00,"100 מ""ל",false,1,19.90,0.0265,true,1,362480
7290000293943,false,מסיר אבנית אנטיקאלק,סנו מפעלי ברונוס בעמ,IL,אנטי קאלק מסיר אבנית וחלודה לשימוש כללי 1 ליטר,ליטרים,1.00,ליטר,false,1,17.90,17.9000,true,1,281758
7290000294780,false,אקונומיקה סנו JAVEL,"סנו מפעלי ברונוס בע""",IL,סנו Javel אקונומיקה סמיכה מבושמת בריח לימון 4 ליטר,ליטרים,4.00,ליטר,false,1,16.90,4.2250,true,1,281763
7290000295503,false,שקיות אוכל 19*25 סנו,הורביץ סחר,CN,סנו סושי -  שקיות אוכל 2*150,לא מנהל יחידת מידה,0.00,לא מנהל יחידת מידה,false,1,14.90,0.0000,true,1,281772
7290000295541,false,רב מגבת גמבו,סנו מפעלי ברונוס בעמ,IL,"סנו סושי, רב מגבת ג'מבו, 398 גרם",מטרים,2100.00,מטר,false,1,17.90,0.0085,true,1,362485
7290000295558,false,רדיד אלומיניום זוג 1,סנו סושי,TR,"רדיד אלומיניום זוג 15 מ רוחב 30 ס""מ",מטרים,1500.00,מטר,false,1,12.90,0.0086,true,1,287346
7290000295794,false,ספוגיות מתכת,,,ספוגיות מתכת,יחידה,1.00,יחידה,false,1,11.90,11.9000,true,1,432192
7290000300900,false,שניצל תירס טבעול 750,טבעול,IL,טבעול שניצל תירס 8*750גרם-חדש,גרמים,750.00,100 גרם,false,1,27.90,0.0372,true,1,281803
7290000305882,false,דגים ברוטב עגבניות פ,סטארקיסט פודור בעמ,TR,קוליאס 120 גרם בדצ עדה חרדית,גרמים,120.00,100 גרם,false,1,5.90,0.0492,true,1,281936
7290000311203,false,ופלים מן בטעם שוקולד,תות ממתקי איכות,IL,ופלים מן בטעם שוקולד 200 גרם,גרמים,200.00,100 גרם,false,1,5.50,0.0275,true,1,281955
7290000311869,false,ופל מן ללא סוכר 180,תות ממתקי איכות,IL,ופל מן ללא סוכר 180 גרם,גרמים,180.00,100 גרם,false,1,9.90,0.0550,true,1,307457
7290000311890,false,וופל מן ללא סוכר לימ,"רוקחמן בע""מ",IL,וופל מן ללא סוכר לימון 180גרם,גרמים,180.00,100 גרם,false,1,9.90,0.0550,true,1,435611
7290000313160,false,עוגיות ביסקוויט זהבה,הגביע מוצרי וופלים ב,IL,עוגיות ביסקוויט זהבה ו 3 הדובים 250 גרם,גרמים,250.00,100 גרם,false,1,9.70,0.0388,true,1,287347
7290000313290,false,נודלס אטריות מסולסלת,תאי פרזידנט פוד בנגק,TH,אסם נודלס אטריות מסולסלות 12*200גרם,גרמים,200.00,100 גרם,false,1,10.90,0.0545,true,1,281980
7290000315126,false,ציר עוף קנור 300 גרם,יוניליוור ישראל מזון,IL,קנור ציר עוף 300 גרם,גרמים,300.00,100 גרם,false,1,30.60,0.1020,true,1,290732
7290000315133,false,ציר בקר קנור 300 גרם,יוניליוור ישראל מזון,IL,קנור ציר בקר 300 גרם,גרמים,300.00,100 גרם,false,1,30.60,0.1020,true,1,290733
7290000318127,false,נקניקיות ביס 380 גרם,פ.פ.ח. שאביט,IL,יחיעם נקניקיות ביס 380 גרם,גרמים,380.00,100 גרם,false,1,12.90,0.0339,true,1,281998
7290000318479,false,פרושוטו עגל   100 גר,תאי פרזידנט פוד פאבל,IL,"יחיעם, פרושוטו , 100 גרם",גרמים,100.00,100 גרם,false,1,25.90,0.2590,true,1,289341
7290000318677,false,סלמי סרוולט 150 גרם,פ.פ.ח. שאביט,IL,סלמי סרוולט,גרמים,150.00,100 גרם,false,1,25.90,0.1727,true,1,292811
7290000318943,false,פסטרמה של פעם,תאי פרזידנט פוד פאבל,IL,"יחיעם, פסטרמה של פעם, 200 גרם",גרמים,200.00,100 גרם,false,1,24.90,0.1245,true,1,292812
7290000319063,false,כתף בקר מעושן בציפוי,פ.פ.ח. שאביט,IL,כתף בקר מפולפל 150 גרם,גרמים,150.00,100 גרם,false,1,25.90,0.1727,true,1,339357
7290000319131,false,נקניקיות עוף,פ.פ.ח. שאביט,IL,נקניקיות עוף 400 גר יחיעם,גרמים,400.00,100 גרם,false,1,11.90,0.0298,true,1,282037
7290000319520,false,סלמי צרפתי,פ.פ.ח. שאביט,IL,סלמי צרפתי 100 גרם יחיעם,גרמים,100.00,100 גרם,false,1,22.90,0.2290,true,1,289342
7290000319803,false,קבנוס קלאסי 125 גרם,תאי פרזידנט פוד פאבל,IL,"יחיעם, קבנוס קלאסי 125 גרם",גרמים,125.00,100 גרם,false,1,12.90,0.1032,true,1,318145
7290000319834,false,קבנוס פפרוני קלאסי 1,תאי פרזידנט פוד פאבל,IL,"יחיעם, קבנוס פפרוני , 125 גרם",גרמים,125.00,100 גרם,false,1,12.90,0.1032,true,1,317995
7290000327020,false,פפסי פחית צרה 330 שי,פפסיקו ניורק,IL,פפסי פחית צרה 330 שישייה,ליטרים,1.98,ליטר,false,6,22.90,11.5657,true,1,429945
7290000327037,false,מירינדה פחית צרה 330,פפסיקו ניורק,IL,מירינדה פחית צרה 330 שישייה,ליטרים,1.98,ליטר,false,6,22.90,11.5657,true,1,429944
7290000327044,false,סבן אפ פחית צרה 330,פפסיקו ניורק,IL,סבן אפ פחית צרה 330 שיישיה,ליטרים,1.98,ליטר,false,6,22.90,11.5657,true,1,429946
7290000334684,false,טבעות בצל תפוגן 700,"תעשיות תפוגן בע""מ",IL,תפוגן טבעות בצל 10*700גרם,גרמים,700.00,100 גרם,false,1,18.90,0.0270,true,1,282106
7290000339566,false,מרכך כביסה בדין ורוד,יוניליור ישראל טיפוח,IL,מרכך כביסה בדין ורוד,ליטרים,4.00,ליטר,false,1,24.90,6.2250,true,1,282130
7290000342856,false,מרכך כביסה בדין כחול,יוניליור ישראל טיפוח,IL,מרכך כביסה בדין כחול,ליטרים,4.00,ליטר,false,1,24.90,6.2250,true,1,282150
7290000345147,false,תה ארל גריי,תה ויסוצקי,IL,ארל גריי פח 200גרם,גרמים,200.00,100 גרם,false,1,37.90,0.1895,true,1,362742
7290000345215,false,תה קלאסיק כחול 1 גרם,תה ויסוצקי,IL,100/1כחול C2000,גרמים,100.00,100 גרם,false,1,22.90,0.2290,true,1,282173
7290000345284,false,תה קלאסיק  100שקיקים,תה ויסוצקי,IL,100/1.5במעטפה,יחידה,1.00,יחידה,false,1,17.90,17.9000,true,1,282176
7290000345291,false,תה ארל גריי 1.5 גרם,ויסוצקי,IL,ארל גריי TEAR TAPE - 25,גרמים,38.00,100 גרם,false,1,17.70,0.4658,true,1,282177
7290000345307,false,תה ארל גריי 1.5 גרם,תה ויסוצקי,IL,50/1.5א.ג - TEAR TAPE,גרמים,75.00,100 גרם,false,1,29.90,0.3987,true,1,282178
7290000345536,false,תה נענע ויסוצקי  25,תה ויסוצקי,IL,תה נענע,גרמים,37.00,100 גרם,false,1,18.90,0.5108,true,1,282179
7290000346120,false,חליטת תה צמחים קינמו,ויסוצקי,IL,קסם הקינמון-הגן הקסום,גרמים,62.00,100 גרם,false,1,19.90,0.3210,true,1,282189
7290000346144,false,חליטת עינוגי התפוח,ויסוצקי,IL,"עינוגי התפוח-""הגן הקסום """,גרמים,67.00,100 גרם,false,1,19.90,0.2970,true,1,362749
7290000346168,false,חליטת שומר גן הקסום,ויסוצקי,IL,חליטת שומר - הגן הקסום,גרמים,37.00,100 גרם,false,1,19.90,0.5378,true,1,368368
7290000346199,false,חליטת תה צמחים פירות,ויסוצקי,IL,"פירות היער-""הגן הקסום """,גרמים,67.00,100 גרם,false,1,19.90,0.2970,true,1,282193
7290000346205,false,חליטת תה צמחים קמומי,ויסוצקי,IL,"קמומיל-""הגן הקסוםC24 ?",גרמים,37.00,100 גרם,false,1,19.90,0.5378,true,1,282194
7290000346212,false,חליטת צמחים מנטה,ויסוצקי,IL,"מנטה-""הגן הקסום """,גרמים,50.00,100 גרם,false,1,19.90,0.3980,true,1,362751
7290000346236,false,חליטת צמחים לואיזה,ויסוצקי,IL,"לואיזה (ורבנה)""גן-קסום """,גרמים,50.00,100 גרם,false,1,19.90,0.3980,true,1,431098
7290000346960,false,תה נענע,בית ויסוצקי,IL,"ויסוצקי תה נענע , אריזה משפחתית 85 גרם",גרמים,75.00,100 גרם,false,1,31.90,0.4253,true,1,362756
7290000347738,false,תה ירוק נענע 25 שקיק,ויסוצקי,IL,תה ירוק עם נענע T.T,גרמים,37.00,100 גרם,false,1,25.90,0.7000,true,1,282201
7290000347752,false,תה ירוק לימונית ולוא,ויסוצקי,IL,תה ירוק עם לימונית/לואיזה T.T,גרמים,37.00,100 גרם,false,1,25.90,0.7000,true,1,282203
7290000364261,false,דקניקים סלסולי כתף ב,טיב טירת צבי 2000,IL,"טירת צבי, סלסולי פסטרמה כתף בקר מעושנת 120 גרם",גרמים,120.00,100 גרם,false,1,15.90,0.1325,true,1,298805
7290000364278,false,דקניקים סלסולי סלמי,טיב טירת צבי 2000,IL,"דקניקים, סלסולי סלמי אטלקי 120 גרם",גרמים,120.00,100 גרם,false,1,15.90,0.1325,true,1,298806
7290000364285,false,דקניקים סלסולי פסטרמ,הנסיך- מפעל לייצור ט,IL,דקניקים סלסולי פסטרמה הודו 120 גרם,גרמים,120.00,100 גרם,false,1,15.90,0.1325,true,1,298807
7290000364759,false,נקניקיות קרנץ הודו,הנסיך- מפעל לייצור ט,IL,נקניקיות וינר 500 גרם,גרמים,500.00,100 גרם,false,1,19.50,0.0390,true,1,430585
7290000364803,false,נקניקיות אמריקאיות,הנסיך- מפעל לייצור ט,IL,"טירת צבי, נקניקיות בקר בסגנון אמריקאי, 500 גרם",גרמים,500.00,100 גרם,false,1,29.90,0.0598,true,1,282290
7290000364810,false,נקניקיות עגל    500,הנסיך- מפעל לייצור ט,IL,נקניקיות עגל 500 גרם,גרמים,500.00,100 גרם,false,1,31.60,0.0632,true,1,367031
7290000364858,false,נקניקיות עוף       .,הנסיך- מפעל לייצור ט,IL,"טירת צבי - נקניקיות עוף 1 ק""ג",קילוגרמים,1.00,"ק""ג",false,1,28.90,28.9000,true,1,282302
7290000364872,false,נקניקיות עוף 400 גרם,טיב טירת צבי 2000,IL,נקניקיות עוף 400 גרם,גרמים,400.00,100 גרם,false,1,13.90,0.0348,true,1,282303
7290000364957,false,נקניקיות מיני מיני 7,הנסיך- מפעל לייצור ט,IL,נקניקיות מיני מיני 700 ג,גרמים,700.00,100 גרם,false,1,28.90,0.0413,true,1,430586
7290000367590,false,צמד כפרי פסטרמה סלמי,טיב טירת צבי 2000,IL,צמד כפרי פסטרמה סלמי טירת צבי 800 גרם,גרמים,800.00,100 גרם,false,1,30.90,0.0386,true,1,282318
7290000369037,false,סלט קוביות בולגרית 2,מחלבות ניצן,IL,סלט קוביות בולגרית 200 גרם,גרמים,200.00,100 גרם,false,1,17.90,0.0895,true,1,291781
7290000369341,false,לבנה אבו גוש ירוק,יושלם,,"לבנה אבו גוש ירוק 1 ק""ג",קילוגרמים,1.00,"ק""ג",true,,49.00,49.0000,true,1,371339
7290000369617,false,כדורי גבינת פטה,"ניצן מותגי מזון בע""מ",,כדורי גבינת פטה בשמן 150 גרם,גרמים,150.00,100 גרם,false,1,19.70,0.1313,true,1,291727
7290000369709,false,חמאה מתובלת 100 גרם,"ניצן מותגי מזון בע""מ",,חמאה מתובלת 100 גרם,גרמים,100.00,100 גרם,false,1,13.40,0.1340,true,1,291715
7290000377209,false,בוטנים מטוגנים קליית,"ג'י אנד ג'י  בע""מ",IL,בוטנים מטוגנים קליית גת 200 גרם,גרמים,200.00,100 גרם,false,1,7.90,0.0395,true,1,286911
7290000377445,false,"חטיפי נשצ""אנס קליית",J&G PECANS,IL,נש צ'אנס 200 גר' ב 12,גרמים,200.00,100 גרם,false,1,8.90,0.0445,true,1,286912
7290000377452,false,גרעיני אבטיח קליית ג,קוד יצרן SON,IL,גרעיני אבטיח שק'200 גר',גרמים,200.00,100 גרם,false,1,11.50,0.0575,true,1,285228
7290000377612,false,מיץ תפוזים סחוט פריג,גת גבעת חיים,IL,פריגת סחוט תפוזים קלאסי,מיליליטרים,400.00,"100 מ""ל",false,1,9.50,0.0238,true,1,282337
7290000408316,false,יוגורט דנונה 3% 200,"שטראוס בריאות בע""מ",IL,דנונה ביו  3% 200 גרם,גרמים,200.00,100 גרם,false,1,3.70,0.0185,true,1,282567
7290000408354,false,דנונה בר דגנים שוקול,"שטראוס בריאות בע""מ",IL,בר דנונה פצפוצים,גרמים,175.00,100 גרם,false,1,4.80,0.0274,true,1,282568
7290000412481,false,מנקה אסלות 00 סנו 1,סנו מפעלי ברונוס בעמ,IL,סנו 00 מנקה אסלות 1 ליטר,ליטרים,1.00,ליטר,false,1,8.90,8.9000,true,1,282613
7290000416021,false,ממרח שוקולד השחר 500,השחר העולה,IL,ממרח השחר העולה חלבי 500 גרם,גרמים,500.00,100 גרם,false,1,13.90,0.0278,true,1,282686
7290000416045,false,ממרח שוקולד השחר דלי,השחר העולה,IL,ממרח השחר העולה 1 חלבי 1 קג,קילוגרמים,1.00,"ק""ג",false,1,25.90,25.9000,true,1,364840
7290000416618,false,ממרח שוקולד השחר 400,השחר העולה בעמ,IL,ממרח שוקולד השחר 400 גרם,גרמים,400.00,100 גרם,false,1,13.50,0.0338,true,1,282689
7290000419893,false,קפה לנדוור טחון לבוק,קפה לנדוור בע''מ,IL,לנדוור לבוקר טחון טורקי 100גרם,גרמים,100.00,100 גרם,false,1,8.90,0.0890,true,1,294655
7290000419909,false,קפה לנדוור בטעם אספר,קפה לנדוור בע''מ,IL,לנדוור חזק קפה טחון טורקי 100גרם,גרמים,100.00,100 גרם,false,1,8.90,0.0890,true,1,294656
7290000420325,false,פופקורן פופ סטאר טעם,Preston farms,US,"פופסטאר פופקורן למקירוגל בטעם טבעי 5 שקיות,500 גרם",גרמים,500.00,100 גרם,false,1,13.90,0.0278,true,1,282718
7290000420332,false,פופקורן פופ סטאר חמא,Preston farms,US,פופקורן פופ סטאר חמאה 500 גרם,גרמים,500.00,100 גרם,false,1,13.90,0.0278,true,1,282719
7290000430102,false,קוביות קרח בשקית,אייס קיוב,,קוביות קרח בשקית,יחידה,1.00,יחידה,false,1,14.90,14.9000,true,1,286923
7290000453019,false,שמרים טריים לאפייה ש,"פאקא תעשיות בע""מ",IL,שמרית שמרים טריים לאפייה 50 גרם,גרמים,50.00,100 גרם,false,1,4.90,0.0980,true,1,282840
7290000453309,false,בצק פיצה תמי ללג 280,תמי,IL,בצק פיצה תמי ללג 230גרם,גרמים,230.00,100 גרם,false,1,21.90,0.0952,true,1,427610
7290000453316,false,בצק עלים תמי ללג 280,תמי,IL,בצק עלים תמי ללג 280גרם,גרמים,280.00,100 גרם,false,1,21.90,0.0782,true,1,427609
7290000453323,false,קמח תמי עמילן חיטה ל,תמי,IL,קמח תמי עמילן חיטה ללא גלוטן 500 גרם,גרמים,500.00,100 גרם,false,1,18.90,0.0378,true,1,430294
7290000453439,false,בצק פריך מתוקמצונן ו,"פאקא תעשיות בע""מ",FR,בצק פריך מתוקמצונן ומוכן לאפייה- שמרית,גרמים,150.00,100 גרם,false,1,17.90,0.1193,true,1,351392
7290000453798,false,שמרים אקטביים 500 גר,"גי' בי' רכיבים בע""מ",,שמרים אקטביים 500 גרם,גרמים,500.00,100 גרם,false,1,15.90,0.0318,true,1,321587
7290000461625,false,בייגלה שמיניות 400 ג,בייגל את בייגל מזון,IL,בייגלה שמיניות 400 גרם,גרמים,400.00,100 גרם,false,1,11.90,0.0298,true,1,434279
7290000461656,false,בייגלה מקלות מלוחים,בייגל את בייגל מזון,IL,כעכים בצורת מקלות עם מלח בייגל בייגל,גרמים,400.00,100 גרם,false,1,11.90,0.0298,true,1,282874
7290000461700,false,בייגלה גדול גדול 400,בייגל את בייגל מזון,IL,בייגלה גדול גדול 400 גרם,גרמים,400.00,100 גרם,false,1,15.20,0.0380,true,1,282875
7290000461724,false,בייגלה גדול שומשום,אתר בייגל - Food,IL,כעכים גדולים עם שומשום בייגל בייגל -,גרמים,400.00,100 גרם,false,1,15.20,0.0380,true,1,363202
7290000461793,false,בייגלה ארוך ארוך דל,בייגל את בייגל מזון,IL,כעכים בצורת מקלות עם מלח  בייגל בייגל,גרמים,150.00,100 גרם,false,1,7.90,0.0527,true,1,282878
7290000467511,false,ביסלי ברביקיו,אסם,,ביסלי ברביקיו 55 גרם,גרמים,55.00,100 גרם,false,1,4.00,0.0727,true,1,312939
7290000467887,false,ביסלי פיצה,אסם,,ביסלי פיצה 55 גרם,גרמים,55.00,100 גרם,false,1,4.00,0.0727,true,1,312940
7290000468747,false,ביסלי גריל,אסם,,ביסלי גריל 55 גרם,גרמים,55.00,100 גרם,false,1,4.00,0.0727,true,1,312941
7290000468877,false,ביסלי בצל,אסם,,ביסלי בצל 55 גרם,גרמים,55.00,100 גרם,false,1,4.00,0.0727,true,1,312942
7290000474090,false,חלב 1% קרטון פיקוח 1,מילקו תעשיות בעמ,IL,"חלב בקרטון 1%- 1 ליטר בד""צ",ליטרים,1.00,ליטר,false,1,5.86,5.8600,true,1,282932
7290000474373,false,שמנת חמוצה      200,טרה,IL,"שמנת חמוצה  200 מ""ל בד""צ",גרמים,200.00,100 גרם,false,1,2.40,0.0120,true,1,282935
7290000474502,false,גבינה לבנה 5% פיקוח,טרה,IL,"גבינה לבנה 250 גרם 5% בד""צ נועם",גרמים,250.00,100 גרם,false,1,4.98,0.0199,true,1,282937
7290000474540,false,גבינה טוב טעם 3% 250,טרה,IL,"טרה, טוב טעם, גבינה לבנה  3% ,  250 גרם",גרמים,250.00,100 גרם,false,1,10.90,0.0436,true,1,282938
7290000474830,false,גבינה צהובה 28% נועם,מילקו תעשיות בעמ,IL,גבנצ מגורדת 28% 500 ג',גרמים,500.00,100 גרם,false,1,32.90,0.0658,true,1,282940
7290000480107,false,שיבולת שועל קוואקר פ,וולקרס סנקס לימיטד,,שיבולת שועל קוואקר פחית 500 גרם,גרמים,500.00,100 גרם,false,1,15.00,0.0300,true,1,282950
7290000480442,false,שיבולת שועל קוואקר ש,שטראוס גרופ,IL,קוואקר שיבולת שועל שקית 500 גר 16 יח,גרמים,500.00,100 גרם,false,1,12.90,0.0258,true,1,282955
7290000483139,false,מרציפן לבן 100 גרם,"המרשלג פרלינס בע""מ",IL,המרשלג מרציפן  100 גרם טבעוני,גרמים,100.00,100 גרם,false,1,9.90,0.0990,true,1,282972
7290000484747,false,עלית הארק 40% בקבוק,יקבי הגליל יוסף,,"עלית הארק 40% בקבוק 700 מ""ל",מיליליטרים,700.00,"100 מ""ל",false,1,59.90,0.0856,true,1,322330
7290000493176,false,רוטב צלי בשר 22 גרם,"אסם השקעות בע""מ",IL,רוטב צלי בשר 22 גרם,גרמים,22.00,100 גרם,false,1,4.50,0.2045,true,1,283008
7290000493183,false,רוטב פטריות לבשר 30,"אסם השקעות בע""מ",IL,אסם אבקת רוטב פטריות 3 12*30גרם,גרמים,30.00,100 גרם,false,1,4.90,0.1633,true,1,283009
7290000497044,false,לחם ברמן אקטיב 750 ג,יוליניבר,IL,לחם ברמן אקטיב 750 גרם,גרמים,750.00,100 גרם,false,1,15.90,0.0212,true,1,312092
7290000497198,false,ברמן אסלי 10 פיתות 1,מאפיות ברמן,IL,ברמן אסלי 10 פיתות 1קג,קילוגרמים,1.00,"ק""ג",false,1,11.90,11.9000,true,1,433711
7290000497204,false,פיתה 1/5 בדצ       .,יוליניבר,IL,פיתות,גרמים,500.00,100 גרם,false,1,7.90,0.0158,true,1,430782
7290000497228,false,לחמניות רגילות  1/6,יוליניבר,IL,ברמן 6 לחמניות 450 גרם,גרמים,450.00,100 גרם,false,1,10.90,0.0242,true,1,430632
7290000497358,false,חלומית ארוזה ברמן 50,מאפיות ברמן,IL,חלומית ארוזה ברמן 500גרם,גרמים,500.00,100 גרם,false,1,14.90,0.0298,true,1,433704
7290000504278,false,ממתיק סוכרזית פטנט 7,ביסקול בע''מ,IL,ממתיק סוכרזית פטנט 700 טבליות,גרמים,57.00,100 גרם,false,1,17.90,0.3140,true,1,283119
7290000518169,false,ממתיק מתוק וקל בקבוק,פתח תקווה,IL,טבליות ממתיק על בסיס סכרין 1000 יח' 80 גר,יחידה,1.00,יחידה,false,1,7.90,7.9000,true,1,283163
7290000518190,false,ממתיק סטיביה מתוק וק,מתוק וקל,,מתוק וקל סטיביה 100 שקיות,יחידה,1.00,יחידה,false,1,24.90,24.9000,true,1,326220
7290000518220,false,סוכרה דיאט 100 שקיות,פתח תקווה,IL,סוכרה להמתקה לבישול ואפייה 100 יח,גרמים,100.00,100 גרם,false,1,28.90,0.2890,true,1,326221
7290000518237,false,סוכרה דיאט  100גרם,מתוק וקל בעמ,IL,סוכרה דיאט  100גרם,גרמים,100.00,100 גרם,false,1,23.90,0.2390,true,1,423009
7290000518251,false,מתוקוקל זהב 100 שק .,פתח תקווה,IL,ממתיק על בסיס אספרטיים 100 יח,יחידה,1.00,יחידה,false,1,16.90,16.9000,true,1,363389
7290000518336,false,מוש  צמר גפן מתוק מס,מתוק וקל בעמ,IL,מוש  צמר גפן מתוק מסיבים תזונתיים 10 גרם,גרמים,10.00,100 גרם,false,1,4.90,0.4900,true,1,435643
7290000518398,false,סוכרה דיאט טיפות 150,פתח תקווה,IL,סוכרה דיאט ממתיק נוזלי 150 מל,מיליליטרים,150.00,"100 מ""ל",false,1,23.90,0.1593,true,1,351564
7290000521404,false,יין מרום גליל קברנה,כרמי צבי אחים סגל בע,IL,סגל מרום גליל קברנה סוביניון 750 מל,מיליליטרים,750.00,"100 מ""ל",false,1,44.90,0.0599,true,1,301663
7290000521411,false,יין מרום גליל מרלו 7,כרמי צבי אחים סגל בע,IL,"סגל, מרום  גליל, מרלו  750 מל",מיליליטרים,750.00,"100 מ""ל",false,1,44.90,0.0599,true,1,301664
7290000521428,false,יין מרום גליל שרדונה,כרמי צבי-אחים סגל בע,IL,מרום גליל שרדונה 750 מ- 12 בקבוקים,מיליליטרים,750.00,"100 מ""ל",false,1,44.90,0.0599,true,1,301665
7290000523125,false,מלח ים יבש 250 גרם,חברת מלח הארץ אילת ב,IL,מלח ים אדום דק 250 גרם,גרמים,250.00,100 גרם,false,1,5.90,0.0236,true,1,283222
7290000523224,false,מלח ים יבש 500 גרם,חברת מלח הארץ אילת ב,IL,מלח ים אדום דק 500 גרם,גרמים,500.00,100 גרם,false,1,7.90,0.0158,true,1,283223
7290000523804,false,מלח הים האדום דק בצנ,חברת מלח הארץ אילת ב,IL,מלח הים האדום עדין צנצנת 1 קג,קילוגרמים,1.00,"ק""ג",false,1,7.20,7.2000,true,1,294699
7290000523811,false,מלח הים האדום גס בצנ,חברת מלח הארץ אילת ב,IL,מלח גס בצנצנת 1 קג,קילוגרמים,1.00,"ק""ג",false,1,7.20,7.2000,true,1,372862
7290000525969,false,מיץ תפוזים סחוט פרימ,גניר,IL,פרימור מיץ תפוזים 1 ליטר,ליטרים,1.00,ליטר,false,1,16.00,16.0000,true,1,283231
7290000537566,false,נקניקיות עוף זגלובק,זוגלובק,IL,זוגלובק נקניקיות עוף 400 גרם,גרמים,400.00,100 גרם,false,1,15.90,0.0398,true,1,283297
7290000538709,false,תה מעושן,זוגלובק,IL,זוגלובק סלמי תה מעושן 200 גרם,Unknown,0.00,Unknown,false,1,11.50,0.0000,true,1,295531
7290000552118,false,נקניקיות מרגז גריל 4,טיבון ויל אחזקות בעמ,IL,טיבון ויל נקניקיות מרגז 400 גרם,גרמים,400.00,100 גרם,false,1,23.80,0.0595,true,1,283418
7290000552194,false,קישקע 500 גרם,טיבון ויל אחזקות בעמ,IL,טיבון ויל קישקע קפוא 500 גרם,גרמים,500.00,100 גרם,false,1,16.90,0.0338,true,1,283421
7290000554006,false,גבינה קשקבלו משולשים,מחלבות גד,,גבינה קשקבלו משולשים 26% במשקל גד,קילוגרמים,1.00,"ק""ג",true,,129.00,129.0000,true,1,283427
7290000554402,false,מלבי מעדן חלב גד 170,"מיוצר ע""י קוד יצרן E",IL,מלבי מעדן חלב גד 170 גרם,גרמים,170.00,100 גרם,false,1,5.90,0.0347,true,1,283443
7290000554457,false,גבינה צפתית 5% מיני,"מחלבות גד בע""מ",IL,גד צפתית גבינה מלוחה במליחות עדינה 5% 350 גרם,גרמים,350.00,100 גרם,false,1,21.90,0.0626,true,1,283444
7290000554471,false,גבינת מוצרלה 22% צמה,"מחלבות גד בע""מ",IL,גבינת מוצרלה 22% צמה 180 גרם,גרמים,180.00,100 גרם,false,1,17.90,0.0994,true,1,283445
7290000554532,false,גבינה צפתית 5% מעודנ,"מחלבות גד בע""מ",IL,גד צפתית מעודנת 5% שומן,גרמים,200.00,100 גרם,false,1,14.90,0.0745,true,1,295767
7290000554600,false,גבינת מוצרלה מגורדת,מחלבות גד בעמ,IL,גד מוצרלה מגורדת מחלב בקר 22% 300 גרם,גרמים,300.00,100 גרם,false,1,24.90,0.0830,true,1,283448
7290000554624,false,מעדן חלב 3% עם אורז,"מיוצר ע""י קוד יצרן E",IL,"ירח מתוק ,מעדן חלב עם אורז 3% , 150 גרם",גרמים,150.00,100 גרם,false,1,5.60,0.0373,true,1,283449
7290000554655,false,מוצרלה מעושנת,יושלם,,"מוצרלה מעושנת לק""ג גד",קילוגרמים,1.00,"ק""ג",true,,87.00,87.0000,true,1,387598
7290000554686,false,גבינת לאבנה 5% בשמן,מחלבות גד בעמ,IL,גד לאבנה בתוספת שמן זית וזעתר 5%,גרמים,250.00,100 גרם,false,1,15.90,0.0636,true,1,283451
7290000554754,false,גבינה מוצרלה כדורקטן,יושלם,,גבינה מוצרלה כדור קטן במשקל גד,קילוגרמים,1.00,"ק""ג",true,,97.00,97.0000,true,1,363589
7290000554792,false,גבינה בולגרית    5%,יושלם,,בולגרית 5% במשקל פח                    X,קילוגרמים,1.00,"ק""ג",true,,59.00,59.0000,true,1,363590
7290000554815,false,גבינה מוצרלה נקניק,יושלם,,גב.מוצרלה נקניק צמה גד לקג,קילוגרמים,1.00,"ק""ג",true,,79.00,79.0000,true,1,363591
7290000554822,false,גבינה ריקוטה גד 250,מחלבות גד בעמ,IL,גבינה ריקוטה גד 250 גרם,גרמים,250.00,100 גרם,false,1,14.90,0.0596,true,1,283456
7290000554839,false,גבינה מוקצפת מסקרפונ,מחלבות גד בעמ,IL,גבינה מוקצפת מסקרפונה 250 גרם גד,גרמים,250.00,100 גרם,false,1,21.90,0.0876,true,1,283457
7290000554891,false,גבינה בולגרית   16%,יושלם,,בולגרית16%במשקל פח                     X,קילוגרמים,1.00,"ק""ג",true,,59.00,59.0000,true,1,363592
7290000554969,false,גבינת שמנת גד 30% לק,יושלם,,גבינת שמנת גד 30% לקג,קילוגרמים,1.00,"ק""ג",true,,45.00,45.0000,true,1,363597
7290000554976,false,גבינה שמנה זיתים30%,יושלם,,גבינה שמנת זיתים במשקל              30%,קילוגרמים,1.00,"ק""ג",true,,45.00,45.0000,true,1,363598
7290000571232,false,גבינה גאודה פרוס 150,גבינות משק אחים מאיר,IL,גבינה גאודה פרוס המחלבה 150 גרם,גרמים,150.00,100 גרם,false,1,24.90,0.1660,true,1,287114
7290000571386,false,יוגורט יוגורמה מחלב,קריניציה ויטמינה אס,IL,יוגורט יוגורמה מחלב כבשים 850גרם המחלבה,גרמים,850.00,100 גרם,false,1,27.90,0.0328,true,1,283538
7290000571393,false,יוגורט יוגורמה מחלב,גבינות משק אחים מאיר,IL,המחלבה יוגורמה יוגורט מחלב כבשים 5% 140 גרם,גרמים,140.00,100 גרם,false,1,6.50,0.0464,true,1,283539
7290000571478,false,גבינה עיזים תום פרוס,גבינות משק אחים מאיר,IL,גאודה-תום פרוסה 200 גרם,גרמים,150.00,100 גרם,false,1,37.90,0.2527,true,1,298948
7290000572208,false,חלבה אחוה 100 גרם,"אחדות ביח""ר לטחינה",IL,אחוה חלוה בטעם וניל 100 גרם,גרמים,100.00,100 גרם,false,1,2.90,0.0290,true,1,283541
7290000572222,false,חלבה בלוק,שוורצקוף& הנקל דיסלד,IL,אחווה חלוה בטעם וניל 500 גרם,גרמים,500.00,100 גרם,false,1,12.90,0.0258,true,1,430003
7290000572536,false,חלבה אחוה וניל במגש,אף.סי תבליני בגליל ב,IL,אחוה חלוה בטעם וניל 400 גרם,גרמים,400.00,100 גרם,false,1,13.90,0.0348,true,1,292149
7290000644783,false,נתחי פילה סלמון בואק,X MAK,,"נתחי פילה סלמון בואקום לק""ג",קילוגרמים,1.00,"ק""ג",true,,105.00,105.0000,true,1,299619
7290000646299,false,פילה נסיכת הנילוס קפ,,ZA,פילה נסיכת הנילוס קפוא 100% דג לקג,קילוגרמים,1.00,"ק""ג",true,1,60.00,60.0000,true,1,433103
7290000655376,false,פילה דניס קפוא 100%,,TR,פילה דניס קפוא 100% דג,קילוגרמים,1.00,"ק""ג",true,,89.00,89.0000,true,1,325864
7290000663036,false,פילה אמנון ללא עור 1,תנובה,IL,"פילה אמנון ללא עור 100% דג   לק""ג",קילוגרמים,1.00,"ק""ג",true,,38.00,38.0000,true,1,359775
7290000663104,false,שווארמה פרגית  300 ג,תנובה,IL,שווארמה פרגית  300 גרם,גרמים,300.00,100 גרם,false,1,37.90,0.1263,true,1,359690
7290000663128,false,רצועות ריב אנטריקוט,תנובה,IL,רצועות ריב אנטריקוט תיבול עדין 300 גרם,גרמים,300.00,100 גרם,false,1,37.90,0.1263,true,1,426737
7290000663135,false,קוביות סלמון קפוא  1,תנובה,IL,קוביות סלמון קפוא  100% דג 300גרם,גרמים,300.00,100 גרם,false,1,36.00,0.1200,true,1,427642
7290000688077,false,מים מי עדן פקק רגיל,מופק ממקור בזלתי עדן,IL,מים מינרליים מי עדן פקק רגיל 0.5 ל',מיליליטרים,500.00,"100 מ""ל",false,1,3.90,0.0078,true,1,292545
7290000688084,false,מי עדן בקבוק ספורט 5,מופק ממקור בזלתי עדן,IL,"מי עדן בקבוק ספורט 500 מ""ל",מיליליטרים,500.00,"100 מ""ל",false,1,3.90,0.0078,true,1,284103
7290000688176,false,מים מינרלים בודד,מופק ממקור בזלתי עדן,IL,מי עדן250 מל .בודד,מיליליטרים,250.00,"100 מ""ל",false,1,3.00,0.0120,true,1,364061
7290000688381,false,מי עדן בקבוק אישי שי,"מי עדן בע""מ",,"מי עדן בקבוק אישי שישייה  500 מ""ל",ליטרים,3.00,ליטר,false,1,12.90,4.3000,true,1,284107
7290000688466,false,מי עדן GYM בקבוק ספו,מופק ממקור בזלתי עדן,IL,"מי עדן GYM בקבוק ספורט 750 מ""ל",מיליליטרים,750.00,"100 מ""ל",false,1,5.20,0.0069,true,1,284108
7290000692227,false,סבון כלים פלמוליב 1,קולגייט פלמוליב,GR,פלמוליב נוזל לניקוי כלים קלאסי 1 ליטר,ליטרים,1.00,ליטר,false,1,13.90,13.9000,true,1,284115
7290000909370,false,גרוויר שוייצרי,פרומאגי גרוייר שוויץ,,גרוויר שוייצרי,קילוגרמים,1.00,"ק""ג",true,,188.00,188.0000,true,1,400049
7290000982113,false,עגבניה טעם,חקלאי,IL,עגבניה טעם,קילוגרמים,1.00,"ק""ג",true,,14.60,14.6000,true,1,361442
7290000993461,false,שרי צהוב,חקלאי,IL,שרי צהוב,גרמים,450.00,100 גרם,false,1,9.90,0.0220,true,1,406130
7290001019047,false,סינטה פרוס לה דליקטס,לה דליקטס ארט,IL,סינטה פרוס לה דליקטס 100 גרם,גרמים,100.00,100 גרם,false,1,37.90,0.3790,true,1,361101
7290001019061,false,רוסטביף פרוס לה דליק,לה דליקטס ארט,IL,רוסטביף פרוס לה דליקטס 150 גרם,גרמים,150.00,100 גרם,false,1,34.90,0.2327,true,1,361103
7290001019078,false,סלמי קרקובר לה דליקס,לה דליקטס ארט,IL,סלמי קרקובר לה דליקסט  150 גרם,גרמים,150.00,100 גרם,false,1,26.90,0.1793,true,1,361105
7290001019801,false,פסטרמה איטלקית לה דל,לה דליקטס ארט,IL,פסטרמה איטלקית לה דליקטס 150 גרם,גרמים,150.00,100 גרם,false,1,26.90,0.1793,true,1,427686
7290001019832,false,קורנדביף אמריקאי  לה,,,קורנדביף אמריקאי  לה דליקטס  120גרם,גרמים,120.00,100 גרם,false,1,36.90,0.3075,true,1,435497
7290001019894,false,פסטרמי לה דליקטס  12,לה דליקטס ארט,IL,פסטרמי לה דליקטס  120 גרם,גרמים,120.00,100 גרם,false,1,26.90,0.2242,true,1,427687
7290001019917,false,אנטריקוט פרוס לה דלי,לה דליקטס ארט,IL,אנטריקוט פרוס לה דליקטס 100 גרם,גרמים,100.00,100 גרם,false,1,37.90,0.3790,true,1,435836
7290001019924,false,נקניק צרפתי לה דליקט,לה דליקטס ארט,IL,נקניק צרפתי לה דליקטס 100 גרם,גרמים,100.00,100 גרם,false,1,37.90,0.3790,true,1,361097
7290001019955,false,נקניק רוזט לה  דליקט,לה דליקטס ארט,IL,נקניק רוזט לה  דליקטס 100 גרם,גרמים,100.00,100 גרם,false,1,37.90,0.3790,true,1,361445
7290001045169,false,מיץ תפוחים צלול פרימ,גניר,IL,פרימור מיץ תפוחים 100% 1 ליטר,ליטרים,1.00,ליטר,false,1,16.00,16.0000,true,1,285869
7290001121238,false,קורנדביף,יחיעם,IL,יחיעם קורנד ביף 180 גרם,גרמים,180.00,100 גרם,false,1,25.90,0.1439,true,1,297734
7290001121849,false,פסטרמה ברביקיו  יחיע,פ.פ.ח. שאביט,IL,פסטרמה ברביקיו  יחיעם 100% חומרים טבעיים,גרמים,250.00,100 גרם,false,1,25.90,0.1036,true,1,312789
7290001121979,false,סלמי הרץ 150 גרם,תאי פרזידנט פוד פאבל,IL,"יחיעם, סלמי הרץ, 150 גרם",גרמים,150.00,100 גרם,false,1,25.90,0.1727,true,1,304899
7290001201589,false,ביצים ארוזות      L,,,ביצים ארוזות12 יח                     L,לא מנהל יחידת מידה,0.00,לא מנהל יחידת מידה,false,1,12.05,0.0000,true,1,372906
7290001201596,false,ביצים ארוזות12 יח M,,,ביצים ארוזות12 יח                     M,לא מנהל יחידת מידה,0.00,לא מנהל יחידת מידה,false,1,11.15,0.0000,true,1,430302
7290001201824,false,אורגני L/12  ביצים,,,אורגני L/12  ביצים,יחידה,12.00,יחידה,false,1,20.90,1.7417,true,1,430306
7290001201855,false,אומגה L/12 ביצים,,,אומגה L/12 ביצים,לא מנהל יחידת מידה,0.00,לא מנהל יחידת מידה,false,1,18.90,0.0000,true,1,430308
7290001201862,false,חופש 12/L ביצים,,,חופש 12/L ביצים,לא מנהל יחידת מידה,0.00,לא מנהל יחידת מידה,false,1,19.90,0.0000,true,1,430307
7290001216040,false,טחינת אל ארז 500 גרם,דולפין ספא,IL,טחינת אל ארז 500 גרם,גרמים,500.00,100 גרם,false,1,16.90,0.0338,true,1,288020
7290001216231,false,טחינה מלאה אל ארז 50,דולפין ספא,IL,טחינה מלאה אל ארז 500 גרם,גרמים,500.00,100 גרם,false,1,17.90,0.0358,true,1,297615
7290001230331,false,סיגריות כאמל בוקס חפ,JTI,,סיגריות כאמל בוקס חפיסה בודד,יחידה,0.00,יחידה,false,1,32.00,0.0000,false,1,286296
7290001230739,false,סיגריות קאמל כחול,JTI,,סיגריות כאמל כחול חפיסה בודד,יחידה,0.00,יחידה,false,1,32.00,0.0000,false,1,288254
7290001231233,false,סיגריות וינסטון בוקס,JTI,,סיגריות וינסטון בוקס חפיסה בודד,Unknown,0.00,Unknown,false,1,34.30,0.0000,false,1,286280
7290001231932,false,סיגריות וינסטון כחול,JTI,,סיגריות וינסטון כחול בוקס חפיסה בודד,לא מנהל יחידת מידה,0.00,לא מנהל יחידת מידה,false,1,34.30,0.0000,false,1,286281
7290001235938,false,סיגריות וינסטון כחול,JTI,,סיגריות וינסטון כחול 100 חפיסה בודד,לא מנהל יחידת מידה,0.00,לא מנהל יחידת מידה,false,1,34.30,0.0000,false,1,294160
7290001247082,false,נקטר ספרינג עגבניות,"יפאורה תבורי בע""מ",IL,ספרינג קרטוניות עגבניות 1 ל',ליטרים,1.00,ליטר,false,1,8.20,8.2000,true,1,280679
7290001247099,false,נקטר ספרינג מנגו קרט,"יפאורה תבורי בע""מ",IL,ספרינג קרטוניות מנגו 1 ל',ליטרים,1.00,ליטר,false,1,8.60,8.6000,true,1,280680
7290001247129,false,נקטר ספרינג תפוזים ק,"יפאורה תבורי בע""מ",IL,ספרינג קרטוניות תפוזים 1 ל',ליטרים,1.00,ליטר,false,1,8.60,8.6000,true,1,280683
7290001247143,false,נקטר ספרינג תפוחים ק,"יפאורה תבורי בע""מ",IL,ספרינג קרטוניות תפוחים 1 ל',ליטרים,1.00,ליטר,false,1,8.60,8.6000,true,1,280684
7290001258088,false,גבינה קצוטה,גבינות משק יעקבס,,"גבינה קצ""וטה 1 ק""ג",קילוגרמים,1.00,"ק""ג",true,,129.00,129.0000,true,1,366647
7290001258118,false,קממבר טבעי יעקבס לקג,גבינות משק יעקבס,,קממבר טבעי יעקבס לקג,קילוגרמים,1.00,"ק""ג",true,,99.00,99.0000,true,1,366648
7290001258163,false,"גבינה סנט מור 1 ק""ג",משק יעקבס,,"גבינה סנט מור 1 ק""ג יעקבס קטן",קילוגרמים,1.00,"ק""ג",true,,149.00,149.0000,true,1,366729
7290001258170,false,רוקפוא משק יעקבס לקג,גבינות משק יעקבס,,רוקפוא משק יעקבס לקג,קילוגרמים,1.00,"ק""ג",true,,129.00,129.0000,true,1,367730
7290001258217,false,לבנה עזים 1 קג,גבינות משק יעקבס,,לבנה עזים 1 קג,קילוגרמים,1.00,"ק""ג",true,,60.00,60.0000,true,1,366590
7290001258385,false,כדור מוצרלה במים,משק יעקבס,,כדור מוצרלה במים יעקבס לקג,קילוגרמים,1.00,"ק""ג",true,,89.00,89.0000,true,1,401539
7290001258415,false,גבינה רוקפור 180 גרם,גבינות משק יעקבס,IL,רוקפור 180 גרם,גרמים,180.00,100 גרם,false,1,26.90,0.1494,true,1,294332
7290001258446,false,משק יעקבס יוגורט כבש,גבינות משק יעקבס,IL,"משק יעקבס יוגורט כבשים 850 מ""ל",מיליליטרים,850.00,"100 מ""ל",false,1,21.90,0.0258,true,1,297809
7290001258453,false,גבינה קממברט אגוזים,גבינות משק יעקבס,,גבינה קממברט ואגוזים לקג יעקבס,קילוגרמים,1.00,"ק""ג",true,,99.00,99.0000,true,1,374259
7290001258576,false,משק יעקבס גבינה גאוד,גבינות משק יעקבס,IL,גאודה 200 גרם,גרמים,200.00,100 גרם,false,1,23.90,0.1195,true,1,294333
7290001258668,false,גבינה עז מה 250 גרם,גבינות משק יעקבס,IL,עז מה 5% גבינה מחלב עיזים למריחה,גרמים,250.00,100 גרם,false,1,15.80,0.0632,true,1,296891
7290001258682,false,"יוגורט עיזים 500 מ""ל",גבינות משק יעקבס,IL,"יוגורט עיזים 500 מ""ל יעקבס",מיליליטרים,500.00,"100 מ""ל",false,1,14.90,0.0298,true,1,295321
7290001258729,false,לאבנה עיזים יעקובס 2,גבינות משק יעקבס,IL,לאבנה עיזים 250 גרם,גרמים,250.00,100 גרם,false,1,15.90,0.0636,true,1,296890
7290001258804,false,גבינה קשקבל צאן,גבינות משק יעקבס,IL,קשקבל 180 גרם,גרמים,180.00,100 גרם,false,1,23.90,0.1328,true,1,304237
7290001258811,false,כדורי מוצרלה בייבי,משק יעקבס,,כדורי מוצרלה בייבי לקג יעקבס,קילוגרמים,1.00,"ק""ג",true,,89.00,89.0000,true,1,382907
7290001258958,false,גבינה מוצרלה מגורדת,גבינות משק יעקבס,IL,מוצרלה מגורדת 200 גרם,גרמים,200.00,100 גרם,false,1,24.90,0.1245,true,1,314667
7290001258989,false,קממבר בקר בייבי,משק יעקבס,,קממבר בקר בייבי,קילוגרמים,1.00,"ק""ג",true,,129.00,129.0000,true,1,321699
7290001302279,false,במבה קלאסי,"אסם השקעות בע""מ",IL,במבה קלאסי 48*60גרם,גרמים,60.00,100 גרם,false,1,4.90,0.0817,true,1,312937
7290001305058,false,סבון נוזלי פלמוליב ח,קולגייט פלמוליב,TR,פלמוליב סבון נוזלי חלב ודבש 750 מל,מיליליטרים,500.00,"100 מ""ל",false,1,19.90,0.0398,true,1,280716
7290001305188,false,סבון כלים פלמוליב לי,קולגייט פלמוליב,GR,פלמוליב נוזל לניקוי כלים בריח לימון (כתום) 750 מל,מיליליטרים,750.00,"100 מ""ל",false,1,11.90,0.0159,true,1,280717
7290001327180,false,גלידה קרמיסימו וניל,"גלידת שטראוס בע""מ",IL,גלידה קרמיסימו וניל צ'יפ 1.33 ל',ליטרים,1.33,ליטר,false,1,23.90,17.9699,true,1,280723
7290001327791,false,קרמיסימו עוגיות,"גלידת שטראוס בע""מ, ר",IL,קרמיסימו קרמיסימו בטעם וניל עוגיות 1.33 ליטר,ליטרים,1.33,ליטר,false,1,23.90,17.9699,true,1,280727
7290001342015,false,טונה מעושנת רוסטביף-,אלדג,IL,"טונה מעושנת רוסטביף-אל דג לק""ג",קילוגרמים,1.00,"ק""ג",true,,270.00,270.0000,true,1,428178
7290001342091,false,טונה אלבקור-אל דג לק,אלדג,IL,"טונה אלבקור-אל דג לק""ג",קילוגרמים,1.00,"ק""ג",true,,253.00,253.0000,true,1,428177
7290001342183,false,סלמון אפוי על גחלים-,אלדג,IL,"סלמון אפוי על גחלים-אל דג לק""ג",קילוגרמים,1.00,"ק""ג",true,,220.00,220.0000,true,1,398059
7290001361085,false,עוגת נפוליאון 600 גר,"נטלי פלוס בע""מ",IL,נטלי קרם שניט נפוליאון 600 גרם,גרמים,600.00,100 גרם,false,1,42.90,0.0715,true,1,280752
7290001407547,false,טחינה משומשום מלא פי,רושדי תעשיות מזון בע,IL,בארכה טחינה שומשום מלא פי 6 סידן 12*500ג,גרמים,500.00,100 גרם,false,1,17.90,0.0358,true,1,291629
7290001407769,false,טחינה משומשום מלא בא,רושדי תעשיות מזון בע,IL,בארכה טחינה עם שומשום מלא 12*500גרם,גרמים,500.00,100 גרם,false,1,17.90,0.0358,true,1,291426
7290001407813,false,בארכה חלבה שאמית פיס,רושדי תעשיות מזון בע,IL,בארכה חלבה שאמית וניל עם פסטק.כלפ8*350ג,גרמים,350.00,100 גרם,false,1,15.90,0.0454,true,1,291468
7290001407820,false,בארכה חלבה שאמית קלא,רושדי תעשיות מזון בע,IL,בארכה חלבה שאמית קלאסית 350 גרם,גרמים,350.00,100 גרם,false,1,15.90,0.0454,true,1,291469
7290001407837,false,חלבה שאמית קקאו,רושדי תעשיות מזון בע,IL,בארכה חלבה שאמית שוקו פולי קקאוכלפ8*350ג,גרמים,350.00,100 גרם,false,1,15.90,0.0454,true,1,370125
7290001407844,false,חלבה קלאסית וניל,רושדי תעשיות מזון בע,IL,בארכה חלבה קלאסית בטעם וניל כלפ.8*350גרם,גרמים,350.00,100 גרם,false,1,15.90,0.0454,true,1,291471
7290001407936,false,טחינה מעודנת בארכה,רושדי תעשיות מזון בע,IL,בארכה טחינה מעודנת 12*310גרם,גרמים,310.00,100 גרם,false,1,13.90,0.0448,true,1,321866
7290001419793,false,גביעי גלידה מגולגלים,"גילרו בע""מ",,גביעי גלידה מגולגלים 12 יח,גרמים,132.00,100 גרם,false,1,11.90,0.0902,true,1,294065
7290001427118,false,מיץ תפוח  0.5 ל זכוכ,קשת מיצים טבעיים,IL,מיץ תפוחים טבעי,מיליליטרים,500.00,"100 מ""ל",false,1,11.60,0.0232,true,1,431546
7290001427132,false,מיץ רימון,קשת מיצים טבעיים,IL,רימונים טבעי,מיליליטרים,500.00,"100 מ""ל",false,1,22.90,0.0458,true,1,375612
7290001439029,false,נר ריחני 30,יושלם,,"מקלות ריחניים במבוק 100    מ""ל",יחידה,1.00,יחידה,false,1,30.00,30.0000,true,1,361809
7290001476208,false,גבינה ברי משולש כבשי,יושלם,,"גבינה ברי משולש כבשים פקאן 1 ק""ג גד",קילוגרמים,1.00,"ק""ג",true,,140.00,140.0000,true,1,280811
7290001482094,false,גבינת פרמזן משולשים,זנטי אס. אי לאלין,IT,גבינת פרמזן משולשים 200 גרם,גרמים,200.00,100 גרם,false,1,25.90,0.1295,true,1,299441
7290001482186,false,אננס חתוך567 גר    .,הנסיך- מפעל לייצור ט,TH,ויליפוד חתיכות אננס בסירופ קל 565 גרם,גרמים,567.00,100 גרם,false,1,5.90,0.0104,true,1,288022
7290001482384,false,לפתן אננס חתוך פתחקל,,TH,לפתן אננס חתוך פתח קל 227 גרם,גרמים,227.00,100 גרם,false,1,4.50,0.0198,true,1,285141
7290001485019,false,גבינת קרם שמנת 5% טב,טרה,IL,גבינת קרם שמנת טבעי 200 גרם 5%,גרמים,200.00,100 גרם,false,1,12.90,0.0645,true,1,290578
7290001491096,false,תה ירוק לימונית ולוא,ויסוצקי,IL,תה ירוק לימונית ולואיזה ויסוצקי 50 יחידו,גרמים,75.00,100 גרם,false,1,46.90,0.6253,true,1,361861
7290001491812,false,תה ירוק פירות יער,ויסוצקי,IL,תה ירוק פירות יער ופסיפלורה,גרמים,37.00,100 גרם,false,1,25.90,0.7000,true,1,361862
7290001498897,false,נר ריחני 15,מוסקו,,רימון גדול אדום,יחידה,1.00,יחידה,false,1,14.90,14.9000,true,1,366795
7290001548011,false,טחינה ירוקה,מונטה קרלו,IL,טחינה ירוקה מונטה קרלו 250 גרם,גרמים,250.00,100 גרם,false,1,14.90,0.0596,true,1,307302
7290001548035,false,סלט טורקי  מונטה קרל,מונטה קרלו,IL,סלט טורקי  מונטה קרלו 250גרם,גרמים,250.00,100 גרם,false,1,14.90,0.0596,true,1,358031
7290001548042,false,סלט ביצים,יושלם,,סלט ביצים   מונטה קרלו 250 גרם,גרמים,250.00,100 גרם,false,,21.90,0.0876,true,1,302524
7290001548097,false,הרינג במיונז מונטה ק,מונטה קרלו,IL,הרינג במיונז מונטה קרלו 250גרם,גרמים,250.00,100 גרם,false,1,24.90,0.0996,true,1,359949
7290001548103,false,עלי גפן ממולאים   25,מונטה קרלו,IL,עלי גפן ממולאים   250 גרם,גרמים,250.00,100 גרם,false,1,19.90,0.0796,true,1,435716
7290001548110,false,חציל סלוניקי 250גרם,יושלם,,חציל סלוניקי 250גרם,גרמים,250.00,100 גרם,false,1,16.90,0.0676,true,1,302028
7290001548134,false,כרוב לבן שום שמיר מו,מונטה קרלו,IL,כרוב לבן שום שמיר מונטה קרלו 250גרם,גרמים,250.00,100 גרם,false,1,14.90,0.0596,true,1,358022
7290001548141,false,גזר מרוקאי    250 גר,מונטה קרלו,IL,גזר מרוקאי    250 גרם,גרמים,250.00,100 גרם,false,1,14.90,0.0596,true,1,320837
7290001548202,false,סלק רצועות  מונטה קר,מונטה קרלו,IL,סלק רצועות  מונטה קרלו 250גרם,גרמים,250.00,100 גרם,false,1,14.90,0.0596,true,1,354599
7290001548226,false,סלט פטריות מקסיקני,מונטה קרלו,IL,פטריות ספרדי מונטה קרלו 250 גרם,גרמים,250.00,100 גרם,false,1,20.90,0.0836,true,1,321919
7290001548233,false,חציל מחנה יהודה  פיק,מונטה קרלו,IL,חציל מחנה יהודה  פיקנטי  250גרם,גרמים,250.00,100 גרם,false,1,16.90,0.0676,true,1,361107
7290001548271,false,כרוב לבן עם גזר  250,מונטה קרלו,IL,כרוב לבן עם גזר  250 גרם,גרמים,250.00,100 גרם,false,1,14.90,0.0596,true,1,361109
7290001548288,false,מסבחה פיקנטי מונטה ק,מונטה קרלו,IL,מסבחה פיקנטי מונטה קרלו 250גרם,גרמים,250.00,100 גרם,false,1,14.90,0.0596,true,1,358018
7290001548295,false,מטבוחה מונטה קרלו 25,מונטה קרלו,IL,מטבוחה מונטה קרלו 250גרם,גרמים,250.00,100 גרם,false,1,14.90,0.0596,true,1,358030
7290001548325,false,טונה ירקות מונטה קרל,מונטה קרלו,IL,טונה ירקות מונטה קרלו 250גרם,גרמים,250.00,100 גרם,false,1,23.90,0.0956,true,1,358034
7290001548349,false,סלט תפוא במיונז,מונטה קרלו,IL,"תפו""א במיונז בייתי מונטה קרלו  250 גרם",גרמים,250.00,100 גרם,false,1,14.90,0.0596,true,1,303362
7290001548370,false,טבולה,מונטה קרלו,IL,טבולה  מונטה קרלו  250 גרם,גרמים,250.00,100 גרם,false,1,16.90,0.0676,true,1,302105
7290001548387,false,כרוב סיני  מונטה קרל,מונטה קרלו,IL,כרוב סיני  מונטה קרלו 250גרם,גרמים,250.00,100 גרם,false,1,14.90,0.0596,true,1,358024
7290001548400,false,חומוס זהב מונטה קרלו,מונטה קרלו,IL,חומוס זהב מונטה קרלו 250גרם,גרמים,250.00,100 גרם,false,1,14.90,0.0596,true,1,358019
7290001548424,false,כרוב קולסלאו   מונטה,מונטה קרלו,IL,כרוב קולסלאו   מונטה קרלו 250 גרם,גרמים,250.00,100 גרם,false,1,14.90,0.0596,true,1,435715
7290001548431,false,סחוג ירוק מונטה קרלו,מונטה קרלו,IL,סחוג ירוק מונטה קרלו 250גרם,גרמים,250.00,100 גרם,false,1,14.90,0.0596,true,1,358035
7290001548462,false,פלפל רצועות חריף  25,מונטה קרלו,,פלפל רצועות חריף  250גרם,גרמים,250.00,100 גרם,false,1,20.90,0.0836,true,1,303014
7290001548523,false,חציל בתחמיץ  מונטה ק,,,חציל בתחמיץ  מונטה קרלו 250 גרם,גרמים,250.00,100 גרם,false,1,14.90,0.0596,true,1,358328
7290001548530,false,מסבחה פטרוזיליה מונט,מונטה קרלו,IL,מסבחה פטרוזיליה מונטה קרלו 250גרם,גרמים,250.00,100 גרם,false,1,14.90,0.0596,true,1,358020
7290001548561,false,גזר חריף בלימון מונט,מונטה קרלו,IL,גזר חריף בלימון מונטה קרלו 250 גרם,גרמים,250.00,100 גרם,false,1,14.90,0.0596,true,1,358029
7290001548592,false,טחינה עמבה  250 גרם,מונטה קרלו,IL,טחינה עמבה  250 גרם,גרמים,250.00,100 גרם,false,1,13.90,0.0556,true,1,361115
7290001548622,false,חציל טבעי פקנטי מונט,מונטה קרלו,IL,חציל טבעי פקנטי מונטה קרלו 250גרם,גרמים,250.00,100 גרם,false,1,16.90,0.0676,true,1,358015
7290001548639,false,חציל מונטה קרלו  מונ,מונטה קרלו,IL,חציל מונטה קרלו  מונטה קרלו 250גרם,גרמים,250.00,100 גרם,false,1,16.90,0.0676,true,1,358016
7290001548691,false,כרוב אדום במיונז מונ,מונטה קרלו,IL,כרוב אדום במיונז מונטה קרלו 250גרם,גרמים,250.00,100 גרם,false,1,14.90,0.0596,true,1,358023
7290001548714,false,איקרה ורודה מונטה קר,מונטה קרלו,IL,איקרה ורודה מונטה קרלו 250גרם,גרמים,250.00,100 גרם,false,1,21.90,0.0876,true,1,359951
7290001548738,false,חציל מרוקאי מונטה קר,מונטה קרלו,,חציל מרוקאי מונטה קרלו 250 גרם,גרמים,250.00,100 גרם,false,1,16.90,0.0676,true,1,303741
7290001548745,false,איקרה לבנה מונטה קרל,מונטה קרלו,IL,איקרה לבנה מונטה קרלו 250גרם,גרמים,250.00,100 גרם,false,1,21.90,0.0876,true,1,359950
7290001548752,false,טחינה לבנה מונטה קרל,מונטה קרלו,IL,טחינה לבנה מונטה קרלו 250גרם,גרמים,250.00,100 גרם,false,1,14.90,0.0596,true,1,358021
7290001548783,false,פלפל אש טוניסאי מונט,מונטה קרלו,IL,פלפל אש טוניסאי מונטה קרלו 250גרם,גרמים,250.00,100 גרם,false,1,20.90,0.0836,true,1,358032
7290001548875,false,חמוצים יפניים דלי מו,מונטה קרלו,IL,חמוצים יפניים דלי מונטה קרלו 450גרם,גרמים,450.00,100 גרם,false,1,23.90,0.0531,true,1,358026
7290001548950,false,פלפל חריף מונטה 250ג,,,פלפל חריף מונטה 250גרם,גרמים,250.00,100 גרם,false,1,20.90,0.0836,true,1,359314
7290001548967,false,חציל תאילנדי צילי 25,קלאס פוד,IL,חציל תאילנדי צילי 250גרם,גרמים,250.00,100 גרם,false,1,16.90,0.0676,true,1,325039
7290001567807,false,כתף בקר מעושן יחיעם,פ.פ.ח. שאביט,IL,כתף בקר מעושן יחיעם 250 גרם,גרמים,250.00,100 גרם,false,1,28.90,0.1156,true,1,322668
7290001567814,false,סלמי מעושן איטלקי 30,פ.פ.ח. שאביט,IL,יחיעם סלמי מעושן בסגנון איטלקי 300 גרם,גרמים,300.00,100 גרם,false,1,22.90,0.0763,true,1,322169
7290001594025,false,קוקה קולה קלאסי,החברה המרכזית לייצור,IL,"קוקה קולה קלאסי בקבוק 330 מ""ל",מיליליטרים,330.00,"100 מ""ל",false,1,7.00,0.0212,true,1,430352
7290001594032,false,קוקה קולה דיאט קלאסי,החברה המרכזית לייצור,IL,"דיאט קוקה קולה קלאסי 350 מ""ל",מיליליטרים,330.00,"100 מ""ל",false,1,7.00,0.0212,true,1,431079
7290001594155,false,קוקה קולה בקבוק 500,החברה המרכזית לייצור,IL,"קוקה קולה 500 מ""ל",מיליליטרים,500.00,"100 מ""ל",false,1,7.50,0.0150,true,1,280884
7290001594179,false,פאנטה אורנג בקבוק 50,החברה המרכזית לייצור,IL,"פאנטה אורנג' 500 מ""ל",מיליליטרים,500.00,"100 מ""ל",false,1,7.50,0.0150,true,1,280886
7290001594186,false,קוקה קולה דיאט בקבוק,החברה המרכזית לייצור,IL,"דיאט קוקה קולה 500 מ""ל",מיליליטרים,500.00,"100 מ""ל",false,1,7.50,0.0150,true,1,280887
7290001594230,false,"סודה קינלי 250 מ""ל",החברה המרכזית לייצור,IL,"קינלי סודה 250 מ""ל",מיליליטרים,250.00,"100 מ""ל",false,1,5.90,0.0236,true,1,430368
7290001594377,false,משקל פריגת תפוזים 50,מבשלות בירה בינלאומי,IL,פריגת משקה קל תפוזים 500 מל,מיליליטרים,500.00,"100 מ""ל",false,1,7.90,0.0158,true,1,280890
7290001594384,false,משקל פריגת אשכוליות,מבשלות בירה בינלאומי,IL,"פריגת משק""ל אשכוליות 0.5 ליטר",מיליליטרים,500.00,"100 מ""ל",false,1,7.90,0.0158,true,1,280891
7290001594391,false,משקל פריגת ענבים 500,מבשלות בירה בינלאומי,IL,"משקל פריגת ענבים 500 מ""ל",מיליליטרים,500.00,"100 מ""ל",false,1,7.90,0.0158,true,1,280892
7290001594520,false,בירה טובורג 330 מל,מבשלות בירה בינלאומי,IL,"טובורג בק 330 מ""ל פקדון",מיליליטרים,330.00,"100 מ""ל",false,1,9.50,0.0288,true,1,280905
7290001594568,false,בירה קרלסברג פחית 50,מבשלות בירה בינלאומי,IL,קלסברג בירה 500 מל,מיליליטרים,500.00,"100 מ""ל",false,1,9.90,0.0198,true,1,280894
7290001594575,false,בירה טובורג פחית 500,מבשלות בירה בינלאומי,IL,"טובורג רד פחית 500 מ""ל",מיליליטרים,500.00,"100 מ""ל",false,1,9.90,0.0198,true,1,280895
7290001594858,false,בירה טובורג רד שישיי,קרלסברג ישראל,,"בירה טובורג רד שישייה בקבוק 330 מ""ל",ליטרים,1.98,ליטר,false,1,36.90,18.6364,true,1,280904
7290001594865,false,בירה קרלסברג מארז שי,קרלסברג ישראל,,"בירה קרלסברג מארז שישייה בקבוק 330 מ""ל",ליטרים,1.98,ליטר,false,1,36.90,18.6364,true,1,280906
7290001670057,false,כפיות חד פעמי 100 יח,"איטיליאן פוד, אס.פי.",IL,הנמל כפיות לבן  100 יחידות,Unknown,0.00,Unknown,false,1,12.90,0.0000,true,1,430853
7290001670071,false,כפות חד פעמי 100 יחי,"איטיליאן פוד, אס.פי.",IL,הנמל כפות לבן 100 יחידות,Unknown,0.00,Unknown,false,1,15.90,0.0000,true,1,430754
7290001713228,false,נוזל רצפות סופר מבוש,ABC,TR,נוזל רצפות סופר מבושם כחול 2.5 ליטר,ליטרים,2.50,ליטר,false,1,14.90,5.9600,true,1,434700
7290001713501,false,עלמה רדיד אלומיניום,קומפלקס כימיקלים,IL,עלמה רדיד אלומיניום עלמה עבה 45 סמ 50 מ,יחידה,1.00,יחידה,false,1,38.90,38.9000,true,1,435047
7290001713662,false,מרכך כביסה מרוכז בני,טרסאן,TR,מרכך כביסה מרוכז בניחוח בית מלון רויאל 1,ליטרים,1.00,ליטר,false,1,11.90,11.9000,true,1,434706
7290001713860,false,מרכך כביסה מרוכז בני,טרסאן,TR,מרכך כביסה מרוכז בניחוח בית מלון ספא 1 ל,ליטרים,1.00,ליטר,false,1,11.90,11.9000,true,1,434709
7290001713938,false,עלמה ניילון נצמד 150,קומפלקס כימיקלים,IL,עלמה ניילון נצמד 150 מטר,מטרים,150.00,מטר,false,1,18.90,0.1260,true,1,435048
7290001780800,false,שלגון קראנץ ליבת נוג,נגה גלידות,,שלגון קראנץ ליבת נוגט,Unknown,0.00,Unknown,false,1,10.50,0.0000,true,1,288864
7290001817728,false,חטיף ציטוס כאפה,"שטראוס פריטו ליי בע""",IL,"חטיף צ""יטוס כאפה 55 גר",גרמים,55.00,100 גרם,false,1,3.50,0.0636,true,1,361957
7290001873441,false,בלאק אנגוס בורגר,טיבון ויל אחזקות בעמ,IL,המבורגר BLACK ANGUS 320 גרם,גרמים,320.00,100 גרם,false,1,29.90,0.0934,true,1,354502
7290001873458,false,סטייק בורגר,מולינו ניקולי s.p.a,IL,סטייק בורגר black angus 320 גרם,גרמים,320.00,100 גרם,false,1,29.90,0.0934,true,1,354503
7290001873472,false,קבב BLACK ANGOS 320,טיבון ויל אחזקות בעמ,IL,קבב BLACK ANGOS 320 גרם,גרמים,320.00,100 גרם,false,1,29.90,0.0934,true,1,354627
7290001873489,false,קרפציו BLACK ANGOS 3,טיבון ויל אחזקות בעמ,IL,קרפציו BLACK ANGOS 320 גרם,גרמים,320.00,100 גרם,false,1,24.90,0.0778,true,1,354626
7290001990094,false,סוכר חום בצנצנת סוגת,"סוגת תעשיות בע""מ",IL,סוכר חום קלאסי בצנצנת,קילוגרמים,1.00,"ק""ג",false,1,15.90,15.9000,true,1,287523
7290001990117,false,שומשום סוגת 100 גרם,"סוגת תעשיות בע""מ",IL,שומשום 100 גר',גרמים,100.00,100 גרם,false,1,4.20,0.0420,true,1,292334
7290001990148,false,סוכר גולדן קלאסי סוג,"סוגת תעשיות בע""מ",IL,סוכר גולדן קלאסי צנצנת 1 קג,קילוגרמים,1.00,"ק""ג",false,1,11.50,11.5000,true,1,287617
7290002007487,false,צמר פלדה 100 גרם,שיווק: הנמל אריזות ו,IL,הנמל צמר פלדה 100 גרם,יחידה,1.00,יחידה,false,1,4.90,4.9000,true,1,373317
7290002007821,false,"צבע מאכל אדום 55 מ""ל",ממתקי עלה ייצור שיוו,IL,"צבע מאכל אדום 55 מ""ל",מיליליטרים,55.00,"100 מ""ל",false,1,3.90,0.0709,true,1,287438
7290002007982,false,מזלגות חד פעמי 100 י,"איטיליאן פוד, אס.פי.",IL,"הנמל מזלגות, 100 יחידות",Unknown,0.00,Unknown,false,1,15.90,0.0000,true,1,430755
7290002008019,false,סוכריות לעוגה גמבו ש,ממתקי עלה יצור ושיוו,IL,הנמל סוכריות לקישוט שוקולד 200 גרם,גרמים,200.00,100 גרם,false,1,9.50,0.0475,true,1,430961
7290002008187,false,קשים מתקפלים לשתיה 4,"איטיליאן פוד, אס.פי.",CN,קשים מתקפלים לשתיה 40 יח,לא מנהל יחידת מידה,0.00,לא מנהל יחידת מידה,false,1,1.90,0.0000,true,1,281116
7290002019787,false,רסק עגבניות 22% פרי,פריניר ( הדס 1987) ב,IL,רוטב עגבניות מרוכז,גרמים,260.00,100 גרם,false,1,3.60,0.0138,true,1,281133
7290002019794,false,רסק עגבניות 22% פרי,פריניר ( הדס 1987) ב,IL,פריניר רוטב עגבניות 22BX,גרמים,100.00,100 גרם,false,1,1.90,0.0190,true,1,281134
7290002026303,false,גלידה שורטי דולצה דה,מוצרי איכות אמריקאיי,IL,"דולצ'ה דה לצ'ה 150 מ""ל - שורטי",מיליליטרים,150.00,"100 מ""ל",false,1,10.90,0.0727,true,1,430481
7290002026402,false,בלינצס גבינה 350 גרם,מוצרי איכות אמריקאיי,IL,בלינצס גבינה חם-בראנצ,גרמים,350.00,100 גרם,false,1,13.90,0.0397,true,1,308314
7290002026778,false,גלידה שמנת עם וניל ק,מוצרי איכות אמריקאיי,IL,פיינט-CONE SWEET CONE,מיליליטרים,500.00,"100 מ""ל",false,1,23.90,0.0478,true,1,321849
7290002035169,false,פילה מקרושקה בוואקום,אלדג,IL,"פילה מקרושקה בוואקום אל דג לק""ג",קילוגרמים,1.00,"ק""ג",true,,160.00,160.0000,true,1,380577
7290002035312,false,טונה מעושנת אל דג לק,אלדג,IL,"טונה מעושנת אל דג לק""ג",קילוגרמים,1.00,"ק""ג",true,,220.00,220.0000,true,1,411994
7290002037309,false,לחמניות המבורגר 1/6,יוליניבר,IL,8 לחמניות המבורגר,גרמים,300.00,100 גרם,false,1,13.90,0.0463,true,1,362068
7290002037637,false,לחמניות הבית    1/4,סטאר סנקס,IL,לחמניות הבית של ודש 4 בשקית,גרמים,350.00,100 גרם,false,1,13.90,0.0397,true,1,362070
7290002043065,false,פריכוני אורז חום מלא,נוהלס,BG,פריכוני אורז חום מלא בציפוי שוקו מריר70ג,גרמים,70.00,100 גרם,false,1,7.90,0.1129,true,1,358142
7290002043072,false,פריכוני אורז חום מלא,נוהלס,BG,פריכוני אורז חום מלא בציפוי שוקו חלב70ג,גרמים,70.00,100 גרם,false,1,7.90,0.1129,true,1,358143
7290002043096,false,פריכוני אורז חום מלא,נוהלס,BG,פריכוני אורז חום מלא בציפוי שוקו לבן70ג,גרמים,70.00,100 גרם,false,1,7.90,0.1129,true,1,358144
7290002043188,false,ציפס אורז חום מלא צי,נוהלס,BG,ציפס אורז חום מלא צילי חריף60גרם,גרמים,60.00,100 גרם,false,1,5.90,0.0983,true,1,358141
7290002043218,false,ציפס אורז חום מלא מל,נוהלס,BG,ציפס אורז חום מלא מלח  60גרם,גרמים,60.00,100 גרם,false,1,5.90,0.0983,true,1,358140
7290002043782,false,ציפס אורז חום מלא טק,נוהלס,BG,ציפס אורז חום מלא טקסס ברביקיו 60גרם,גרמים,60.00,100 גרם,false,1,5.90,0.0983,true,1,358139
7290002043812,false,פריכוני אורז חום מלא,נוהלס,BG,פריכוני אורז חום מלא ציה וקינואה 24גרם,גרמים,24.00,100 גרם,false,1,4.90,0.2042,true,1,358145
7290002057031,false,זיתים מבוקעים פיקנטי,קדבורי,IL,קבוצת יבנה זיתים מבוקעים 540 גרם,גרמים,540.00,100 גרם,false,1,8.90,0.0165,true,1,430484
7290002057123,false,זיתים ירוקים מנזנילו,קדבורי,IL,זיתים ירוקים מנזנילו ללא גלעין 540 יבנה,גרמים,540.00,100 גרם,false,1,9.50,0.0176,true,1,281178
7290002057185,false,טבעות זיתים ירוקים 5,קדבורי,IL,טבעות זיתים ירוקים 540 גרם יבנה,גרמים,540.00,100 גרם,false,1,9.90,0.0183,true,1,281181
7290002057352,false,מלפפונים במלח גדול 7,אף.סי תבליני בגליל ב,IL,קבוצת יבנה מלפפונים גדולים במלח 560 גרם,גרמים,540.00,100 גרם,false,1,6.80,0.0126,true,1,281185
7290002057369,false,מלפפונים במלח יבנה10,קדבורי,IL,מלפפונים במלח יבנה10-12 540 גרם,גרמים,540.00,100 גרם,false,1,8.50,0.0157,true,1,281186
7290002057376,false,מלפפונים במלח קטן 13,קדבורי,IL,13-17 מלפפונים במלח קטן,גרמים,540.00,100 גרם,false,1,10.90,0.0202,true,1,281187
7290002057383,false,מלפפונים במלח קטן 18,קדבורי,IL,מלפפונים במלח קטן 18-25 540 גרם,גרמים,540.00,100 גרם,false,1,12.30,0.0228,true,1,281188
7290002057475,false,מלפפון קטן בחומץ 13-,קדבורי,IL,מלפפון קטן בחומץ 13-17 540גרם יבנה,גרמים,540.00,100 גרם,false,1,10.90,0.0202,true,1,366344
7290002057628,false,זיתים מושחרים טבעות,קדבורי,IL,"קבוצת יבנה, זיתים מושחרים טבעות",גרמים,540.00,100 גרם,false,1,9.90,0.0183,true,1,281191
7290002065555,false,לחמניות ארוכות 6 יח,"איטיליאן פוד, אס.פי.",IL,אנג'ל הלחמניה -450 גרם,גרמים,450.00,100 גרם,false,1,10.90,0.0242,true,1,281206
7290002065616,false,לחם שיפון גרעינים,מאפיית שלמה א. אנג'ל,IL,לחם שיפון גרעינים 750 גרם,גרמים,750.00,100 גרם,false,1,14.90,0.0199,true,1,430377
7290002075233,false,איס קונפקט קטן צנצנת,יושלם,,איס קונפקט קטן צנצנת 250 גר,גרמים,250.00,100 גרם,false,1,17.90,0.0716,true,1,362108
7290002077268,false,מיני קציצות דג,דלידג בעמ,IL,דלידג מיני קציצות דג לבישול 500 גרם,גרמים,500.00,100 גרם,false,1,22.50,0.0450,true,1,379962
7290002107071,false,גבינת פטה עיזים 16%,מחלבת משק צוריאל,,בולגרית עיזים מעודנת צוריאל  16%   200גר,גרמים,200.00,100 גרם,false,1,24.90,0.1245,true,1,289436
7290002107491,false,גבינת עיזים 5% למריח,משק צוריאל,IL,משק צוריאל גבינת עיזים 5% למריחה 250 גרם,גרמים,250.00,100 גרם,false,1,15.40,0.0616,true,1,281234
7290002107798,false,גבינה בולגרית צוריאל,משק צוריאל,IL,בולגרית מעודנת 5% שומן 250 גרם,גרמים,250.00,100 גרם,false,1,22.60,0.0904,true,1,288795
7290002128335,false,כוסות שתייה חמה50 יח,טיי פרידה,CN,כוסות שתייה חמה50 יח OZ8,יחידה,1.00,יחידה,false,1,13.90,13.9000,true,1,355784
7290002128403,false,נרות שבת אורה מספר 4,מנורה,IL,נרות שבת אורה מספר 4,יחידה,1.00,יחידה,false,1,3.90,3.9000,true,1,288240
7290002128434,false,נרות שבת אורה מספר 1,מנורה,IL,נרות שבת אורה מספר 10,יחידה,1.00,יחידה,false,1,3.90,3.9000,true,1,431243
7290002128854,false,כוסות לשתיה חמה (12,טיי פרידה,IL,"כוסות לשתיה חמה (12 יח) 340 מ""ל",יחידה,1.00,יחידה,false,1,21.90,21.9000,true,1,433397
7290002129370,false,פילה אמנון בלי עור ד,,,פילה אמנון בלי עור דלי דג,קילוגרמים,1.00,"ק""ג",true,,28.90,28.9000,true,1,346674
7290002130567,false,דבש דבורים טהור יד מ,מכוורת יד מרדכי שטרא,IL,דבש טהור 350 גרם,גרמים,350.00,100 גרם,false,1,19.90,0.0569,true,1,281261
7290002130574,false,דבש דבורים טהור 500,מכוורת יד מרדכי שטרא,IL,דבש טהור 500 גרם,גרמים,500.00,100 גרם,false,1,26.60,0.0532,true,1,281262
7290002132011,false,עוגיות מזרחיות עבאדי,מאפיית יוסף ושמחה עב,IL,"עבאדי עוגיות מזרחיות שומשום, 400 גרם",גרמים,400.00,100 גרם,false,1,18.90,0.0472,true,1,281264
7290002133070,false,קשקבל טורקי בלוק,מחלבת השומרון בעמ,,קשקבל טורקי בלוק,קילוגרמים,1.00,"ק""ג",true,,119.00,119.0000,true,1,366763
7290002133087,false,בולגרית צאן סופיה 3.,מחלבת השומרון בעמ,,"בולגרית צאן סופיה 3.5 ק""ג",קילוגרמים,1.00,"ק""ג",true,,88.00,88.0000,true,1,367490
7290002133094,false,ברינזה צאן בדלי,מחלבת השומרון בעמ,,ברינזה צאן בדלי שומרון,קילוגרמים,1.00,"ק""ג",true,,88.00,88.0000,true,1,366655
7290002133148,false,צפתית רכה במשקל,מחלבת השומרון בעמ,,צפתית רכה במשקל שומרון,קילוגרמים,1.00,"ק""ג",true,,62.00,62.0000,true,1,366657
7290002133506,false,יוגורט עיזים 400 גר,מחלבת שומרון,IL,גבינות השומרון יוגורט של פעם מחלב עיזים 400 גרם,גרמים,400.00,100 גרם,false,1,13.90,0.0348,true,1,382790
7290002133537,false,"יוגורט עיזים 180 גר""",מחלבת שומרון,IL,גבינות השומרון יוגורט של פעם מחלב עיזים 180 גרם,גרמים,180.00,100 גרם,false,1,6.90,0.0383,true,1,374583
7290002232964,false,ציפוי פז ללא גלוטן 5,תירפז בעמ,IL,בריאות וטבע ציפוי פז טחון דק לא מתובל 600 גרם,גרמים,600.00,100 גרם,false,1,27.90,0.0465,true,1,300723
7290002232995,false,ציפוי פז דגש 500 גרם,תירפז בעמ,IL,בריאות וטבע ציפוי פז מתובל 500 גרם,גרמים,500.00,100 גרם,false,1,27.90,0.0558,true,1,301114
7290002253006,false,שום כתוש דורות בצנצנ,דורות,IL,דורות שום כתוש טרי2 12*200גרם,גרמים,200.00,100 גרם,false,1,19.90,0.0995,true,1,281295
7290002253105,false,שום כתוש מגשית 80 גר,דורות,IL,שום כתוש מגשית 80 גרם,גרמים,80.00,100 גרם,false,1,12.90,0.1613,true,1,281296
7290002253150,false,בזיליקום קצוץ במגשית,דורות,IL,דורות בזיליקום קצוץ 32*70גרם,גרמים,70.00,100 גרם,false,1,9.90,0.1414,true,1,281297
7290002253167,false,פטרוזיליה טריה קצוץ,דורות,IL,דורות פטרוזיליה קצוצה 32*70גרם,גרמים,70.00,100 גרם,false,1,9.90,0.1414,true,1,281298
7290002253198,false,"גינג""ר כתוש קפוא מגש",דורות,IL,דורות ג'ינג'ר טרי כתוש2 16*70גרם,גרמים,70.00,100 גרם,false,1,12.40,0.1771,true,1,288358
7290002281382,false,נתח פילה סלמון קפוא,דלידג,,נתח פילה סלמון קפוא 100% דג,קילוגרמים,1.00,"ק""ג",true,,89.90,89.9000,true,1,346686
7290002297215,false,גבינת עיזים ביין ספר,מוטטינו,,גבינת עיזים ביין ספרד,קילוגרמים,1.00,"ק""ג",true,,175.00,175.0000,true,1,375432
7290002304203,false,קונפיטורה לייט תות,ענבי ציון,,קונפיטורה לייט תות שדה 600 גר,גרמים,600.00,100 גרם,false,1,24.90,0.0415,true,1,367671
7290002304609,false,"קונפיטורה ביתי ""ענבי",,,"קונפיטורה ביתי ""ענבי ציון"" תות 600גר",גרמים,600.00,100 גרם,false,1,19.90,0.0332,true,1,378122
7290002317081,false,זיתים ירוקים נטולי ג,מוטולה,IL,זיתים ירוקים נטולי גלעין +20% A2 מוטולה,גרמים,330.00,100 גרם,false,1,9.90,0.0300,true,1,435999
7290002317265,false,מלפפון במלח +20%מוטו,מוטולה,IL,מלפפון במלח +20%מוטולה 7-9  380A2גרם,גרמים,380.00,100 גרם,false,1,7.90,0.0208,true,1,435998
7290002317289,false,חצילים כבושים  מוטול,מוטולה,IL,חצילים כבושים  מוטולה  320גרם,גרמים,320.00,100 גרם,false,1,8.90,0.0278,true,1,436007
7290002317609,false,כרוב כבוש A2 מוטולה,מוטולה,IL,כרוב כבוש A2 מוטולה  560 גרם,גרמים,560.00,100 גרם,false,1,8.90,0.0159,true,1,436000
7290002317661,false,זיתים מנזולינו גדול,מוטולה,IL,זיתים מנזולינו גדול מוטולה 330  גרם צנצנ,גרמים,330.00,100 גרם,false,1,9.90,0.0300,true,1,436015
7290002317852,false,מלפפון ביתי 900 גרם,מוטולה,,מלפפון ביתי 900 גרם צנצנת,גרמים,900.00,100 גרם,false,1,32.90,0.0366,true,1,374098
7290002331018,false,מים נביעות פקק רגיל,נביעות טבע הגליל בעמ,IL,נביעות 500 פ.שטוח פיקדון,מיליליטרים,500.00,"100 מ""ל",false,1,3.90,0.0078,true,1,286210
7290002331025,false,מים נביעות ספורט בקב,נביעות טבע הגליל בעמ,IL,נביעות 500 TO GO פקדון,מיליליטרים,500.00,"100 מ""ל",false,1,3.90,0.0078,true,1,281356
7290002331094,false,מים נביעות TO-GO בקב,נביעות טבע הגליל בעמ,IL,"נביעות 755 מ""ל",מיליליטרים,755.00,"100 מ""ל",false,1,4.90,0.0065,true,1,281357
7290002331124,false,מי נביעות +בטעם תפוח,נביעות טבע הגליל בעמ,IL,נביעות+ בטעם תפוח 500 מל,מיליליטרים,500.00,"100 מ""ל",false,1,8.90,0.0178,true,1,290727
7290002331155,false,מי נביעות + בטעם אפר,נביעות טבע הגליל בעמ,IL,"נביעות + בטעם אפרסק 500 מ""ל",מיליליטרים,500.00,"100 מ""ל",false,1,8.90,0.0178,true,1,290728
7290002331483,false,מים נביעות בייבי שיש,נביעות טבע הגליל בעמ,IL,נביעות בייבי מים מינרליים טבעיים 1.92 ליטר,ליטרים,1.92,ליטר,false,1,13.90,7.2396,true,1,310256
7290002331490,false,מים נביעות בקבוק 1 ל,נביעות טבע הגליל בעמ,IL,נביעות 1 ליטר,ליטרים,1.00,ליטר,false,1,4.90,4.9000,true,1,311548
7290002331711,false,מי נביעות +בטעם ענבי,נביעות טבע הגליל בעמ,IL,"נביעות + בטעם ענבים 500 מ""ל",מיליליטרים,500.00,"100 מ""ל",false,1,8.90,0.0178,true,1,292784
7290002333500,false,עדשים אדומות אורגני,אול אורגני,IL,עדשים אדומות,גרמים,500.00,100 גרם,false,1,13.90,0.0278,true,1,367928
7290002333838,false,כוסמת אורגני הרדוף 5,אול אורגני,IL,כוסמת אורגני,גרמים,500.00,100 גרם,false,1,11.90,0.0238,true,1,367930
7290002333951,false,עדשים ירוקים אורגני,אול אורגני,IL,עדשים ירוקות,גרמים,500.00,100 גרם,false,1,13.90,0.0278,true,1,367931
7290002345015,false,סינטה דק דק,"טיבון ויל אחזקות בע""",IL,סינטה דק דק אלגאוצו,גרמים,250.00,100 גרם,false,1,26.90,0.1076,true,1,328312
7290002345022,false,אנטריקוט דקדק,"טיבון ויל אחזקות בע""",IL,אל גאוצ'ו מינוט סטייק אנטריקוטדקדק 250 גרם,גרמים,250.00,100 גרם,false,1,26.90,0.1076,true,1,328313
7290002345121,false,אסאדו דקדק אל גאוצו,טיבון ויל - נטו,IL,אסאדו דקדק אל גאוצו 250גרם,גרמים,250.00,100 גרם,false,1,27.90,0.1116,true,1,358679
7290002345282,false,נתחי פילה סלמון נורו,דלידג,,נתחי פילה סלמון נורווגי קפוא 100% דג,קילוגרמים,1.00,"ק""ג",true,,89.90,89.9000,true,1,328596
7290002348139,false,ארטישוק תחתיות,אגרו קורפ,EG,ויליגר תחתיות ארטישוק במי מלח 390 גרם,גרמים,400.00,100 גרם,false,1,9.90,0.0248,true,1,362237
7290002348238,false,לפתן אננס חתוך850 גר,טיפקו,,לפתן אננס חתוך850 גר                   .,גרמים,850.00,100 גרם,false,1,8.70,0.0102,true,1,367246
7290002353249,false,ממרח דיזונז 345 גרם,מיוצר עי קונדיטוריית,FR,ממרח דיזונז 345 גרם,גרמים,345.00,100 גרם,false,1,21.90,0.0635,true,1,430044
7290002353836,false,סרדין רוברט בשמן זית,כצט,PT,סרדינים בשמן זית רוברט 115 גרם,גרמים,115.00,100 גרם,false,1,8.90,0.0774,true,1,281375
7290002360285,false,תה פומפדור צמחים קמו,טיקנה,DE,פומפדור חליטת צמחים קמומיל 20 יחידות,גרמים,30.00,100 גרם,false,1,16.90,0.5633,true,1,281386
7290002370420,false,גבינה גאודה מהולנד 3,איוויאן,NL,"גבינה גאודה מהולנד 30% שומן לק""ג",קילוגרמים,1.00,"ק""ג",true,,89.00,89.0000,true,1,422856
7290002370475,false,גבינה כחולה עם עובש,קסרייס,ES,גבינה כחולה עם עובש במשקל,קילוגרמים,1.00,"ק""ג",true,,119.00,119.0000,true,1,423532
7290002371533,false,סלסולי פסטרמה דבש 12,טיב טירת צבי 2000,IL,סלסולי פסטרמה דבש 120 גרם,גרמים,120.00,100 גרם,false,1,15.90,0.1325,true,1,310105
7290002371540,false,קורנדביף 120 גרם,טיב טירת צבי 2000,IL,טירת צבי דקניקים קורנדביף 120 גרם,גרמים,120.00,100 גרם,false,1,15.90,0.1325,true,1,310106
7290002371854,false,נקניקיות חריפות,הנסיך- מפעל לייצור ט,IL,נקנקיות עוף חריפות1ק''ג,קילוגרמים,1.00,"ק""ג",false,1,33.90,33.9000,true,1,372437
7290002371939,false,סרוולד צרפתי 120 גרם,הנסיך- מפעל לייצור ט,IL,סרוולד צרפתי 120 גרם,גרמים,120.00,100 גרם,false,1,26.90,0.2242,true,1,294092
7290002385196,false,רוקפור דייניש בלו,קסטלו,,רוקפור דייניש בלו גד,קילוגרמים,1.00,"ק""ג",true,,140.00,140.0000,true,1,396084
7290002385455,false,בולגרית מעודנת 24%,,,"בולגרית מעודנת 24% לק""ג",קילוגרמים,1.00,"ק""ג",true,,67.00,67.0000,true,1,389818
7290002385738,false,משולשי מנצגו,יושלם,,"גבינה משולשי מנצגו לק""ג גד",קילוגרמים,1.00,"ק""ג",true,,149.00,149.0000,true,1,304387
7290002385745,false,משולשי פיקורינו,יושלם,,"גבינה משולשי פיקורינו לק""ג גד",קילוגרמים,1.00,"ק""ג",true,,149.00,149.0000,true,1,304388
7290002421115,false,כדורי לאבנה בקר 400,מחלבת גדות,,כדורי לאבנה בקר 400 גרם גדות,גרמים,400.00,100 גרם,false,1,33.90,0.0847,true,1,374489
7290002421122,false,כדורי לבנה 400 גרם ג,מחלבת גדות,,כדורי לבנה 400 גרם גדות,גרמים,400.00,100 גרם,false,1,39.90,0.0997,true,1,383645
7290002421160,false,גבינת פטה 160 גרם גד,מחלבת גדות,,גבינת פטה 160 גרם גדות,גרמים,160.00,100 גרם,false,1,24.90,0.1556,true,1,374491
7290002421375,false,גבינת גאודה טבעית 20,מחלבת גדות,,גבינת גאודה טבעית 200 גרם גדות,גרמים,200.00,100 גרם,false,1,25.90,0.1295,true,1,374495
7290002421399,false,"גבינת גאודה צ""ילי 20",מחלבת גדות,,"גבינת גאודה צ""ילי 200 גרם גדות",גרמים,200.00,100 גרם,false,1,25.00,0.1250,true,1,374497
7290002421412,false,גבינת גאודה שום שמיר,מחלבת גדות,,גבינת גאודה שום שמיר 200 גרם גדות,גרמים,200.00,100 גרם,false,1,25.90,0.1295,true,1,374498
7290002421443,false,"גבינת צ""דר בקר 180 ג",מחלבת גדות,,"גבינת צ""דר בקר 180 גרם גדות",גרמים,180.00,100 גרם,false,1,25.90,0.1439,true,1,374500
7290002421559,false,גבינת רוקפור 180 גרם,מחלבת גדות,,גבינת רוקפור 180 גרם גדות,גרמים,180.00,100 גרם,false,1,35.90,0.1994,true,1,374504
7290002421610,false,גבינת פרמזן 200 גרם,מחלבת גדות,,גבינת פרמזן 200 גרם גדות,גרמים,200.00,100 גרם,false,1,29.90,0.1495,true,1,383653
7290002421658,false,"גבינת צ""דר עיזים 180",מחלבת גדות,,"גבינת צ""דר עיזים 180 גרם גדות",גרמים,180.00,100 גרם,false,1,28.90,0.1606,true,1,383647
7290002421672,false,גבינת גאודה עיזים 18,מחלבת גד,,גבינת גאודה עיזים 180 גרם גדות,גרמים,180.00,100 גרם,false,1,31.90,0.1772,true,1,306992
7290002439998,false,קלאסיקו קבב בקר וכבש,טיבון ויל - נטו,IL,קלאסיקו קבב בקר וכבש אל גאוצו 400גרם,גרמים,400.00,100 גרם,false,1,23.90,0.0597,true,1,333470
7290002507277,false,קציצות דג  700 גרם,"דלידג בע""מ",IL,קציצות דג  700 גרם,גרמים,700.00,100 גרם,false,1,27.90,0.0399,true,1,327797
7290002507604,false,פיצת השף שגב 320גרם,האי נאם סי או אל.טי.,IT,פיצת השף שגב 320גרם,יחידה,1.00,יחידה,false,1,16.90,16.9000,true,1,328571
7290002511229,false,בולגרית חלקה מעודנת,מחלבת המושבה,IL,בולגרית חלקה מעודנת 16%,קילוגרמים,1.00,"ק""ג",true,,55.00,55.0000,true,1,397298
7290002517108,false,אורגנו 10 גרם,תבליני טעם וריח,IL,תבליני טעם וריח מיכל קטן אורגנו 10 גרם,גרמים,10.00,100 גרם,false,1,6.90,0.6900,true,1,292317
7290002517269,false,פלפל שחור שלם 35 גרם,תות ממתקי איכות,IL,תבליני טעם וריח פלפל שחור שלם 35 גרם,גרמים,35.00,100 גרם,false,1,9.90,0.2829,true,1,292495
7290002517276,false,פלפל אנגלי שלם 25 גר,תות ממתקי איכות,IL,תבליני טעם וריח מיכל קטן פלפל אנגלי שלם 25 גרם,גרמים,25.00,100 גרם,false,1,6.90,0.2760,true,1,292205
7290002517283,false,פלפל שחור גרוס 40 גר,תות ממתקי איכות,IL,תבליני טעם וריח מיכל פלפל שחור גרוס 40 גרם,גרמים,40.00,100 גרם,false,1,9.90,0.2475,true,1,292318
7290002517290,false,קינמון טחון 40 גרם,תבליני טעם וריח,IL,"תבליני טעם וריח, 100% קינמון טחון, 40 גרם",גרמים,40.00,100 גרם,false,1,6.90,0.1725,true,1,292206
7290002517603,false,בזיליקום ריחן 10 גרם,תבליני טעם וריח,IL,"תבליני טעם וריח בזיליקום (ריחן), 10 גרם",גרמים,10.00,100 גרם,false,1,6.90,0.6900,true,1,291854
7290002517634,false,כוסברה 30 גר,תות ממתקי איכות,IL,תבליני טעם וריח כוסברה 30 גרם,גרמים,30.00,100 גרם,false,1,6.90,0.2300,true,1,291856
7290002517658,false,כורכום 40 גרם,יוליניבר,IL,תבליני טעם וריח כורכום 100% 40 גרם,גרמים,40.00,100 גרם,false,1,6.90,0.1725,true,1,291858
7290002517689,false,אבקת קרי 40 גרם,תות ממתקי איכות,IL,תבליני טעם וריח אבקת קרי 40 גרם,גרמים,40.00,100 גרם,false,1,6.90,0.1725,true,1,291860
7290002517733,false,קצח,תות ממתקי איכות,IL,"תבליני טעם וריח, 100% קצח, 40 גרם",גרמים,40.00,100 גרם,false,1,6.90,0.1725,true,1,291863
7290002517801,false,"צ""ילי כתוש חריף 30 ג",תבליני טעם וריח,IL,"תבליני טעם וריח, 100% צ'ילי גרוס חריף, 30 גרם",גרמים,30.00,100 גרם,false,1,6.90,0.2300,true,1,291869
7290002517825,false,פלפל לבן טחון 40 גרם,תבליני טעם וריח,IL,"תבליני טעם וריח, 100% פלפל לבן טחון, 40 גרם",גרמים,40.00,100 גרם,false,1,9.90,0.2475,true,1,291871
7290002517849,false,שום גבישי 50 גרם,תות ממתקי איכות,IL,תבליני טעם וריח מיכל קטן שום גבישי 50 גרם,גרמים,50.00,100 גרם,false,1,6.90,0.1380,true,1,291872
7290002517863,false,ציפורן טחון 40 גרם,תבליני טעם וריח,IL,"תבליני טעם וריח, ציפורן טחון 100%, 40 גרם",גרמים,40.00,100 גרם,false,1,9.90,0.2475,true,1,291874
7290002542506,false,בירה קורונה בקבוק 35,קריניציה ויטמינה אס,MX,בירה קורונה אקסטרה 355 מל,מיליליטרים,355.00,"100 מ""ל",false,1,10.90,0.0307,true,1,299125
7290002542773,false,סטלה ארטואה - בק 330,סטלה,BE,סטלה ארטואה בק 330 מל,מיליליטרים,330.00,"100 מ""ל",false,1,9.90,0.0300,true,1,358223
7290002542780,false,סטלה ארטואה - שישיה,סטלה,BE,סטלה ארטואה שישיה  6 בק*330 מל,ליטרים,1.32,ליטר,false,1,39.90,30.2273,true,1,358224
7290002542797,false,בירה לף בלונד בקבוק,לף,BE,בירה לף בלונד בקבוק 330 מל,מיליליטרים,330.00,"100 מ""ל",false,1,12.90,0.0391,true,1,358225
7290002542810,false,בירה הוגרדן בקבוק 33,הוגרדן,BE,בירה הוגרדן בקבוק 330 מל,מיליליטרים,330.00,"100 מ""ל",false,1,12.90,0.0391,true,1,358226
7290002543046,false,דגני קלוגס פרוסטיס 7,קלוג מנייופרטורינג א,ES,קלוגס פרוסטיס פתיתי תירס בציפוי סוכר 750 גרם,גרמים,750.00,100 גרם,false,1,23.90,0.0319,true,1,281480
7290002543237,false,קורנפלקס קלוגס 750 ג,קלוגס קומפני אוף גרי,,קלוגס קורנפלקס 750 גרם,גרמים,750.00,100 גרם,false,1,19.90,0.0265,true,1,281486
7290002551003,false,טונה בשמן סטארקיסט,סטארקיסט,,טונה בשמן סטארקיסט  160 גרם,גרמים,160.00,100 גרם,false,1,8.50,0.0531,true,1,281492
7290002551010,false,טונה במים סטארקיסט 1,"סטארקיסט פודור בע""מ",TR,ס.ק  טונה במים 160גרם-בי,גרמים,160.00,100 גרם,false,1,8.50,0.0531,true,1,281493
7290002577492,false,פילה דג הרינג מלוח ב,מיוצר על ידי קוד יצר,IL,דלידג פילה דג הרינג מלוח בשמן 340 גרם,גרמים,240.00,100 גרם,false,1,25.90,0.1079,true,1,324649
7290002577508,false,פילה דג הרינג מלוח ב,מיוצר על ידי קוד יצר,IL,דלידג פילה דג הרינג מלוח בשמן ובצל 350 גרם,גרמים,240.00,100 גרם,false,1,25.90,0.1079,true,1,324648
7290002603498,false,פיצת השף שגב אנטיפסט,סוילה אס.אר.אל,IT,שגב פיצת השף אנטיפסטי 220 גרם,גרמים,220.00,100 גרם,false,1,14.90,0.0677,true,1,329518
7290002657866,false,פילה אמנון דלידג,גואנדונג יוג'יה סיפו,,פילה אמנון דלידג,קילוגרמים,1.00,"ק""ג",true,,34.90,34.9000,true,1,309589
7290002692478,false,שמן זית כתית מעולה מ,"מרקאולאו, ספרד.אבסה,",IT,"שמן זית כתית מעולה מעודן עץ הזית 750 מ""ל",מיליליטרים,750.00,"100 מ""ל",false,1,36.90,0.0492,true,1,290505
7290002692782,false,תרסיס שמן זית 148 מל,קומפניה,IT,תרסיס שמן זית כ.מעולה,מיליליטרים,148.00,"100 מ""ל",false,1,15.90,0.1074,true,1,373841
7290002715504,false,תבשיל מגיק בכוס עוף,טאט הוי פוד בעמ,SG,ארוחת ירקות - בטעם עוף,גרמים,70.00,100 גרם,false,1,5.00,0.0714,true,1,281540
7290002715511,false,תבשיל מגיק בכוס בקר,טאט הוי פוד בעמ,SG,ארוחת ירקות - בטעם בשר,גרמים,70.00,100 גרם,false,1,5.00,0.0714,true,1,281541
7290002715528,false,תבשיל מגיק ירקות כוס,טאט הוי פוד בעמ,SG,ארוחת ירקות - בטעם ירקות,גרמים,70.00,100 גרם,false,1,5.00,0.0714,true,1,281542
7290002715580,false,תבשיל מגיק בכוס ירקו,טאט הוי פוד בעמ,SG,מג'יק ארוחת נודלס טעם סיני 70 גרם,גרמים,70.00,100 גרם,false,1,5.00,0.0714,true,1,281544
7290002730262,false,סבון כלים פלמוליב קל,קולגייט פלמוליב,GR,פלמוליב נוזל לניקוי כלים קלאסי 750 מל,מיליליטרים,750.00,"100 מ""ל",false,1,11.90,0.0159,true,1,281572
7290002730521,false,צמרוני אוזניים200 יח,ספטונה,GR,בלונס מקלות אוזניים כותנה 200 יח,גרמים,66.00,100 גרם,false,1,6.90,0.1045,true,1,281574
7290002730538,false,פדים להסרת איפור,הנסיך- מפעל לייצור ט,GR,בלונס פדיות להסרת איפור 80 יחידות,לא מנהל יחידת מידה,0.00,לא מנהל יחידת מידה,false,1,10.80,0.0000,true,1,362384
7290002730675,false,משחת שיניים קולגייט,קולגייט פלמוליב,PL,"משחת שיניים קולגייט אדומה 100 מ""ל",מיליליטרים,100.00,"100 מ""ל",false,1,9.90,0.0990,true,1,281577
7290002752332,false,סוכריות מנטוס פירות,פרפטי ואן מילה,NL,מנטוס סוכריות לעיסה בטעם פירות 37.5 גרם,גרמים,38.00,100 גרם,false,1,3.90,0.1026,true,1,281587
7290002752349,false,סוכריות מנטוס מנטה ג,פרפטי ואן מלה,NL,גליל מנטוס סוכריות לעיסה בטעם מנטה,גרמים,38.00,100 גרם,false,1,3.90,0.1026,true,1,285147
7290002753995,false,סוכריות דרזה צבעוני,וורנר,DE,6 סוגי דרז'ה צבעוני לקישוט 150 גרם,גרמים,150.00,100 גרם,false,1,19.90,0.1327,true,1,362394
7290002766056,false,עגבניות שרי תמר לב 5,רון שרי,IL,עגבניות שרי תמר לב 500 גרם,גרמים,500.00,100 גרם,false,1,9.90,0.0198,true,1,323951
7290002771111,false,קפה נחלה הל 250 גרם,מולינו ניקולי s.p.a,IL,אל נחל'ה קפה קלוי וטחון עם הל 250 גרם,גרמים,250.00,100 גרם,false,1,17.90,0.0716,true,1,281596
7290002771128,false,קפה תורכי נחלה 250 ג,מולינו ניקולי s.p.a,IL,קפה תורכי נחלה 250 גרם,גרמים,250.00,100 גרם,false,1,17.90,0.0716,true,1,430182
7290002814290,false,בלאנקו קצף אקונומיקה,קומפלקס כימיקלים,IL,בלאנקו קצף אקונומיקה מרוכז 7% חומר פעיל,ליטרים,1.00,ליטר,false,1,12.90,12.9000,true,1,434719
7290002814528,false,נוזל לניקוי אסלות 1,קומפלקס כימיקלים,IL,נוזל לניקוי אסלות 1 ליטר,ליטרים,1.00,ליטר,false,1,6.90,6.9000,true,1,430511
7290002814542,false,עלמה שקיות אשפה 25 י,אסיר פלסט,TR,עלמה שקיות אשפה 25 יחידות 75 90,יחידה,25.00,יחידה,false,1,10.90,0.4360,true,1,434723
7290002814887,false,סנט מוריץ מגבונים לח,,IL,סנט מוריץ מגבונים לחים לרצפה 10 יחידות,יחידה,10.00,יחידה,false,1,10.90,1.0900,true,1,434734
7290002824183,false,גבינה סקי 5%  פיקוח,"שטראוס בריאות בע""מ",IL,סקי משפחתי 5%,גרמים,500.00,100 גרם,false,1,9.96,0.0199,true,1,281632
7290002824466,false,יוגורט דנונה 0% טבעי,"שטראוס בריאות בע""מ",IL,דנונה ביו  0% 200 גרם,גרמים,200.00,100 גרם,false,1,3.70,0.0185,true,1,281633
7290002824640,false,גבינה סקי 5% פיקוח 2,"שטראוס בריאות בע""מ",IL,סקי 5% 250 גרם,גרמים,250.00,100 גרם,false,1,4.98,0.0199,true,1,281635
7290002830184,false,דג פילה לברק נטו,יושלם,,דג פילה לברק נטו,קילוגרמים,1.00,"ק""ג",true,,54.90,54.9000,true,1,382300
7290002830948,false,גבינה מון בלאן עיזים,"שלושת האופים בע""מ",IL,מון בלאן גבינת עיזים מותכת 120 גרם,גרמים,120.00,100 גרם,false,1,11.90,0.0992,true,1,299711
7290002868996,false,קוטג מועשר 5% טרה 25,טרה,,קוטג מועשר 5% טרה 250 גרם,גרמים,250.00,100 גרם,false,1,5.60,0.0224,true,1,290290
7290002871248,false,בירה טובורג בקבוק חו,מבשלות בירה בינלאומי,IL,"טובורג מלא חוזר חדש 500 מ""ל",מיליליטרים,500.00,"100 מ""ל",false,1,9.50,0.0190,true,1,281684
7290002871361,false,בירה קרלסברג בקבוק ח,מבשלות בירה בינלאומי,IL,קלסברג בירה 500 מל,מיליליטרים,500.00,"100 מ""ל",false,1,9.50,0.0190,true,1,281686
7290002879237,false,חטיף ציפס תירס ברביק,דדוש דניאל,,חטיף ציפס תירס ברביקיו 200 גרם,גרמים,200.00,100 גרם,false,1,12.90,0.0645,true,1,291736
7290002879282,false,חטיף ציפס תירס רגיל,פוקולוקו,,חטיף ציפס תירס רגיל 200 גרם,גרמים,200.00,100 גרם,false,1,12.90,0.0645,true,1,290592
7290002879299,false,מלפפונים גדולים בחומ,דדוש דניאל,,מלפפונים גדולים בחומץ 860 גרם,גרמים,860.00,100 גרם,false,1,19.90,0.0231,true,1,287512
7290002879305,false,מלפפונים קטנים בחומץ,דדוש דניאל,,מלפפונים קטנים בחומץ 860 גרם,גרמים,860.00,100 גרם,false,1,20.70,0.0241,true,1,287849
7290002879411,false,מלפפונים חמוץ מתוק 6,פולן,,מלפפונים חמוץ מתוק 680 גרם,גרמים,680.00,100 גרם,false,1,17.70,0.0260,true,1,431004
7290002879435,false,כרוב כבוש 900 גרם,פולן,,כרוב כבוש 900 גרם,גרמים,900.00,100 גרם,false,1,18.70,0.0208,true,1,295463
7290002900566,false,פסטרמה ברביקיו דש,טיב טירת צבי 2000,IL,א.מ פסטרמה ברביקיו דלת שומן 360 דרם,גרמים,360.00,100 גרם,false,1,30.90,0.0858,true,1,369302
7290002920311,false,קממבר צאן,יושלם,,"קממבר צאן 25% לק""ג גד",קילוגרמים,1.00,"ק""ג",true,,140.00,140.0000,true,1,281739
7290002921349,false,דבק סופר גלו לוקטיט,הנקל,,דבק סופר גלו לוקטיט,גרמים,100.00,100 גרם,false,1,11.90,0.1190,true,1,430526
7290002922117,false,עוגיות פרימיום 200-3,אקלר,,עוגיות פרימיום 200-300 גרם,גרמים,300.00,100 גרם,false,1,23.90,0.0797,true,1,287267
7290002929536,false,קובה למרק,"שלושת האופים בע""מ",IL,"קובה למרק 600 גר                       """,גרמים,600.00,100 גרם,false,1,17.90,0.0298,true,1,387699
7290002986652,false,ביסקוויט פתיבר שוקו,"אחים גטניו בע""מ",,ביסקוויט פתיבר שוקו גטניו 470 גרם,גרמים,470.00,100 גרם,false,1,9.90,0.0211,true,1,431019
7290003006021,false,סלט בסגנון פטה,גבינות ניצן,,סלט בסגנון פטה,קילוגרמים,1.00,"ק""ג",true,,85.00,85.0000,true,1,370358
7290003006120,false,טאפס עירוני פלפל ממו,גבינות ניצן,,"טאפס עירוני פלפל ממולא 1 ק""ג",קילוגרמים,1.00,"ק""ג",true,,159.00,159.0000,true,1,377336
7290003009183,false,סירופ דיאט פריגת תפו,גת,IL,"סירופ דיאט פריגת תפוחים 750 מ""ל",מיליליטרים,750.00,"100 מ""ל",false,1,23.90,0.0319,true,1,290241
7290003009312,false,בוטנים קלויים קליית,ששון ושות' (ש.ת. תעש,IL,בוטן קלוי 200 גר' שק',גרמים,200.00,100 גרם,false,1,7.90,0.0395,true,1,285225
7290003009329,false,בוטנים אמריקאיים קלי,ששון ושות' (ש.ת. תעש,IL,בוטן אמריק'200 גר'שק (ב(24,גרמים,200.00,100 גרם,false,1,6.90,0.0345,true,1,285149
7290003009336,false,קבוקים מצופים קליית,קוד יצרן JG,IL,קבוקים 200 גר'שק'ב24,גרמים,200.00,100 גרם,false,1,6.90,0.0345,true,1,286075
7290003009596,false,סירופ דיאט אשכוליות,גת,IL,"סירופ דיאט אשכוליות 750 מ""ל",מיליליטרים,750.00,"100 מ""ל",false,1,23.90,0.0319,true,1,369076
7290003009640,false,מיץ תפוזים סחוט פריג,גת,IL,סחוט תפוזים קלאסי 1 ליטר,ליטרים,1.00,ליטר,false,1,16.50,16.5000,true,1,281806
7290003015627,false,ריצפז סנופרש אפרסק 2,"סנו מפעלי ברונוס בע""",IL,ריצפז סנופרש אפרסק 2 ליטר,ליטרים,2.00,ליטר,false,1,18.90,9.4500,true,1,290932
7290003029181,false,שוקו יטבתה בקבוק 1 ל,מחלבת יטבתה,IL,שוקו 1 ליטר,ליטרים,1.00,ליטר,false,1,12.90,12.9000,true,1,281893
7290003029372,false,משקה חלב בננה יטבתה,מחלבת יטבתה,IL,בננה 1 ליטר,ליטרים,1.00,ליטר,false,1,12.90,12.9000,true,1,281898
7290003029389,false,משקה חלב בננה פקק ספ,מחלבת יטבתה,IL,"בננה פקק 250 מ""ל",מיליליטרים,250.00,"100 מ""ל",false,1,5.50,0.0220,true,1,281899
7290003029433,false,שוקו יטבתה פקק ספורט,מחלבת יטבתה,IL,"שוקו פקק 250 מ""ל",מיליליטרים,250.00,"100 מ""ל",false,1,5.50,0.0220,true,1,281901
7290003029532,false,מוקה יטבתה בקבוק 1 ל,מחלבת יטבתה,IL,מוקה 1 ליטר,ליטרים,1.00,ליטר,false,1,12.90,12.9000,true,1,281904
7290003029792,false,מארז שוקו יטבתה 8 שק,שטראוס גרופ,,מארז שוקו יטבתה 8 שקיות,ליטרים,1.80,ליטר,false,1,17.80,9.8889,true,1,290293
7290003029815,false,חלב מועשר 3% בכד יטב,מחלבת יטבתה,IL,חלב מועשר 3% בכד יטבתה 2 ליטר,ליטרים,2.00,ליטר,false,1,15.60,7.8000,true,1,290373
7290003029907,false,קפה יטבתה בקבוק 1 לי,מחלבת יטבתה,IL,אייס קפה 1 ליטר,ליטרים,1.00,ליטר,false,1,12.90,12.9000,true,1,290753
7290003047642,false,תה ליפטון אנגלי 100,"יונילוור רוסייה בע""מ",RU,תה שחור יילו לייבל,גרמים,150.00,100 גרם,false,1,18.90,0.1260,true,1,281916
7290003054183,false,לחם שיפון מסטמכר 500,מסטמכר,DE,לחם שיפון מסטמכר 500 גרם,גרמים,500.00,100 גרם,false,1,14.90,0.0298,true,1,281925
7290003054206,false,לחם שיפון+חמניות מסט,מסטמכר,DE,לחם שיפון+חמניות מסטמכר 500 גרם,גרמים,500.00,100 גרם,false,1,14.90,0.0298,true,1,430369
7290003054213,false,לחם שיפון כפרי מסטמכ,מסטמכר,DE,לחם שיפון כפרי מסטמכר 500 גרם,גרמים,500.00,100 גרם,false,1,14.90,0.0298,true,1,281928
7290003054220,false,לחם שיפון פומפרניקל,מסטמאכר ג'.אמ.בי.הי,DE,מסטמכר לחם שיפון פומפרניקל בנוסח ווסטפליה 500 גרם,גרמים,500.00,100 גרם,false,1,14.90,0.0298,true,1,281929
7290003054657,false,"חרדל דיז""ון אקסטרא פ",ריין דה דיז'ון,FR,חרדל דיז'ון אקסטרא פורטה 370 גרם,גרמים,370.00,100 גרם,false,1,12.90,0.0349,true,1,281931
7290003060009,false,"קמח חיטה לבן 1 ק""ג ס",טחנות ישראל,,"קמח חיטה לבן 1 ק""ג סוגת",קילוגרמים,1.00,"ק""ג",false,1,5.90,5.9000,true,1,281939
7290003060023,false,"סולת חיטה 1 ק""ג טחנו",טחנות ישראל,,"סולת חיטה 1 ק""ג טחנות ישראליות",קילוגרמים,1.00,"ק""ג",false,1,5.70,5.7000,true,1,281940
7290003060030,false,קמח חיטה מלאטחנות יש,טחנות ישראל,,"קמח חיטה מלא בשקית 1 ק""ג",קילוגרמים,1.00,"ק""ג",false,1,6.30,6.3000,true,1,430009
7290003060047,false,קמח תופח טחנות ישראל,טחנות ישראליות,,"קמח תופח בשקית 1  ק""ג",קילוגרמים,1.00,"ק""ג",false,1,5.90,5.9000,true,1,289300
7290003060078,false,קמח שיפון מלא טחנות,טחנות ישראל,IL,"קמח שיפון מלא טחנות ישראליות 1 ק""ג",קילוגרמים,1.00,"ק""ג",false,1,4.90,4.9000,true,1,430063
7290003060276,true,קמח בהיר מנופה,,,קמח בהיר מנופה,קילוגרמים,1.00,"ק""ג",false,1,8.90,8.9000,true,1,406325
7290003072828,false,נקניקיות פרנקפורטר 3,טירת צבי,IL,נקניקיות פרנקפורטר 320 גרם,גרמים,320.00,100 גרם,false,1,22.90,0.0716,true,1,426018
7290003072859,false,רוסטביף 120 גרם,הנסיך- מפעל לייצור ט,IL,טירת צבי דלקטיב רוסטביף 120 גרם,מיליליטרים,120.00,"100 מ""ל",false,1,26.90,0.2242,true,1,352624
7290003072965,false,קבנוס טירת צבי חריף,טירת צבי,IL,קבנוס טירת צבי חריף מעושן 120 גרם,גרמים,120.00,100 גרם,false,1,11.90,0.0992,true,1,426021
7290003072972,false,קבנוס טירת צבי תיבול,טירת צבי,IL,קבנוס טירת צבי תיבול שום 120 גרם,גרמים,120.00,100 גרם,false,1,11.90,0.0992,true,1,426022
7290003102136,false,צמר גפן COTTON SOFT,הדקלאים אגודת שיתופי,TR,צמר גפן מכותנה טבעית 100 גרם,גרמים,100.00,100 גרם,false,1,4.90,0.0490,true,1,302840
7290003120475,false,בירה טובורג מאלט בקב,מבשלות בירה בינלאומי,IL,"מאלטי מלא חוזר 500 מ""ל",מיליליטרים,500.00,"100 מ""ל",false,1,5.80,0.0116,true,1,430563
7290003126712,false,יוגורט עיזים 3.9%  1,משק צוריאל,IL,יוגורט עיזים 3.9%  150 גרם צוריאל,גרמים,150.00,100 גרם,false,1,6.20,0.0413,true,1,291034
7290003126958,false,טופו גולמי וואקום 30,א.י.ן תעשיות מזון בע,IL,טופו גולמי 300 גר,גרמים,300.00,100 גרם,false,1,12.70,0.0423,true,1,281976
7290003141159,false,מרשמלו יוגטה 180 גרם,סאדאט,TR,מרשמלו ממתק מוקצף בטעמי תות שדה ווניל 180 גרם,גרמים,180.00,100 גרם,false,1,8.90,0.0494,true,1,307232
7290003143146,false,ממרח תמרים 450 קלית,"טעמי הגליל בע""מ",IL,ממרח תמרים קלית גת 450 גר',גרמים,450.00,100 גרם,false,1,6.50,0.0144,true,1,340045
7290003144310,false,תערובת אגוזים וחמוצי,J&G PECANS,IL,תע'אגוזים וחמוציות 150 גר,גרמים,150.00,100 גרם,false,1,19.90,0.1327,true,1,321713
7290003145751,false,אגוזי קשיו קלויים קל,ששון ושות' (ש.ת. תעש,IL,"קליית גת אגוזי קלויים, 200 גרם",גרמים,200.00,100 גרם,false,1,19.90,0.0995,true,1,295341
7290003145959,false,פקאן,קוד יצרן JG,IL,פקאן טבעי 150 גרם,יחידה,150.00,יחידה,false,1,23.90,0.1593,true,1,373791
7290003185726,false,קבב מזרחי 500 גרם  ט,טיבון ויל אחזקות בעמ,IL,קבב מזרחי 500 גרם,גרמים,500.00,100 גרם,false,1,19.90,0.0398,true,1,282013
7290003208586,false,מרטיני לבן בקבוק 750,מרטיני ורוסי,IT,"מרטיני ביאנקו וורמוט לבן מתוק 750 מ""ל",מיליליטרים,750.00,"100 מ""ל",false,1,54.90,0.0732,true,1,299020
7290003208609,false,מרטיני אדום 750 מל,מרטיני ורוסי,IT,"מרטיני רוסו וורמוט אדום מתוק 750 מ""ל",מיליליטרים,750.00,"100 מ""ל",false,1,54.90,0.0732,true,1,299022
7290003220526,false,רוטב WOK  צילי חריף,THAI PREEDA TRADING,,"רוטב WOK  צילי חריף 700 מ""ל",מיליליטרים,700.00,"100 מ""ל",false,1,13.90,0.0199,true,1,298980
7290003220533,false,רוטב WOK צילי מתוק 7,THAI COCONUT CO,,"רוטב WOK צילי מתוק 700 מ""ל",מיליליטרים,700.00,"100 מ""ל",false,1,13.90,0.0199,true,1,298981
7290003220588,false,רוטב צילי  מתוקWOK,תאי פרידה אינדסטרי ב,,"רוטב צילי  מתוק דיאט 700 מ""ל          W",מיליליטרים,700.00,"100 מ""ל",false,1,15.90,0.0227,true,1,378901
7290003220595,false,אורז לסושי WOK  שקית,"מיה תעשיות מזון בע""מ",,"אורז לסושי WOK  שקית 1 ק""ג",קילוגרמים,1.00,"ק""ג",false,1,13.90,13.9000,true,1,302612
7290003220601,false,"רוטב WOK צ""ילי מתוק",THAI PREEDA TRADING,,"ווק צילי מתוק 300מ""ל WOK",מיליליטרים,300.00,"100 מ""ל",false,1,9.90,0.0330,true,1,378020
7290003220649,false,שמן שומשום WOK טהור,או שין הינג,SG,"ווק שמן שומשום 100% 150 מ""ל",מיליליטרים,150.00,"100 מ""ל",false,1,13.90,0.0927,true,1,319922
7290003220748,false,רוטב סויה בהירה 640,LINGHANG INDUSTRIA,,"רוטב סויה בהירה 640 מ""ל",מיליליטרים,640.00,"100 מ""ל",false,1,14.90,0.0233,true,1,304355
7290003220755,false,רוטב סויה כהה,ליאנג סאנג האנד הואד,,"רוטב סויה כהה 640 מ""ל",מיליליטרים,640.00,"100 מ""ל",false,1,14.90,0.0233,true,1,381317
7290003220779,false,ווק אטריות אורז עובי,THAI COCONUT CO,TH,"ווק אטריות אורז עובי 3 מ""מ 400 גרם",גרמים,400.00,100 גרם,false,1,9.90,0.0248,true,1,390707
7290003220830,false,ווק חומץ אורז יסמין,דיאמונד פריזרוד פודס,TH,"ווק חומץ אורז יסמין 500מ""ל WOK",מיליליטרים,500.00,"100 מ""ל",false,1,15.90,0.0318,true,1,388014
7290003220878,false,ווק רוטב מירין לתיבו,דיאמונד פריזרוד פודס,,"ווק רוטב מירין לתיבול 500מ""ל WOK",מיליליטרים,500.00,"100 מ""ל",false,1,18.90,0.0378,true,1,311279
7290003220939,false,מקלוני אורז דקים 400,אסיאן סופירה פודס חב,,מקלוני אורז דקים 400 גרם,גרמים,400.00,100 גרם,false,1,9.90,0.0248,true,1,314954
7290003224036,false,אוכמניות כחולות 300,מאמא מרי,US,אוכמניות כחולות                     300,גרמים,300.00,100 גרם,false,1,19.90,0.0663,true,1,375280
7290003229109,false,פסטרמה בפפריקה,טיב טירת צבי 2000,IL,נקניק הודו אפוי לח בתיבול פפריקה,גרמים,400.00,100 גרם,false,1,30.90,0.0772,true,1,282067
7290003229123,false,פסטרמה על גחלים 400,טיב טירת צבי 2000,IL,א.מ פסטרמה גחלים 400 גרם,גרמים,400.00,100 גרם,false,1,30.90,0.0772,true,1,282069
7290003229147,false,נקניק סלמי איטלקי 30,הנסיך- מפעל לייצור ט,IL,נקניק סלמי איטלקי טירת צבי 300 גרם,גרמים,300.00,100 גרם,false,1,31.90,0.1063,true,1,362676
7290003229154,false,נקניק סלמי קוניאק מו,טיב טירת צבי 2000,IL,סלמי קוניאק 300 גרם,גרמים,300.00,100 גרם,false,1,31.90,0.1063,true,1,362677
7290003229192,false,כתף בקר מעושן טירת צ,טיב טירת צבי 2000,IL,"טירת צבי, פסטרמה כתף בקר מעושנת  400 גרם",גרמים,400.00,100 גרם,false,1,34.90,0.0872,true,1,282073
7290003229222,false,סלמי תה 300גרם,טיב טירת צבי 2000,IL,סלמי תה 300 גרם,גרמים,300.00,100 גרם,false,1,23.90,0.0797,true,1,412596
7290003260102,false,נייר טואלט משי,שניר תעשיות,,נייר טואלט משי קומפקט 12 יח,מטרים,70700.00,מטר,false,1,36.90,0.0005,true,1,431137
7290003321155,false,דנונה בר דגנים פקאן,"שטראוס בריאות בע""מ",IL,דנונה בר פקאן,גרמים,175.00,100 גרם,false,1,4.80,0.0274,true,1,282096
7290003321292,false,גבינה סקי 9%  250 גר,"שטראוס בריאות בע""מ",IL,סקי 9% 250 גרם,גרמים,250.00,100 גרם,false,1,4.90,0.0196,true,1,282097
7290003400500,false,שוקולד ריזס קרמל עם,הרשי,,שוקולד ריזס קרמל עם בוטנים 47 גרם,גרמים,47.00,100 גרם,false,1,4.90,0.1043,true,1,310442
7290003402809,false,שוקולד ריזס לבן 39 ג,,,שוקולד ריזס לבן 39 ג,גרמים,39.00,100 גרם,false,1,4.90,0.1256,true,1,348773
7290003411696,false,מרקיות חד פעמי הנמל,,IL,הנמל מרקיות לבן 25 יחידות,יחידה,0.00,יחידה,false,1,10.90,0.0000,true,1,285630
7290003414406,false,הרשי שבבי אפיה בוטני,,,הרשי שבבי אפיה בוטנים,גרמים,283.00,100 גרם,false,1,17.90,0.0633,true,1,392754
7290003423909,false,שוקולד הרשיז קוקיז א,הרשי,,שוקולד הרשיז קוקיז אנד קרים 43 גרם,גרמים,43.00,100 גרם,false,1,4.90,0.1140,true,1,310667
7290003427154,false,שמן זית זיתא כתית מע,זיתא,IL,"זיתא שמן זית כתית מעולה, טעם מעודן 750 מל",מיליליטרים,750.00,"100 מ""ל",false,1,34.90,0.0465,true,1,287425
7290003427208,false,שמן זית כנען כ.מעולה,זיתא,IL,זיתא כנען שמן זית כתית מעולה 750 מל,מיליליטרים,750.00,"100 מ""ל",false,1,45.90,0.0612,true,1,371566
7290003438006,false,ממרח פסטו וצנובר אול,אוליביה גורמה (1996),IL,ממרח פסטו וצנובר אוליביה 180 גרם,גרמים,180.00,100 גרם,false,1,13.90,0.0772,true,1,282152
7290003438020,false,ממרח עגבניות מיובשות,אוליביה גורמה (1996),IL,ממרח עגבניות מיובשות אוליביה 190 גרם,גרמים,190.00,100 גרם,false,1,13.90,0.0732,true,1,282154
7290003444009,false,שוקולד ריזס חלב 42 ג,הרשי,,שוקולד ריזס חלב 42 גרם,גרמים,42.00,100 גרם,false,1,4.90,0.1167,true,1,310669
7290003450602,false,חרדל היינץ לחיץ 255,היינץ צפון אמריקה -,US,היינץ חרדל לחיץ 255 גרם,גרמים,255.00,100 גרם,false,1,10.90,0.0427,true,1,282166
7290003450725,false,חומץ היינץ בן יין אד,ה.י.היינץ קומפני ל.פ,US,היינץ חומץ יין 5% 355 מל,מיליליטרים,355.00,"100 מ""ל",false,1,12.90,0.0363,true,1,288243
7290003457991,false,טילון קורנטו קלאסיקו,"גלידת שטראוס בע""מ, ר",IL,קורנטו  מאגדת קורנטו וניל קלאסי 6 יחידות,גרמים,418.00,100 גרם,false,1,39.50,0.0945,true,1,282188
7290003514571,false,פריכיות אורז עם מלח,מנה,IL,פריכיות אורז עם מלח מנה 100 גרם,גרמים,100.00,100 גרם,false,1,5.90,0.0590,true,1,297666
7290003520572,false,6 מטריות חרוב,תופינית,,מטריות חרובים  54גרם,גרמים,54.00,100 גרם,false,1,14.90,0.2759,true,1,291441
7290003578313,false,לפתן דודדבן ללא חרצן,מולינו ניקולי s.p.a,HU,דובדבנים חמוצים מגולענים בסירופ 680 ג,גרמים,680.00,100 גרם,false,1,10.90,0.0160,true,1,282247
7290003643004,false,אורז בסמטי קלאסי סוג,"סוגת תעשיות בע""מ",IL,"אורז בסמטי קלאסי 1 ק""ג",קילוגרמים,1.00,"ק""ג",false,1,14.90,14.9000,true,1,282278
7290003643127,false,אבקת אפיה סוגת 1/10,"י. כהן בע""מ",IL,אבקת אפיה סוגת 10 גרם,Unknown,0.00,Unknown,false,1,3.00,0.0000,true,1,292293
7290003643134,false,סוכר וניל סוגת 10*10,"י. כהן בע""מ",IL,סוכר וניל סוגת 10 גרם,גרמים,100.00,100 גרם,false,1,3.70,0.0370,true,1,292291
7290003643158,false,קורנפלור סוגת,"אשבל בע""מ",IL,סוגת קורנפלור 200 גרם,גרמים,200.00,100 גרם,false,1,4.50,0.0225,true,1,282279
7290003643172,false,אבקת סוכר סוגת 100 ג,א.ל ייצור ושיווק תבל,IL,אבקת סוכר 100 גרם,גרמים,100.00,100 גרם,false,1,2.50,0.0250,true,1,292337
7290003643387,false,סוכר לבן בצנצנת פלסט,"סוגת תעשיות בע""מ",IL,"סוכר 1 ק""ג בצנצנת",קילוגרמים,1.00,"ק""ג",false,1,9.90,9.9000,true,1,282282
7290003643646,false,סוכר דמררה צנצנת סוג,"סוגת תעשיות בע""מ",IL,סוכר דמררה צנצנת 1 קג,קילוגרמים,1.00,"ק""ג",false,1,12.90,12.9000,true,1,282283
7290003643684,false,אפונה סוגת 500 גרם,"סוגת תעשיות בע""מ",IL,אפונה 500 גרם,גרמים,500.00,100 גרם,false,1,7.50,0.0150,true,1,291172
7290003643707,false,גריסים 500 גרם סוגת,"סוגת תעשיות בע""מ",IL,גריסים 500 גרם,גרמים,500.00,100 גרם,false,1,5.90,0.0118,true,1,361634
7290003643714,false,חומוס סוגת 500 גרם,"סוגת תעשיות בע""מ",IL,חומוס 500 גרם,גרמים,500.00,100 גרם,false,1,8.90,0.0178,true,1,292329
7290003643738,false,חיטה סוגת 500 גרם,"סוגת תעשיות בע""מ",IL,חיטה 500 גרם,גרמים,500.00,100 גרם,false,1,5.90,0.0118,true,1,292331
7290003643745,false,כוסמת סוגת 500 גרם,"סוגת תעשיות בע""מ",IL,כוסמת 500 גרם,גרמים,500.00,100 גרם,false,1,8.90,0.0178,true,1,292330
7290003643752,false,עדשים ירוקות סוגת 50,"סוגת תעשיות בע""מ",IL,עדשים ירוקות 500 גר',גרמים,500.00,100 גרם,false,1,8.50,0.0170,true,1,292473
7290003643769,false,עדשים אדומות 500 גרם,"סוגת תעשיות בע""מ",IL,עדשים אדומות 500 גרם,גרמים,500.00,100 גרם,false,1,7.90,0.0158,true,1,288480
7290003643776,false,פופקורן סוגת 500 גרם,"סוגת תעשיות בע""מ",IL,פופקורן 500 גרם,גרמים,500.00,100 גרם,false,1,6.50,0.0130,true,1,292327
7290003643783,false,קוקוס סוגת 100 גרם,"סוגת תעשיות בע""מ",IL,קוקוס 100 גרם,גרמים,100.00,100 גרם,false,1,4.20,0.0420,true,1,290063
7290003643806,false,שעועית לבנה סוגת 500,"סוגת תעשיות בע""מ",IL,שעועית לבנה 500 גרם,גרמים,500.00,100 גרם,false,1,12.90,0.0258,true,1,291566
7290003643813,false,שעועית אדומה סוגת 50,"סוגת תעשיות בע""מ",IL,שעועית אדומה 500 גרם,גרמים,500.00,100 גרם,false,1,12.90,0.0258,true,1,292332
7290003713929,false,טרס פסוס סלסה פהיטה,,,טרס פסוס סלסה פהיטה 200גרם,גרמים,200.00,100 גרם,false,1,17.90,0.0895,true,1,426758
7290003713950,false,טרס פסוס סלסה מקסיקנ,,,טרס פסוס סלסה מקסיקנה 200גרם,גרמים,200.00,100 גרם,false,1,16.90,0.0845,true,1,426759
7290003726141,false,טופו משק גאיה 300גרם,כפרי בריא משק ויילר,IL,טופו הבית בשיטת הייצור המסורתית,גרמים,300.00,100 גרם,false,1,12.90,0.0430,true,1,282328
7290003726592,false,טופו בטעם פסטו 300 ג,משק וואיילר,US,טופו בטעם פסטו 300 גרם  - כפרי בריא,גרמים,300.00,100 גרם,false,1,12.90,0.0430,true,1,432803
7290003726615,false,טופו ויילר 300 גרם,"משק ווילר בע""מ",IL,טופו ויילר 300 גרם,גרמים,300.00,100 גרם,false,1,12.90,0.0430,true,1,349542
7290003726875,false,טופו חומוס בתוספת פס,משק וואיילר,IL,טופו חומוס בתוספת פסטו  ויילר 300גרם,גרמים,300.00,100 גרם,false,1,13.90,0.0463,true,1,428977
7290003781652,false,צלפים במי מלח 350 גר,סוסיטס,TR,צלפים במי מלח 350 גרם,גרמים,350.00,100 גרם,false,1,9.90,0.0283,true,1,282341
7290003781850,false,גבינת קשקבל  יורו פר,,ES,גבינת קשקבל  יורו פרוסות 200גרם,גרמים,200.00,100 גרם,false,1,21.90,0.1095,true,1,427842
7290003804368,false,תיבולית קנור בזיליקו,יוניליוור ישראל מזון,IL,קנור תיבוליות בזיליקום 72 גרם,גרמים,72.00,100 גרם,false,1,10.30,0.1431,true,1,282374
7290003805501,false,פתית שוודי 300 גרם,יוניליוור ישראל מזון,IL,פתית שוודי קרקר דגנים פריך בסגנון שוודי,גרמים,300.00,100 גרם,false,1,18.20,0.0607,true,1,287402
7290003805587,false,פתית חיטה מלאה 250 ג,יוניליוור ישראל מזון,IL,פתיתי חיטה מלאה קרקר פריך עם חיטה מלאה,גרמים,250.00,100 גרם,false,1,18.20,0.0728,true,1,298271
7290003807482,false,רוטב טריאקי,יוניליוור ישראל מזון,IL,קנור רוטב טריאקי 370 גרם,מיליליטרים,300.00,"100 מ""ל",false,1,12.90,0.0430,true,1,292387
7290003821754,false,סלמון מעושן,"ויליגר, תעשיות בע""מ",IL,סלמון נורבגי בעישון טבעי 100 גרם,גרמים,100.00,100 גרם,false,1,15.90,0.1590,true,1,282394
7290003882922,false,עלי גפן ממולאים באור,אף.סי תבליני בגליל ב,CN,ויליפוד עלי גפן ממולאים באורז 400 גרם,גרמים,400.00,100 גרם,false,1,9.90,0.0248,true,1,282413
7290003896141,false,אלמנדוס ספרדי קליית,קוד יצרן JG,IL,אלמנדוס 200 גרם (ב(12,גרמים,200.00,100 גרם,false,1,8.90,0.0445,true,1,295765
7290003956012,false,פטאקי 16%,מחלבת השומרון בעמ,IL,פטאקי 16%,קילוגרמים,1.00,"ק""ג",true,,40.00,40.0000,true,1,432309
7290003989539,false,רביולי גבינה 400 EAT,"שטראוס גרופ בע""מ",IL,רביולי גבינה 400 EAT GOOD,גרמים,400.00,100 גרם,false,1,19.90,0.0497,true,1,282447
7290004011284,false,בסיס להכנת קצפת,ריצ' פרודקטס קורפריי,US,בסיס להכנת קצפת על בסיס צמחי ללא כולסטרול,מיליליטרים,212.00,"100 מ""ל",false,1,9.20,0.0434,true,1,375492
7290004011338,false,קצפת ריץ חלבי במיכל,איפקו איטליה,IT,קצפת מתוקה מוכנה,גרמים,250.00,100 גרם,false,1,14.90,0.0596,true,1,298434
7290004011345,false,קצפת ריץ פרווה במיכל,איפקו איטליה,IT,קצפת מתוקה מוכנה פרווה,גרמים,250.00,100 גרם,false,1,14.90,0.0596,true,1,302729
7290004011796,false,"קבבונים אל גאוצ""ו","טיבון ויל אחזקות בע""",IL,אל גאוצו קבבונים  400 גרם,גרמים,400.00,100 גרם,false,1,23.90,0.0597,true,1,299304
7290004011802,false,"צ""וריסוס אל גאוצ""ו",טיבון ויל אחזקות בעמ,IL,אל גאוצ'ו נקניות צ'וריסוס 400 גרם,גרמים,400.00,100 גרם,false,1,23.90,0.0597,true,1,299305
7290004011819,false,המבורגר ריב אנטריקוט,OF עבור נטו,IL,אל גאוצו המבורגר ריב אנטריקוט 360 גרם,גרמים,360.00,100 גרם,false,1,23.90,0.0664,true,1,303909
7290004011826,false,מיני המבורגר ריב אנט,טיבון ויל אחזקות בעמ,IL,אל גאוצ'ו מיני המבורגר ריב אנטריקוט 320 גרם,גרמים,320.00,100 גרם,false,1,23.90,0.0747,true,1,303591
7290004014407,false,סוכריות שוקולדM&M חמ,מרס נדרלנד,,סוכריות שוקולדM&M חמאת בוטנים 46 גרם,גרמים,46.00,100 גרם,false,1,5.80,0.1261,true,1,320350
7290004030216,false,נקטר חמוציות פריניב,הנסיך- מפעל לייצור ט,IL,פריניב נקטר חמוציות 1 ליטר,ליטרים,1.00,ליטר,false,1,12.50,12.5000,true,1,307026
7290004030223,false,מיץ תפוח 1 ליטר,הנסיך- מפעל לייצור ט,IL,פריניב מיץ תפוחים סחוט 100% טבעי 1 ליטר,ליטרים,1.00,ליטר,false,1,18.90,18.9000,true,1,432505
7290004030445,false,מיץ תפוזים פריניב 1,הנסיך- מפעל לייצור ט,IL,מיץ תפוזים פריניב 1 ליטר,ליטרים,1.00,ליטר,false,1,11.90,11.9000,true,1,430360
7290004030612,false,מיץ קיווי אגס ללא סו,הנסיך- מפעל לייצור ט,IL,"פריניב, מיץ קיווי אגס תפוח ללא תוספת סוכר 1 ליטר",ליטרים,1.00,ליטר,false,1,17.50,17.5000,true,1,431833
7290004030810,false,שייק 100% בננה פסיפל,הנסיך- מפעל לייצור ט,IL,"שייק 100% בננה פסיפלורה תפוז לל""ס 1ליטר",ליטרים,1.00,ליטר,false,1,18.90,18.9000,true,1,431264
7290004033736,false,לחם עננים בסגנון ברי,מאפית ברמן,IL,לחם עננים בסגנון בריוש עם פ עבות,גרמים,500.00,100 גרם,false,1,15.90,0.0318,true,1,435513
7290004048525,false,פילה אמנון,,,"פילה אמנון 5-7 לק""ג",קילוגרמים,1.00,"ק""ג",true,,34.90,34.9000,true,1,293328
7290004063016,false,מלח שולחן מעולה דק 1,"מלח הארץ בע""מ",IL,מלח שולחן,קילוגרמים,1.00,"ק""ג",false,1,2.07,2.0700,true,1,282557
7290004063115,false,"מלח בישול 1 ק""ג פיקו","מלח הארץ בע""מ",IL,מלח מטבח,קילוגרמים,1.00,"ק""ג",false,1,2.07,2.0700,true,1,282558
7290004064082,false,מטחנה מלח ים טבעי  2,חברת מלח הארץ אילת ב,IL,מטחנת מלח ים 250 גרם,גרמים,250.00,100 גרם,false,1,13.90,0.0556,true,1,321845
7290004064099,false,מטחנה מלח מהרי ההימל,חברת מלח הארץ אילת ב,IL,מטחנת מלח הימלאיה 300 גרם,גרמים,250.00,100 גרם,false,1,15.90,0.0636,true,1,321843
7290004068011,false,יוגורט כבשים 5% בדלי,"מיוצר ע""י קוד יצרן M",IL,גד יוגורט מחלב כבשים מעודן בסגנון בלקני 5% שומן,גרמים,600.00,100 גרם,false,1,17.90,0.0298,true,1,306064
7290004068028,false,"משקה צזיקי 500 מ""ל",מיוצר על ידי קוד יצר,IL,"משקה צזיקי 500 מ""ל גד",מיליליטרים,500.00,"100 מ""ל",false,1,9.90,0.0198,true,1,307312
7290004068035,false,משקה יוגורט איירן בל,"מיוצר ע""י קוד יצרן M",IL,"משקה יוגורט איירן בלקני 500 מ""ל גד",מיליליטרים,500.00,"100 מ""ל",false,1,8.50,0.0170,true,1,307313
7290004068172,false,יוגורט עיזים 5%  600,קוד יצרן MKN,IL,גד יוגורט חלב עיזים 2.8% 600 גרם,גרמים,600.00,100 גרם,false,1,17.90,0.0298,true,1,307362
7290004068332,false,גבינת קממבר בקר משול,מחלבת גד,,"גבינת קממבר בקר משולשים לק""ג גד",קילוגרמים,1.00,"ק""ג",true,,115.00,115.0000,true,1,310850
7290004068424,false,גבינת גאודה גלגל גד,מחלבת גד,,גבינת גאודה גלגל גד לקג,קילוגרמים,1.00,"ק""ג",true,,115.00,115.0000,true,1,311450
7290004068585,false,גבינה גאודה עיזים גל,מחלבות גד,,גבינה גאודה עיזים גלגל גד לקג,קילוגרמים,1.00,"ק""ג",true,,140.00,140.0000,true,1,319918
7290004091217,false,לניקוי כלי כסף,כולפ פורטוגל,PT,"גודרדס, חומר לניקוי והברקת כלי כסף  144 מל",מיליליטרים,125.00,"100 מ""ל",false,1,17.90,0.1432,true,1,363015
7290004119225,false,יוגורט יופלה אננס 3%,תנובה בעמ,IL,יופלה יוגורט אננס 3% גביע 150 גרם,גרמים,150.00,100 גרם,false,1,4.90,0.0327,true,1,282576
7290004119973,false,מעדן קרלו שוקו 3%  1,מחלבת אלון תבור,IL,קרלו מעדן שוקו רביעיה גביע 125 גרם 1.5%,גרמים,125.00,100 גרם,false,1,3.20,0.0256,true,1,282580
7290004120061,false,מעדן קרלו שוניל 1.5%,מחלבת אלון תבור,IL,קרלו שוניל 1.5% שומן 125 גרם,גרמים,125.00,100 גרם,false,1,3.20,0.0256,true,1,282581
7290004120108,false,יוגורט יופלה דיאט דו,תנובה בעמ,IL,יופלה דיאט יוגורט דובדבן %0 גביע 150גרם,גרמים,150.00,100 גרם,false,1,4.90,0.0327,true,1,282582
7290004120566,false,גבינה בולגרית פיראוס,תנובה,IL,פיראוס בולגרית 24% שומן 250 גרם,גרמים,250.00,100 גרם,false,1,23.90,0.0956,true,1,282586
7290004120573,false,גבינה בולגרית פיראוס,תנובה,IL,גבינה בולגרית מלוחה 16% שומן,גרמים,250.00,100 גרם,false,1,23.90,0.0956,true,1,282587
7290004120634,false,גבינה בולגרית פיראוס,תנובה,IL,פיראוס גבינה בולגרית 5% שומן,גרמים,250.00,100 גרם,false,1,23.90,0.0956,true,1,282588
7290004121488,false,יוגורט יופלה דיאט אפ,תנובה בעמ,IL,יופלה יוגורט עם אפרסק 0% שומן 150 גרם,גרמים,150.00,100 גרם,false,1,4.90,0.0327,true,1,282591
7290004121754,false,יוגורט יופלה 3% עוגת,תנובה בעמ,IL,יופלה יוגורט עוגת גבינה ותות %3 150 גרם,גרמים,150.00,100 גרם,false,1,4.90,0.0327,true,1,282595
7290004121853,false,גבינה בולגרית קוביות,תנובה,IL,פירוס בולגרית קוביות 5% 200 גרם,גרמים,200.00,100 גרם,false,1,21.90,0.1095,true,1,282597
7290004122119,false,השף הלבן פתיתי גבע פ,תנובה,IL,תנובה השף הלבן פתיתי גבע פרמזן 23% שומן,גרמים,100.00,100 גרם,false,1,12.90,0.1290,true,1,287277
7290004122195,false,גבינה קשה גוש חלב פר,תנובה,IL,גוש חלב פרוסות גבינה צהובה חצי קשה 28% שומן מהדרין,גרמים,200.00,100 גרם,false,1,14.50,0.0725,true,1,287118
7290004122270,false,גבינה עמק פרוס פתיחה,תנובה,IL,עמק קלאסית פרוסות גבינה חצי קשה 28% 200 גרם,גרמים,200.00,100 גרם,false,1,15.90,0.0795,true,1,282600
7290004122348,false,גבינה קשה עמק לייט 9,תנובה,IL,עמק גבינה צהובה חצי קשה 9% מופחתת שומן,גרמים,200.00,100 גרם,false,1,16.80,0.0840,true,1,282601
7290004122676,false,גבינה חמד לייט   5%,"תנובה,מחלבת טנא נוגה",IL,פיראוס לייט חמד גבינה כפרית מלוחה 5% שומן,גרמים,250.00,100 גרם,false,1,18.90,0.0756,true,1,291473
7290004122683,false,אצבעות גבינה עמק 172,תנובה,IL,עמק חטיף אצבעות גבינה חצי קשה 28% שומן,גרמים,172.00,100 גרם,false,1,16.90,0.0983,true,1,292839
7290004124205,false,יוגורט יופלה דיאט תו,תנובה בעמ,IL,יופלה דיאט יוגורט תות %0 גביע 150 גרם,גרמים,150.00,100 גרם,false,1,4.90,0.0327,true,1,282609
7290004124847,false,קצפת צמחית 500 מל,סוי מג'יק,IL,"קצפת צמחית השף הלבן 500מ""ל",מיליליטרים,500.00,"100 מ""ל",false,1,16.70,0.0334,true,1,369346
7290004125400,false,"שלי אשל פיקוח 200 מ""","תנובה, מחלבת אלון תב",IL,תנובה אשל לבן 4.5% שומן,מיליליטרים,200.00,"100 מ""ל",false,1,1.69,0.0084,true,1,282619
7290004125417,false,"שלי גיל פיקוח 200 מ""",תנובה,IL,תנובה גיל לבן 3% 206 גרם,מיליליטרים,200.00,"100 מ""ל",false,1,1.51,0.0076,true,1,282620
7290004125455,false,שמנת 15% תנובה פיקוח,תנובה,IL,שמנת אורגינל 15% שומן 200 מל,מיליליטרים,200.00,"100 מ""ל",false,1,2.40,0.0120,true,1,282621
7290004125462,false,שמנת חמוצה      15%,תנובה,IL,תנובה אורגינל שמנת חמוצה 15% שומן 500 מל,גרמים,500.00,100 גרם,false,1,6.00,0.0120,true,1,365146
7290004125509,false,שמנת תנובה 15% חצי מ,תנובה,IL,תנובה שמנת 15% חצי מנה 100 מל,מיליליטרים,100.00,"100 מ""ל",false,1,1.70,0.0170,true,1,282622
7290004125578,false,משקה סויה מועשר בסיד,סוי מג'יק,IL,משקה סויה מועשר בסידן 1 ליטר,ליטרים,1.00,ליטר,false,1,11.50,11.5000,true,1,282623
7290004125585,false,משקה סויה על הבוקר ו,סוי מג'יק,IL,משקה סויה על הבוקר וניל 1 ליטר,ליטרים,1.00,ליטר,false,1,10.90,10.9000,true,1,282624
7290004125721,false,שמנת לבישול 15%  250,תנובה,IL,"השף הלבן שמנת לבישול ,שמנת עמידה לבישול 15% 250 מל",מיליליטרים,250.00,"100 מ""ל",false,1,8.30,0.0332,true,1,282627
7290004125738,false,שמנת להקצפה 32%  250,תנובה,IL,"שמנת להקצפה 32%  250 מ""ל",מיליליטרים,250.00,"100 מ""ל",false,1,6.90,0.0276,true,1,282628
7290004125776,false,גבינה קשה עמק 28% פר,תנובה,IL,עמק פרוס 28% 400 גרם בקופסא,גרמים,400.00,100 גרם,false,1,29.90,0.0747,true,1,290558
7290004126674,false,גבינה צהובה טל העמק,תנובה,IL,גבינה צהובה טל העמק 9% לייט 200 גרם,גרמים,200.00,100 גרם,false,1,18.90,0.0945,true,1,282634
7290004126759,false,יוגורט יופלה דיאט פי,תנובה בעמ,IL,יופלה דיאט פירות יער %0 גביע  150 גרם,גרמים,150.00,100 גרם,false,1,4.90,0.0327,true,1,282635
7290004126872,false,שוקו תנובה בקבוק 250,תנובה,IL,"שוקו תנובה בקבוק 250 מ""ל",מיליליטרים,250.00,"100 מ""ל",false,1,5.90,0.0236,true,1,290973
7290004127329,false,קוטג 5% תנובה 250 גר,מחלבת אלון תבור,IL,קוטג 5% תנובה 250 גרם,גרמים,250.00,100 גרם,false,1,5.70,0.0228,true,1,282643
7290004127336,false,קוטג 9% תנובה 250 גר,מחלבת אלון תבור,IL,קוטג 9% תנובה 250 גרם,גרמים,250.00,100 גרם,false,1,5.70,0.0228,true,1,282644
7290004127800,false,גבינה למריחה 5% פיקו,מחלבת אלון תבור,IL,גבינה למריחה 5% פיקוח 500 גרם,גרמים,500.00,100 גרם,false,1,9.96,0.0199,true,1,282647
7290004127817,false,גבינה למריחה     9%,מחלבת אלון תבור,IL,גבינה למריחה 500 9% גרם,גרמים,500.00,100 גרם,false,1,9.50,0.0190,true,1,282648
7290004127862,false,גבינה למריחה     5%,מחלבת אלון תבור,IL,גבינה למריחה 750 5% גרם,גרמים,750.00,100 גרם,false,1,14.94,0.0199,true,1,363058
7290004128333,false,גבינת לאבנה,תנובה,IL,פיראוס גבינת לאבנה אסלית 9% שומן,גרמים,500.00,100 גרם,false,1,19.90,0.0398,true,1,365716
7290004128364,false,גבינת קרם שמנת 5% זי,"תנובה, מחלבת תל יוסף",IL,קרם גבינת שמנת 5% עם זיתים ירוקים 200 גרם,גרמים,200.00,100 גרם,false,1,11.90,0.0595,true,1,282654
7290004128401,false,גבינת פטה כבשים במשק,תנובה,,גבינת פטה כבשים במשקל,קילוגרמים,1.00,"ק""ג",true,,105.00,105.0000,true,1,368933
7290004128432,false,פתיתים מיוחדים לפיצה,תנובה,IL,פתיתים מיוחדים לפיצה על בסיס גבינה,גרמים,500.00,100 גרם,false,1,22.20,0.0444,true,1,372471
7290004129101,false,גבינת שמנת נפוליאון,מחלבת אלון תבור,IL,גבינת שמנת נפוליאון טבעי 225 גרם,גרמים,225.00,100 גרם,false,1,13.90,0.0618,true,1,282660
7290004129118,false,גבינת שמנת נפוליאון,מחלבת אלון תבור,IL,גבינת שמנת נפוליאון זיתים 225 גרם,גרמים,225.00,100 גרם,false,1,13.90,0.0618,true,1,282661
7290004129156,false,גבינת שמנת נפוליאון,מחלבת אלון תבור,IL,גבינת שמנת נפוליאון שום שמיר 225 גרם,גרמים,225.00,100 גרם,false,1,13.90,0.0618,true,1,282662
7290004129545,false,גבינה לבנה 3% תנובה,מחלבת אלון תבור,IL,גבינה לבנה 3% תנובה 250 גרם,גרמים,250.00,100 גרם,false,1,4.80,0.0192,true,1,282664
7290004129736,false,יוגורט יופלה לבן 1.5,תנובה,IL,יוגורט,גרמים,200.00,100 גרם,false,1,4.30,0.0215,true,1,288396
7290004129767,false,מאגדת יופלה לבן  3%,מחלבת אלון תבור,IL,מאגדת יופלה לבן 3% שמינייה,קילוגרמים,1.20,"ק""ג",false,1,18.90,15.7500,true,1,288397
7290004130794,false,משקה סויה מועשר מופח,סוי מג'יק,IL,משקה סויה מועשר מופחת מתיקות 1 ליטר,ליטרים,1.00,ליטר,false,1,11.50,11.5000,true,1,286135
7290004130916,false,יוגורט יופלה פירות י,תנובה בעמ,IL,יוגורט יופלה פירות יער שמנת 150 גרם,גרמים,150.00,100 גרם,false,1,4.90,0.0327,true,1,290511
7290004131074,false,חלב 3% קרטון מהדרין,תנובה,IL,חלב 3% קרטון מהדרין פיקוח 1 ליטר,ליטרים,1.00,ליטר,false,1,6.23,6.2300,true,1,282667
7290004131227,false,גבינה למריחה,מחלבת אלון תבור,IL,גבינה למריחה 500 3% גרם,גרמים,500.00,100 גרם,false,1,9.50,0.0190,true,1,289012
7290004131432,false,יוגורט יופלה 3% לבן,מחלבת אלון תבור,IL,יופלה לבן 3% גביע 200 גרם,גרמים,200.00,100 גרם,false,1,3.80,0.0190,true,1,288398
7290004131456,false,יוגורט יופלה 1.5% לב,מחלבת אלון תבור,IL,יופלה לבן 1.5% גביע 200 גרם,גרמים,200.00,100 גרם,false,1,3.80,0.0190,true,1,288399
7290004131814,false,גבינה צפתית מעודנת 5,תנובה מחלבת טנא נוגה,IL,פיראוס צפתית 5% מעודנת 200 גרם,גרמים,200.00,100 גרם,false,1,15.30,0.0765,true,1,289133
7290004132552,false,משקה סויה דיאט 1 ליט,סוי מג'יק,IL,משקה סויה דיאט 1 ליטר,ליטרים,1.00,ליטר,false,1,10.90,10.9000,true,1,289557
7290004132712,false,אצבעות עמק 172 גרם,תנובה,IL,עמק חטיף אצבעות גבינת מוצרלה 172 גרם 20%,גרמים,172.00,100 גרם,false,1,16.90,0.0983,true,1,288984
7290004133511,false,מאג.יופלה לבן מעוד,מחלבת אלון תבור,IL,יופלה שמיניה לבן מעודן 1.5%,קילוגרמים,1.20,"ק""ג",false,1,20.50,17.0833,true,1,289067
7290004133627,false,חלב 3% על הבוקר קרטו,תנובה,IL,חלב 3% על הבוקר קרטון +פקק 1 ליטר,ליטרים,1.00,ליטר,false,1,8.30,8.3000,true,1,289125
7290004135324,false,גבינה בולגרית מעודנת,תנובה מרכז שיתופי לש,,"בולגרית מעודנת 1 5% ק""ג",קילוגרמים,1.00,"ק""ג",true,,49.00,49.0000,true,1,369997
7290004135614,false,גבינה בולגרית מעודנת,תנובה,IL,פיראוס גבינה בולגרית מעודנת 5% שומן,גרמים,250.00,100 גרם,false,1,22.70,0.0908,true,1,293501
7290004136598,false,מארז הפסקת אוכל חלב,"תנובה, מחלבת טנא נוג",IL,מארז הפסקת אוכל חלב+דגנים,לא מנהל יחידת מידה,0.00,לא מנהל יחידת מידה,false,1,9.30,0.0000,true,1,292900
7290004136857,false,גלי בטעם פטל 125 גרם,סוי מג'יק,IL,גלי בטעם פטל 125 גרם,גרמים,125.00,100 גרם,false,1,2.30,0.0184,true,1,292865
7290004136864,false,גלי אננס וחתיכות פרי,סוי מג'יק,IL,גלי אננס וחתיכות פרי 125 גרם,גרמים,125.00,100 גרם,false,1,2.70,0.0216,true,1,371271
7290004136871,false,מעדן גלי אפרסק חתיכו,סוי מג'יק,IL,מעדן גלי אפרסק חתיכות פרי           125,גרמים,125.00,100 גרם,false,1,2.70,0.0216,true,1,371272
7290004137021,false,שמנת לבישול 10% מופח,תנובה,IL,תנובה השף הלבן שמנת לבישול עם סיבים 10% שומן,מיליליטרים,250.00,"100 מ""ל",false,1,8.30,0.0332,true,1,294219
7290004137311,false,גבינה עמק 9% לייט 40,תנובה,IL,עמק גבינה צהובה חצי קשה 9% שומן,גרמים,400.00,100 גרם,false,1,30.50,0.0763,true,1,293908
7290004161019,false,סלמון  מונטה קרלו 10,מונטה קרלו,IL,סלמון  מונטה קרלו 100 גרם,גרמים,100.00,100 גרם,false,1,26.90,0.2690,true,1,359952
7290004161033,false,פילה דג סלמון מעושן,מונטה קרלו,IL,פילה דג סלמון מעושן פסור  500גרם,גרמים,500.00,100 גרם,false,1,135.00,0.2700,true,1,430244
7290004199166,false,כפפות לטקס 100 יח מי,הדקלאים אגודת שיתופי,TH,EASY TOUCH כפפות לטקס גודל: Small,יחידה,1.00,יחידה,false,1,34.90,34.9000,true,1,431175
7290004199173,false,כפפות לטקס איזי טאצ,הדקלאים אגודת שיתופי,TH,EASY TOUCH כפפות לטקס גודל: Medium,לא מנהל יחידת מידה,0.00,לא מנהל יחידת מידה,false,1,34.90,0.0000,true,1,295591
7290004199180,false,כפפות לטקס איזי טאצ,הדקלאים אגודת שיתופי,TH,EASY TOUCH כפפות לטקס גודל: Large,יחידה,1.00,יחידה,false,1,34.90,34.9000,true,1,295592
7290004199203,false,קיסמיי שיניים מבמבוק,הדקלאים אגודת שיתופי,CN,קיסמי שיניים מבמבוק מלחייה 300 יח',Unknown,0.00,Unknown,false,1,2.90,0.0000,true,1,431252
7290004199579,false,פלסטר SUNNY מעורב 10,הדקלאים אגודת שיתופי,CN,סאני פלסטר 100 פלסטרים בגדלים שונים סטריליים,גרמים,0.00,100 גרם,false,1,9.90,0.0000,true,1,430416
7290004200930,false,"זיקוק זוג 15 ס""מ בשק",F.T.I,,זיקוק זוג 15 סמ בשקית,יחידה,1.00,יחידה,false,1,6.80,6.8000,true,1,308462
7290004219819,false,מלבין קפה קומפלטה 20,מולינו ניקולי s.p.a,NL,קומפלטה מלבין קפה הולנדי 200 גרם,גרמים,200.00,100 גרם,false,1,11.90,0.0595,true,1,282730
7290004225285,false,דאנאבול דנית 100 ג,מאמן מג'רי,DK,רכיבי חלב ושומן צמחי בסגנון דנאבלו 100 גרם,גרמים,100.00,100 גרם,false,1,12.40,0.1240,true,1,306297
7290004255428,false,נר נשמה מנורה בפחית,מנורה,IL,נר נשמה מנורה בפחית  24 שעות,יחידה,1.00,יחידה,false,1,2.50,2.5000,true,1,354564
7290004324605,false,גבינה מון בלאן רוקפו,"שלושת האופים בע""מ",IL,גבינה מון בלאן רוקפור 120 גרם,גרמים,120.00,100 גרם,false,1,11.90,0.0992,true,1,291203
7290004339425,false,שווארמה מהצומח סייטן,טבע דלי בעמ,IL,טבע דלי סייטן שווארמה 350 גרם,גרמים,350.00,100 גרם,false,1,25.90,0.0740,true,1,282778
7290004339630,false,סייטן טבעי טבע דלי 3,פרח,IL,סייטן מקורי 350גרם טבע דלי,גרמים,350.00,100 גרם,false,1,20.90,0.0597,true,1,300459
7290004339777,false,סייטן טחון בולונז,טבע דלי,IL,סייטן  בולונז 350גרם טבע דלי,גרמים,350.00,100 גרם,false,1,25.90,0.0740,true,1,383692
7290004339784,false,בורגר על האש טבע דלי,טבע דלי,IL,בורגר על האש טבע דלי 400 גרם,גרמים,400.00,100 גרם,false,1,25.90,0.0647,true,1,311276
7290004339999,false,סייטן אמרנט שניצלוני,טבע דלי,IL,סייטן אמרנט שניצלונים טבע דלי 400 גרם,גרמים,400.00,100 גרם,false,1,30.90,0.0772,true,1,318235
7290004480332,false,גאודה בקר משולש גד ל,מחלבת גד,IL,"גאודה בקר משולש גד לק""ג",קילוגרמים,1.00,"ק""ג",true,,115.00,115.0000,true,1,429211
7290004480349,false,גאודה עיזים משולש גד,מחלבת גד,IL,"גאודה עיזים משולש גד לק""ג",קילוגרמים,1.00,"ק""ג",true,,140.00,140.0000,true,1,429212
7290004480363,false,"קאשקבל גלגל גד לק""ג",מחלבת גד,IL,"קאשקבל גלגל גד לק""ג",קילוגרמים,1.00,"ק""ג",true,,129.00,129.0000,true,1,429213
7290004492274,false,בייגלה טבעות מלוחות,אתר בייגל - Food,IL,בייגלה טבעות מלוחות 400 גרם,גרמים,400.00,100 גרם,false,1,11.90,0.0298,true,1,363166
7290004494131,false,יין דלתון קברנה סובנ,"איי, בי, אינבוו",IL,דלתון קברנה סוביניון 2019 יין אדום יבש,מיליליטרים,750.00,"100 מ""ל",false,1,64.90,0.0865,true,1,287974
7290004494148,false,יין דלתון מרלו 750 מ,"איי, בי, אינבוו",IL,דלתון יין 15% אדום יבש מרלו 2014,מיליליטרים,750.00,"100 מ""ל",false,1,64.90,0.0865,true,1,287626
7290004494179,false,יין דלתון שרדונה 750,"איי, בי, אינבוו",IL,יין דלתון שרדונה 750 מל,מיליליטרים,750.00,"100 מ""ל",false,1,64.90,0.0865,true,1,385257
7290004494353,false,יין דלתון עלמה לבן 2,יקב דלתון בעמ,IL,יין דלתון עלמה אייבורי 750מל,מיליליטרים,750.00,"100 מ""ל",false,1,79.90,0.1065,true,1,308800
7290004494377,false,יין דלתון שיראז 750,"איי, בי, אינבוו",IL,יין דלתון אדום יבש שיראז 2020 13.5% 750 מל,מיליליטרים,750.00,"100 מ""ל",false,1,64.90,0.0865,true,1,289830
7290004494599,false,יין דלתון עלמה,,IL,עלמה קרימזון דלתון 750 מל 2018,מיליליטרים,750.00,"100 מ""ל",false,1,79.90,0.1065,true,1,293233
7290004494919,false,כנען אדום קברנה שירא,כצט,IL,כנען אדום קברנה שיראז דלתון 750מל,מיליליטרים,750.00,"100 מ""ל",false,1,49.90,0.0665,true,1,325617
7290004554293,false,אסקימו ענבים,שטראוס,,אסקימו ענבים,לא מנהל יחידת מידה,0.00,לא מנהל יחידת מידה,false,1,2.90,0.0000,true,1,430762
7290004554330,false,שלגון אסקימו דובדבן,"מיוצר ע""י גלידת שטרא",IL,גלידת שטראוס קרטיב מחלוטה דובדבן 50 יחידות,גרמים,84.00,100 גרם,false,1,2.90,0.0345,true,1,285748
7290004554781,false,שלגון אסקימו לימון,שטראוס גלידות,,שלגון אסקימו לימון,גרמים,84.00,100 גרם,false,1,2.90,0.0345,true,1,282853
7290004554798,false,שלגון מטרה,"מיוצר ע"" גלידת שטראו",IL,שטראוס מטרה שלגון בטעמי פטל ולימון 80 גרם,גרמים,90.00,100 גרם,false,1,5.90,0.0656,true,1,430763
7290004584306,false,גמדים תות בננה רביעי,"שטראוס בריאות בע""מ",IL,4 גמדים תות בננה,גרמים,400.00,100 גרם,false,1,11.90,0.0298,true,1,282861
7290004584351,false,גבינה במרקם שמנת סימ,"שטראוס בריאות בע""מ",IL,סימפוניה החמישית,גרמים,200.00,100 גרם,false,1,11.90,0.0595,true,1,282862
7290004584528,false,יוגורט דנונה ביו 1.7,"שטראוס בריאות בע""מ",IL,דנונה ביו  1.7% 200 גרם,גרמים,200.00,100 גרם,false,1,3.70,0.0185,true,1,282863
7290004585907,false,מעדן דני וניל 125 גר,"שטראוס בריאות בע""מ",IL,דני וניל,גרמים,125.00,100 גרם,false,1,2.90,0.0232,true,1,282864
7290004658946,false,יין P.C שרדונה 750 מ,"כד בני דרום בע""מ",IL,"יין P.C שרדונה 750 מ""ל",מיליליטרים,750.00,"100 מ""ל",false,1,39.90,0.0532,true,1,282903
7290004658953,false,יין סוביניון,"כד בני דרום בע""מ",IL,"יין P.C סוביניון בלאן 750 מ""ל",מיליליטרים,750.00,"100 מ""ל",false,1,39.90,0.0532,true,1,287842
7290004658960,false,יין P.C אמרלד ריזלינ,אגודת הכורמים הקואופ,IL,"יין P.C אמרלד ריזלינג 750 מ""ל",מיליליטרים,750.00,"100 מ""ל",false,1,39.90,0.0532,true,1,282904
7290004685089,false,לחם הארץ חמניות,יוליניבר,IL,לחם הארץ חמניות,גרמים,500.00,100 גרם,false,1,15.90,0.0318,true,1,381819
7290004685126,false,לחם 5 דגנים לחם הארץ,יוליניבר,IL,לחם 5 דגנים לחם הארץ 750 גרם,גרמים,750.00,100 גרם,false,1,16.90,0.0225,true,1,282916
7290004685195,false,לחם 10 דגנים לחם האר,יוליניבר,IL,לחם 10 דגנים לחם הארץ 750 גרם,גרמים,750.00,100 גרם,false,1,16.90,0.0225,true,1,287109
7290004685201,false,לחם אגוזים לחם הארץ,יוליניבר,IL,הארץ שיפון אגוזים,גרמים,500.00,100 גרם,false,1,15.90,0.0318,true,1,363222
7290004685430,false,לחם כוסמין 500 גרם,יוליניבר,IL,לחם כוסמין 500 גרם,גרמים,500.00,100 גרם,false,1,15.90,0.0318,true,1,327459
7290004685454,false,לחם הארץ שיבולת שועל,מאפיות ברמן,IL,לחם הארץ שיבולת שועל 500גרם,גרמים,500.00,100 גרם,false,1,16.90,0.0338,true,1,426821
7290004685478,false,פיתות כוסמין 10 בשקי,מאפית ברמן,IL,פיתות כוסמין 10 בשקית  550 גרם,גרמים,550.00,100 גרם,false,1,17.90,0.0325,true,1,434682
7290004725600,false,גבינה סקנדינבית,,,גבינה סקנדינבית,קילוגרמים,1.00,"ק""ג",true,,81.90,81.9000,true,1,398822
7290004731083,false,אלסבון כיף גנסנג,טרופיקל דגיל תעשיות,IL,כיף 1 ליטר ג'נסינג,ליטרים,1.00,ליטר,false,1,15.90,15.9000,true,1,289260
7290004731670,false,מטהר אוויר דואופרש פ,"סנו מפעלי ברונוס בע""",IL,מבשם אוויר דואופרש לבנדר ופצ'ולי 300 מל,מיליליטרים,300.00,"100 מ""ל",false,1,11.90,0.0397,true,1,431022
7290004737719,false,אספרגוס שלם בצנצנת 3,יוליניבר,CN,אספרגוס שלם בצנצנת 330 גרם,גרמים,330.00,100 גרם,false,1,9.90,0.0300,true,1,282923
7290004737900,false,חלב מרוכז הולנדי ויל,גוד פוד פרודקטס S.p,LT,חלב מרוכז הולנדי ויליפוד 397 גרם,גרמים,397.00,100 גרם,false,1,10.90,0.0275,true,1,282926
7290004861315,false,לאבנה 5%,מחלבת המושבה,IL,לאבנה 5%,קילוגרמים,1.00,"ק""ג",true,,43.00,43.0000,true,1,397258
7290004861377,false,בולגרית למריחה 10% 2,מחלבת המושבה,IL,"בולגרית למריחה 10% 2 ק""ג",קילוגרמים,1.00,"ק""ג",true,,55.00,55.0000,true,1,430362
7290004861520,false,גבינת קרם שמנת 5%,מחלבת המושבה,IL,גבינת קרם שמנת 5%,קילוגרמים,1.00,"ק""ג",true,,37.00,37.0000,true,1,397259
7290004872021,false,קרחון רמזור,המאפיה של הרמן,IL,נסטלה קרחון רמזור בדצ 48*80גרם,Unknown,0.00,Unknown,false,1,2.90,0.0000,true,1,430764
7290004872250,false,שלגון אבטיח קיץ,תות תעשיות מזון (201,IL,שלגון אבטיח קיץ,Unknown,0.00,Unknown,false,1,6.90,0.0000,true,1,285168
7290004943301,false,ברוקולי מילוטל  800,משק ויילר,IL,ברוקולי מילוטל  800גרם,גרמים,800.00,100 גרם,false,1,13.90,0.0174,true,1,435691
7290004943806,false,כרובית מילוטל  800ג,משק ויילר,IL,כרובית מילוטל  800גרם,גרמים,800.00,100 גרם,false,1,13.90,0.0174,true,1,435692
7290004952075,false,הרדוף חלבה משומשום א,אחדות,IL,חלבה משומשום מלא אורגני,גרמים,300.00,100 גרם,false,1,21.90,0.0730,true,1,371325
7290004952778,false,טופו אורגני,כפר בריא בעמ,IL,טופו אורגני 300 גרם הרדוף,גרמים,300.00,100 גרם,false,1,15.90,0.0530,true,1,367607
7290004952785,false,פריכיות כסמת דקות  .,פרח תעשיות,IL,"פריכיות דקות, מאורז חום מלא אורגני וכוסמת אורגנית",גרמים,100.00,100 גרם,false,1,13.90,0.1390,true,1,371430
7290005008184,false,סבון פלמוליב נוזלי ש,קולגייט פלמוליב,TR,פלמוליב סבון נוזלי חלב שקדים 500 מל,מיליליטרים,500.00,"100 מ""ל",false,1,19.90,0.0398,true,1,283064
7290005008191,false,סבון נוזלי פלמוליב א,קולגייט פלמוליב,TR,500 מל סבון נוזלי פלמוליב so relaxed,מיליליטרים,500.00,"100 מ""ל",false,1,19.90,0.0398,true,1,283065
7290005020162,false,ויסקי בלנטיין בקבוק,פרנו,,וויסקי סקוטי בלנטייס פיינסט,מיליליטרים,700.00,"100 מ""ל",false,1,99.90,0.1427,true,1,291957
7290005020346,false,בקרדי לבן 750,תאגיד בקרדי,US,"בקרדי לבן 750 מ""ל",מיליליטרים,750.00,"100 מ""ל",false,1,119.90,0.1599,true,1,288981
7290005113222,false,מיקס זיתים A2יבנה ח,קדבורי,IL,קבוצת יבנה מיקס זיתים 560 גרם,גרמים,540.00,100 גרם,false,1,10.90,0.0202,true,1,295014
7290005158162,false,מקלוני כוסמין וכורכו,דגן,IL,מקלוני כוסמין וכורכום דגן  200 גרם,גרמים,200.00,100 גרם,false,1,26.90,0.1345,true,1,424894
7290005174513,false,סלט חציל במיונז אחלה,"שטראוס גרופ בע""מ",IL,חצילים במיונז 500 ג,גרמים,500.00,100 גרם,false,1,16.90,0.0338,true,1,363380
7290005174551,false,סלט חומוס יום יום 12,"שטראוס גרופ בע""מ",IL,חומוס יום-יום 125 גרם,גרמים,125.00,100 גרם,false,1,5.50,0.0440,true,1,283151
7290005174568,false,סלט חציל במיונז יום,"שטראוס גרופ בע""מ",IL,חציל במיונז 125 גרם,גרמים,125.00,100 גרם,false,1,5.50,0.0440,true,1,283152
7290005174575,false,סלט טחינה יום יום 12,"שטראוס גרופ בע""מ",IL,טחינה 125 משובחת,גרמים,125.00,100 גרם,false,1,4.90,0.0392,true,1,283153
7290005175428,false,קמח תירס אינסטנט 500,ריבארה,AR,קמח תירס אינסטנט 500גרם,גרמים,500.00,100 גרם,false,1,5.90,0.0118,true,1,430002
7290005175589,false,"קמח תירס 1 ק""ג",,,"קמח תירס 1 ק""ג",קילוגרמים,1.00,"ק""ג",false,1,9.90,9.9000,true,1,283156
7290005200786,false,תפוציפס טעם שמנת ובצ,"שטראוס פריטו ליי בע""",IL,תפו שמנת בצל 50 גר 48 יח - שמיטה,גרמים,50.00,100 גרם,false,1,3.90,0.0780,true,1,283177
7290005201882,false,קפה טורקי 200 גרם,שטראוס קפה בי.וי.,IL,עלית טורקי שקית 200ג/1שק'/200גר',גרמים,200.00,100 גרם,false,1,15.90,0.0795,true,1,283203
7290005271465,false,ביצים M אורגניות 12,גליקסמן שיווק ביצים,,ביצים M אורגניות 12 יחידות,לא מנהל יחידת מידה,0.00,לא מנהל יחידת מידה,false,1,23.90,0.0000,true,1,294704
7290005271687,false,ביצים L אומגה 3 לבן,גליקסמן שיווק ביצים,,ביצים L אומגה 3 לבן 12 יחידות,יחידה,1.00,יחידה,false,1,20.90,20.9000,true,1,295845
7290005271755,false,ביצים L חופש 12 יחיד,גליקסמן שיווק ביצים,,ביצים L חופש 12 יחידות,לא מנהל יחידת מידה,0.00,לא מנהל יחידת מידה,false,1,20.90,0.0000,true,1,296938
7290005287510,false,טונה סטארקיסט פלפל ח,תאי יוניון גרופ,TH,ס.ק עם פלפל חריף 160 גרם,גרמים,160.00,100 גרם,false,1,8.90,0.0556,true,1,293255
7290005287527,false,טונה סטארקיסט שמן עם,תאי יוניון גרופ,TH,ס.ק  בטעם לימון 160גרם,גרמים,160.00,100 גרם,false,1,8.90,0.0556,true,1,293256
7290005287534,false,טונה בשמן בעישון סטא,תאי יוניון גרופ,TH,סטארקיסט טונה בשמן בטעם מעושן,גרמים,160.00,100 גרם,false,1,8.90,0.0556,true,1,293257
7290005296260,false,אסטוניש רסס נגב לניק,פרח,,יעקבי אסטוניש ספריי ניקוי נגב 750 מל,מיליליטרים,750.00,"100 מ""ל",false,1,15.90,0.0212,true,1,287020
7290005326585,false,פסטו בזיליקום  אוליב,"אוליביה גורמה בע""מ",IL,פסטו בזיליקום  אוליביה180גרם,גרמים,180.00,100 גרם,false,1,12.90,0.0717,true,1,344716
7290005384851,false,"מיץ לימון 200 מ""ל",יורופוד,IT,"מיץ לימון 200 מ""ל",מיליליטרים,200.00,"100 מ""ל",false,1,5.90,0.0295,true,1,361588
7290005384899,false,בסגנון פטה,יושלם,,בסגנון פטה 21% לקג ויליפוד,קילוגרמים,1.00,"ק""ג",true,,33.00,33.0000,true,1,363506
7290005423499,false,ספריי לניקוי משטחי נ,סנו מפעלי ברונוס בעמ,IL,סנו נירוסטה לניקוי והברקה של משטחי נירוסטה 500 מל,מיליליטרים,500.00,"100 מ""ל",false,1,21.70,0.0434,true,1,283348
7290005423635,false,ריצפז דוחה תיקנים 2,סנו מפעלי ברונוס בעמ,IL,סנו ריצפז פלוס,ליטרים,2.00,ליטר,false,1,22.90,11.4500,true,1,283352
7290005423734,false,מרכך כביסה מקסימה או,"סנו מפעלי ברונוס בע""",IL,מקסימה מרכך אולטרא פרש 4 ליטר,ליטרים,4.00,ליטר,false,1,22.90,5.7250,true,1,283353
7290005424403,false,אלסבון כיף אצות ים,טרופיקל דגיל תעשיות,IL,כיף אל סבון קטיפתי מועשר בלחות 1 ליטר,ליטרים,1.00,ליטר,false,1,15.90,15.9000,true,1,363531
7290005424755,false,ריצפז פלוס מטליות לח,סנו מפעלי ברונו בעמ,IL,סנו ריצפז פלוס דוחה תיקנים ניחוח לימון,לא מנהל יחידת מידה,0.00,לא מנהל יחידת מידה,false,1,16.90,0.0000,true,1,416931
7290005425646,false,סנוקליר חלונות 1 ליט,"סנו מפעלי ברונוס בע""",IL,סנוקליר לניקוי והברקה 1 ליטר,ליטרים,1.00,ליטר,false,1,11.90,11.9000,true,1,283376
7290005426193,false,ספוג הפלא סנו סושי,סנו מפעלי ברונו בעמ,IL,סנו סושי ספוג הפלא,Unknown,0.00,Unknown,false,1,12.90,0.0000,true,1,286146
7290005426230,false,מטלית הפלא לרצפה,N.S.,,מטלית הפלא לרצפה סנו סושי,Unknown,0.00,Unknown,false,1,11.90,0.0000,true,1,283382
7290005427107,false,מגבת נייר סנו סושי 6,סנו מפעלי ברונוס בעמ,IL,"סנו סושי 6 מגבות הפלא, 700 גרם",מטרים,6350.00,מטר,false,1,11.90,0.0019,true,1,287789
7290005430480,false,מטלית הפלא,N.S.,,מטלית הפלא סנו סושי למשטח,Unknown,0.00,Unknown,false,1,9.90,0.0000,true,1,369834
7290005431159,false,תותים בקצפת לייט  עד,עדן קינוחים,IL,תותים בקצפת לייט  עדן 80 גרם,גרמים,80.00,100 גרם,false,1,6.90,0.0863,true,1,427843
7290005431883,false,מלבי חלבי 165 גרם,לחמנו,IL,עדן מלבי 165 גרם,גרמים,165.00,100 גרם,false,1,6.90,0.0418,true,1,352613
7290005431890,false,בוואריה 95 גרם,לחמנו,IL,עדן בוואריה  95 גרם,גרמים,95.00,100 גרם,false,1,6.90,0.0726,true,1,352617
7290005431906,false,קדאיף 82 גרם,לחמנו,IL,עדן קדאיף  82 גרם,גרמים,82.00,100 גרם,false,1,6.90,0.0841,true,1,352616
7290005431913,false,עוגת גבינה פירורים 9,לחמנו,IL,עדן עוגת גבינה פירורים 92 גרם,גרמים,92.00,100 גרם,false,1,6.90,0.0750,true,1,352614
7290005431920,false,עוגת גבינה פירורים ל,לחמנו,IL,עדן עוגת גבינה פירורים לייט 78 גרם,גרמים,78.00,100 גרם,false,1,6.90,0.0885,true,1,352615
7290005431937,false,טירמיסו 82 גרם,לחמנו,IL,עדן טירמיסו 82 גרם,גרמים,82.00,100 גרם,false,1,6.90,0.0841,true,1,352612
7290005431968,false,מלבי שמנת 150גרם,תנובה,IL,מלבי שמנת 150גרם,גרמים,150.00,100 גרם,false,1,7.90,0.0527,true,1,355651
7290005559587,false,מאפה נקניקיה 800 גרם,"מעדנות בע""מ",IL,מאפה נקניקיה 800 גרם,גרמים,800.00,100 גרם,false,1,33.60,0.0420,true,1,363602
7290005559709,false,בורקס פיצה,"מעדנות בע""מ",IL,בורקס פיצה מעדנות 700 גרם,גרמים,700.00,100 גרם,false,1,25.90,0.0370,true,1,363604
7290005559907,false,פיצה משפחתית גבינה מ,"מעדנות בע""מ",IL,פיצה משפחתית גבינה מעדנות 500גרם,גרמים,500.00,100 גרם,false,1,25.90,0.0518,true,1,283475
7290005559914,false,פיצה משפחתית זיתים,"מעדנות בע""מ",IL,פיצה משפחתית זיתים 550 גרם,גרמים,550.00,100 גרם,false,1,25.90,0.0471,true,1,283476
7290005559990,false,בצק פילאס תורכי 600,"מעדנות בע""מ",IL,בצק פילאס תורכי 600 גרם,גרמים,600.00,100 גרם,false,1,22.90,0.0382,true,1,283479
7290005591761,false,דבש פרחי בר בקבוק לח,מכוורת יד מרדכי שטרא,IL,דבש טהור לחיץ 400 גרם,גרמים,400.00,100 גרם,false,1,24.90,0.0622,true,1,283489
7290005678318,false,ענב לבן,חקלאי,IL,ענב לבן,קילוגרמים,1.00,"ק""ג",true,,29.90,29.9000,true,1,427663
7290005686436,false,תפוח עץ מיובש 200 גר,"דין שיווק וקליה בע""מ",,תפוח עץ מיובש 200 גרם,גרמים,200.00,100 גרם,false,1,11.90,0.0595,false,1,283526
7290005697210,false,סנט מור,גלילי,,סנט מור,קילוגרמים,1.00,"ק""ג",true,,199.00,199.0000,true,1,315358
7290005697272,false,גבינת תום מונפורט עי,גלילי,,גבינת תום מונפורט עיזים,קילוגרמים,1.00,"ק""ג",true,,199.00,199.0000,true,1,310265
7290005697289,false,גבינת מורבייה עיזים,גלילי,,גבינת מורבייה עיזים,קילוגרמים,1.00,"ק""ג",true,,199.00,199.0000,true,1,310266
7290005697296,false,גבינת תום בורדו עיזי,גלילי,,גבינת תום בורדו עיזים,קילוגרמים,1.00,"ק""ג",true,,219.00,219.0000,true,1,310267
7290005697326,false,גבינת פיקורינו,גלילי,,גבינת פיקורינו,קילוגרמים,1.00,"ק""ג",true,,197.90,197.9000,true,1,310269
7290005697333,false,גבינת קממבר עיזים,גלילי,,גבינת קממבר עיזים,קילוגרמים,1.00,"ק""ג",true,,175.00,175.0000,true,1,310270
7290005697340,false,גבינת ברי עיזים,גלילי,,גבינת ברי עיזים,קילוגרמים,1.00,"ק""ג",true,,175.00,175.0000,true,1,310271
7290005697357,false,גבינת ולנסי עיזים,גלילי,,גבינת ולנסי עיזים,קילוגרמים,1.00,"ק""ג",true,,199.00,199.0000,true,1,310272
7290005697364,false,גבינת פרובנס עיזים,גלילי,,גבינת פרובנס עיזים,קילוגרמים,1.00,"ק""ג",true,,199.00,199.0000,true,1,310273
7290005697371,false,גבינת קממבר כמהין,גלילי,,גבינת קממבר כמהין,קילוגרמים,1.00,"ק""ג",true,,199.00,199.0000,true,1,310274
7290005697388,false,גבינת קממבר גלילי,גלילי,,גבינת קממבר גלילי,קילוגרמים,1.00,"ק""ג",true,,140.00,140.0000,true,1,310275
7290005697395,false,גבינת ברי גלילי,גלילי,,גבינת ברי גלילי,קילוגרמים,1.00,"ק""ג",true,,136.90,136.9000,true,1,310276
7290005697517,false,יוגורט עיזים טבעי בי,גלילי,,"יוגורט עיזים טבעי ביו 500 מ""ל",מיליליטרים,500.00,"100 מ""ל",false,1,16.90,0.0338,true,1,319789
7290005697524,false,יוגורט עיזים תמרים ב,גלילי,,"יוגורט עיזים תמרים ביו 500 מ""ל",מיליליטרים,500.00,"100 מ""ל",false,1,17.50,0.0350,true,1,319791
7290005697531,false,יוגורט עיזים תות ביו,גלילי,,"יוגורט עיזים תות ביו 500 מ""ל",מיליליטרים,500.00,"100 מ""ל",false,1,17.90,0.0358,true,1,320330
7290005697548,false,יוגורט עיזים פירות י,גלילי,,"יוגורט עיזים פירות יער ביו 500 מ""ל",מיליליטרים,500.00,"100 מ""ל",false,1,17.90,0.0358,true,1,320285
7290005697562,false,יוגורט עיזים אפרסק ב,גלילי,,"יוגורט עיזים אפרסק ביו 500 מ""ל",מיליליטרים,500.00,"100 מ""ל",false,1,17.50,0.0350,true,1,321509
7290005697630,false,יוגורט עיזים תאנים ב,גלילי,,"יוגורט עיזים תאנים ביו 500 מ""ל",מיליליטרים,500.00,"100 מ""ל",false,1,17.50,0.0350,true,1,321860
7290005719998,false,תערובת להכנת מאפינס,פילסברי,IL,תערובת להכנת מאפינס פלסברי 335גרם,גרמים,335.00,100 גרם,false,1,17.90,0.0534,true,1,427657
7290005838002,false,מעדן דניאלה גבינה ונ,"שטראוס בריאות בע""מ",IL,דניאלה וניל,גרמים,88.00,100 גרם,false,1,4.40,0.0500,true,1,283604
7290005838613,false,גבינה סקי וניל 125 ג,"שטראוס בריאות בע""מ",IL,סקי וניל 125 בודד,גרמים,125.00,100 גרם,false,1,3.90,0.0312,true,1,283607
7290005839078,false,מארז דנונה ביו 1.200,"שטראוס בריאות בע""מ",IL,מארז 8 חסכון - ביו 3% 150 גרם,קילוגרמים,1.20,"ק""ג",false,1,17.60,14.6667,true,1,283609
7290005839108,false,גבינה במרקם שמנת סימ,"שטראוס בריאות בע""מ",IL,סימפוניה 5% עם זתים,גרמים,200.00,100 גרם,false,1,11.90,0.0595,true,1,283610
7290005839313,false,מילקי טופ מגולגלת 14,"שטראוס גרופ בע""מ",IL,מילקי טופ מגולגלת,גרמים,140.00,100 גרם,false,1,4.90,0.0350,true,1,283611
7290005854040,false,שלגון אסקימו משמש,יושלם,,שלגון אסקימו משמש,לא מנהל יחידת מידה,0.00,לא מנהל יחידת מידה,false,1,3.00,0.0000,true,1,431193
7290005854606,false,שלגון אסקימו אננס,יושלם,,שלגון אסקימו אננס,לא מנהל יחידת מידה,0.00,לא מנהל יחידת מידה,false,1,2.90,0.0000,true,1,2185
7290005854613,false,תותי פרוטי,יושלם,,תותי פרוטי,לא מנהל יחידת מידה,0.00,לא מנהל יחידת מידה,false,1,2.90,0.0000,true,1,285174
7290005896453,false,בירה מכבי 7.9% בקבוק,טמפו משקאות בע''מ,IL,"בירה מכבי 7.9%, בירה חזקה, בקבוק חוזר 500 מ''ל",מיליליטרים,500.00,"100 מ""ל",false,1,7.90,0.0158,true,1,324538
7290005896620,false,מים סן בנדטו מוגז בק,אקווה מינרלה סאן בנד,IT,סאן בנדטו מוגז עדין 1.5 ליטר,ליטרים,1.50,ליטר,false,1,3.90,2.6000,true,1,287873
7290005896637,false,מים סן בנדטו בקבוק,אקווה מינרלה סאן בנד,IT,סן בנדטו 1.5 ליטר,ליטרים,1.50,ליטר,false,1,3.90,2.6000,true,1,434281
7290005938238,false,"צ""ימצ""ורי 220 גרם","פרסקו חצבה 2006 בע""מ",IL,פרסקו צ'ימיצ'ורי ממרח בסגנון ארגנטינאי 220 גרם,גרמים,220.00,100 גרם,false,1,17.50,0.0795,true,1,289620
7290005938245,false,פסטו קלאסי 220 גרם,מיוצר עי פרסקו חצבה,IL,פרסקו פסטו קלאסי ממרח בזיליקום וצנובר 220 גרם,גרמים,220.00,100 גרם,false,1,19.90,0.0905,true,1,289589
7290005938627,false,פרסקו ממרח עגבניות,פרסקו חצבה 2006 בעמ,IL,פרסקו ממרח עגבניות מיובשות 220 גרם,גרמים,220.00,100 גרם,false,1,19.90,0.0905,true,1,375495
7290005966033,false,יין הר חרמון לבן,רמת הגולן,IL,"הר חרמון יין לבן יבש 2020 750 מ""ל",מיליליטרים,750.00,"100 מ""ל",false,1,32.90,0.0439,true,1,283655
7290005966088,false,יין הר חרמון אדום 75,יקב רמת הגולן,IL,הר חרמון אדום 2020 יבש,מיליליטרים,750.00,"100 מ""ל",false,1,32.90,0.0439,true,1,283656
7290005966347,false,יין גמלא סוביניון בל,יושלם,,יין גמלא סוביניון בלאן 750 מל,מיליליטרים,750.00,"100 מ""ל",false,1,60.00,0.0800,true,1,429955
7290005966422,false,יין ירדן שרדונה,יושלם,,"יין ירדן שרדונה 750  מ""ל",מיליליטרים,750.00,"100 מ""ל",false,1,65.00,0.0867,true,1,429958
7290005966521,false,יין ירדן הייטסווין י,יקב רמת הגולן,IL,יין ירדן הייטסווין יין לבן מתוק 375 מל,מיליליטרים,375.00,"100 מ""ל",false,1,119.90,0.3197,true,1,429975
7290005992018,false,"יוגורט עיזים 500 מ""ל","מיוצר ע""י קוד יצרן M",IL,"יוגורט עיזים 500 מ""ל גד",מיליליטרים,500.00,"100 מ""ל",false,1,12.90,0.0258,true,1,283676
7290005992575,false,גבינה בולגרית למריחה,מחלבות גד בעמ,IL,גד גבינה בולגרית מלוחה למריחה 5% שומן,גרמים,250.00,100 גרם,false,1,17.90,0.0716,true,1,283678
7290005992735,false,גבינת לאבנה 5% 250 ג,"מחלבות גד בע""מ",IL,גד גבינת לאבנה 5%,גרמים,250.00,100 גרם,false,1,12.90,0.0516,true,1,283681
7290005992858,false,פטה עזים מעודנת  5%,יושלם,,פטה עזים מעודנת  5% גד,קילוגרמים,1.00,"ק""ג",true,,115.00,115.0000,true,1,363742
7290005992872,false,גבינה צפתית 5% במים,יושלם,,גבינה צפתית 5% במים במשקל,קילוגרמים,1.00,"ק""ג",true,,59.00,59.0000,true,1,363743
7290005992889,false,גד גבינת שמנת שמיר 3,יושלם,,גבינה שמנת שום שמיר במשקל           30%,קילוגרמים,1.00,"ק""ג",true,,45.00,45.0000,true,1,363744
7290005992902,false,גבינה שמנת ירקות,יושלם,,גבינה שמנת ירקות במשקל,קילוגרמים,1.00,"ק""ג",true,,45.00,45.0000,true,1,363745
7290005992964,false,גבינה פטה כבשים,יושלם,,"גבינה פטה כבשים 1 ק""ג שקיל",קילוגרמים,1.00,"ק""ג",true,,110.00,110.0000,true,1,430359
7290005996078,false,סלמי סרוולט הונגרי 1,יחיעם,IL,סלמי סרוולט הונגרי 125 ג',גרמים,125.00,100 גרם,false,1,29.90,0.2392,true,1,354136
7290005996221,false,פסטרמה של פעם דק דק,פ.פ.ח. שאביט,IL,פסט' של פעם דק דק 120 גרם,גרמים,120.00,100 גרם,false,1,10.90,0.0908,true,1,355054
7290005996238,false,פסטרמה בדבש דק דק 12,פ.פ.ח. שאביט,IL,פסט' בדבש דק דק 120 גרם,גרמים,120.00,100 גרם,false,1,10.90,0.0908,true,1,355053
7290005996276,false,פסטרמה ברביקיו דק דק,פ.פ.ח. שאביט,IL,פסט' ברבקיו דק דק 140גר',גרמים,120.00,100 גרם,false,1,10.90,0.0908,true,1,355055
7290006241191,false,אגוזי מלך קליית גת 1,ששון ושות' (ש.ת. תעש,US,אגוז מלך שקית 150 גרם,גרמים,150.00,100 גרם,false,1,19.90,0.1327,true,1,373792
7290006241214,false,שקד טבעי 200 גרם,קוד יצרן JG,IL,שקד טבעי שקית 200 גרם,גרמים,200.00,100 גרם,false,1,21.90,0.1095,true,1,286915
7290006241504,false,פריגת תפוזים קפוא 34,גת,IL,"פריגת תפוזים קפוא 340 מ""ל",מיליליטרים,340.00,"100 מ""ל",false,1,14.90,0.0438,true,1,283844
7290006241511,false,פריגת לימונענע קפוא,היינץ צפון אמריקה מק,IL,פריגת לימונענע קפוא 340 מל             .,מיליליטרים,340.00,"100 מ""ל",false,1,14.90,0.0438,true,1,363880
7290006241535,false,פריגת מנגו קפוא 340,היינץ צפון אמריקה מק,IL,קפוא מנגו,מיליליטרים,340.00,"100 מ""ל",false,1,14.90,0.0438,true,1,283846
7290006241689,false,פריגת לימון קפוא,היינץ צפון אמריקה מק,IL,פריגת לימון קפוא 340 גרם,מיליליטרים,340.00,"100 מ""ל",false,1,14.90,0.0438,true,1,283847
7290006251107,false,"תה מסאלה צ""אי 25 שקי",תה ויסוצקי,IL,מסאלה צ'אי,גרמים,50.00,100 גרם,false,1,19.90,0.3980,true,1,283852
7290006251275,false,תה ירוק סיני קלאסי 2,ויסוצקי,IL,תה ירוק סיני T.T,גרמים,37.00,100 גרם,false,1,25.90,0.7000,true,1,283854
7290006251282,false,חליטת חמוציות קרנברי,ויסוצקי,IL,חמוציות - גן קסום,גרמים,75.00,100 גרם,false,1,19.90,0.2653,true,1,283855
7290006251343,false,חליטת תה פסיפלורה מנ,ויסוצקי,IL,"מנגו-פסיפלורה ""הגן הקסום""",גרמים,62.00,100 גרם,false,1,19.90,0.3210,true,1,283856
7290006251589,false,תה ירוק נענע 50 יח,בית ויסוצקי,IL,חדש תה ירוק 50נענע,גרמים,75.00,100 גרם,false,1,46.90,0.6253,true,1,363886
7290006256089,false,יין גאטו נגרו קברנה,יושלם,,יין גאטו נגרו קברנה סוביניון750מל,מיליליטרים,750.00,"100 מ""ל",false,1,36.90,0.0492,true,1,283860
7290006256102,false,יין גאטו נגרו מרלו 7,יושלם,,יין גאטו נגרו מרלו 750 מל              .,מיליליטרים,750.00,"100 מ""ל",false,1,36.90,0.0492,true,1,283861
7290006271174,false,גחנון לאפיה מעדנות 7,"מעדנות בע""מ",IL,גחנון לאפיה מעדנות 700 גרם,גרמים,700.00,100 גרם,false,1,19.90,0.0284,true,1,283863
7290006271181,false,גחנון אפוי 750 גרם,"מעדנות בע""מ",IL,"ג""חנון אפוי 750 גרם מעדנות",גרמים,750.00,100 גרם,false,1,26.90,0.0359,true,1,283864
7290006271648,false,מיני בורקס תפוא,"מעדנות בע""מ",IL,מיני בורקס תפוא מעדנות 800גרם,גרמים,800.00,100 גרם,false,1,26.90,0.0336,true,1,368283
7290006271655,false,מיני בורקס גבינה,"מעדנות בע""מ",IL,מיני בורקס גבינה מעדנות 800גרם,גרמים,800.00,100 גרם,false,1,28.90,0.0361,true,1,368315
7290006272072,false,חטיפי פיצה מעדנות 65,"מעדנות בע""מ",IL,חטיפי פיצה מעדנות 650 גרם,גרמים,650.00,100 גרם,false,1,34.90,0.0537,true,1,305459
7290006272430,false,בצק עלים חמאה 600 גר,"מעדנות בע""מ",IL,בצק עלים חמאה 600 גרם,גרמים,600.00,100 גרם,false,1,27.90,0.0465,true,1,293131
7290006306296,false,רביולי גבינה לילדים,קרלו,IL,רביולי במילוי גבינה במיוחד לילדים,גרמים,400.00,100 גרם,false,1,27.90,0.0697,true,1,301155
7290006306302,false,רביולי במילוי פרמזן,קרלו,IL,רביולי במילוי גבינות פרמזן וריקוטה,גרמים,400.00,100 גרם,false,1,27.90,0.0697,true,1,290212
7290006306319,false,רביולי במילוי בטטה 4,קרלו,IL,רביולי במילוי בטטה,גרמים,400.00,100 גרם,false,1,27.90,0.0697,true,1,290213
7290006306326,false,רביולי פטריות ופרמזן,קרלו,IL,רביולי במילוי פטריות וגבינת פרמזן,גרמים,400.00,100 גרם,false,1,27.90,0.0697,true,1,290214
7290006306333,false,רביולי במילוי תרד ור,קרלו,IL,רביולי במילוי תרד וגבינת ריקוטה,גרמים,400.00,100 גרם,false,1,27.90,0.0697,true,1,290215
7290006306357,false,רביולי גבינת עיזים,קרלו,IL,רביולי במילוי גבינת עיזים 400 גרם,גרמים,400.00,100 גרם,false,1,30.90,0.0772,true,1,290277
7290006342065,false,בוטנים קלויים 200גרם,,,בוטנים קלויים 200גרם,גרמים,200.00,100 גרם,false,1,7.90,0.0395,true,1,374692
7290006342447,false,גרעין אבטיח,,,גרעין אבטיח 200גרם,גרמים,200.00,100 גרם,false,1,15.90,0.0795,true,1,374693
7290006342515,false,"מנצ""ס  200 גרם",יושלם,,"מנצ""ס  200 גרם",גרמים,200.00,100 גרם,false,1,7.90,0.0395,true,1,296801
7290006342553,false,קבוקים200 גר,יושלם,,קבוקים200 גר,גרמים,200.00,100 גרם,false,1,5.90,0.0295,true,1,374694
7290006342560,false,בוטן אמריקאי 200גרם,דין שיווק,IL,בוטן אמריקאי 200גרם,גרמים,200.00,100 גרם,false,1,5.90,0.0295,true,1,427554
7290006342645,false,עלי טורטייה גדולה 84,מוטלוקל,TR,עלי טורטייה גדולה 840 גרם,גרמים,840.00,100 גרם,false,1,16.90,0.0201,true,1,312211
7290006346018,false,הבולגרית של דורית  2,מונטה קרלו,,הבולגרית של דורית  250גרם,גרמים,250.00,100 גרם,false,1,30.90,0.1236,true,1,301111
7290006346025,false,ציזיקי יווני מונטה ק,קלאס פוד,IL,ציזיקי יווני מונטה קרלו  250גרם,גרמים,250.00,100 גרם,false,1,19.90,0.0796,true,1,418129
7290006346063,false,לאבנה שמן זית זעתר מ,מונטה קרלו,IL,לאבנה שמן זית זעתר מונטה קרלו 250 גרם,גרמים,250.00,100 גרם,false,1,19.90,0.0796,true,1,435722
7290006346117,false,מלפפון כבוש ביתי דלי,מונטה קרלו,IL,מלפפון כבוש ביתי דלי מונטה קרלו 330גרם,גרמים,330.00,100 גרם,false,1,23.90,0.0724,true,1,358027
7290006346148,false,גבינה בולגרית בצל יר,מונטה קרלו,IL,גבינה בולגרית בצל ירוק  מונטה קרלו   250,גרמים,250.00,100 גרם,false,1,24.90,0.0996,true,1,435743
7290006346162,false,טורשי ירקות דלי מונט,מונטה קרלו,IL,טורשי ירקות דלי מונטה קרלו 330גרם,גרמים,330.00,100 גרם,false,1,23.90,0.0724,true,1,358025
7290006346247,false,קוביות בולגרית בפסטו,,,קוביות בולגרית בפסטו 250 גרם,גרמים,250.00,100 גרם,false,1,26.90,0.1076,true,1,359315
7290006346308,false,ארטישוק דיזון   250,מונטה קרלו,IL,ארטישוק דיזון   250 גרם,גרמים,250.00,100 גרם,false,1,19.90,0.0796,true,1,361108
7290006346315,false,משוויה חציל חריף 250,מונטה קרלו,IL,משוויה חציל חריף 250 גרם,גרמים,250.00,100 גרם,false,1,16.90,0.0676,true,1,361113
7290006346377,false,חציל בולגרית  מונטה,מונטה קרלו,IL,חציל בולגרית  מונטה קרלו   250 גרם,גרמים,250.00,100 גרם,false,1,19.90,0.0796,true,1,435718
7290006346391,false,הרינג בצל ירוק מונטה,מונטה קרלו,IL,הרינג בצל ירוק מונטה קרלו 250גרם,גרמים,250.00,100 גרם,false,1,24.90,0.0996,true,1,359946
7290006346414,false,סלט אבוקדו 250גרם,קלאס פוד,IL,סלט אבוקדו 250גרם,גרמים,250.00,100 גרם,false,1,21.90,0.0876,true,1,325099
7290006346452,false,טונה זיתים ללא מיונז,מונטה קרלו,IL,טונה זיתים ללא מיונז   250 גרם,גרמים,250.00,100 גרם,false,1,23.90,0.0956,true,1,361111
7290006346575,false,כדורי גבינה בשמן זית,מונטה קרלו,IL,כדורי גבינה בשמן זית וזעתר  מונטה קרלו 3,גרמים,300.00,100 גרם,false,1,33.90,0.1130,true,1,435719
7290006346612,false,גבינת שמנת קלמטה מונ,מונטה קרלו,IL,גבינת שמנת קלמטה מונטה קרלו   250 גרם,גרמים,250.00,100 גרם,false,1,19.90,0.0796,true,1,435720
7290006346629,false,גבינת שמנת חציל  מונ,מונטה קרלו,IL,גבינת שמנת חציל  מונטה קרלו  250 גרם,גרמים,250.00,100 גרם,false,1,19.90,0.0796,true,1,435717
7290006346834,false,פלפלית בלימון חריף מ,מונטה קרלו,IL,פלפלית בלימון חריף מונטה קרלו 250גרם,גרמים,250.00,100 גרם,false,1,14.90,0.0596,true,1,358033
7290006346865,false,גבינת שמנת חלקה מונט,מונטה קרלו,IL,גבינת שמנת חלקה מונטה קרלו  250 גרם,גרמים,250.00,100 גרם,false,1,19.90,0.0796,true,1,435721
7290006346896,false,כרובית בטחינה    250,מונטה קרלו,IL,כרובית בטחינה    250 גרם,גרמים,250.00,100 גרם,false,1,29.90,0.1196,true,1,361110
7290006346926,false,ארטישוק בלימון     2,מונטה קרלו,IL,ארטישוק בלימון     250גרם,גרמים,250.00,100 גרם,false,1,18.90,0.0756,true,1,361114
7290006346971,false,חציל אפוי במיונז מונ,מונטה קרלו,IL,חציל אפוי במיונז מונטה קרלו 250גרם,גרמים,250.00,100 גרם,false,1,16.90,0.0676,true,1,354600
7290006346995,false,חציל בטעם כבד  מונטה,מונטה קרלו,IL,חציל בטעם כבד  מונטה קרלו 250גרם,גרמים,250.00,100 גרם,false,1,20.90,0.0836,true,1,358017
7290006374738,false,קונפיטורה תות 340 גר,"ב.א. מזון בע""מ",IL,קונפיטורת תות  340 גרם,גרמים,340.00,100 גרם,false,1,14.90,0.0438,true,1,286940
7290006461940,false,דנוור סטייק אנגוס,קצביית פרימיום,IL,דנוור סטייק אנגוס,קילוגרמים,1.00,"ק""ג",true,,169.90,169.9000,true,1,425599
7290006461988,false,סטייק סינטה אנגוס אי,קצביית פרימיום,IL,סטייק סינטה אנגוס איתן,קילוגרמים,1.00,"ק""ג",true,,169.90,169.9000,true,1,425600
7290006492432,false,גבינה מוצרלה בייבי,מחלבות גד בעמ,IL,גבינה מוצרלה בייבי 150 גרם,גרמים,150.00,100 גרם,false,1,14.90,0.0993,true,1,283921
7290006492616,false,גבינה בולגרית 5% פרו,DSH עבור מחלבות גד ב,IL,פרוסות בולגרית מעודנת 5%,גרמים,250.00,100 גרם,false,1,27.90,0.1116,true,1,289248
7290006492630,false,גבינת עיזים גד עז גל,מחלבות גד בעמ,IL,מחלבות גד גדעז גבינת שמנת מחלב עיזים 20%,גרמים,180.00,100 גרם,false,1,24.50,0.1361,true,1,289601
7290006492685,false,גבינת לאבנה עיזים 5%,מחלבות גד בעמ,IL,גבינת לאבנה עיזים 5% 250 גרם גד,גרמים,250.00,100 גרם,false,1,17.90,0.0716,true,1,290312
7290006492852,false,גבינה לבנה עיזים 5%,מחלבות גד,IL,גבינה לבנה עיזים 5% 250 גרם גד,גרמים,250.00,100 גרם,false,1,17.90,0.0716,true,1,290963
7290006492913,false,ציזיקי למריחה 250 גר,מחלבות גד בעמ,IL,ציזיקי למריחה 250 גרם גד,גרמים,250.00,100 גרם,false,1,13.90,0.0556,true,1,291012
7290006494917,false,טוסו וופל קלאסי במיל,גילרו בעמ,IL,וופל במילוי קרם בטעם שוקולד סוכר 200 גרם,גרמים,200.00,100 גרם,false,1,12.30,0.0615,true,1,363939
7290006511010,false,פרמזנו רבעים  לקג,,IT,פרמזנו רבעים  לקג,קילוגרמים,1.00,"ק""ג",true,,119.00,119.0000,true,1,421662
7290006511157,false,פטריות שמפניון שלמות,אוקצ'מפס אס.איי אויי,PL,ויליפוד פטריות שמפניון שלמות 400 גרם,גרמים,400.00,100 גרם,false,1,8.50,0.0213,true,1,287651
7290006515926,false,מארז אפרול 700 + פרו,IBBLS,IT,מארז אפרול שפריץ,מיליליטרים,1450.00,"100 מ""ל",false,1,104.90,0.0723,true,1,350392
7290006554024,false,עוגיות ממרח תמרים 40,"ארקד מוצרי אפיה בע""מ",,עוגיות ממרח תמרים 400 גרם,גרמים,400.00,100 גרם,false,1,18.90,0.0472,true,1,366626
7290006554031,false,עוגיות ממרח תמרים עם,"ארקד מוצרי אפיה בע""מ",,עוגיות ממרח תמרים עם אגוזים 400 גרם,גרמים,400.00,100 גרם,false,1,18.90,0.0472,true,1,366424
7290006554055,false,עוגיות בטעם טחינה 30,"ארקד מוצרי אפיה בע""מ",,עוגיות בטעם טחינה 300 גרם,גרמים,300.00,100 גרם,false,1,16.90,0.0563,true,1,369087
7290006554086,false,עוגיות עינוגית,"ארקד מוצרי אפיה בע""מ",,עוגיות עינוגית,גרמים,400.00,100 גרם,false,1,18.90,0.0472,true,1,366643
7290006554161,false,עוגיות משקפיים עם קי,"ארקד מוצרי אפיה בע""מ",,עוגיות משקפיים עם קינמון 250 גרם,גרמים,250.00,100 גרם,false,1,18.90,0.0756,true,1,387663
7290006554345,false,עוגיות ממרח תמרים לל,"ארקד מוצרי אפיה בע""מ",,עוגיות ממרח תמרים ללא תוספת סוכר 250 גרם,גרמים,250.00,100 גרם,false,1,17.90,0.0716,true,1,401703
7290006567048,false,פתיתי קוסקוס 350 גרם,"מיוצר ע""י קוד יצרן K",IL,אסם פתיתי קוסקוס ישראלי 12*350גרם,גרמים,350.00,100 גרם,false,1,7.90,0.0226,true,1,367498
7290006578464,false,"רוקפור פאפיון לק""ג",,FR,"רוקפור פאפיון לק""ג",קילוגרמים,1.00,"ק""ג",true,,229.00,229.0000,true,1,429433
7290006578648,false,בושה מפוחם לקג,איסיני סנט מר,FR,בושה מפוחם לקג,קילוגרמים,1.00,"ק""ג",true,,189.00,189.0000,true,1,430409
7290006578655,false,גבינת גלוריוס עיזים,,FR,גבינת גלוריוס עיזים הנרי וויליך,קילוגרמים,1.00,"ק""ג",true,,199.00,199.0000,true,1,429427
7290006578853,false,גבינת טרמנדס כמהין ה,,FR,גבינת טרמנדס כמהין הנרי וויליך,קילוגרמים,1.00,"ק""ג",true,,199.00,199.0000,true,1,429428
7290006582539,false,חמוציות 250גרם,דין שיווק,IL,חמוציות 250גרם,גרמים,250.00,100 גרם,false,1,10.90,0.0436,true,1,427559
7290006652027,false,מארז במבה15X20  אסם,"אסם השקעות בע""מ",IL,במבה יום הולדת מאח.12 20*15גרם,גרמים,300.00,100 גרם,false,1,21.90,0.0730,true,1,363966
7290006653819,false,קוסקוס דק בשקית 350,"מיוצר ע""י קוד יצרן K",IL,אסם קוסקוס דק 12*350גרם,גרמים,350.00,100 גרם,false,1,7.90,0.0226,true,1,287300
7290006660596,false,קמח עדשים אדומות דגש,אף.סי תבליני בגליל ב,IL,דוכן גן שמואל קמח אורז מלא 500 גרם,גרמים,500.00,100 גרם,false,1,19.90,0.0398,true,1,347073
7290006660602,false,מי קוקוס אורגני גרין,בן טרה ג'וינט סטוק,PH,GREEN COCO מי קוקוס אורגני 1 ליטר,ליטרים,1.00,ליטר,false,1,19.90,19.9000,true,1,347082
7290006664051,false,אקטימל14  יח,"שטראוס בריאות בע""מ",IL,אקטימל לבן 14,ליטרים,1.40,ליטר,false,1,32.60,23.2857,true,1,367447
7290006664310,false,גבינה סקי 3% 250 גרם,"שטראוס בריאות בע""מ",IL,סקי 3% 250 גרם,גרמים,250.00,100 גרם,false,1,4.90,0.0196,true,1,283988
7290006664402,false,גבינה סקי        5%,"שטראוס בריאות בע""מ",IL,סקי% 5 750 גרם,גרמים,750.00,100 גרם,false,1,14.94,0.0199,true,1,363977
7290006664532,false,יוגורט דנונה 3% תות,"שטראוס בריאות בע""מ",IL,דנונה תות 3%,גרמים,150.00,100 גרם,false,1,3.60,0.0240,true,1,285666
7290006664655,false,משקה יוגורט אקטימל מ,"שטראוס בריאות בע""מ",IL,אקטימל לבן שמינייה,מיליליטרים,864.00,"100 מ""ל",false,1,20.90,0.0242,true,1,288283
7290006664693,false,יוגורט דנונה 3% אפרס,"שטראוס בריאות בע""מ",IL,דנונה אפרסק  3%,גרמים,150.00,100 גרם,false,1,3.90,0.0260,true,1,286179
7290006664990,false,מארז דנונה ביו 1.7%,"שטראוס גרופ בע""מ",IL,מארז 8 חסכון - ביו 1.7% 150 גרם,קילוגרמים,1.20,"ק""ג",false,1,17.60,14.6667,true,1,288691
7290006681065,false,שלגון טעמקור  XL,"מיוצר ע""י גלידת שטרא",IL,שלגון טעמקור  XL,גרמים,75.00,100 גרם,false,1,8.90,0.1187,true,1,286941
7290006681553,false,קרמבו וניל מארז 8 יח,"גלידת שטראוס בע""מ",IL,"שטראוס קרמבו 80 מ""ל",גרמים,200.00,100 גרם,false,1,15.90,0.0795,true,1,288340
7290006681560,false,קרמבו מוקה מארז 8 יח,"גלידת שטראוס בע""מ",IL,"שטראוס קרמבו 80 מ""ל",גרמים,200.00,100 גרם,false,1,15.90,0.0795,true,1,288341
7290006707420,false,עוף טרי ארוז,עוף טוב,,עוף טרי ארוז,קילוגרמים,1.00,"ק""ג",true,,29.90,29.9000,true,1,374734
7290006707734,false,שניצל דק דק עוף טוב,"עוף טוב שאן בע""מ",IL,שניצל דק דק,קילוגרמים,1.00,"ק""ג",true,,55.00,55.0000,true,1,420834
7290006708069,false,הודו גרון טרי ארוז,עוף טוב,,"הודו גרון טרי ארוז לק""ג עוף טוב",קילוגרמים,1.00,"ק""ג",true,,20.00,20.0000,true,1,431215
7290006739414,false,סלמי קוניאק,זוגלובק,IL,זוגלובק סלמי קוניאק 300 גרם א.מ.,גרמים,300.00,100 גרם,false,1,26.90,0.0897,true,1,284014
7290006739421,false,סלמי מעושן איטלקי 30,זוגלובק,IL,זוגלובק סלמי מעושן איטלקי 300 גרם א.מ.,גרמים,300.00,100 גרם,false,1,28.90,0.0963,true,1,288265
7290006739445,false,שניצל תירס קלאסי 750,זוגלובק,IL,זוגלובק שניצל תירס קלאסי 750 גר בדצ - ללא מגשית,גרמים,750.00,100 גרם,false,1,28.90,0.0385,true,1,296056
7290006739544,false,כתף בקר 300 גרם זוגל,זוגלובק,IL,זוגלובק כתף בקר 300 גרם א.מ.,גרמים,300.00,100 גרם,false,1,31.90,0.1063,true,1,297081
7290006742278,false,פסטרמה הודו צלויה על,זוגלובק,IL,זוגלובק פסטרמה הודו בטעם צלייה על לבנים 330 גר,גרמים,330.00,100 גרם,false,1,30.90,0.0936,true,1,297084
7290006742292,false,פסטרמה הודו בדבש טהו,זוגלובק,IL,זוגלובק פסטרמה הודו בדבש טהור 330 גר,גרמים,330.00,100 גרם,false,1,30.90,0.0936,true,1,297085
7290006764065,false,בירה נשר מאלט בקבוק,"טמפו משקאות בע""ם.",IL,בירה מאלט ללא אלכוהול 500 מל,מיליליטרים,500.00,"100 מ""ל",false,1,5.80,0.0116,true,1,284028
7290006764072,false,בירה גולדסטאר בקבוק,"טמפו משקאות בע""מ",IL,"בירה גולדסטאר בקבוק חוזר 500 מ""ל",מיליליטרים,500.00,"100 מ""ל",false,1,7.90,0.0158,true,1,284029
7290006764157,false,גולדסטאר לא מסונן בק,טמפו משקאות בע''מ,IL,"בירה גולדסטאר Unfiltered, בקבוק חוזר 500 מ""ל",מיליליטרים,500.00,"100 מ""ל",false,1,8.50,0.0170,true,1,345268
7290006764478,false,בירה שחורה מאלט בקבו,"טמפו משקאות בע""מ",IL,"בירה נשר מאלט, בקבוק זכוכית 330 מל",Unknown,0.00,Unknown,false,1,4.90,0.0000,true,1,366544
7290006765895,false,בוטן קליפה קלוי 200,דין שיווק,IL,בוטן קליפה קלוי 200,גרמים,200.00,100 גרם,false,1,6.90,0.0345,true,1,370610
7290006784193,false,עלמה כפפות ניטריל שח,קומפלקס כימיקלים,CN,עלמה כפפות ניטריל שחור ללא אבקה M,יחידה,1.00,יחידה,false,1,21.90,21.9000,true,1,434744
7290006784506,false,מסיר כתמים אוקסי פאו,קומפלקס כימיקלים,IL,מסיר כתמים אוקסי פאוור 750 מל,מיליליטרים,750.00,"100 מ""ל",false,1,11.90,0.0159,true,1,434753
7290006784575,false,fashion loouy מילוי,סורה קוסמטיקס,TR,fashion loouy מילוי מכשיר אוויר 250 מל,מיליליטרים,250.00,"100 מ""ל",false,1,13.90,0.0556,true,1,434754
7290006784599,false,fashion yoyo boss מי,סורה קוסמטיקס,TR,fashion yoyo boss מילוי מכשיר אוויר 250,מיליליטרים,250.00,"100 מ""ל",false,1,13.90,0.0556,true,1,434756
7290006784865,false,מטבחים ספריי לניקוי,קומפלקס כימיקלים,IL,מטבחים ספריי לניקוי של כל משטחי המטבח 1,ליטרים,1.00,ליטר,false,1,12.90,12.9000,true,1,434762
7290006805850,false,תערובת להכנת פנקייקס,"ג'נרל מילס ישראל בע""",IL,תערובת קלת הכנה לפנקייק ביתי וטעים 450 גרם,גרמים,500.00,100 גרם,false,1,17.90,0.0358,true,1,289068
7290006822192,false,נקטר אושן ספריי דיאט,מבשלות בירה בינלאומי,IL,פריגת דיאט אושן ספריי חמוציות 1 ליטר,ליטרים,1.00,ליטר,false,1,15.00,15.0000,true,1,285560
7290006866967,false,נקטר חמוציות,סטאר סנקס,IL,נקטר חמוציות 1 ליטר,ליטרים,1.00,ליטר,false,1,11.90,11.9000,true,1,376074
7290006899187,false,תה סרמוני לימונית ול,סרמוני תה בעמ,,תה סרמוני לימונית לואיזה 20 שקיקים,גרמים,30.00,100 גרם,false,1,19.90,0.6633,true,1,430138
7290006899361,false,תה סרמוני פירות היער,סרמוני תה בעמ,,תה סרמוני פירות יער 20 שקיקים,גרמים,50.00,100 גרם,false,1,19.90,0.3980,true,1,430137
7290006899705,false,תה סרמוני ירוק לימונ,,IL,תה סרמוני ירוק לימונית 20 שקיקים,יחידה,1.00,יחידה,false,1,19.90,19.9000,true,1,430115
7290006983152,false,קרוטונים מתובלים,עינת תעשיות,IL,אסם קרוטונים מתובלים 12*400גרם,גרמים,400.00,100 גרם,false,1,19.90,0.0497,true,1,367411
7290006983176,false,לחמית עם שיפון,"אסם השקעות בע""מ",IL,לחמית שיפון 10*230גרם,גרמים,230.00,100 גרם,false,1,10.90,0.0474,true,1,284129
7290006983206,false,תערובת להכנת פלאפל 1,"אסם השקעות בע""מ",IL,אסם פלאפל בקלי קלות 8*180גרם,גרמים,180.00,100 גרם,false,1,9.10,0.0506,true,1,367499
7290006983763,false,עוגת הבית שוקולד 400,"אסם השקעות בע""מ",IL,הבית עוגת שוקולד 8*400גרם,גרמים,400.00,100 גרם,false,1,15.90,0.0398,true,1,285503
7290006983770,false,עוגת הבית שיש,"אסם השקעות בע""מ",IL,הבית עוגת שיש 8*400גרם,גרמים,400.00,100 גרם,false,1,15.90,0.0398,true,1,285563
7290006983787,false,עוגת הבית שוקוציפס 4,"אסם השקעות בע""מ",IL,הבית עוגת שוקולד צ'יפס 8*400גרם,גרמים,400.00,100 גרם,false,1,15.90,0.0398,true,1,285504
7290006992864,false,לה קט חתלתולים,united pet food,FR,להקט חתלתולים 2.85 קג,קילוגרמים,2.85,"ק""ג",false,1,59.90,21.0175,true,1,381778
7290008175173,false,200  גרםvalio-חמאה,ואליו אל.טי.די,FI,חמאה מפינלנד  (ללא תוספת מלח) 200 גרם,גרמים,200.00,100 גרם,false,1,13.90,0.0695,true,1,284528
7290008175210,false,פרמזנו מגורדת 90 גרם,קרלו,IT,פרמז'נו מגורדת 90 גרם,גרמים,90.00,100 גרם,false,1,17.90,0.1989,true,1,284529
7290008175760,false,"גבינה מנצ""גו",יושלם,ES,"גבינה מנצ""גו  מחלב כבשים 1 קג ויליפוד",קילוגרמים,1.00,"ק""ג",true,,119.00,119.0000,true,1,379956
7290008175777,false,גבינה איבריקו,יושלם,ES,גבינה איבריקו 1 קג ויליפוד,קילוגרמים,1.00,"ק""ג",true,,119.00,119.0000,true,1,379957
7290008175814,false,פטריות חתוכות שמפניו,"אוקצ'מפ אס, איי אויי",PL,פטריות חתוך 400גרם- בד'צ,גרמים,400.00,100 גרם,false,1,5.50,0.0138,true,1,284535
7290008175906,false,"גבינת עיזים לק""ג ויל",יושלם,NL,"גבינת עיזים לק""ג ויליפוד",קילוגרמים,1.00,"ק""ג",true,,119.00,119.0000,true,1,381265
7290008263030,false,פסטה פנה אורגני הרדו,פסטיפיסוי פליצ'טי,IT,פסטה פנה אורגנית מחיטת דורום מלאה,גרמים,500.00,100 גרם,false,1,11.90,0.0238,true,1,364318
7290008263214,false,הרדוף ממרח חרובים או,ברינקס פוד,NL,ממרח חרובים אורגני,גרמים,350.00,100 גרם,false,1,25.90,0.0740,true,1,370154
7290008263597,false,קוואקר אורגני 500 גר,אול אורגני,IL,"קוואקר, שבבי שיבולת שועל אורגניים",גרמים,500.00,100 גרם,false,1,11.90,0.0238,true,1,370791
7290008263764,false,פסטה פוזילי טריקולור,פסטיפיסוי פליצ'טי,IT,פסטה פוזלי טריקולור,גרמים,500.00,100 גרם,false,1,15.90,0.0318,true,1,368110
7290008333115,false,גלטין טהור 28 גרם,ג'ליק פיניור,,ויליגר אבקת ג'לטין טהור 28 גרם,גרמים,28.00,100 גרם,false,1,10.90,0.3893,true,1,284556
7290008335515,false,אגרול סיני+רוטב 600ג,שלושת האופים,IL,אגרול ברוטב חמוץ מתוק 600 גרם,גרמים,600.00,100 גרם,false,1,17.70,0.0295,true,1,284559
7290008335560,false,סיגרים במילוי בשר,"שלושת האופים בע""מ",IL,סיגרים במילוי בשר 600 גרם,גרמים,600.00,100 גרם,false,1,15.90,0.0265,true,1,284563
7290008335577,false,פסטלים תפוא 600 גרם,שלושת האופים בעמ,IL,"פסטלים תפו""א 600 גרם",גרמים,600.00,100 גרם,false,1,17.70,0.0295,true,1,284564
7290008335584,false,"סיגרים במילוי תפו""א",שלושת האופים בעמ,IL,"סיגרים במילוי תפו""א 600 גרם",גרמים,600.00,100 גרם,false,1,15.90,0.0265,true,1,284565
7290008340618,false,סלמון מעושן מצונן 10,ויליגר תעשיות בעמ,IL,פרלינג סלומון מעושן 100 גרם,גרמים,100.00,100 גרם,false,1,21.90,0.2190,true,1,286168
7290008343466,false,בצק פילו שלושת האופי,נטו מלינדה בעמ,IL,בצק פילו,גרמים,500.00,100 גרם,false,1,19.90,0.0398,true,1,290004
7290008343503,false,גחנון אפוי 650 גרם,אופרה,IL,גחנון אפוי 650 גרם,גרמים,650.00,100 גרם,false,1,21.90,0.0337,true,1,367050
7290008345118,false,מקרל בשמן דלידג 240,מיוצר על ידי קוד יצר,IL,דלידג דג מקרל בעישון קר בשמן 340 גרם,גרמים,240.00,100 גרם,false,1,26.90,0.1121,true,1,284571
7290008345132,false,הרינג כבוש דלידג 240,קוד יצרן D.T,IL,דלידג פילה דג הרינג כבוש 360 גרם,גרמים,240.00,100 גרם,false,1,25.90,0.1079,true,1,284573
7290008345156,false,פילה מקרוסקה ואקום ד,נטו מלינדה סיימן,,"פילה מקרוסקה ואקום דלידג 1 ק""ג",קילוגרמים,1.00,"ק""ג",true,,119.00,119.0000,true,1,364338
7290008345576,false,סלט איקרה לבנה דלידג,קוד יצרן D.T,IL,דלידג סלט איקרה לבנה בטעם ביתי 300 גרם,גרמים,300.00,100 גרם,false,1,21.90,0.0730,true,1,286183
7290008345583,false,סלט איקרה ורודה דליד,קוד יצרן D.T,IL,דלידג סלט איקרה ורודה בטעם ביתי 300 גרם,גרמים,300.00,100 גרם,false,1,21.90,0.0730,true,1,286184
7290008403030,false,פאבה דאיסיני לקג,איסיני סנט מר,FR,פאבה דאיסיני לקג,קילוגרמים,1.00,"ק""ג",true,,169.00,169.0000,true,1,429812
7290008403054,false,סנט פולאן  לקג,איסיני סנט מר,FR,סנט פולאן  לקג,קילוגרמים,1.00,"ק""ג",true,,169.00,169.0000,true,1,429813
7290008403498,false,גרנה פדנו,אמברוסי,IT,גרנה פדנו*4.5שמיניות,קילוגרמים,1.00,"ק""ג",true,,189.00,189.0000,true,1,430343
7290008403535,false,פרימדונה*חצי גלגל5קג,הנרי ויליך,NL,פרימדונה חצי גלגל5קג,קילוגרמים,1.00,"ק""ג",true,,169.00,169.0000,true,1,430344
7290008403832,false,"אולד רוטרדם בקר*4ק""ג",הנרי ויליך,NL,"אולד רוטרדם בקר*4ק""ג",קילוגרמים,1.00,"ק""ג",true,,129.00,129.0000,true,1,424534
7290008403849,false,אולד רוטרדם עיזים 4ק,הנרי ויליך,NL,אולד רוטרדם עיזים 4ק,קילוגרמים,1.00,"ק""ג",true,,180.00,180.0000,true,1,430410
7290008403900,false,גאודה עגבניות וזיתים,מיוצר עי קונדיטוריית,NL,גאודה עגבניות וזיתים לקג,קילוגרמים,1.00,"ק""ג",true,,129.00,129.0000,true,1,423376
7290008403917,false,גאודה פסטו ירוק לקג,הנרי ויליך,NL,גאודה פסטו ירוק לקג,קילוגרמים,1.00,"ק""ג",true,,159.00,159.0000,true,1,423377
7290008403924,false,גאודה פסטו אדום לקג,מיוצר עי קונדיטוריית,FR,גאודה פסטו אדום לקג,קילוגרמים,1.00,"ק""ג",true,,159.00,159.0000,true,1,423378
7290008403931,false,גאודה כמון לקג,מיוצר עי קונדיטוריית,FR,גאודה כמון לקג,קילוגרמים,1.00,"ק""ג",true,,130.00,130.0000,true,1,422500
7290008409049,false,מיני שניצלונים ציפוי,תנובה גליל שותפות מו,IL,מיני שניצלונים ציפוי שומשום 500 גרם מאמא,גרמים,500.00,100 גרם,false,1,31.60,0.0632,true,1,288778
7290008409124,false,שניצל גונגל מאמא עוף,תנובה גליל שותפות מו,IL,שניצל גונגל מאמא עוף 700 גרם,גרמים,700.00,100 גרם,false,1,38.90,0.0556,true,1,289605
7290008409216,false,שניצל דק דק פריך,תנובה גליל,IL,מאמא עוף שניצל דק פריך 700 גרם,גרמים,700.00,100 גרם,false,1,44.90,0.0641,true,1,296194
7290008409223,false,שניצל דק דק מתובל,תנובה גליל שותפות מו,IL,שניצל דק דק מתובל 700 גרם,גרמים,700.00,100 גרם,false,1,44.90,0.0641,true,1,296869
7290008409315,false,מיני שניצלונים ציפוי,תנובה גליל,IL,מיני שניצלונים ציפוי פריך 500 גרם,גרמים,500.00,100 גרם,false,1,29.90,0.0598,true,1,285578
7290008409551,false,שניצל עוף אמיתי בציפ,תנובה גליל שותפות מו,IL,שניצל אמיתי מעודן,גרמים,700.00,100 גרם,false,1,44.90,0.0641,true,1,284586
7290008409605,false,כוכבי עוף 700 גרם,תנובה גליל שותפות מו,IL,כוכבי עוף 700 גרם,גרמים,700.00,100 גרם,false,1,37.90,0.0541,true,1,364344
7290008409773,false,קציצות עוף והודו אמי,תנובה גליל שותפות מו,IL,מאמא עוף קציצות עוף והודו 700 גרם,גרמים,700.00,100 גרם,false,1,34.90,0.0499,true,1,284592
7290008415071,false,סלט חומוס וטחינה 150,סלטי צבר,IL,סלטי צבר חומוס עם טחינה 12*150גרם,גרמים,150.00,100 גרם,false,1,5.90,0.0393,true,1,284607
7290008425681,true,זיתים אורגנים ברנע,,,זיתים אורגנים ברנע,גרמים,400.00,100 גרם,false,1,21.90,0.0547,true,1,406576
7290008453868,false,מארז פרנה אוולית 4 י,מגוון שיווק והפצת מא,,מארז פרנה אוולית 4 יח,גרמים,550.00,100 גרם,false,1,13.90,0.0253,true,1,309515
7290008461047,false,סיימן ברי לה רוסטיק,נטו מלינדה סיימן,,סיימן ברי לה רוסטיק לקג,קילוגרמים,1.00,"ק""ג",true,,169.00,169.0000,true,1,364370
7290008461221,false,סרדינים בשמן חמניות,יוליניבר,PT,סרדינים בשמן חמניות 115 גרם,גרמים,115.00,100 גרם,false,1,6.90,0.0600,true,1,284627
7290008461238,false,סרדינים בשמן חמניות,יוליניבר,PT,סרדינים בשמן חמניות חריף 115 גר,גרמים,115.00,100 גרם,false,1,6.90,0.0600,true,1,284628
7290008461283,false,גבינה טריפל צדר נני,יוליניבר,,גבינה טריפל צדר נני  200 גרם,גרמים,200.00,100 גרם,false,1,24.90,0.1245,true,1,328435
7290008462204,false,חרדל דיזון מיילי מקו,יוליניבר,FR,חרדל דיזון מיילי מקורי 380 גרם,גרמים,380.00,100 גרם,false,1,12.90,0.0339,true,1,287507
7290008462310,false,סיימן סנט מור,,,סיימן סנט מור לקג,קילוגרמים,1.00,"ק""ג",true,,169.00,169.0000,true,1,368333
7290008464024,false,בירה גולדסטאר לא מסו,"טמפו משקאות בע""מ",IL,"בירה גולדסטאר לא מסונן פחית 500 מ""ל",מיליליטרים,500.00,"100 מ""ל",false,1,9.90,0.0198,true,1,310868
7290008464109,false,בירה גולדסטאר ל.מסונ,"טמפו משקאות בע""מ",IL,"בירה גולדסטאר ל.מסונן בקבוק 330 מ""ל",מיליליטרים,330.00,"100 מ""ל",false,1,7.90,0.0239,true,1,288759
7290008464208,false,בירה מכבי 7.9% בקבוק,טמפו משקאות בע''מ,IL,"בירה מכבי 7.9%, בירה חזקה, בקבוק 330 מ''ל",מיליליטרים,330.00,"100 מ""ל",false,1,8.90,0.0270,true,1,314020
7290008464222,false,בירה מכבי 7.9%  פחית,"טמפו משקאות בע""מ",IL,"בירה מכבי 7.9%, בירה חזקה, פחית 500 מ""ל",מיליליטרים,500.00,"100 מ""ל",false,1,8.90,0.0178,true,1,316908
7290008464338,false,בירה מכבי בקבוק 330,בירה מכבי,IL,בירה מכבי בקבוק 330 מל לאגר בהירה,מיליליטרים,330.00,"100 מ""ל",false,1,7.90,0.0239,true,1,284631
7290008464345,false,בירה גולדסטאר בקבוק,טמפו משקאות בע''מ,IL,"בירה גולדסטאר, בקבוק 330 מ''ל",מיליליטרים,330.00,"100 מ""ל",false,1,7.90,0.0239,true,1,284632
7290008464468,false,בירה גולדסטאר פחית 5,"טמפו משקות בע""מ",IL,"בירה גולדסטאר, פחית 500 מ""ל",מיליליטרים,500.00,"100 מ""ל",false,1,8.90,0.0178,true,1,284635
7290008464475,false,בירה מכבי פחית 500 מ,"טמפו משקאות בע""מ",IL,"בירה מכבי, פחית 500 מ""ל",מיליליטרים,500.00,"100 מ""ל",false,1,8.90,0.0178,true,1,284636
7290008464604,false,בירה הייניקן פחית 50,טמפו משקאות בע''מ,NL,"בירה היינקן, פחית 500 מ""ל",מיליליטרים,500.00,"100 מ""ל",false,1,13.90,0.0278,true,1,284648
7290008464635,false,"מי טוניק בקבוק 275מ""",טמפו משקאות בעמ,IL,"טמפו טוניק, 275 מל",מיליליטרים,250.00,"100 מ""ל",false,1,5.50,0.0220,true,1,345231
7290008464697,false,בירה מכבי 7.9% שישיי,טמפו,,"בירה מכבי 7.9% שישייה בקבוק 330 מ""ל",ליטרים,1.98,ליטר,false,1,32.90,16.6162,true,1,313707
7290008464741,false,בירה גולדסטאר שישייה,טמפו,,"בירה גולדסטאר שישייה בקבוק 330 מ""ל",ליטרים,1.98,ליטר,false,1,36.90,18.6364,true,1,284641
7290008464796,false,בירה הייניקן שישייה,טמפו,,"בירה הייניקן שישייה בקבוק 330 מ""ל",ליטרים,1.98,ליטר,false,1,39.90,20.1515,true,1,284644
7290008466240,false,עוגות דבש 450 גרם,אנטיקוביץ,IL,עוגות דבש 450 גרם,גרמים,450.00,100 גרם,false,1,16.90,0.0376,true,1,424705
7290008466318,false,מיני רוגלך ירושלמי 3,דין שיווק,IL,מיני רוגלך ירושלמי 300 גר,גרמים,300.00,100 גרם,false,1,22.90,0.0763,true,1,428057
7290008466707,false,עוגיות פרימיום 250 ג,דין שיווק,IL,עוגיות פרימיום 250 גרם,גרמים,250.00,100 גרם,false,1,22.90,0.0916,true,1,428066
7290008493413,false,פירורי גריסיני 200 ג,מאיר בייגל,IL,מאיר בייגל פירורי גריסיני 200 גרם,גרמים,200.00,100 גרם,false,1,6.90,0.0345,true,1,291802
7290008499101,false,אוסובקו עגל פרוס אית,קצביית פרימיום,IL,אוסובקו עגל פרוס איתן,קילוגרמים,1.00,"ק""ג",true,,69.90,69.9000,true,1,425418
7290008500036,false,תערובת להכנת עוגיות,פילסברי,IL,תערובת להכנת עוגיות שוקו ציפס פלסברי200,גרמים,200.00,100 גרם,false,1,16.90,0.0845,true,1,427658
7290008590129,false,שעועית ירוקה שלמה שף,משק ויילר,BE,שעועית ירוקה שלמה שף הטבע 800גרם,גרמים,800.00,100 גרם,false,1,12.90,0.0161,true,1,435704
7290008590150,false,אפונת גינה קטנה שף,משק ויילר,BE,אפונת גינה קטנה שף הטבע   800גרם,גרמים,800.00,100 גרם,false,1,12.90,0.0161,true,1,435693
7290008590167,false,אפונה וגזר שף הטבע,משק ויילר,BE,אפונה וגזר שף הטבע   800 גרם,גרמים,800.00,100 גרם,false,1,12.90,0.0161,true,1,435694
7290008634045,false,פלסטר לילדים סאני 30,,,פלסטר לילדים סאני 30 יחידות,יחידה,1.00,יחידה,false,1,6.90,6.9000,true,1,308585
7290008644112,false,סלט מטבוחה יום יום 1,"שטראוס גרופ בע""מ",IL,סלט מטבוחה יום יום 125 גרם,גרמים,125.00,100 גרם,false,1,5.50,0.0440,true,1,284655
7290008645935,false,חומוס אחלה 750 גרם,"שטראוס גרופ בע""מ",IL,חומוס 750 אחלה,גרמים,750.00,100 גרם,false,1,10.90,0.0145,true,1,289313
7290008670012,false,יין רקנאטי קברנה סוב,תות ממתקי איכות,IL,רקנטי - קברנה סוביניון 2017 750 מל,מיליליטרים,750.00,"100 מ""ל",false,1,52.90,0.0705,true,1,284662
7290008670029,false,יין רקנאטי מרלו 750,תות ממתקי איכות,IL,רקנטי - מרלו 2017 750 מל,מיליליטרים,750.00,"100 מ""ל",false,1,52.90,0.0705,true,1,284663
7290008670135,false,ראקנטי סוביניון בלאן,רקנאטי,,ראקנטי סוביניון בלאן,מיליליטרים,750.00,"100 מ""ל",false,1,60.00,0.0800,true,1,429959
7290008670197,false,רקאנטי שרדונה רזרב 7,יקב רקנאטי,IL,רקאנטי שרדונה רזרב 750 מל,מיליליטרים,750.00,"100 מ""ל",false,1,85.00,0.1133,true,1,429966
7290008670210,false,יין רקנאטי שיראז 750,תות ממתקי איכות,IL,רקנטי - שיראז 2017 750 מל,מיליליטרים,750.00,"100 מ""ל",false,1,52.90,0.0705,true,1,289694
7290008670302,false,יין רקנאטי קברנה סוב,רקנאטי,IL,יין רקנאטי קברנה סוביניון רזרב 750 מל,מיליליטרים,750.00,"100 מ""ל",false,1,85.00,0.1133,true,1,429961
7290008670388,false,רקנאטי רוזה רזרבד,רקנאטי,IL,רקנאטי רוזה רזרבד,מיליליטרים,750.00,"100 מ""ל",false,1,70.00,0.0933,true,1,429962
7290008670678,false,יין רקנאטי מרלו רזרב,רקנאטי,IL,יין רקנאטי מרלו רזרב 750 מל,מיליליטרים,750.00,"100 מ""ל",false,1,85.00,0.1133,true,1,429963
7290008690713,false,נקטר אושן ספריי חמוצ,מבשלות בירה בינלאומי,IL,פריגת אושן ספריי חמוציות 1 ליטר,ליטרים,1.00,ליטר,false,1,15.50,15.5000,true,1,284690
7290008693134,false,מעדן דניאלה גבינה תו,"שטראוס בריאות בע""מ",IL,דניאלה תות,גרמים,88.00,100 גרם,false,1,4.40,0.0500,true,1,284694
7290008704134,false,חציל מונטה קרלו,מונטה קרלו,IL,חציל מונטה קרלו,קילוגרמים,1.00,"ק""ג",true,,59.00,59.0000,true,1,429987
7290008704257,false,חומוס זהב,מונטה קרלו,IL,חומוס זהב,קילוגרמים,1.00,"ק""ג",true,,39.00,39.0000,true,1,429988
7290008704929,false,טונה סלרי,מונטה קרלו,IL,טונה סלרי,קילוגרמים,1.00,"ק""ג",true,,89.00,89.0000,true,1,430109
7290008704943,false,טונה ירקות,מונטה קרלו,IL,טונה ירקות,קילוגרמים,1.00,"ק""ג",true,,95.00,95.0000,true,1,430110
7290008704950,false,טונה זיתים ללא מיונז,מונטה קרלו,IL,טונה זיתים ללא מיונז,קילוגרמים,1.00,"ק""ג",true,,98.00,98.0000,true,1,430111
7290008713900,false,לחם שיפון עגול,מאפיית אנג'ל אורנים,IL,אנג'ל לחם שיפון עגול פרוס 750 גרם,גרמים,750.00,100 גרם,false,1,13.90,0.0185,true,1,431153
7290008739016,false,נר ריחני 20,יושלם,,נר פילר עתיק                        6*3,יחידה,1.00,יחידה,false,1,20.00,20.0000,true,1,366868
7290008745239,false,תפוציפס קראנץ,"שטראוס פריטו ליי בע""",IL,תפו קראנצ טבעי 50 גר 48 יח - שמיטה,גרמים,50.00,100 גרם,false,1,3.90,0.0780,true,1,284726
7290008747547,false,תפוציפס קראנץ טבעי 2,"שטראוס פריטו ליי בע""",IL,תפו קראנצ טבעי 200 גר 12 יח - שמיטה,גרמים,200.00,100 גרם,false,1,9.90,0.0495,true,1,284731
7290008752244,false,תפוציפס קראנץ גריל,"שטראוס פריטו ליי בע""",IL,תפו קראנצ גריל 50 גר 48 יח - שמיטה,גרמים,50.00,100 גרם,false,1,3.90,0.0780,true,1,284743
7290008753111,false,תפוציפס קראנץ מקסיקנ,"שטראוס פריטו ליי בע""",IL,תפו קראנצ מקסיקני 50 גר 48 יח- שמיטה,גרמים,50.00,100 גרם,false,1,3.90,0.0780,true,1,284745
7290008775816,false,ערגליות שוקו 300 גרם,"אסם השקעות בע""מ",IL,ערגליות שוקולד 6*300גרם,גרמים,300.00,100 גרם,false,1,10.90,0.0363,true,1,284754
7290008775823,false,ערגליות תות 300 גרם,"אסם השקעות בע""מ",IL,ערגליות תות שדה 6*300גרם,גרמים,300.00,100 גרם,false,1,10.90,0.0363,true,1,284755
7290008775892,false,פרפקטו לינגוויני,פסטה זארה,IL,פרפקטו פסטה לינגויני 20*500גרם-חדש,גרמים,500.00,100 גרם,false,1,7.90,0.0158,true,1,284756
7290008801010,false,יין P.C קברנה מרלו,אגודת הכורמים הקאופו,IL,"יין P.C קברנה מרלו 750 מ""ל",מיליליטרים,750.00,"100 מ""ל",false,1,39.90,0.0532,true,1,284759
7290008801157,false,יין סלקטד מרלו 750 מ,יקבי כרמל,,"יין סלקטד מרלו 750 מ""ל",מיליליטרים,750.00,"100 מ""ל",false,1,29.90,0.0399,true,1,284762
7290008801430,false,מיץ ענבים תירוש אדום,"כד בני דרום בע""מ",IL,"תירוש אדום 750 מ""ל 100% טבעי",מיליליטרים,750.00,"100 מ""ל",false,1,16.90,0.0225,true,1,430799
7290008801843,false,יין סלקטד קברנה סובנ,"כד בני דרום בע""מ",IL,כרמל סלקטד קברנה סוביניון יין אדום יבש 2017 750 מל,מיליליטרים,750.00,"100 מ""ל",false,1,29.90,0.0399,true,1,284768
7290008801850,false,יין סלקטד אמרלד ריזל,אגודת הכורמים הקואופ,IL,כרמל סלקטד אמרלד ריזלינג-קולומברד 2018,מיליליטרים,750.00,"100 מ""ל",false,1,29.90,0.0399,true,1,284769
7290008802291,false,"יין מרלו P.C 750 מ""ל",אגודת הכורמים הקואופ,IL,כרמל פרייבט קולקשן מרלו 2018 יין אדום יבש 750 מל,מיליליטרים,750.00,"100 מ""ל",false,1,39.90,0.0532,true,1,284770
7290008802895,false,יין קברנה סוביניון,אגודת הכורמים הקאופו,IL,"יין P.C קברנה סוביניון 750 מ""ל",מיליליטרים,750.00,"100 מ""ל",false,1,39.90,0.0532,true,1,284773
7290008803090,false,יין מרלו גליל עליון,אגודת הכורמים הקואופ,IL,"יין מרלו גליל עליון 750 מ""ל",מיליליטרים,750.00,"100 מ""ל",false,1,59.90,0.0799,true,1,299673
7290008804189,false,יין קברנה סוביניון ג,אגודת הכורמים הקואופ,IL,"יין קברנה סוביניון גליל עליון 750 מ""ל",מיליליטרים,750.00,"100 מ""ל",false,1,59.90,0.0799,true,1,299674
7290008804332,false,יין שיראז      P.C.,אגודת הכורמים הקואופ,IL,יין שיראז פרייבט קולקשן יקבי כרמל,מיליליטרים,750.00,"100 מ""ל",false,1,39.90,0.0532,true,1,369745
7290008804745,false,יין ס.א גוורצטרמינר,אגודת הכורמים הקואופ,IL,יין ס.א גוורצטרמינר,מיליליטרים,750.00,"100 מ""ל",false,1,59.90,0.0799,true,1,325116
7290008805049,false,יין סלקטד רוזה 750 מ,"כד בני דרום בע""מ",IL,"יין רוזה חצי יבש יקבי הכרמל 2020, 750 מל",מיליליטרים,750.00,"100 מ""ל",false,1,29.90,0.0399,true,1,430715
7290008805384,false,יין סלקטד מוסקטו 750,אגודת הכורמים הקואופ,IL,כרמל סלקטד מוסקטו יין לבן מבעבע קלות,מיליליטרים,750.00,"100 מ""ל",false,1,29.90,0.0399,true,1,288587
7290008805520,false,יין קברנה מרלו סלקטד,"כד בני דרום בע""מ",IL,"יין קברנה מרלו סלקטד 750 מ""ל",מיליליטרים,750.00,"100 מ""ל",false,1,29.90,0.0399,true,1,290365
7290008805964,false,יין שיראז גליל עליון,אגודת הכורמים הקואופ,IL,"יין שיראז גליל עליון 750 מ""ל",מיליליטרים,750.00,"100 מ""ל",false,1,59.90,0.0799,true,1,377162
7290008806305,false,שלגון פצפצים,"מיוצר ע"" גלידת שטראו",IL,שלגון פצפצים תות בננה עם סוכרי,גרמים,97.00,100 גרם,false,1,5.90,0.0608,true,1,430716
7290008806961,false,גלידה קרמיסימו שוקול,"גלידת שטראוס בע""מ",IL,גלידה קרמיסימו שוקולד צ'יפ פרה 1.33 ל',ליטרים,1.33,ליטר,false,1,23.90,17.9699,true,1,284806
7290008806985,false,גלידונית קרמיסימו 1/,שטראוס גלידות,,גלידונית קרמיסימו 1/60  630 גרם פרווה,גרמים,630.00,100 גרם,false,1,39.90,0.0633,true,1,284807
7290008849609,false,אוליביה רוטב לכרעיים,אוליביה גורמה (1996),IL,אוליביה רוטב שום דבש לעוף,גרמים,330.00,100 גרם,false,1,14.90,0.0452,true,1,430142
7290008849661,false,ממרח עגבניות מיובשות,"אוליביה גרומה בע""מ",IL,ממרח עגבניות מיובשות פקנטי אוליביה,גרמים,180.00,100 גרם,false,1,12.90,0.0717,true,1,417041
7290008849845,false,אריסה פקנטית  אוליבי,"אוליביה גרומה בע""מ",IL,אריסה פקנטית  אוליביה 185גרם,גרמים,185.00,100 גרם,false,1,12.90,0.0697,true,1,344715
7290008866019,false,ברי עיזים בייבי יעקו,משק יעקבס,IL,"ברי עיזים בייבי יעקובס לק""ג",קילוגרמים,1.00,"ק""ג",true,,149.00,149.0000,true,1,428247
7290008866040,false,"ברי עיזים יעקובס לק""",משק יעקבס,IL,"ברי עיזים יעקובס לק""ג",קילוגרמים,1.00,"ק""ג",true,,149.00,149.0000,true,1,428245
7290008881005,false,שמן זית ארבקינה פח 2,קיבוץ מגל,IL,שמן זית ארבקינה פח 2 ליטר,ליטרים,2.00,ליטר,false,1,104.90,52.4500,true,1,423860
7290008881050,false,שמן זית קורינייקי פח,קיבוץ מגל,IL,שמן זית קורינייקי פח 2 ליטר,ליטרים,2.00,ליטר,false,1,104.90,52.4500,true,1,423852
7290008881081,false,שמן זית פיקואל פח 2,קיבוץ מגל,IL,שמן זית פיקואל פח 2 ליטר,ליטרים,2.00,ליטר,false,1,104.90,52.4500,true,1,423853
7290008881203,false,שמן זית 2 ליטר מסיק,יושלם,,שמן זית 2 ליטר מסיק,ליטרים,2.00,ליטר,false,1,97.00,48.5000,true,1,376597
7290008881227,false,"שמן זית הבית750 מ""ל",עדן בריאות טבע מרקט,,שמן זית הבית750 מל,מיליליטרים,750.00,"100 מ""ל",false,1,49.90,0.0665,true,1,365587
7290008881265,false,שמן זית מסיק קורטינה,יושלם,,שמן זית מסיק קורטינה,ליטרים,0.00,ליטר,false,1,49.00,0.0000,true,1,383852
7290008881296,false,"שמן קורינייקי 750מ""ל",מסיק קיבוץ מגל,IL,"שמן קורינייקי 750מ""ל",מיליליטרים,750.00,"100 מ""ל",false,1,49.90,0.0665,true,1,375689
7290008881494,false,שמן ארבניקה 750 מל,מסיק קיבוץ מגל,,שמן ארבניקה 750 מל,מיליליטרים,750.00,"100 מ""ל",false,1,49.90,0.0665,true,1,435636
7290008909761,false,בירה קרלסברג בקבוק,מבשלות בירה בינלאומי,IL,"קרלסברג בק 330 מ""ל פקדון",מיליליטרים,330.00,"100 מ""ל",false,1,9.50,0.0288,true,1,280907
7290008909853,false,קוקה קולה זירו,החברה המרכזית לייצור,IL,"קולה ZERO בקבוק 500 מ""ל",מיליליטרים,500.00,"100 מ""ל",false,1,7.50,0.0150,true,1,293664
7290008909884,false,קוקה קולה ZERO קלאסי,החברה המרכזית לייצור,IL,"קוקה קולה זירו קלאסי 330 מ""ל",מיליליטרים,330.00,"100 מ""ל",false,1,7.00,0.0212,true,1,430353
7290008921213,false,יין תשבי אסטייט ויונ,יקבי תישבי,IL,"יין תשבי אסטייט ויונייה 750 מ""ל",מיליליטרים,750.00,"100 מ""ל",false,1,56.90,0.0759,true,1,434193
7290008921312,false,יין קברנה סובניון אס,יקבי הבארון – תשבי,,יין קברנה סובניון אסטייט,מיליליטרים,750.00,"100 מ""ל",false,1,84.90,0.1132,true,1,382165
7290008921329,false,יין מרלו אסטייט,יקבי הבארון – תשבי,,יין מרלו אסטייט,מיליליטרים,750.00,"100 מ""ל",false,1,84.90,0.1132,true,1,382267
7290008921336,false,יין שרדונה  אסטייט 7,"יקבי הבארון בע""מ",,"יין שרדונה  אסטייט 750 מ""ל",מיליליטרים,750.00,"100 מ""ל",false,1,56.90,0.0759,true,1,298530
7290008921459,false,יין שיראז אסטייט 750,יקב תישבי יקבי הברון,,"יין שיראז אסטייט 750 מ""ל תישבי",מיליליטרים,750.00,"100 מ""ל",false,1,84.90,0.1132,true,1,395013
7290008921633,false,יין אסטיין פינק סובי,יקבי הבארון,IL,"יין אסטיין פינק סוביניון 750 מ""ל",מיליליטרים,750.00,"100 מ""ל",false,1,56.90,0.0759,true,1,434544
7290008921718,false,תישבי גוורצטרימנר,יושלם,,תישבי גוורצטרימנר,מיליליטרים,750.00,"100 מ""ל",false,1,56.90,0.0759,true,1,383486
7290008975780,false,בונזו גזע קטן 3 קג,united pet food,FR,בונזו גזע קטן 3 קג,קילוגרמים,3.00,"ק""ג",false,1,49.90,16.6333,true,1,284882
7290010002023,false,כורכום  טחון,א.ל ייצור ושיווק תבל,IL,תבלין כורכום תבליני מימון 100 גרם,גרמים,100.00,100 גרם,false,1,11.50,0.1150,true,1,364099
7290010002030,false,כמון 100 גרם,א.ל ייצור ושיווק תבל,IL,תבלין כמון תבליני מימון 100 גרם,גרמים,100.00,100 גרם,false,1,11.50,0.1150,true,1,364100
7290010002047,false,מלח לימון 200 גרם,א.ל ייצור ושיווק תבל,IL,תבליני מימון מלח לימון בצנצנת 200 גרם,גרמים,200.00,100 גרם,false,1,10.90,0.0545,true,1,364101
7290010002061,true,פלפל לבן טחון 100גרם,א.ל ייצור ושיווק תבל,IL,תבליני מימון פלפל לבן טחון בצנצנת 100 גרם,Unknown,0.00,Unknown,false,1,17.90,0.0000,true,1,412784
7290010002078,false,פלפל שחור טחון,א.ל ייצור ושיווק תבל,IL,תבליני מימון פלפל שחור טחון בצנצנת 100 גרם,גרמים,120.00,100 גרם,false,1,13.90,0.1158,true,1,364103
7290010002108,false,פלפל שחור גרוס גס,א.ל ייצור ושיווק תבל,IL,תבליני מימון תבלין פלפל שחור גרוס גס  90 גרם,גרמים,900.00,100 גרם,false,1,13.90,0.0154,true,1,364105
7290010002122,false,פפריקה הונגרית מתוקה,א.ל ייצור ושיווק תבל,IL,תבליני מימון פפריקה הונגרית מתוקה בצנצנת 100 גרם,גרמים,100.00,100 גרם,false,1,11.50,0.1150,true,1,364107
7290010002146,false,פפריקה מרוקאית מתוקה,א.ל ייצור ושיווק תבל,IL,תבליני מימון פפריקה מרוקאית מתוקה בצנצנת 100 גרם,גרמים,100.00,100 גרם,false,1,11.50,0.1150,true,1,364109
7290010002153,false,פפריקה מרוקאית חריפה,א.ל ייצור ושיווק תבל,IL,תבליני מימון פפריקה מרוקאית חריפה בצנצנת 100 גרם,גרמים,100.00,100 גרם,false,1,11.50,0.1150,true,1,364110
7290010002177,false,פפריקה בטעם מעושן 90,א.ל. ייצור ושיווק תב,IL,פפריקה בטעם מעושן 90 גרם,גרמים,90.00,100 גרם,false,1,13.90,0.1544,true,1,415704
7290010002207,false,קינמון טחון,א.ל ייצור ושיווק תבל,IL,תבליני מימון קינמון טחון בצנצנת 100 גרם,גרמים,100.00,100 גרם,false,1,9.90,0.0990,true,1,364112
7290010002283,false,תבלין על האש,א.ל ייצור ושיווק תבל,IL,תבלין תיבול על האש תבליני מימון 100 גרם,גרמים,100.00,100 גרם,false,1,11.50,0.1150,true,1,364114
7290010002290,false,תערובת לשווארמה,א.ל ייצור ושיווק תבל,IL,תבלין תיבול לשווארמה תבליני מימון 100 גרם,גרמים,110.00,100 גרם,false,1,11.50,0.1045,true,1,364115
7290010002313,false,תבלין קציצות מרוקני,א.ל ייצור ושיווק תבל,IL,תבליני מימון תבלין ראס אל חנות 100 גרם,גרמים,120.00,100 גרם,false,1,11.50,0.0958,true,1,367792
7290010002320,false,תבלין גריל עוף,א.ל ייצור ושיווק תבל,IL,תערובת לתיבול גריל עוף תבליני מימון 100 גרם,גרמים,130.00,100 גרם,false,1,11.50,0.0885,true,1,364116
7290010002351,false,זעתר ושומשום בלדי,א.ל ייצור ושיווק תבל,IL,תבלין זעתר ושומשום תבליני מימון 100 גרם,גרמים,100.00,100 גרם,false,1,11.50,0.1150,true,1,364118
7290010002368,false,תערובת חווג למרק,א.ל ייצור ושיווק תבל,IL,תבליני מימון תערובת חוויאג' למרק 100 גרם,גרמים,100.00,100 גרם,false,1,11.50,0.1150,true,1,364119
7290010002375,false,מדרס קארי,א.ל ייצור ושיווק תבל,IL,תבלין קארי תבליני מימון 100 גרם,גרמים,120.00,100 גרם,false,1,11.50,0.0958,true,1,368896
7290010002382,true,אורגנו 40 גרם,א.ל ייצור ושיווק תבל,IL,תבליני מימון אורגנו 40 גרם,גרמים,40.00,100 גרם,false,1,9.90,0.2475,true,1,412785
7290010002481,true,שום טחון תבליני מימו,א.ל ייצור ושיווק תבל,IL,תבליני מימון שום טחון בצנצנת 100 גרם,גרמים,100.00,100 גרם,false,1,13.90,0.1390,true,1,412484
7290010002498,false,שום גבישי 120 גרם,א.ל ייצור ושיווק תבל,IL,תבליני מימון שום גבישי 120 גרם,גרמים,120.00,100 גרם,false,1,13.90,0.1158,true,1,364125
7290010002726,false,תבלין לפרגיות,א.ל ייצור ושיווק תבל,IL,תבליני מימון תבלין לפרגיות  100 גרם,גרמים,110.00,100 גרם,false,1,11.50,0.1045,true,1,375799
7290010032303,true,דבש פרחי הדר 500 גרם,,,דבש פרחי הדר 500 גרם,Unknown,0.00,Unknown,false,1,29.90,0.0000,true,1,406628
7290010032310,true,דבש פרחי בר 500ג,,,דבש פרחי בר 500ג,Unknown,0.00,Unknown,false,1,29.90,0.0000,true,1,406629
7290010032327,true,דבש אקליפטוס 500 גרם,,,דבש אקליפטוס 500 גרם,Unknown,0.00,Unknown,false,1,29.90,0.0000,true,1,406630
7290010032334,true,דבש פרחי זעתר,,,דבש פרחי זעתר,Unknown,0.00,Unknown,false,1,29.90,0.0000,true,1,406631
7290010032341,true,דבש פרחי אשל 500 גרם,,,דבש פרחי אשל 500 גרם,Unknown,0.00,Unknown,false,1,29.90,0.0000,true,1,406632
7290010032358,true,דבש פרחי דרור 500 גר,,,דבש פרחי דרור 500 גר,Unknown,0.00,Unknown,false,1,29.90,0.0000,true,1,406633
7290010032365,true,דבש שיזף 500 גר,,,דבש שיזף 500 גר,Unknown,0.00,Unknown,false,1,29.90,0.0000,true,1,406634
7290010032402,true,דבש פרחי הדר 1 קג,,,דבש פרחי הדר 1 קג,Unknown,0.00,Unknown,false,1,54.90,0.0000,true,1,406635
7290010032419,true,דבש פרחי בר 1 קג,,,דבש פרחי בר 1 קג,Unknown,0.00,Unknown,false,1,54.90,0.0000,true,1,406636
7290010032426,true,דבש אקליפטוס 1 קג,,,דבש אקליפטוס 1 קג,Unknown,0.00,Unknown,false,1,54.90,0.0000,true,1,406637
7290010032433,true,דבש פרחי זעתר 1 קג,,,דבש פרחי זעתר 1 קג,Unknown,0.00,Unknown,false,1,54.90,0.0000,true,1,406638
7290010032440,true,דבש אשל 1 קג,,,דבש אשל 1 קג,Unknown,0.00,Unknown,false,1,54.90,0.0000,true,1,406639
7290010032457,true,דבש פרחי דרור 1 קג,,,דבש פרחי דרור 1 קג,Unknown,0.00,Unknown,false,1,54.90,0.0000,true,1,406640
7290010032464,true,דבש שיזף 1 קג,,,דבש שיזף 1 קג,Unknown,0.00,Unknown,false,1,54.90,0.0000,true,1,406641
7290010051281,false,עלי רוקולה/רוקט,ביכורי שדה דרום,IL,עלי רוקולה/רוקט,יחידה,1.00,יחידה,false,1,5.90,5.9000,true,1,355593
7290010117864,false,דוריטוס חריף אש 70 ג,שטראוס פריטו ליי  בע,IL,דוריטוס חריף אש 70 גרם,גרמים,70.00,100 גרם,false,1,3.90,0.0557,true,1,434085
7290010125104,true,קוקיס שוקו אגוז La F,לה פרינה,IL,קוקיס שוקו אגוז La Farina,Unknown,0.00,Unknown,false,1,38.90,0.0000,true,1,350559
7290010154005,false,סחוג תימני 250 גרם,תבליני ביטון יוחאי,IL,סחוג תימני 250 גרם,גרמים,250.00,100 גרם,false,1,14.90,0.0596,true,1,284203
7290010154012,false,לימון כבוש בלאדי 250,תבליני ביטון יוחאי,IL,לימון כבוש בלאדי 250 גרם,גרמים,250.00,100 גרם,false,1,16.00,0.0640,true,1,284204
7290010154036,false,עמבה 250 גרם,תבליני ביטון יוחאי,IL,ביטון יוחאי המקורי עמבה סלט מנגו וחילבה 250 גרם,גרמים,250.00,100 גרם,false,1,14.90,0.0596,true,1,289253
7290010154241,false,חזרת 250 גרם,תבליני ביטון יוחאי,IL,ביטון יוחאי המקורי סלט חזרת 250 גרם,גרמים,250.00,100 גרם,false,1,15.00,0.0600,true,1,287599
7290010154265,false,"פלפל צ""ומה 250 גרם",תבליני ביטון יוחאי,IL,"פלפל צ""ומה 250 גרם",גרמים,250.00,100 גרם,false,1,14.90,0.0596,true,1,291068
7290010154678,false,אריסה מרוקאית 250 גר,תבליני ביטון יוחאי,IL,אריסה מרוקאית 250 גרם,גרמים,250.00,100 גרם,false,1,14.90,0.0596,true,1,344327
7290010154685,false,שום כתוש 250 גרם,תבליני ביטון יוחאי,IL,ביטון יוחאי המקורי סלט שום כתוש 250 גרם,גרמים,250.00,100 גרם,false,1,14.90,0.0596,true,1,344328
7290010173044,false,יין הרי גליל מרלו 75,יקב הרי גליל,IL,"הרי גליל מרלו יין אדום יבש, 750 מל",מיליליטרים,750.00,"100 מ""ל",false,1,32.90,0.0439,true,1,286249
7290010173068,false,יין הרי גליל קברנה ס,יקב הרי גליל,IL,יקבי הרי גליל קברנה סוביניון 750 מל,מיליליטרים,750.00,"100 מ""ל",false,1,32.90,0.0439,true,1,286257
7290010173174,false,יין גליל אלון 750 מל,,IL,יין גליל אלון 750 מל,מיליליטרים,750.00,"100 מ""ל",false,1,60.00,0.0800,true,1,398616
7290010173181,false,יין גליל אלה 750 מל,,IL,יין גליל אלה 750 מל,מיליליטרים,750.00,"100 מ""ל",false,1,59.90,0.0799,true,1,398617
7290010192816,false,תמר מגהול ללא גלעין,תימורת הערבה,IL,תמר מגהול ללא גלעין 45 גרם,גרמים,45.00,100 גרם,false,1,4.90,0.1089,true,1,429205
7290010195268,false,פופקורן פופסטאר מופח,Preston farms,US,פופקורן פופסטאר מופחת שומן טבע,גרמים,425.00,100 גרם,false,1,13.90,0.0327,true,1,379124
7290010237531,false,פפסי קולה בקבוק 500,"טמפו משקאות בע""ם.",IL,פפסי 500 מל בקבוק,מיליליטרים,500.00,"100 מ""ל",false,1,5.50,0.0110,true,1,289454
7290010237548,false,פפסי מקס בקבוק 500 מ,טמפו משקאות בעמ,IL,פפסי מקס בקבוק 500 מל,מיליליטרים,500.00,"100 מ""ל",false,1,5.50,0.0110,true,1,289455
7290010237685,false,בירה הייניקן בקבוק,טמפו משקאות בע''מ,IL,"בירה היינקן, בקבוק 330 מ''ל",מיליליטרים,330.00,"100 מ""ל",false,1,9.90,0.0300,true,1,284645
7290010237777,false,שנדי למון ליים בודד,טמפו משקאות בע''מ,IL,"בירה שנדי, בירה בטעם לימון ליים, בקבוק 330 מ""ל",מיליליטרים,330.00,"100 מ""ל",false,1,6.50,0.0197,true,1,368146
7290010237890,false,בירה הייניקן בקבוק ח,טמפו משקאות בע''מ,IL,"בירה היינקן, בקבוק חוזר 500 מ""ל",מיליליטרים,500.00,"100 מ""ל",false,1,8.90,0.0178,true,1,289369
7290010259823,false,נודלס בטעם עוף מנת ה,נמצ'או(תאילנד) בעמ,TH,מנת השף- מרק עם נודלס בטעם עוף,גרמים,70.00,100 גרם,false,1,5.50,0.0786,true,1,290064
7290010259830,false,נודלס בסגנון סיני פי,נמצ'או(תאילנד) בעמ,TH,ויליפוד מנת השף נודלס בטעם סיני-פיקנטי 70 גרם,גרמים,70.00,100 גרם,false,1,5.50,0.0786,true,1,290065
7290010259847,false,נודלס בטעם תירס מנת,יוליניבר,TH,ויליפוד מנת השף נודלס בטעם תירס 70 גרם,גרמים,70.00,100 גרם,false,1,5.50,0.0786,true,1,290066
7290010328093,false,ממרח חלבה  אחווה,אחדות בית חרושת לטחי,IL,אחוה ממרח חלוה  400 גרם,גרמים,400.00,100 גרם,false,1,12.90,0.0323,true,1,370207
7290010328246,false,טחינה שומשום מלא אחו,,IL,טחינה שומשום מלא אחווה 500 גרם,גרמים,500.00,100 גרם,false,1,14.90,0.0298,true,1,301330
7290010328253,false,טחינה גולמית אחווה,"אחדות ביח""ר בעמ",IL,אחוה טחינה גולמית 500 גרם בפלסטיק,גרמים,500.00,100 גרם,false,1,14.90,0.0298,true,1,300547
7290010328468,false,חלבה אחוה מיני בטעמי,"אחדות ביחר לטחינה, ח",IL,"אחוה חטיפי מיני חלוה פיסטוק, וניל וקקאו 18 יחידות",גרמים,216.00,100 גרם,false,1,10.90,0.0505,true,1,312255
7290010328505,false,חלבה אחוה מיני ללא ס,"אחדות ביח""ר בע""מ",IL,חטיפי מיני חלוה ללא תוספת סוכר 15 יח' במגש,גרמים,150.00,100 גרם,false,1,10.90,0.0727,true,1,312256
7290010417162,false,יין גמלא ריזלינג לבן,יקב רמת הגולן,,"יין גמלא ריזלינג לבן 750  מ""ל",מיליליטרים,750.00,"100 מ""ל",false,1,60.00,0.0800,true,1,429960
7290010417315,false,יין גולן מרלו,יקב רמת הגולן,,"יין גולן מרלו 750 מ""ל",מיליליטרים,750.00,"100 מ""ל",false,1,33.90,0.0452,true,1,290095
7290010417322,false,יין ירדן ויוניה 750,יקב רמת הגולן,IL,יין ירדן ויוניה 750 מל,מיליליטרים,750.00,"100 מ""ל",false,1,70.00,0.0933,true,1,429973
7290010471669,false,דנונה בר תות קורנפלק,"שטראוס בריאות בע""מ",IL,דנונה בר תות קורנפלקס,גרמים,175.00,100 גרם,false,1,4.80,0.0274,true,1,288766
7290010546152,false,גרנולה מנדל קלויה עם,יוליניבר,IL,גרנולה מנדל קלויה עם תמרים 400 גרם,גרמים,400.00,100 גרם,false,1,18.90,0.0472,true,1,295306
7290010561032,false,תערובת להכנת פנקייק,קרלו,IL,תערובת להכנת פנקייק ברילי 400גרם,גרמים,400.00,100 גרם,false,1,19.90,0.0497,true,1,426730
7290010561360,false,באגט ברילי אקסטרהקמח,קרלו,IL,באגט ברילי אקסטרהקמח טף 360גרם,גרמים,360.00,100 גרם,false,1,18.90,0.0525,true,1,434345
7290010561414,false,לחם קל ברילי אקסטרה,קרלו,IL,לחם קל ברילי אקסטרה ציה וטף 500גרם,גרמים,500.00,100 גרם,false,1,22.90,0.0458,true,1,423862
7290010561421,false,לחם כפרי מקמח טף,קרלו,IL,לחם כפרי ברילי אקסטרה מקמח טף500גרם,גרמים,500.00,100 גרם,false,1,21.90,0.0438,true,1,423084
7290010561445,false,ברילי פיתות 420גרם,קרלו,IL,ברילי פיתות 420גרם,גרמים,420.00,100 גרם,false,1,21.90,0.0521,true,1,423530
7290010561452,false,מאפה ביס ויטמינים בר,קרלו,IL,מאפה ביס ויטמינים ברילי,גרמים,360.00,100 גרם,false,1,18.90,0.0525,true,1,434550
7290010561643,false,פירורי לחם ברילי ללא,אשבל מזון פונקציונלי,IL,פירורי לחם ברילי ללא גלוטן 250 גרם,גרמים,250.00,100 גרם,false,1,18.90,0.0756,true,1,423411
7290010561964,false,גבטה קמח טף ברילי,אשבל מזון פונקציונלי,IL,גבטה ברילי אקסטרה קמח טף 380גרם,גרמים,380.00,100 גרם,false,1,21.90,0.0576,true,1,424106
7290010569120,false,שלגון פסק זמן קראנץ,"מיוצר ע""י גלידת שטרא",IL,שטראוס  חטיף פסק זמן בטעם נוגט ושוקולד 67 גרם,גרמים,73.00,100 גרם,false,1,9.90,0.1356,true,1,288821
7290010627004,false,טחינה ירושלים 500 גר,"בראשית ירושלים בע""מ",IL,טחינה ירושלים 500 גרם,גרמים,500.00,100 גרם,false,1,15.90,0.0318,true,1,322822
7290010650019,false,לבבות חסה אנדיב,קרלו,IL,לבבות חסה אנדיב,גרמים,300.00,100 גרם,false,1,13.90,0.0463,true,1,295334
7290010657100,false,ליצי שלם,FOOD,,ליצי שלמים בסירופ קל 567גרם FOOD,גרמים,567.00,100 גרם,false,1,9.90,0.0175,true,1,375122
7290010657254,false,סרדינים בשמן צמחי 12,יוניון דה פחריס,,סרדינים בשמן צמחי 125 גרם,גרמים,125.00,100 גרם,false,1,5.50,0.0440,true,1,297492
7290010657292,false,צלפים בחומץ צנצנת 35,לוקסאפרס,,צלפים בחומץ צנצנת 350 גרם,גרמים,350.00,100 גרם,false,1,15.90,0.0454,true,1,294742
7290010657469,false,אספרגוס בצנצנת סטאר,,,אספרגוס בצנצנת סטאר פוד 330 גרם,גרמים,330.00,100 גרם,false,1,12.90,0.0391,true,1,370037
7290010657490,false,סרדינים בשמן חריף 12,יוניון דה פחריס,,סרדינים בשמן חריף 125 גרם,גרמים,125.00,100 גרם,false,1,6.50,0.0520,true,1,305188
7290010657681,false,פילה מקרל בשמן צמחי,קזבלנקה,,פילה מקרל בשמן צמחי,יחידה,1.00,יחידה,false,1,8.90,8.9000,true,1,372095
7290010777150,false,פיתה מיוחדת,מגוון שיווק והפצת מא,,פיתה מיוחדת חיטה מלאה 8 יחידות,גרמים,800.00,100 גרם,false,1,15.90,0.0199,true,1,306272
7290010777242,false,פיתה קריצה מחמצת 10י,מאפיית ביכורים  מזון,IL,פיתה קריצה מחמצת 10יח,גרמים,1100.00,100 גרם,false,1,16.90,0.0154,true,1,434277
7290010777358,false,פיתה כוסמין 8 יח בשק,מגוון שיווק והפצת מא,,פיתה כוסמין 8 יח בשקית  400 גרם,גרמים,400.00,100 גרם,false,1,17.90,0.0447,true,1,321393
7290010777488,false,פיתות מחמצת 100%  קמ,מאפיית ביכורים  מזון,IL,פיתות מחמצת 100%  קמח מלא 10 יח,גרמים,420.00,100 גרם,false,1,16.90,0.0402,true,1,434276
7290010777525,false,פיתות 100% כוסמין דק,מאפיית ביכורים  מזון,IL,פיתות 100% כוסמין דק 99 קל 6 יח,גרמים,300.00,100 גרם,false,1,16.90,0.0563,true,1,434275
7290010778058,false,פטוציני לבן/ טריקולו,פסטה דיאורו,IL,פטוציני לבן/ טריקולור,גרמים,500.00,100 גרם,false,1,19.90,0.0398,true,1,367951
7290010778164,false,רביולי ריקוטה ופטריו,פסטה דיאורו,IL,רביולי ריקוטה ופטריות,גרמים,500.00,100 גרם,false,1,29.90,0.0598,true,1,378049
7290010778171,false,רביולי בטטה,פסטה דיאורו,IL,רביולי בטטה,גרמים,500.00,100 גרם,false,1,29.90,0.0598,true,1,378053
7290010814701,false,שוקולד חלב,אף.סי תבליני בגליל ב,IL,שוקולד חלב ללא תוספת סוכר אגו 85 גרם,גרמים,85.00,100 גרם,false,1,6.90,0.0812,true,1,376018
7290010838219,false,ממתיק על בסיס סטיביה,שוגארט,IL,מרמולייט סטיביה ממתיק 100 שקיות,גרמים,100.00,100 גרם,false,1,32.90,0.3290,true,1,304426
7290010931330,false,סלט מטבוחה 500 גרם,"שטראוס גרופ בע""מ",IL,מטבוחה 500,גרמים,500.00,100 גרם,false,1,15.90,0.0318,true,1,290663
7290010945146,false,קוטג מועשר 3% טרה 25,טרה,,קוטג מועשר 3% טרה 250 גרם,גרמים,250.00,100 גרם,false,1,5.60,0.0224,true,1,290253
7290010945450,false,גבינה לבנה 3% 250 גר,טרה,,גבינה לבנה 3% 250 גרם,גרמים,250.00,100 גרם,false,1,5.10,0.0204,true,1,290567
7290010945481,false,גבינה לבנה       5%,טרה,,גבינה לבנה 500 5% גרם מהדרין,גרמים,500.00,100 גרם,false,1,9.96,0.0199,true,1,369353
7290011015862,false,סירופ דיאט לימונענע,גת,IL,"סירופ דיאט לימונענע 750 מ""ל",מיליליטרים,750.00,"100 מ""ל",false,1,23.90,0.0319,true,1,375356
7290011017866,false,קוקה קולה פחית סליק,החברה המרכזית לייצור,IL,"סליק קוקה קולה 330 מ""ל מבצע",מיליליטרים,330.00,"100 מ""ל",false,1,5.90,0.0179,true,1,305254
7290011017873,false,קוקה קולה זירו פחית,החברה המרכזית לייצור,IL,"סליק קולה ZERO 330 מ""ל מבצע",מיליליטרים,330.00,"100 מ""ל",false,1,5.90,0.0179,true,1,305255
7290011017880,false,קוקה קולה דיאט פחית,החברה המרכזית לייצור,IL,"סליק דק""ק 330 מ""ל מבצע",מיליליטרים,330.00,"100 מ""ל",false,1,5.90,0.0179,true,1,305256
7290011018184,false,תה קר FUZE TEA אפרסק,מבשלות בירה בינלאומי,IL,FUZE tea אפרסק 0.5 ליטר,מיליליטרים,500.00,"100 מ""ל",false,1,8.50,0.0170,true,1,305149
7290011018214,false,תה קר FUZE TEA מנגו,מבשלות בירה בעמ,IL,פיוזטי מנגו אננס 0.5 ליטר,מיליליטרים,500.00,"100 מ""ל",false,1,8.50,0.0170,true,1,305152
7290011018368,false,בירה ויינשטפן מארז ש,"ויינשטפן, ת.ד 1155 פ",DE,Weihenstephan - בירת חיטה מעוננת,ליטרים,1.98,ליטר,false,1,74.90,37.8283,true,1,307486
7290011018474,false,סיידר סומרסבי,"קרלסברג קרואטיה , יב",HR,"סומרסבי סיידר בקבוק 330 מ""ל",מיליליטרים,330.00,"100 מ""ל",false,1,9.90,0.0300,true,1,313827
7290011018917,false,קוקה קולה זירו מארז,החברה המרכזית לייצור,IL,"מארז ק""ק ZERO 6 פח FRIDGE-PACK מבצע",ליטרים,1.98,ליטר,false,1,24.90,12.5758,true,1,307968
7290011018924,false,קוקה קולה דיאט מארז,החברה המרכזית לייצור,IL,דקק 6 פח FRIDGE Pack מבצע,ליטרים,1.98,ליטר,false,1,24.90,12.5758,true,1,307942
7290011064020,false,גבינה בולגרית בעיר 2,גבינות ניצן,,גבינה בולגרית בעיר 200  גרם,גרמים,200.00,100 גרם,false,1,14.90,0.0745,true,1,291599
7290011064075,false,גבינת לאבנה אבו גוש,גבינות ניצן,,גבינת לאבנה אבו גוש פלוס 200 גרם,גרמים,200.00,100 גרם,false,1,14.90,0.0745,true,1,294186
7290011064099,false,טאפס שכונתי 125 גרם,"ניצן מותגי מזון בע""מ",,טאפס שכונתי 125 גרם,גרמים,125.00,100 גרם,false,1,20.30,0.1624,true,1,302431
7290011064273,false,חמאת פורציני 100 גרם,גבינות ניצן,,חמאת פורציני 100 גרם,גרמים,100.00,100 גרם,false,1,16.90,0.1690,true,1,321705
7290011081492,false,גלידה קרמיסימו שלושה,"גלידת שטראוס בע""מ",IL,מעדן קפוא קרמיסימו 3 שוקולדים 1.33 ל',ליטרים,1.33,ליטר,false,1,23.90,17.9699,true,1,292170
7290011126452,false,חליטת תה צמחים קמומי,ויסוצקי,IL,"קמומיל ונענע ""הגן הקסוםC24 ?",גרמים,37.00,100 גרם,false,1,19.90,0.5378,true,1,293155
7290011126469,false,חליטת תה צמחים קמומי,ויסוצקי,IL,"קמומיל ודבש ""הגן הקסוםC24 ?",גרמים,37.00,100 גרם,false,1,19.90,0.5378,true,1,293156
7290011126957,false,תה ירוק ארל גריי 25,ויסוצקי,IL,תה ירוק ארל גריי T.T,גרמים,37.00,100 גרם,false,1,25.90,0.7000,true,1,295269
7290011131371,false,מוזלי קרנצי שקדים וא,ויטליאה ניקולה דו,MK,מוזלי פלוס אגוזים ושקדים 1 קג,קילוגרמים,1.00,"ק""ג",false,1,25.90,25.9000,true,1,291462
7290011131395,false,מוזלי קראנצי פירות 1,ויטליאה ניקולה דו,MK,גרין מוזלי קראנצ'י בתוספת 30% פירות 1 קג,קילוגרמים,1.00,"ק""ג",false,1,25.90,25.9000,true,1,291459
7290011131654,false,מיזלי ביג מיקס,ויטליה ניקולא דו,MK,"גרין מוזלי קראנצ'י עם פירות ואגוזים, 1.1 קג",קילוגרמים,1.00,"ק""ג",false,1,25.90,25.9000,true,1,390713
7290011131968,false,גרנולה עם אגוזים   .,ויטליה ניקולא דו,MK,גרנולה בתוספת שקדים ואגוזים 1 קג,קילוגרמים,1.00,"ק""ג",false,1,27.90,27.9000,true,1,300181
7290011131975,false,גרנולה עם פירות,ויטליאה ניקולה דו,MK,גרין גרנולה עם פירות מיובשים ומסוכרים 1.1 קג,קילוגרמים,1.00,"ק""ג",false,1,27.90,27.9000,true,1,300182
7290011132019,false,גולדסטאר בלאק רוסט ב,טמפו,IL,"גולדסטאר בלאק רוסט בקבוק 330 מ""ל",מיליליטרים,330.00,"100 מ""ל",false,1,7.90,0.0239,true,1,434246
7290011132507,false,מים סן בנדטו מוגז עד,אקווה מינרלה סאן בנד,IT,סן בנדטו מוגז 500 מל,מיליליטרים,500.00,"100 מ""ל",false,1,6.00,0.0120,true,1,301676
7290011133498,false,מכבי שנדי תפוח,"טמפו משקאות בע""מ",IL,"בירה שנדי, בירה בטעם תפוח, בקבוק 330 מ""ל",מיליליטרים,330.00,"100 מ""ל",false,1,6.50,0.0197,true,1,373781
7290011133504,false,מכבי שנדי אפרסק,טמפו משקאות בע''מ,IL,"בירה שנדי, בירה בטעם אפרסק, בקבוק 330 מ""ל",מיליליטרים,330.00,"100 מ""ל",false,1,6.50,0.0197,true,1,373783
7290011142704,true,לחם שיפון La Farina,לה פרינה,IL,לחם שיפון La Farina,גרמים,0.00,100 גרם,false,1,21.90,0.0000,true,1,350561
7290011142711,true,לחם שיפון כפרי La Fa,לה פרינה,IL,לחם שיפון כפרי La Farina,לא מנהל יחידת מידה,0.00,לא מנהל יחידת מידה,false,1,21.90,0.0000,true,1,350562
7290011142728,true,לחם שיפון ביתי La Fa,לה פרינה,IL,לחם שיפון ביתי La Farina,Unknown,0.00,Unknown,false,1,21.90,0.0000,true,1,350563
7290011142742,true,לחם שיפון 100% La Fa,לה פרינה,IL,לחם שיפון 100% La Farina,לא מנהל יחידת מידה,0.00,לא מנהל יחידת מידה,false,1,27.90,0.0000,true,1,350565
7290011142759,false,לחם מחמצת (ארוז),לה פרינה,IL,לחם מחמצת (ארוז) לה פרינה,יחידה,1.00,יחידה,false,1,19.90,19.9000,true,1,353160
7290011142773,true,לחם קסטן La Farina,לה פרינה,IL,לחם קסטן La Farina,Unknown,0.00,Unknown,false,1,19.90,0.0000,true,1,350566
7290011142780,true,לחם משפחתי La Farina,לה פרינה,IL,לחם משפחתי La Farina,לא מנהל יחידת מידה,0.00,לא מנהל יחידת מידה,false,1,27.90,0.0000,true,1,350567
7290011153885,false,נייר אכיל ממותג,גילרוי,,נייר אכיל ממותג                       .,Unknown,0.00,Unknown,false,1,22.60,0.0000,true,1,291384
7290011154035,false,תרכיז תפוחים סחוט 50,טעמי הגליל,IL,"תרכיז תפוחים סחוט 500 מ""ל טעמי הגליל",מיליליטרים,500.00,"100 מ""ל",false,1,22.90,0.0458,true,1,424557
7290011154080,false,תרכיז תפוחים צלול 50,טעמי הגליל,IL,"תרכיז תפוחים צלול 500 מ""ל טעמי הגליל",מיליליטרים,500.00,"100 מ""ל",false,1,22.90,0.0458,true,1,424556
7290011194215,false,דניאלה מעדן בננה,"שטראוס בריאות בע""מ",IL,דניאלה מעדן בננה 88 גרם,גרמים,88.00,100 גרם,false,1,4.40,0.0500,true,1,369169
7290011194246,false,קוטג 5% סקי 250 גרם,"שטראוס בריאות בע""מ",IL,קוטג' 5% 250 גרם,גרמים,250.00,100 גרם,false,1,5.90,0.0236,true,1,290414
7290011223038,false,עלים לקרמשניט בונומי,בונומי ס.פ.א,IT,עלים לקרמשניט בונומי 300 גרם,גרמים,300.00,100 גרם,false,1,16.90,0.0563,true,1,300016
7290011223045,false,בישקוטים בונומי 200,בונומי ס.פ.א,IT,בונמי בישקוטים 200 גרם,גרמים,200.00,100 גרם,false,1,7.90,0.0395,true,1,299899
7290011223205,false,ריבת חלב ארגנטינאית,אשבל מזון פונקציונלי,IL,ריבת חלב ארגנטינאית דולקור 454 גרם,גרמים,454.00,100 גרם,false,1,17.90,0.0394,true,1,430183
7290011249748,false,ופל גלילית שוקולד גי,גילרו,,ופל גלילית שוקולד גילרו 100 גרם,גרמים,100.00,100 גרם,false,1,3.90,0.0390,true,1,312600
7290011249755,false,ופלים גלילית אגוזים,"גילרו בע""מ",,ופלים גלילית אגוזים 100 גרם,גרמים,100.00,100 גרם,false,1,3.90,0.0390,true,1,312599
7290011378776,false,מאגדת חלבה בארכה פיס,רושדי תעשיות מזון בע,IL,בארכה בקטנה מאגדת פיסטוק כלפ.12 7*18גרם,גרמים,120.00,100 גרם,false,1,13.90,0.1158,true,1,305739
7290011435226,false,דבש מפרחי בר לחיץ 65,מכוורת יד מרדכי שטרא,IL,דבש לחיץ 650 גרם,גרמים,650.00,100 גרם,false,1,38.90,0.0598,true,1,296636
7290011438142,false,משקה אייס קפה יטבתה,מחלבת יטבתה,IL,"אייס קפה 350 מ""ל",מיליליטרים,350.00,"100 מ""ל",false,1,6.50,0.0186,true,1,291969
7290011461058,false,מפיץ ריח 100מל,יושלם,,מפיץ ריח 100מל,מיליליטרים,100.00,"100 מ""ל",false,1,20.00,0.2000,true,1,372090
7290011473051,false,קוואקר אורגני תבואות,תבואות,,קוואקר עבה אורגני,גרמים,500.00,100 גרם,false,1,10.90,0.0218,true,1,382299
7290011473204,false,עדשים ירוקים,תבואות,TR,תבואות עדשים ירוקות אורגניות 500 גרם,גרמים,500.00,100 גרם,false,1,15.00,0.0300,true,1,391412
7290011473310,false,אזוקי אורגני,תבואות,CN,תבואות - אזוקי אורגני,Unknown,0.00,Unknown,false,1,12.90,0.0000,true,1,412808
7290011473372,true,אבקת חרובים אורגנית,תבואות,ES,אורגנית,Unknown,0.00,Unknown,false,1,14.90,0.0000,true,1,406768
7290011473396,true,חיטת כוסמין אורגנית,,,חיטת כוסמין אורגנית,Unknown,0.00,Unknown,false,1,10.90,0.0000,true,1,430045
7290011473402,false,קמח כוסמין מלא אורגנ,תבואות מוצרי מזון או,IT,תבואות - קמח כוסמין מלא אורגני,גרמים,0.00,100 גרם,false,1,11.90,0.0000,true,1,430020
7290011473433,false,כוסמת,תבואות,CN,תבואות כוסמת ירוקה אורגנית 500 גרם,גרמים,500.00,100 גרם,false,1,9.90,0.0198,true,1,391413
7290011473457,true,שומשום שחור אורגני,תבואות,BO,תבואות שומשום שחור אורגני 400 גרם,Unknown,0.00,Unknown,false,1,14.50,0.0000,true,1,406771
7290011473471,false,אורז בסמטי לבן אורגנ,תבואות,IN,תבואות - אורז בשמתי לבן אורגני,גרמים,500.00,100 גרם,false,1,11.90,0.0238,true,1,389977
7290011473532,true,סוכר ענבים טבעי 500,תבואות,BE,סוכר ענבים טבעי 500,Unknown,0.00,Unknown,false,1,10.90,0.0000,true,1,406772
7290011473556,false,סוכר פירות טבעי 200,תבואות,US,סוכר פירות (פרוקטוזה) טבעי,קילוגרמים,1.00,"ק""ג",false,1,14.90,14.9000,true,1,373371
7290011473570,false,קמח חומוס 500 גר תבו,תבואות מוצרי מזון או,,קמח חומוס 500 גר תבואות,גרמים,500.00,100 גרם,false,1,10.90,0.0218,true,1,430026
7290011473594,true,תבואות טחינה אורגנית,,,תבואות טחינה אורגנית,לא מנהל יחידת מידה,0.00,לא מנהל יחידת מידה,false,1,28.90,0.0000,true,1,397189
7290011473600,false,מלח הימליה דק,תבואות,,תבואות מלח הימליה דק 500 דק,Unknown,0.00,Unknown,false,1,19.90,0.0000,true,1,430029
7290011473624,true,טחינה מלאה אורגנית 1,,IL,טחינה משומשום מלא אורגני,לא מנהל יחידת מידה,0.00,לא מנהל יחידת מידה,false,1,28.90,0.0000,true,1,397173
7290011473648,false,סוכר דמררה 1 קג,תבואות,BR,תבואות סוכר דמררה אורגני 1 קג,קילוגרמים,1.00,"ק""ג",false,1,12.90,12.9000,true,1,373381
7290011473754,false,תאנים אורגניות,תבואות,TR,תבואות תאנים אורגניות 250 גרם,Unknown,0.00,Unknown,false,1,17.90,0.0000,true,1,412810
7290011473778,false,משמש אורגני,תבואות,TR,תבואות משמש אורגני 250 גרם,Unknown,0.00,Unknown,false,1,19.90,0.0000,true,1,412812
7290011473877,false,קינואה אדומה,תבואות,BO,תבואות קינואה אדומה אורגנית 500 גרם,קילוגרמים,0.50,"ק""ג",false,1,20.90,41.8000,true,1,376711
7290011473884,false,קינואה שחורה תבואות,תבואות,BO,תבואות קינואה שחורה אורגנית 500 גרם,גרמים,500.00,100 גרם,false,1,23.90,0.0478,true,1,385489
7290011473952,false,שבולת שועל דקה מהיר,תבואות,,"שבולת שועל דקה-מהיר הכנה, 400 גרם",גרמים,400.00,100 גרם,false,1,6.90,0.0173,true,1,373318
7290011474003,false,שמן קוקוס אורגני 300,אדמג'י לוקמנג'י,,שמן קוקוס אורגני 300 מל,מיליליטרים,300.00,"100 מ""ל",false,1,22.90,0.0763,true,1,384163
7290011474058,true,ספגטי מקמח כוסמין או,סגמברו ס.פ.א,IT,תבואות ספגטי פסטה מקמח כוסמין מלא אורגני 500 גרם,לא מנהל יחידת מידה,0.00,לא מנהל יחידת מידה,false,1,19.90,0.0000,true,1,394794
7290011474126,false,שמן קוקוס תבואות 950,אדמג'י לוקמנג'י,,"שמן קוקוס תבואות 950 מ""ל",מיליליטרים,950.00,"100 מ""ל",false,1,39.90,0.0420,true,1,430032
7290011474225,false,מלח הימליה קריסטל 1,תבואות,,מלח הימליה קריסטל 1 קילו,קילוגרמים,1.00,"ק""ג",false,1,28.90,28.9000,true,1,430030
7290011474232,false,מלח הימליה קריסטל 50,תבואות,,תבואות מלח הימליה קריסטל 500 גרם,Unknown,0.00,Unknown,false,1,19.90,0.0000,true,1,384168
7290011474249,false,ממרח שקד טבעי 300 גר,גי' אנד גי' בעמ,IL,ממרח שקד טבעי 300 גרם תבואות,גרמים,300.00,100 גרם,false,1,29.90,0.0997,true,1,384169
7290011474256,false,הימליה גס שקית 1 קג,תבואות,,מלח הימליה גס שקית,Unknown,0.00,Unknown,false,1,19.90,0.0000,true,1,384170
7290011474324,true,חמוציות אורגניות,תבואות,CA,תבואות חמוציות אורגני 170 גרם,לא מנהל יחידת מידה,0.00,לא מנהל יחידת מידה,false,1,23.90,0.0000,true,1,412491
7290011474362,false,קמח עדשים אורגניות 5,תבואות,TR,"תבואות קמח עדשים אורגני, 500 גרם",גרמים,500.00,100 גרם,false,1,15.90,0.0318,true,1,388373
7290011474386,false,קווארק דק אורגני,תבואות,,קוואקר דק אורגני,גרמים,500.00,100 גרם,false,1,10.90,0.0218,true,1,385490
7290011474447,false,קוואקר עבה 400 גר תב,תבואות,,תבואות קוואקר עבה טבעי 400 גרם,גרמים,400.00,100 גרם,false,1,6.90,0.0173,true,1,379747
7290011474577,true,פולי קקאו גרוס נא,תבואות,PE,פולי קקאו גרוס נא,גרמים,200.00,100 גרם,false,1,29.90,0.1495,true,1,397051
7290011474591,true,תבואות פנה כוסמין מל,סגמברו ס.פ.א,IT,תבואות פנה פסטה מקמח כוסמין מלא אורגני 500 גרם,לא מנהל יחידת מידה,0.00,לא מנהל יחידת מידה,false,1,19.90,0.0000,true,1,396246
7290011474683,true,מגדרה קינואה אורגנית,תבואות,BO,תבואות - מג'דרה קינואה אורגנית,לא מנהל יחידת מידה,0.00,לא מנהל יחידת מידה,false,1,20.90,0.0000,true,1,394465
7290011474898,false,סוכר קוקוס אורגני 50,תבואות,,תבואות סוכר קוקוס אורגני 300 גרם,גרמים,500.00,100 גרם,false,1,18.90,0.0378,true,1,389659
7290011498092,false,מרציפן נטו 200 גרם,"אלמנדוס בע""מ",IL,מרציפן נטו 200 גרם,גרמים,200.00,100 גרם,false,1,23.90,0.1195,true,1,429039
7290011498177,true,ממרח שקד לבן 700,שקד תבור,IL,ממרח שקד לבן 700 גרם שקד תבור,גרמים,700.00,100 גרם,false,1,59.90,0.0856,true,1,418916
7290011498283,true,חמאת בוטנים אגוזי אד,יבואן ומשווק: ש. שסט,IL,אגוזי אדמה,Unknown,0.00,Unknown,false,1,25.90,0.0000,true,1,418918
7290011498351,true,ממרח אגוז אילסר 195,יבואן ומשווק: ש. שסט,IL,חמאת לוז 200 גרם,Unknown,0.00,Unknown,false,1,23.90,0.0000,true,1,415744
7290011498368,true,ממרח אלת הבטנה שקד ת,יבואן ומשווק: ש. שסט,IL,ממרח אלת הבטנה שקד תבור 195,גרמים,195.00,100 גרם,false,1,39.90,0.2046,true,1,415745
7290011498375,true,חמאת קוקוס 300,שקד תבור,IL,חמאת קוקוס 300 גרם,גרמים,300.00,100 גרם,false,1,19.90,0.0663,true,1,415746
7290011498498,true,סירופ אגבה לחיץ 500,שקד תבור,MX,סירופ אגבה לחיץ 500 גרם,גרמים,500.00,100 גרם,false,1,23.90,0.0478,true,1,418920
7290011498504,true,ממרח חלבה עשיר 350,שקד תבור,IL,ממרח חלבה עשיר 350,גרמים,350.00,100 גרם,false,1,13.90,0.0397,true,1,415748
7290011498511,true,ממרח חלבה מלאה תבור,"איי, בי, אינבוו",IL,ממרח חלבה מלאה תבור 350,גרמים,350.00,100 גרם,false,1,13.90,0.0397,true,1,406794
7290011498542,true,ערכת שוקולד ביתי 250,פוקה,PE,הכנת שוקולד,גרמים,250.00,100 גרם,false,1,21.90,0.0876,true,1,434547
7290011498634,true,חמאת גרעיני דלעת 300,שקד תבור,IL,חמאת גרעיני דלעת 300,גרמים,300.00,100 גרם,false,1,25.90,0.0863,true,1,406797
7290011498740,false,ממרח שקד מלא תבור 30,שקד תבור,IL,ממרח שקד מלא תבור 300,גרמים,300.00,100 גרם,false,1,29.90,0.0997,true,1,387890
7290011498801,false,מרציפן פרימיום 65% 2,"אלמנדוס בע""מ",IL,מרציפן פרימיום 65% 200 גרם,גרמים,200.00,100 גרם,false,1,23.90,0.1195,true,1,429038
7290011498870,false,מארז חטיפי תמר במילו,"אלמנדוס בע""מ",IL,מארז חטיפי תמר במילוי חמאת שקדים 150 גרם,גרמים,150.00,100 גרם,false,1,16.90,0.1127,true,1,380315
7290011498887,false,מארז חטיפי תמר במילו,"אלמנדוס בע""מ",IL,מארז חטיפי תמר במילוי חמאת קוקוס 150 גרם,גרמים,150.00,100 גרם,false,1,16.90,0.1127,true,1,380316
7290011498955,true,חמאת בוטנים אגוזי אד,שקד תבור,IL,חמאת בוטנים אגוזי אדמה  300 שקד תבור,גרמים,300.00,100 גרם,false,1,12.90,0.0430,true,1,412815
7290011498962,false,ממרח  שקד לבן תבור 3,שקד תבור,IL,ממרח  שקד לבן תבור 300,גרמים,300.00,100 גרם,false,1,29.90,0.0997,true,1,387892
7290011498979,true,ממרח שקד לבן בתוספת,שקד תבור,IL,ממרח שקד לבן בתוספת סיבים תבור 300,גרמים,300.00,100 גרם,false,1,29.90,0.0997,true,1,418923
7290011498993,true,ממרח קשיו לבן 300,שקד תבור,IL,ממרח קשיו לבן 300 שקד תבור,גרמים,300.00,100 גרם,false,1,31.90,0.1063,true,1,418924
7290011499051,false,גבינה פטה כבשים 250,MKN עבור מחלבות גד ב,IL,פטה כבשים גבינה מלוחה במי מלח,גרמים,250.00,100 גרם,false,1,28.90,0.1156,true,1,291268
7290011499105,false,גבינה בולגרית 5%  25,"מיוצר ע""י DSH עבור מ",IL,גבינה בולגרית 5%  250 גרם,גרמים,250.00,100 גרם,false,1,24.90,0.0996,true,1,291625
7290011499112,false,גבינה בולגרית 16% בש,"מיוצר ע""י dsh",IL,בולגריות מיוצרת בשיטה מסורתית 16% 250 גרם,גרמים,250.00,100 גרם,false,1,24.90,0.0996,true,1,291626
7290011499129,false,גבינה בולגרית קוביות,קוד יצרן DSH,IL,קוביות בולגרית מעודנת,גרמים,200.00,100 גרם,false,1,22.90,0.1145,true,1,291768
7290011499303,false,גבינה בולגרית 5% עזי,מיוצר על ידי DSH עבו,IL,גד בולגרית עיזים מעודנת 5% שומן,גרמים,250.00,100 גרם,false,1,30.90,0.1236,true,1,294243
7290011499327,false,גבינה בולגרית 5% מעו,מיוצר על ידי DSH עבו,IL,גד גבינת בולגרית מעודנת מחלב בקר במי מלח 5% שומן,גרמים,250.00,100 גרם,false,1,22.90,0.0916,true,1,294245
7290011499341,false,גבינת קאשקבל 200 גרם,"מחלבות גד בע""מ",IL,גד קאשקבלו 26% שומן 200 גרם,גרמים,200.00,100 גרם,false,1,27.90,0.1395,true,1,294475
7290011499358,false,גבינה פטה עיזים 200,מיוצר על ידי קוד יצר,IL,מחלבות גד גבינת פטה עיזים 20% שומן,גרמים,200.00,100 גרם,false,1,27.60,0.1380,true,1,294476
7290011499365,false,גבינה חלומי נענע גד,"מחלבות גד בע""מ",IL,גד גבינת חלומי קשה מחלב בקר 24% שומן 200 גרם,גרמים,200.00,100 גרם,false,1,21.60,0.1080,true,1,294477
7290011499419,false,גבינת ניו יורק במקרם,מחלבות גד,IL,גד מרקם שמנת ניו יורק 5% 200 גרם,גרמים,200.00,100 גרם,false,1,11.90,0.0595,true,1,295880
7290011499525,false,גבינת לאבנה 9% דרוזי,מחלבות גד בעמ,IL,גבינת לאבנה דרוזית מחלב בקר 9% 500 גרם,גרמים,500.00,100 גרם,false,1,20.90,0.0418,true,1,296667
7290011499624,false,גבינת שמנת ניו יורק,מחלבות גד,IL,"גד, גבינת שמנת בטעם טבעי 30% , 200 גרם",גרמים,200.00,100 גרם,false,1,13.50,0.0675,true,1,298470
7290011499846,false,גבינת ריקוטה פרסקה 9,מחלבות גד בעמ,IL,גבינת ריקוטה פרסקה 9%  300 גרם גד,גרמים,300.00,100 גרם,false,1,18.00,0.0600,true,1,301053
7290011501617,false,חמוציות ברכז תפוחים,אף.סי תבליני בגליל ב,IL,חמוציות ברכז תפוחים ללא סוכר 250 גרם,גרמים,250.00,100 גרם,false,1,16.90,0.0676,true,1,390059
7290011502867,false,גרנולה אגוזים 500 גר,"דין שיווק וקליה בע""מ",,גרנולה אגוזים 500 גרם שקדיה,גרמים,500.00,100 גרם,false,1,14.90,0.0298,true,1,293799
7290011502874,false,גרנולה פירות יבשים 5,"דין שיווק וקליה בע""מ",,גרנולה פירות יבשים 500 גרם שקדיה,גרמים,500.00,100 גרם,false,1,14.90,0.0298,true,1,293800
7290011505493,false,כפות מהודר עבה במיוח,F.T.I,,כפות מהודר עבה במיוחד 50 יחידות,לא מנהל יחידת מידה,0.00,לא מנהל יחידת מידה,false,1,11.90,0.0000,true,1,326874
7290011505516,false,סכינים מהודר עבה במי,F.T.I,,סכינים מהודר עבה במיוחד 50 יחידות,לא מנהל יחידת מידה,0.00,לא מנהל יחידת מידה,false,1,11.90,0.0000,true,1,326872
7290011515683,false,טילון וניל אקסטרים מ,גלידות נסטלה,IL,אקסטרים טילון וניל בדצ מאח.5 6*72גרם,גרמים,432.00,100 גרם,false,1,32.90,0.0762,true,1,291936
7290011515911,false,גלידה לייט ריבת חלב,גלידות נסטלה (נגה גל,IL,נסטלה שלג.לייט ריבת חלב בדצ מאח.6 6*52ג,גרמים,312.00,100 גרם,false,1,27.90,0.0894,true,1,295509
7290011518561,false,מארז אקטימל תות,"שטראוס בריאות בע""מ",IL,אקטימל 14 תות,ליטרים,1.40,ליטר,false,1,32.60,23.2857,true,1,370017
7290011598211,false,מנקה כללי אנטיקאלק,סנו מפעלי ברונוס בעמ,IL,אנטי קאלק מרסס כללי רב שימושי  4 ב 1 700 מל,מיליליטרים,700.00,"100 מ""ל",false,1,19.90,0.0284,true,1,292931
7290011598402,false,מרכך מקסימה מסק,סאנו,IL,"מרכך כביסה מקסימה מסק 4 ל              """,ליטרים,4.00,ליטר,false,1,22.90,5.7250,true,1,291754
7290011615260,false,טורטיה 540 גרם,פרוטרופיק סיה.,TR,ויליפוד עלי טורטיה 540 ג 12 יחידות,גרמים,540.00,100 גרם,false,1,11.90,0.0220,true,1,296311
7290011615277,false,טורטיה 840גרם,פרוטרופיק סיה.,TR,"ויליפוד עלי טורטיה 840 גרם, 12 יחידות",גרמים,840.00,100 גרם,false,1,18.90,0.0225,true,1,417110
7290011723200,false,טחינת הר ברכה 500גרם,הר ברכה תעשיות,,טחינת הר ברכה 500גרם,גרמים,500.00,100 גרם,false,1,18.90,0.0378,true,1,292174
7290011728298,false,טרס פסוס חלפניו ירוק,,,טרס פסוס חלפניו ירוק עם בצל 195גרם,גרמים,195.00,100 גרם,false,1,24.90,0.1277,true,1,426754
7290011728724,false,טרס פסוס סלסה עגבניו,,,טרס פסוס סלסה עגבניות חתוכות חרוכות 200ג,גרמים,200.00,100 גרם,false,1,19.90,0.0995,true,1,426757
7290011728755,false,פלפל צפטולה יבש שלם,,,פלפל צפטולה יבש שלם 40גרם,גרמים,40.00,100 גרם,false,1,11.90,0.2975,true,1,426753
7290011800642,false,צבר מטבוחה מרוקאית 4,סלטי צבר,IL,צבר מטבוחה מרוקאית 400גרם,גרמים,400.00,100 גרם,false,1,17.90,0.0447,true,1,296637
7290011800840,false,טחינה לבנה   400 גרם,סלטי צבר,IL,צבר טחינה בלאדי 6*400 גרם,גרמים,400.00,100 גרם,false,1,17.90,0.0447,true,1,296640
7290011830168,true,פרורי לחם אורג כוסמי,המאפיה של הרמן,IL,פירורי לחם מקמח כוסמין,גרמים,200.00,100 גרם,false,1,13.90,0.0695,true,1,412819
7290011830236,true,בייגלה מקמח כוסמין+מ,HIQ FOOD PRODUCTS,IL,בייגלה כוסמין אורגני עם שומשום ומלח,גרמים,200.00,100 גרם,false,1,18.90,0.0945,true,1,412820
7290011830564,false,פתיבר כוסמין אורגני,דולפין ספא,IL,פתיבר כוסמין אורגני 200 גרם השדה,גרמים,200.00,100 גרם,false,1,12.90,0.0645,true,1,397595
7290011830601,false,חטיף להקפאה בטעמים,דולפין ספא,IT,"חטיף אורגני להקפאה בטעמי תות, לימון ותפוז",מיליליטרים,400.00,"100 מ""ל",false,1,15.90,0.0398,true,1,374566
7290011870225,false,סוללות פוזיקום  4AAA,פוג'יקום,,סוללות פוזיקום  4AAA,יחידה,1.00,יחידה,false,1,9.90,9.9000,true,1,299042
7290011870249,false,סוללות פוזיקום 12AAA,פוג'יקום,,סוללות פוזיקום 12AAA,לא מנהל יחידת מידה,0.00,לא מנהל יחידת מידה,false,1,19.90,0.0000,true,1,302744
7290011870256,false,מארז 4 פוגיקום AA,פוג'יקום,,מארז 4 פוגיקום AA,יחידה,1.00,יחידה,false,1,9.90,9.9000,true,1,299041
7290011870270,false,סוללות פוזיקום 12AA,פוג'יקום,,סוללות פוזיקום 12AA,לא מנהל יחידת מידה,0.00,לא מנהל יחידת מידה,false,1,19.90,0.0000,true,1,302745
7290011870720,false,סוללות פוזיקום  D,פוג'יקום,,סוללות פוזיקום  D,יחידה,1.00,יחידה,false,1,23.90,23.9000,true,1,299044
7290011870737,false,סוללות פוזיקום  C,פוג'יקום,,סוללות פוזיקום  C,יחידה,1.00,יחידה,false,1,21.90,21.9000,true,1,299043
7290011870744,false,סוללות פוזיקום 9V,פוג'יקום,,סוללות פוזיקום 9V,יחידה,1.00,יחידה,false,1,19.90,19.9000,true,1,299045
7290011877859,false,פותח סתימות,סנו מפעלי ברונוס בעמ,IL,"פותח סתימות אינסטלטור 200 גר           """,גרמים,200.00,100 גרם,false,1,14.90,0.0745,true,1,294534
7290011878351,true,תמר מגהול אורגני 400,,,תמר מגהול אורגני 400,Unknown,0.00,Unknown,false,1,29.90,0.0000,true,1,406831
7290011923266,false,סלק אדום אורגני  225,ליב,LT,סלק אדום אורגני מקולף ומבושל,גרמים,225.00,100 גרם,false,1,10.90,0.0484,true,1,433228
7290011923273,false,טופו אורגני ליב 300,א.י.ן תעשיות מזון בע,IL,ליב טופו אורגני 300 גרם,גרמים,300.00,100 גרם,false,1,13.50,0.0450,true,1,299030
7290011923303,false,טופו טבעי ליב 300 גר,א.י.ן תעשיות מזון בע,IL,ליב טופו בטעם טבעי 300 גרם,גרמים,300.00,100 גרם,false,1,13.90,0.0463,true,1,317262
7290011947309,false,זית ירוק עם לימון כב,זיתא – י.ט.ב תעשיות,IL,זית סורי מבוקע,גרמים,230.00,100 גרם,false,1,13.90,0.0604,true,1,310114
7290011947316,false,זיתי קלמטה זיתא 217,זיתא,IL,זית קלמטה בשמן זית כתית מעולה,גרמים,217.00,100 גרם,false,1,13.90,0.0641,true,1,312402
7290011947781,false,זית ירוק קלמטה ללא ג,זיתא,IL,זית ירוק קלמטה ללא גלעין מיקס זיתא190גרם,גרמים,190.00,100 גרם,false,1,13.90,0.0732,true,1,357204
7290011947798,false,זית קלמטה ללא גלעין,זיתא,IL,זית קלמטה ללא גלעין זיתא 190 גרם,גרמים,190.00,100 גרם,false,1,13.90,0.0732,true,1,357203
7290011947873,false,זיתי קלמטה זיתא בפח,זיתא,GR,זיתי קלמטה בפח,גרמים,440.00,100 גרם,false,1,15.90,0.0361,true,1,359506
7290011947903,false,זיתים מיקס יווני זית,זיתא,IL,זיתים מיקס יווני זיתא 215 גרם,גרמים,215.00,100 גרם,false,1,13.90,0.0647,true,1,359688
7290011964658,false,מלח לימון,תבליני טעם וריח,IL,תבליני טעם וריח מלח לימון 100% 170 גרם,גרמים,170.00,100 גרם,false,1,9.90,0.0582,true,1,373906
7290011996000,false,אטריות עגבניות 454 ג,פוקולוקו,,אטריות עגבניות 454 גרם,גרמים,454.00,100 גרם,false,1,7.50,0.0165,true,1,294208
7290011996017,false,אטריות תרד 454 גרם,קסימאן,,אטריות תרד 454 גרם,גרמים,454.00,100 גרם,false,1,7.50,0.0165,true,1,293950
7290011996031,false,אטריות ביצים 454 גרם,מזרח מערב,,אטריות ביצים 454 גרם,גרמים,454.00,100 גרם,false,1,7.50,0.0165,true,1,294004
7290011996062,false,"אורז לסושי 1 ק""ג",דדוש דניאל,,"אורז לסושי 1 ק""ג",קילוגרמים,1.00,"ק""ג",false,1,13.90,13.9000,true,1,293482
7290011996086,false,רוטב צילי חריף 700,,,רוטב צילי חריף 700,מיליליטרים,160.00,"100 מ""ל",false,1,10.90,0.0681,true,1,374166
7290011996109,false,רוטב צילי מתוק אסיה,מזרח מערב,,"רוטב צילי מתוק אסיה 700 מ""ל",מיליליטרים,700.00,"100 מ""ל",false,1,9.90,0.0141,true,1,372184
7290011996123,false,דפי אצות ים נורי 10,דדוש דניאל,,דפי אצות ים נורי 10 יח,גרמים,25.00,100 גרם,false,1,10.90,0.4360,true,1,295524
7290011996185,false,"חומץ אורז 250 מ""ל",דדוש דניאל,,"חומץ אורז 250 מ""ל",מיליליטרים,250.00,"100 מ""ל",false,1,7.90,0.0316,true,1,294280
7290011996222,false,חלב קוקוס אסיה 400 מ,פוקולוקו,,"חלב קוקוס אסיה 400 מ""ל",מיליליטרים,400.00,"100 מ""ל",false,1,5.90,0.0148,true,1,296207
7290011996277,false,מחצלת לסושי אסיה,פוקולוקו,,מחצלת לסושי אסיה,יחידה,1.00,יחידה,false,1,3.90,3.9000,true,1,295039
7290011996512,false,"מקלוני אורז 3 מ""מ",להיאן תאי רייס,,מקלוני אורז 3 ממ,גרמים,400.00,100 גרם,false,1,8.50,0.0213,true,1,374004
7290011996529,false,"אטריות אורז 5 מ""מ 40",להיאן תאי רייס,,"אטריות אורז 5 מ""מ 400 גרם",גרמים,400.00,100 גרם,false,1,8.50,0.0213,true,1,294940
7290011996550,false,רוטב הויסין 240,אסיה,,רוטב הויסין 240,מיליליטרים,160.00,"100 מ""ל",false,1,12.90,0.0806,true,1,374014
7290011996567,false,רוטב סאטה 240,יושלם,,רוטב סאטה 240,מיליליטרים,160.00,"100 מ""ל",false,1,12.90,0.0806,true,1,374165
7290011996581,false,רוטב חמוץ מתוק 300 מ,פוקולוקו,,"רוטב חמוץ מתוק 300 מ""ל",מיליליטרים,300.00,"100 מ""ל",false,1,9.90,0.0330,true,1,372894
7290011996604,false,רוטב פאד תאי 300 מל,דדוש,,רוטב פאד תאי 300 מל,מיליליטרים,300.00,"100 מ""ל",false,1,15.90,0.0530,true,1,372884
7290011996642,false,שומשום שחור קלוי,אסיה,,שומשום שחור קלוי 100 גרם,גרמים,100.00,100 גרם,false,1,12.90,0.1290,true,1,294383
7290011996703,false,אצות וואקאמה מיובשות,פוקולוקו,,אצות וואקאמה מיובשות 100 גרם,גרמים,100.00,100 גרם,false,1,14.90,0.1490,true,1,297932
7290011996758,false,קמח טמפורה 500 גרם,אסיה,,קמח טמפורה 500 גרם,גרמים,500.00,100 גרם,false,1,9.90,0.0198,true,1,298984
7290011996765,false,וואסבי שפורפרת 43 גר,פוקולוקו,,וואסבי שפורפרת 43 גרם,גרמים,43.00,100 גרם,false,1,8.90,0.2070,true,1,296306
7290011996789,false,פירורי לחם יפניים פנ,שנחאי אנגאנה פוד,,פירורי לחם יפניים פנקו 200 גרם,גרמים,200.00,100 גרם,false,1,7.90,0.0395,true,1,296462
7290011996802,false,אבקת ווסאבי 70 גרם,פוקולוקו,,אבקת ווסאבי 70 גרם,גרמים,70.00,100 גרם,false,1,13.90,0.1986,true,1,296098
7290011996819,false,אטריות סיניות מקלוני,מזרח מערב,,אטריות סיניות מקלוני שעועית 250 גרם,גרמים,250.00,100 גרם,false,1,5.90,0.0236,true,1,296041
7290011996888,false,רוטב טריאקי 300 כשר,אסיה,,רוטב טריאקי 300 כשר,מיליליטרים,300.00,"100 מ""ל",false,1,9.90,0.0330,true,1,373598
7290012001994,false,"חרדל דיז""ון גרגירים",ריין דה דיז'ון,FR,חרדל דיגון גרעינים 350 גרם כפ,גרמים,350.00,100 גרם,false,1,12.90,0.0369,true,1,298831
7290012019258,false,מחית תפוחי עץ רביעיי,Cherry growers inc,,מחית תפוחי עץ רביעייה 452 גרם,גרמים,452.00,100 גרם,false,1,12.90,0.0285,true,1,305258
7290012019265,false,מחית תפוחי עץ דיאט ר,Cherry growers inc,,מחית תפוחי עץ דיאט רביעייה 452 גרם,גרמים,452.00,100 גרם,false,1,12.90,0.0285,true,1,305259
7290012116360,false,פוליוויקס גרניט,"מפעלי סנו ברונוס בע""",IL,פוליויקס לטיפול ברצפות גרניט פורצלן 2 ליטר,ליטרים,2.00,ליטר,false,1,22.90,11.4500,true,1,294429
7290012116551,false,מנקה כללי אנטיקאלק,סנו מפעלי ברונוס בעמ,IL,אנטי קאלק לניקוי כללי 4 ב - 1 2 ליטר,ליטרים,2.00,ליטר,false,1,21.90,10.9500,true,1,375061
7290012116735,false,נ ט סופט גליל גמבו 2,סנו מפעלי ברונוס בעמ,IL,נ ט סופט גליל גמבו 24 יחידות,מטרים,90000.00,מטר,false,1,39.90,0.0004,true,1,296450
7290012117091,false,אבקת כביסה סנסטיב,סנו,IL,אבקת כביסה מרוכזת SENSITIVE,קילוגרמים,6.00,"ק""ג",false,1,49.90,8.3167,true,1,375716
7290012117534,false,מרכך כביסה מרוכז,"סנו מפעלי ברונוס בע""",IL,מקסימה מרכך כביסה מרוכז (COOL) 1 ליטר,ליטרים,1.00,ליטר,false,1,18.90,18.9000,true,1,298484
7290012117558,false,מרכך כביסה מקסימה מר,"סנו מפעלי ברונוס בע""",IL,מקסימה מרכך כביסה מרוכז מאסק 1 ליטר,ליטרים,1.00,ליטר,false,1,18.90,18.9000,true,1,298477
7290012117732,false,מרכך כביסה מקסימה,"סנו מפעלי ברונוס בע""",IL,מקסימה מרכך כביסה COOL ארומתראפי  4 ליטר,ליטרים,4.00,ליטר,false,1,22.90,5.7250,true,1,380283
7290012117916,false,אינסטלטור נוזלי,"סנו מפעלי ברונוס בע""",IL,סנו אינסטלטור נוזלי 1 ליטר,ליטרים,1.00,ליטר,false,1,28.90,28.9000,true,1,305870
7290012139598,false,חול קיטי 10 קג,בנטס,TR,חול קיטי 10 קג,קילוגרמים,10.00,"ק""ג",false,1,54.90,5.4900,true,1,435209
7290012159411,false,לבבות דקל חתוך 400 ג,יושלם,,לבבות דקל חתוך 400 גרם,גרמים,400.00,100 גרם,false,1,9.90,0.0248,true,1,302210
7290012193125,false,סוכרלוז מרמולייט 150,סוויט  לייף,CN,מרמולייט ממתיק על בסיס סוכרלוז 150 טבליות,לא מנהל יחידת מידה,0.00,לא מנהל יחידת מידה,false,1,26.90,0.0000,true,1,295241
7290012226076,false,פסטרמה חרמון 200 גרם,זוגלובק,IL,זוגלובק חרמון הודו ועוף 200 גרם,גרמים,200.00,100 גרם,false,1,14.90,0.0745,true,1,349500
7290012226120,false,קבנוס 135 גרם,זוגלובק,IL,זוגלובק קבנוס 135 גרם,גרמים,135.00,100 גרם,false,1,11.20,0.0830,true,1,299651
7290012227325,false,סלמי מעושן איטלקי דק,זוגלובק,IL,זוגלובק סלמי מעושן איטלקי 120 גרם דק דק דק,גרמים,120.00,100 גרם,false,1,14.90,0.1242,true,1,328945
7290012227981,false,פסטרמה ברביקיו דק דק,זוגלובק,IL,זוגלובק פסטרמה ברביקיו 120 גרם דק דק דק,גרמים,120.00,100 גרם,false,1,14.90,0.1242,true,1,328948
7290012227998,false,חזה בקר דק דק 120 גר,זוגלובק,IL,זוגלובק חזה בקר 120 גרם דק דק דק,גרמים,120.00,100 גרם,false,1,14.90,0.1242,true,1,328946
7290012228261,false,נקנקיות בוקוורסט הוד,זוגלובק,IL,זוגלובק נקניקיות הודו פרמיום קנקרס ריינהולד'ס,גרמים,300.00,100 גרם,false,1,20.00,0.0667,true,1,325660
7290012228278,false,נקנקיות בוקוורסט הוד,זוגלובק,IL,זוגלובק נקניקיות הודו -בקר (בוקוורסט) ריינהולדס,גרמים,310.00,100 גרם,false,1,20.00,0.0645,true,1,325659
7290012245176,false,CHIPS  וופל ציפס קרי,אגריסטו,BE,CHIPS  וופל ציפס קריספי 700גרם,גרמים,700.00,100 גרם,false,1,13.90,0.0199,true,1,429590
7290012245183,false,CHIPS  ציפס  קריספי,אגריסטו,BE,CHIPS  ציפס  קריספי קלאסי700גרם,גרמים,700.00,100 גרם,false,1,11.90,0.0170,true,1,429591
7290012245275,false,CHIPS ציפס בטטה קריס,אגריסטו,BE,"CHIPS ציפס בטטה קריספי  1 ק""ג",קילוגרמים,1.00,"ק""ג",false,1,27.90,27.9000,true,1,429592
7290012309311,false,ערמונים מקולפים,"דין שיווק וקליה בע""מ",,ערמונים מקולפים 105 גרם,גרמים,105.00,100 גרם,false,1,6.90,0.0657,true,1,295459
7290012309939,false,חלבה מסולסלת 500 גרם,אף.סי תבליני בגליל ב,IL,חלבה מסולסלת 500 גרם ששון הקולה,גרמים,500.00,100 גרם,false,1,14.90,0.0298,true,1,311613
7290012384011,true,בגט כפרי La Farina,לה פרינה,IL,בגט כפרי La Farina,לא מנהל יחידת מידה,0.00,לא מנהל יחידת מידה,false,1,11.90,0.0000,true,1,350568
7290012384059,true,לחם כפרי אגוזים וצימ,לה פרינה,IL,לחם כפרי אגוזים וצימוקים La Farina,לא מנהל יחידת מידה,0.00,לא מנהל יחידת מידה,false,1,21.90,0.0000,true,1,350571
7290012384073,true,לחם בצל La Farina,לה פרינה,IL,לחם בצל La Farina,לא מנהל יחידת מידה,0.00,לא מנהל יחידת מידה,false,1,21.90,0.0000,true,1,350573
7290012384080,true,לחם 5 דגנים La Farin,לה פרינה,IL,לחם 5 דגנים La Farina,לא מנהל יחידת מידה,0.00,לא מנהל יחידת מידה,false,1,21.90,0.0000,true,1,350564
7290012384097,true,לחם צרפתי לבן La Far,לה פרינה,IL,לחם צרפתי לבן La Farina,לא מנהל יחידת מידה,0.00,לא מנהל יחידת מידה,false,1,21.90,0.0000,true,1,350574
7290012384110,true,לחם זיתים La Farina,לה פרינה,IL,לחם זיתים La Farina,לא מנהל יחידת מידה,0.00,לא מנהל יחידת מידה,false,1,21.90,0.0000,true,1,350576
7290012384127,true,לחם כפרי La Farina,לה פרינה,IL,לחם כפרי La Farina,לא מנהל יחידת מידה,0.00,לא מנהל יחידת מידה,false,1,21.90,0.0000,true,1,350577
7290012384134,true,לחם כוסמין La Farina,לה פרינה,IL,לחם כוסמין La Farina,לא מנהל יחידת מידה,0.00,לא מנהל יחידת מידה,false,1,21.90,0.0000,true,1,350578
7290012384141,true,מארז  לחמניות La Far,לה פרינה,IL,מארז  לחמניות La Farina,לא מנהל יחידת מידה,0.00,לא מנהל יחידת מידה,false,1,18.90,0.0000,true,1,350579
7290012384479,true,עוגת שמרים תפוח La F,לה פרינה,IL,עוגת שמרים תפוח La Farina,Unknown,0.00,Unknown,false,1,41.90,0.0000,true,1,350599
7290012384493,true,עוגת שמרים חלבה שוקו,לה פרינה,IL,עוגת שמרים חלבה שוקולד La Farina,Unknown,0.00,Unknown,false,1,41.90,0.0000,true,1,350600
7290012384509,true,עוגת תפוחים La Farin,לה פרינה,IL,עוגת תפוחים La Farina,Unknown,0.00,Unknown,false,1,41.90,0.0000,true,1,350601
7290012384523,true,עוגת גזר La Farina,לה פרינה,IL,עוגת גזר La Farina,Unknown,0.00,Unknown,false,1,41.90,0.0000,true,1,350603
7290012384578,true,עוגת שמרים פרג La Fa,לה פרינה,IL,עוגת שמרים פרג La Farina,Unknown,0.00,Unknown,false,1,41.90,0.0000,true,1,350608
7290012384592,true,עוגת שמרים שוקולד La,לה פרינה,IL,עוגת שמרים שוקולד La Farina,יחידה,0.00,יחידה,false,1,41.90,0.0000,true,1,350610
7290012384608,true,עוגת תפוז La Farina,לה פרינה,IL,עוגת תפוז La Farina,Unknown,0.00,Unknown,false,1,41.90,0.0000,true,1,350611
7290012384622,true,עוגת מוקה פאדג La Fa,לה פרינה,IL,עוגת מוקה פאדג La Farina,Unknown,0.00,Unknown,false,1,41.90,0.0000,true,1,350613
7290012385223,false,ריבועי אגוזים וקרמל,לה מוליזנה,IL,ריבועי אגוזים וקרמל,גרמים,320.00,100 גרם,false,1,38.90,0.1216,true,1,427740
7290012385247,true,עוגיות בישקוטי ללא ת,לה פרינה,IL,עוגיות בישקוטי ללא תוספת סוכר La Farina,Unknown,0.00,Unknown,false,1,38.90,0.0000,true,1,350635
7290012385483,true,לחם סלק La Farina,לה פרינה,IL,לחם סלק La Farina,לא מנהל יחידת מידה,0.00,לא מנהל יחידת מידה,false,1,21.90,0.0000,true,1,350645
7290012385681,true,קנטוציני לוז שוקולד,לה פרינה,IL,קנטוציני לוז שוקולד,גרמים,300.00,100 גרם,false,1,38.90,0.1297,true,1,350663
7290012385827,false,עוגת איסטנבול,לה פרינה,IL,עוגת איסטנבול,יחידה,1.00,יחידה,false,1,59.00,59.0000,true,1,425335
7290012404955,false,נקטר ספרינג חמוציות,"יפאורה תבורי בע""מ",IL,ספרינג Collection נקטר חמוציות 1.25 ל',ליטרים,1.25,ליטר,false,1,14.00,11.2000,true,1,300018
7290012413636,false,תה ירוק צאי מסאלה25,ויסוצקי,IL,תה ירוק צ'אי T.T,גרמים,37.00,100 גרם,false,1,25.90,0.7000,true,1,380284
7290012413643,false,תה ירוק קמומיל 25 שק,בית ויסוצקי,IL,תה ירוק קמומיל T.T,גרמים,37.00,100 גרם,false,1,25.90,0.7000,true,1,305813
7290012475108,false,קפה שעורה,קרלו,EG,משקה שעורה נמס 75 גר,גרמים,75.00,100 גרם,false,1,14.90,0.1987,true,1,378143
7290012522581,false,שניצל תירס ללא גלוטן,טבעול,IL,טבעול שניצל תירס ללא גלוטן 6*664גרם,גרמים,660.00,100 גרם,false,1,32.90,0.0498,true,1,303539
7290012576362,false,יין ספיישל רזבר קברנ,טמפו,,יין ספיישל רזבר קברנה סוביניון,מיליליטרים,750.00,"100 מ""ל",false,1,74.90,0.0999,true,1,421680
7290012576379,false,יין ספיישל רזבר מרלו,טמפו,,יין ספיישל רזבר מרלו,מיליליטרים,750.00,"100 מ""ל",false,1,74.90,0.0999,true,1,421681
7290012645112,false,"יוגורט עיזים 750 מ""ל",מחלבות סוסיא,IL,חלב הארץ יוגורט עיזים 2.8% 750 גרם,מיליליטרים,750.00,"100 מ""ל",false,1,19.90,0.0265,true,1,328537
7290012645129,false,"יוגורט כבשים 750 מ""ל",פרח,IL,"יוגורט כבשים 750 מ""ל",מיליליטרים,750.00,"100 מ""ל",false,1,19.90,0.0265,true,1,328536
7290012645297,false,יוגורט עיזים בטעם טב,פרח,IL,חלב הארץ גביע יוגורט עיזים טבעי 150 גרם,גרמים,150.00,100 גרם,false,1,5.50,0.0367,true,1,319957
7290012759017,false,חטיף אנרגיה מיקס ממה,ממה חטיפי אנרגיה,,חטיף אנרגיה מיקס ממה 50 גרם,גרמים,50.00,100 גרם,false,1,7.50,0.1500,true,1,296338
7290012759031,false,חטיף אנרגיה בננה ופק,ממה חטיפי אנרגיה,,חטיף אנרגיה בננה ופקאן ממה אישי 50 גרם,גרמים,50.00,100 גרם,false,1,7.50,0.1500,true,1,296523
7290012759253,false,טרפלס תמרים וקקאו 28,ממה חטיפי אנרגיה,,טרפלס תמרים וקקאו 280 גרם,גרמים,280.00,100 גרם,false,1,32.90,0.1175,true,1,308011
7290012759444,false,טרפלס חמאת בוטנים 28,ממה חטיפי אנרגיה,,טרפלס חמאת בוטנים 280 גרם,גרמים,280.00,100 גרם,false,1,32.90,0.1175,true,1,431856
7290012759529,false,טרפלס טחינה ושקדים 2,ממה חטיפי אנרגיה,,טרפלס טחינה ושקדים 280 גרם,גרמים,280.00,100 גרם,false,1,32.90,0.1175,true,1,326725
7290012759659,false,עוגיות בראוניז קוקוס,ממה חטיפי אנרגיה,IL,עוגיות בראוניז קוקוס ואגוז מלך 240 גרם,גרמים,240.00,100 גרם,false,1,27.90,0.1162,true,1,349891
7290012759666,false,עוגיות בראוניז פקאן,ממה חטיפי אנרגיה,IL,עוגיות בראוניז פקאן ופולי קקאו 240 גרם,גרמים,240.00,100 גרם,false,1,27.90,0.1162,true,1,349890
7290012759673,false,עוגיות בראוניז חמאת,ממה חטיפי אנרגיה,IL,עוגיות בראוניז חמאת בוטנים 240 גרם,גרמים,240.00,100 גרם,false,1,27.90,0.1162,true,1,349889
7290012759710,false,חטיף בראוניז קוקוס ו,ממה חטיפי אנרגיה,IL,חטיף בראוניז קוקוס ואגוז מלך 50 גרם,גרמים,50.00,100 גרם,false,1,8.50,0.1700,true,1,349888
7290012759727,false,חטיף בראוניז פקאן ופ,ממה חטיפי אנרגיה,IL,חטיף בראוניז פקאן ופולי קקאו 50 גרם,גרמים,50.00,100 גרם,false,1,8.50,0.1700,true,1,349887
7290012759949,false,מארז חטיף חלבון תמר,ממה,IL,מארז חטיף חלבון תמר קרם לוז יה עם חלבון,גרמים,50.00,100 גרם,false,1,9.90,0.1980,true,1,433449
7290012759956,false,מארז חטיף חלבון תמר,ממה,IL,מארז חטיף חלבון תמר פקאן  עם חלבון,גרמים,50.00,100 גרם,false,1,9.90,0.1980,true,1,433450
7290012803215,false,ופל בלגי בטעם שוקולד,"גילרו בע""מ",IL,ופל בלגי בטעם שוקולד 200 גרם,גרמים,200.00,100 גרם,false,1,10.80,0.0540,true,1,381347
7290012803222,false,ופל בלגי בטעם לימון,"גילרו בע""מ",IL,ופל בלגי בטעם לימון 200 גרם,גרמים,200.00,100 גרם,false,1,10.80,0.0540,true,1,381348
7290012803314,false,סוכרלוז 300 טבליות,סוויט  לייף,CN,מרמולייט סוכרלוז ממתיק 300 טבליות,Unknown,0.00,Unknown,false,1,48.40,0.0000,true,1,375616
7290012803796,false,שוקולד חלב עם אגוזים,אלטינמארקה גידה סאן,TR,טוסו שוקולד חלב עם אגוזים ללא תוספת סוכר 100 גר',גרמים,100.00,100 גרם,false,1,12.60,0.1260,true,1,381406
7290012823381,false,מרכך כביסה סנסטיב,"סנו מפעלי ברונוס בע""",IL,מרכך מרוכז סנסטיב 1 ליטר 40 כביסות,ליטרים,1.00,ליטר,false,1,18.90,18.9000,true,1,298533
7290012823398,false,מטליות לחות לריצפה ב,סנו מפעלי ברונו בעמ,IL,"סנו רצפז, מטליות לחות לניקוי הרצפה,970 גרם",יחידה,1.00,יחידה,false,1,14.90,14.9000,true,1,400989
7290012823541,false,ריצפז מטליות לחות לר,"סנו מפעלי ברונוס בע""",IL,מטליות ריצפז פרש לבנדר,לא מנהל יחידת מידה,0.00,לא מנהל יחידת מידה,false,1,12.90,0.0000,true,1,298195
7290012823558,false,מטליות לחות לריצפה ס,דינאמיק תעשיות,,מטליות לחות לריצפה סנו סושי 10 יחידות,Unknown,0.00,Unknown,false,1,13.90,0.0000,true,1,298870
7290012823602,false,נייר טואלט סופט 32 ג,טרופיקל דגיל תעשיות,IL,נייר טואלט סופט 32 גלילים,מטרים,58800.00,מטר,false,1,31.90,0.0005,true,1,300589
7290012823947,false,מרכך כביסה פרפיום קר,סנו מפעלי ברונוס בעמ,IL,"מרכך כביסה פרפיום קריסטל נואר 750 מ""ל",מיליליטרים,750.00,"100 מ""ל",false,1,18.90,0.0252,true,1,299989
7290012884986,false,תפוגן לתנור 4% שומן,"תעשיות תפוגן בע""מ",IL,תפוגן צ'יפס לתנור עד 4%שומן בלבד 8*1.5קג,קילוגרמים,1.50,"ק""ג",false,1,26.90,17.9333,true,1,384818
7290012901355,false,אטריות מקרוני עם גבי,הנדריקס פודס,US,ארוחת מקרוני עם רוטב על בסיס גבינה,גרמים,206.00,100 גרם,false,1,11.90,0.0578,true,1,315489
7290012901959,false,אטריות עם גבינה מסול,,US,אטריות עם גבינה מסולסלים Doodles גרם156,גרמים,156.00,100 גרם,false,1,11.90,0.0763,true,1,353304
7290012911088,false,רוטב סויה בהירה,,,"רוטב סויה בהירה 500 מ""ל",מיליליטרים,500.00,"100 מ""ל",false,1,10.90,0.0218,true,1,375539
7290012911170,false,"מיסו כהה אסיה 500 מ""",פוקולוקו,,"מיסו כהה אסיה 500 מ""ל",מיליליטרים,500.00,"100 מ""ל",false,1,11.90,0.0238,true,1,299600
7290012911187,false,מיסו בהיר אסיה 500 מ,אסיה,,"מיסו בהיר אסיה 500 מ""ל",מיליליטרים,500.00,"100 מ""ל",false,1,11.90,0.0238,true,1,299670
7290012911262,false,"מירין משובח  500 מ""ל",פוקולוקו,,"מירין משובח  500 מ""ל",מיליליטרים,500.00,"100 מ""ל",false,1,25.90,0.0518,true,1,302550
7290012911293,false,"דפי אורז 22 ס""מ 300",אסיה,,"דפי אורז 22 ס""מ 300  גרם",גרמים,300.00,100 גרם,false,1,11.90,0.0397,true,1,299096
7290012911415,false,ממרח קארי ירוק 400 ג,קיי אר אס ספייסי פוד,,ממרח קארי ירוק 400 גרם,גרמים,400.00,100 גרם,false,1,17.90,0.0447,true,1,302860
7290012911439,false,ממרח קארי צהוב 400 ג,מזרח ומערב,,ממרח קארי צהוב 400 גרם,גרמים,400.00,100 גרם,false,1,17.90,0.0447,true,1,302962
7290012911477,false,קרם קוקוס גולד 400 ג,אסיה,,קרם קוקוס גולד 400 גרם,גרמים,400.00,100 גרם,false,1,7.90,0.0198,true,1,301611
7290012911675,false,פטריות שיטאקה אסיה 8,מזרח מערב,IL,פטריות שיטאקה אסיה 85 גרם,גרמים,85.00,100 גרם,false,1,17.90,0.2106,true,1,305987
7290012911729,false,גינגר לסושי אסיה 250,פוקולוקו,,גינגר לסושי אסיה 250 גרם,גרמים,250.00,100 גרם,false,1,7.50,0.0300,true,1,305716
7290012911804,false,שמן שומשום אסיה 150,מזרח מערב,,"שמן שומשום אסיה 150 מ""ל",מיליליטרים,150.00,"100 מ""ל",false,1,11.90,0.0793,true,1,301406
7290012911866,false,דפי אורז מרובעים 300,פוקולוקו,,דפי אורז מרובעים 300 גרם,גרמים,300.00,100 גרם,false,1,11.90,0.0397,true,1,307217
7290012911965,false,גינגר כבוש 250 גר מז,יושלם,,גינגר כבוש 250 גר מזרח ומערב,גרמים,250.00,100 גרם,false,1,8.90,0.0356,true,1,384820
7290012921025,false,בירה מלכה בהירה בקבו,בירה מלכה בעמ,IL,בירה מלכה בהירה 6.5% כוהל 330 מל,מיליליטרים,330.00,"100 מ""ל",false,1,13.90,0.0421,true,1,303203
7290012921032,false,בירה מלכה אדמונית בק,בירה מלכה בעמ,IL,בירה מלכה אדמונית 5.5% כוהל 330 מל,מיליליטרים,330.00,"100 מ""ל",false,1,13.90,0.0421,true,1,303202
7290012921056,false,בירה מלכה חיטה בקבוק,בירה מלכה בעמ,IL,"בירה מלכה חיטה, 330 מל",מיליליטרים,330.00,"100 מ""ל",false,1,13.90,0.0421,true,1,303423
7290012936838,true,הל טחון 35גרם,א.ל ייצור ושיווק תבל,IL,תבליני מימון הל טחון 35 גרם,Unknown,0.00,Unknown,false,1,17.90,0.0000,true,1,415786
7290012936937,false,בהרט,א.ל ייצור ושיווק תבל,IL,תבליני מימון בהרט 40 גרם,Unknown,0.00,Unknown,false,1,11.50,0.0000,true,1,377474
7290012962608,false,צלחות פלסטיק עבות במ,F.T.I,,"צלחות פלסטיק עבות במיוחד 25 יחידות 22 ס""",לא מנהל יחידת מידה,0.00,לא מנהל יחידת מידה,false,1,13.90,0.0000,true,1,322247
7290012962974,false,כפית מהודרת עבה במיו,F.T.I,,כפית מהודרת עבה במיוחד 50 יחידות,לא מנהל יחידת מידה,0.00,לא מנהל יחידת מידה,false,1,8.90,0.0000,true,1,326873
7290012983153,false,סילאן טבעי לחיץ 400,"טעמי הגליל בע""מ עבור",IL,סילאן טבעי 400 לחיץ,גרמים,400.00,100 גרם,false,1,16.90,0.0422,true,1,310306
7290012983610,true,תמר כבוש,מנדלז סי.אר. פרודקשן,IL,תמר כבוש 500 גר',גרמים,500.00,100 גרם,false,1,15.90,0.0318,true,1,430039
7290013027399,false,לחם 100% קמח מלא קל,"איטיליאן פוד, אס.פי.",IL,לחם 100% קמח מלא קל בתוספת שיפון,גרמים,750.00,100 גרם,false,1,16.90,0.0225,true,1,300450
7290013068361,false,שמן זית אליעד כתית מ,קרלו,IL,שמן זית אליעד כתית מעולה 750 מל,מיליליטרים,750.00,"100 מ""ל",false,1,36.90,0.0492,true,1,350139
7290013068699,false,שמן זית כתית מעולה ע,קרלו,IL,"שמן זית כתית מעולה עשיר אליעד 750מ""ל",מיליליטרים,750.00,"100 מ""ל",false,1,36.90,0.0492,true,1,354677
7290013068705,false,שמן זית כתית מעולה ק,קרלו,IL,שמן זית כתית מעולה קטיפתי אליעד750 מל,מיליליטרים,750.00,"100 מ""ל",false,1,36.90,0.0492,true,1,354676
7290013083661,false,אקסטרה קייר שלב   1,מטרנה תעשיות ש.מ,IL,מטרנה אקסטרה קר שלב 1 חסכון 12*700ג-חדש,גרמים,700.00,100 גרם,false,1,64.90,0.0927,true,1,299409
7290013083678,false,מטרנה אקסטרה קייר של,מטרנה תעשיות ש.מ,IL,מטרנה אקסטרה קייר שלב 2  700 גרם,גרמים,700.00,100 גרם,false,1,64.90,0.0927,true,1,299410
7290013083685,false,מטרנה אקסטרה קייר של,מטרנה תעשיות ש.מ,IL,מטרנה אקסטרה קר שלב 3 חסכון 12*700גרם,גרמים,700.00,100 גרם,false,1,64.90,0.0927,true,1,299411
7290013083999,false,קריסטל יורוקיטי 3.8,קינדאו,CN,קריסטל יורוקיטי 3.8 ליטר,ליטרים,0.04,ליטר,false,1,24.90,622.5000,true,1,435470
7290013117212,false,בורקס פילו במילוי גב,"מעדנות בע""מ",IL,בורקס פילו במילוי גבינה 600 גרם,גרמים,600.00,100 גרם,false,1,22.50,0.0375,true,1,297748
7290013117229,false,בורקס פילו במילוי תפ,"מעדנות בע""מ",IL,"בורקס פילו במילוי תפו""א 600 גרם",גרמים,600.00,100 גרם,false,1,22.50,0.0375,true,1,297749
7290013117243,false,בורקס פילו בולגרית 6,"מעדנות בע""מ",IL,בורקס פילו בולגרית 600 גרם,גרמים,600.00,100 גרם,false,1,22.50,0.0375,true,1,297751
7290013117427,false,מארז בצק פריך מלוח *,"מעדנות בע""מ",IL,מארז בצק פריך מלוח *2  450 גרם,גרמים,900.00,100 גרם,false,1,25.40,0.0282,true,1,300835
7290013117526,false,בצק שמרים למאפים,"מעדנות בע""מ",IL,בצק שמרים למאפים מתוקים 900 גר,גרמים,900.00,100 גרם,false,1,25.40,0.0282,true,1,378745
7290013121028,false,לחם לבן ללא גלוטן 50,דולפין ספא,IL,לחם לבן ללא גלוטן 500 גרם,גרמים,500.00,100 גרם,false,1,20.90,0.0418,true,1,300660
7290013121103,false,שליש בגט 4 יחידות  4,דולפין ספא,IL,שליש בגט 4 יחידות  400 גרם,גרמים,400.00,100 גרם,false,1,20.90,0.0522,true,1,300661
7290013121110,false,לחמניות בורגר ללא גל,דולפין ספא,IL,לחמניות בורגר ללא גלוטן רביעייה 350 גרם,גרמים,350.00,100 גרם,false,1,17.90,0.0511,true,1,305942
7290013121776,false,לחם כפרי ללא סוכר,דולפין ספא,IL,לחם כפרי ללא גלוטן וללא סוכר,גרמים,700.00,100 גרם,false,1,21.90,0.0313,true,1,305947
7290013144171,false,תערובת עוגת שוקולד,א.ל ייצור ושיווק תבל,IL,"מיימונס, תערובת להכנת עוגה בטעם שוקולד, 560 גרם",גרמים,560.00,100 גרם,false,1,17.90,0.0320,true,1,298588
7290013144188,false,תערובת בראוניז,א.ל ייצור ושיווק תבל,IL,תערובת בראונס,גרמים,600.00,100 גרם,false,1,17.90,0.0298,true,1,344935
7290013144195,false,תערובת כדורי שוקולד,א.ל ייצור ושיווק תבל,IL,"מימונס, תערובת כדורי שוקולד, 500 גרם",גרמים,500.00,100 גרם,false,1,17.90,0.0358,true,1,298589
7290013144201,false,תערובת פנקייק,א.ל ייצור ושיווק תבל,IL,"מימונס, תערובת פנקייק, 400 גרם",גרמים,400.00,100 גרם,false,1,16.90,0.0422,true,1,298590
7290013144232,false,פודינג וניל מיימונס,א.ל ייצור ושיווק תבל,IL,"מיימון, פודינג בטעם וניל צרפתי",גרמים,85.00,100 גרם,false,1,5.90,0.0694,true,1,298562
7290013144249,false,פודינג שוקולד מיימונ,א.ל ייצור ושיווק תבל,IL,פודינג שוקולד,גרמים,95.00,100 גרם,false,1,5.90,0.0621,true,1,298592
7290013144263,false,מלבי מיימונס 100גרם,א.ל ייצור תבלינים בע,IL,מימונס מאלבי 112 גרם,גרמים,100.00,100 גרם,false,1,10.90,0.1090,true,1,298593
7290013144317,false,גלילית וופל למילוי ג,הגביע מוצרי וופלים ב,IL,מימונס ג'וני- גלילית וופל למילוי 150 גרם,לא מנהל יחידת מידה,0.00,לא מנהל יחידת מידה,false,1,22.90,0.0000,true,1,298596
7290013144393,false,תמצית וניל,א.ל ייצור ושיווק תבל,IL,מימונס תמצית אפיה בטעם וניל 50 מל,מיליליטרים,50.00,"100 מ""ל",false,1,4.90,0.0980,true,1,298597
7290013144409,false,תמצית רום,א.ל ייצור ושיווק תבל,IL,מימונס תמצית אפיה בטעם רום 50 מל,גרמים,50.00,100 גרם,false,1,4.90,0.0980,true,1,298598
7290013144515,false,צבע מאכל צהוב,א.ל ייצור ושיווק תבל,IL,מימונס צבע מאכל צהוב 50 גרם,גרמים,50.00,100 גרם,false,1,3.90,0.0780,true,1,298601
7290013144522,false,צבע מאכל ירוק,א.ל ייצור ושיווק תבל,IL,מימונס צבע מאכל ירוק 50 גרם,גרמים,50.00,100 גרם,false,1,3.90,0.0780,true,1,298602
7290013144560,false,צבע מאכל כחול,א.ל ייצור ושיווק תבל,IL,מימונס צבע מאכל כחול 50 גרם,גרמים,50.00,100 גרם,false,1,3.90,0.0780,true,1,298604
7290013144614,false,סירופ מייפל אמיתי,corfadex,DK,100% סירופ מייפל,מיליליטרים,236.00,"100 מ""ל",false,1,38.90,0.1648,true,1,299024
7290013144751,true,סירופ בטעם מייפל500,א.ל ייצור ושיווק תבל,IL,סירופ בטעם מייפל 500 גרם,מיליליטרים,500.00,"100 מ""ל",false,1,14.90,0.0298,true,1,407017
7290013144768,true,סירופ בטעם שוקולד,א.ל ייצור ושיווק תבל,IL,סירופ בטעם שוקולד 500 גרם,מיליליטרים,500.00,"100 מ""ל",false,1,14.90,0.0298,true,1,334252
7290013145017,true,אגוז מלך קלוף מימונס,א.ל ייצור ושיווק תבל,IL,מימונס אגוז מלך קלוף 100 גרם,גרמים,100.00,100 גרם,false,1,13.90,0.1390,true,1,334255
7290013145024,true,אגוז מלך טחון מימונס,א.ל ייצור ושיווק תבל,IL,מימונס אגוז מלך טחון 100 גרם,גרמים,100.00,100 גרם,false,1,14.90,0.1490,true,1,340327
7290013145031,false,אגוזי לוז,א.ל ייצור ושיווק תבל,IL,"מימונס,  אגוז לוז מסוכר, 100% טהור 100 גרם",Unknown,0.00,Unknown,false,1,14.90,0.0000,true,1,384674
7290013145048,true,צנוברים,א.ל ייצור ושיווק תבל,IL,"מיימונס, צנוברים, 100 גרם",Unknown,0.00,Unknown,false,1,26.90,0.0000,true,1,334256
7290013145055,true,פרג שלם,א.ל ייצור ושיווק תבל,IL,פרג שלם,גרמים,100.00,100 גרם,false,1,6.90,0.0690,true,1,334257
7290013145093,true,שקד מולבן גרוס,א.ל ייצור ושיווק תבל,IL,מימונס שקד מולבן גרוס 100 גרם,גרמים,100.00,100 גרם,false,1,14.90,0.1490,true,1,334260
7290013145109,true,שקד מולבן טחון 100גר,א.ל ייצור ושיווק תבל,IL,"מיימונס, שקד מולבן טחון, 100 גרם",Unknown,0.00,Unknown,false,1,14.90,0.0000,true,1,340328
7290013145116,true,שקד מולבן מקלות,א.ל ייצור ושיווק תבל,IL,"מיימונס, שקד מולבן מקלות,100 גרם",Unknown,0.00,Unknown,false,1,14.90,0.0000,true,1,407022
7290013145130,true,שקד מולבן חצוי,א.ל ייצור ושיווק תבל,IL,מימונס שקד מולבן חצוי 100 גרם,גרמים,100.00,100 גרם,false,1,14.90,0.1490,true,1,334262
7290013145161,true,פקאן מסוכר,א.ל ייצור ושיווק תבל,IL,מימונס פקאן מסוכר 100 גרם,גרמים,100.00,100 גרם,false,1,17.90,0.1790,true,1,340330
7290013145178,true,קוקוס טחון לבן,א.ל ייצור ושיווק תבל,IL,"מיימונס, קוקוס טחון לבן, 100 גרם",גרמים,100.00,100 גרם,false,1,4.90,0.0490,true,1,334263
7290013145192,true,שומשום,א.ל ייצור ושיווק תבל,IL,"מימונס, שומשום, 100% טהור, 100 גרם",גרמים,100.00,100 גרם,false,1,4.90,0.0490,true,1,334264
7290013145215,false,שומשום מיימונס  400,א.ל ייצור ושיווק תבל,IL,"מימונס, שומשום 100% טהור, 400 גרם",גרמים,400.00,100 גרם,false,1,15.90,0.0398,true,1,344942
7290013145277,true,עלים לקרמשניט מיימונ,MARISTELLA SRL,IT,עלים לקרמשניט 300 גרם,גרמים,300.00,100 גרם,false,1,16.90,0.0563,true,1,334266
7290013145390,false,"שוקולד צ""יפס",אינטרגטה תעשיות מזון,IL,נטיפים בטעם שוקולד לאפייה  250 גרם,גרמים,250.00,100 גרם,false,1,8.90,0.0356,true,1,298606
7290013145406,false,"שוקולד צ""יפס לבן",אינטרגטה תעשיות מזון,IL,מימונס נטיפים בטעם שוקולד לבן 250 גרם,גרמים,250.00,100 גרם,false,1,8.90,0.0356,true,1,298607
7290013145529,false,סוכריות צבעוניות,א.ל ייצור ושיווק תבל,IL,מימונס סוכריות צבעונית לקישוט 90 גרם,גרמים,90.00,100 גרם,false,1,5.30,0.0589,true,1,298608
7290013145567,false,מיני עדשים,א.ל ייצור ושיווק תבל,IL,מימונס מיני מיני עדשים 90 גרם,גרמים,90.00,100 גרם,false,1,9.90,0.1100,true,1,298609
7290013145628,false,סוכריות אדומות לקישו,א.ל ייצור ושיווק תבל,IL,סוכריות אדומות לקישוט 200גרם,גרמים,200.00,100 גרם,false,1,8.90,0.0445,true,1,344946
7290013145710,false,דובדבנים מסוכרים,א.ל ייצור ושיווק תבל,IL,דובדבנים מסוכרים לקישוט ואפייה,גרמים,100.00,100 גרם,false,1,8.30,0.0830,true,1,298612
7290013145826,false,פודינג בטעם וניל לבן,א.ל ייצור ושיווק תבל,IL,פודינג בטעם וניל לבן,גרמים,80.00,100 גרם,false,1,5.90,0.0738,true,1,324064
7290013145840,false,סוכר וניל,א.ל ייצור ושיווק תבל,IL,סוכר וניל 10 יח' בצלופן,גרמים,100.00,100 גרם,false,1,2.50,0.0250,true,1,301523
7290013145857,false,אבקת אפיה,י. כהן בעמ,IL,מימונס מארז אבקת אפייה 10 יחידות,גרמים,100.00,100 גרם,false,1,2.50,0.0250,true,1,301524
7290013145864,false,"ג""לטין טהור אבקה בד""",א.ל ייצור ושיווק תבל,IL,"ג""לטין טהור אבקה בד""צ 28 גרם",גרמים,28.00,100 גרם,false,1,11.90,0.4250,true,1,298619
7290013145871,false,שמרים יבשים,ANGEL YEAST CO.LIMIT,CN,שמרים יבשים,גרמים,55.00,100 גרם,false,1,10.50,0.1909,true,1,298620
7290013145901,true,סודה לשתיה,א.ל ייצור ושיווק תבל,IL,"מיימונס, סודה לשתיה 100 גרם",Unknown,0.00,Unknown,false,1,2.40,0.0000,true,1,334267
7290013145918,false,אבקת סוכר,א.ל. ייצור ושיווק תב,IL,מימונס אבקת סוכר ללא גלוטן 100 גרם,לא מנהל יחידת מידה,0.00,לא מנהל יחידת מידה,false,1,2.40,0.0000,true,1,344964
7290013145956,false,שמרים נמסים- מימונס,ANGEL YEAST CO.LIMIT,CN,מימונס שמרים יבשים בואקום 500 גרם,גרמים,500.00,100 גרם,false,1,15.90,0.0318,true,1,324682
7290013145963,true,שמרים בואקום 125 ג,לה - סאף ייצור וסחר,CN,מימונס שמרים יבשים בואקום 125 גרם,גרמים,125.00,100 גרם,false,1,6.90,0.0552,true,1,340333
7290013146304,true,קורנפלור מיימונס,א.ל ייצור ושיווק תבל,IL,"מיימונס, קורנפלור 500 גרם",Unknown,0.00,Unknown,false,1,6.50,0.0000,true,1,407025
7290013146427,false,נשיקות לקישוט  לבן 6,"מימונס אפיה בע""מ",IL,נשיקות לקישוט  לבן 60גרם,גרמים,60.00,100 גרם,false,1,14.90,0.2483,true,1,353938
7290013146441,false,נשיקות לקישוט ורוד 6,"מימונס אפיה בע""מ",IL,נשיקות לקישוט ורוד 60גרם,גרמים,60.00,100 גרם,false,1,14.90,0.2483,true,1,353940
7290013146656,false,כוכבים תכלת ירוק לבן,"מימונס אפיה בע""מ",IL,כוכבים תכלת ירוק לבן לקישוט מיימונס 60 גר,גרמים,60.00,100 גרם,false,1,10.90,0.1817,true,1,353936
7290013146670,false,סוכריות לב סגול ורוד,"מימונס אפיה בע""מ",IL,סוכריות לב סגול ורוד לבן לקישוט מיימונס 60מ גר,יחידה,1.00,יחידה,false,1,10.90,10.9000,true,1,353935
7290013146854,true,קוקוס לבן מיימונס  4,א.ל ייצור ושיווק תבל,IL,"מיימונס, קוקוס לבן טחון, 400 גרם",גרמים,400.00,100 גרם,false,1,15.90,0.0398,true,1,334270
7290013151209,false,קורנישון מלפפון בחומ,יוניקורן פיקלס,,קורנישון מלפפון בחומץ 690 גרם,גרמים,690.00,100 גרם,false,1,11.90,0.0172,true,1,307745
7290013153418,true,מיץ סחוט פריגת לימונ,גת,IL,סחוט לימונענע 1 ליטר,ליטרים,1.00,ליטר,false,1,16.50,16.5000,true,1,334272
7290013153432,false,מיץ סחוט לימונענע 40,היינץ צפון אמריקה מק,IL,"סחוט לימונענע 400 מ""ל",מיליליטרים,400.00,"100 מ""ל",false,1,9.50,0.0238,true,1,320388
7290013215024,false,פטריות חורש למנגל,חקלאי,IL,פטריות חורש למנגל,לא מנהל יחידת מידה,0.00,לא מנהל יחידת מידה,false,1,19.90,0.0000,true,1,394078
7290013268020,false,מרכך כביסה מקסימה מר,"סנו מפעלי ברונוס בע""",IL,מקסימה מרכך כביסה מרוכז אולטרא פרש 1 ליטר,ליטרים,1.00,ליטר,false,1,18.90,18.9000,true,1,298535
7290013268242,false,ריצפז פרש הום בניחוח,"סנו מפעלו ברונוס בע""",IL,נוזל רצפות פרש הום מלון מפנק,ליטרים,2.00,ליטר,false,1,21.90,10.9500,true,1,352469
7290013268372,false,פוליויקס פרקט שמן אר,סנו,IL,פוליויקס לניקוי הברקה ושימור מראה העץ 2 ליטר,ליטרים,2.00,ליטר,false,1,22.90,11.4500,true,1,355039
7290013268884,false,סנופרש מאסק,סנו מפעלי ברונוס בעמ,IL,ריצפז פרש ניחוח מאסק 2 ליטר,ליטרים,2.00,ליטר,false,1,18.90,9.4500,true,1,377251
7290013268983,false,מרכך כביסה מקסימה מר,"סנו מפעלי ברונוס בע""",IL,מקסימה מרכך כביסה בבישום עוצמתי 1 ליטר,ליטרים,1.00,ליטר,false,1,18.90,18.9000,true,1,360907
7290013268990,false,מרכך כביסה ביו מרוכז,"סנו מפעלי ברונוס בע""",IL,מקסימה מרכך כביסה סופר מרוכז ביו 1 ליטר,ליטרים,1.00,ליטר,false,1,18.90,18.9000,true,1,378216
7290013269003,false,מרכך כביסה ביבי,"סנו מפעלי ברונוס בע""",IL,מקסימה מרכך כביסה סופר מרוכז בייבי 1 ליטר,ליטרים,1.00,ליטר,false,1,18.90,18.9000,true,1,300785
7290013269287,false,"ג""ל כביסה מקסימה בני","סנו מפעלי ברונוס בע""",IL,מקסימה ג'ל כביסה מרוכז מאסק 3 ליטר,ליטרים,3.00,ליטר,false,1,29.90,9.9667,true,1,303672
7290013269645,false,ריצפז מטליות לחות לר,סנו מפעלי ברונוס בעמ,IL,מטליות רצפז מאסק,Unknown,0.00,Unknown,false,1,14.90,0.0000,true,1,385288
7290013269751,false,מטליות לחות לרצפה בנ,"סנו, ח.צ 520032988",IL,"סנו רצפז, מטליות לחות לניקוי הרצפה.",לא מנהל יחידת מידה,7.50,לא מנהל יחידת מידה,false,1,14.90,1.9867,true,1,418845
7290013276117,false,בירה נגב אואזיס בקבו,"איי, בי, אינבוו",IL,"נגב,  אואזיס, בירה, 330 מל",מיליליטרים,330.00,"100 מ""ל",false,1,14.90,0.0452,true,1,323446
7290013276124,false,בירה נגב אמבר אייל ב,"איי, בי, אינבוו",IL,"נגב, אמבר אייל, בירה, 330 מל",מיליליטרים,330.00,"100 מ""ל",false,1,14.90,0.0452,true,1,326856
7290013310057,false,כוסות נייר לשתיה חמה,,,כוסות נייר 50 יח לשתיה חמה קרה  210 מל,יחידה,1.00,יחידה,false,1,10.90,10.9000,true,1,431449
7290013310170,false,כוסות נייר משובחות ל,,,כוסות נייר משובחות לשתיה חם/קר 50 יחידות,Unknown,0.00,Unknown,false,1,14.90,0.0000,true,1,304131
7290013310187,false,כוסות נייר 50 יח לשת,,,כוסות נייר 50 יח לשתיה חמה קרה,יחידה,1.00,יחידה,false,1,8.90,8.9000,true,1,432820
7290013310576,false,כוסות נייר 8 לשתייה,ACSP,CN,כוסות נייר 8 לשתייה חמה 50יח 240מל,יחידה,1.00,יחידה,false,1,11.90,11.9000,true,1,326775
7290013358356,false,פירורי לחם מוזהבים,מנה י.א בעמ,IL,מסאטר שף פירורי לחם מוזהבים לטיגון ואפייה 320 גרם,גרמים,300.00,100 גרם,false,1,7.90,0.0263,true,1,380288
7290013358363,false,פירורי לחם יפנים פנק,"מיוצר ע""י מנה י.א בע",IL,פירורי לחם יפנים פנקו 300 גרם,גרמים,300.00,100 גרם,false,1,9.90,0.0330,true,1,303216
7290013358370,false,פירורי לחם יפנים טעם,"מיוצר ע""י מנה י.א בע",IL,פירורי לחם יפנים טעם שום 300 גרם,גרמים,300.00,100 גרם,false,1,9.90,0.0330,true,1,303217
7290013358417,false,רוטב טריאקי מאסטר שף,"מסאווג' רונרג' בע""מ",TH,מאסטר שף רוטב טריאקי אסייאתי 300 מל,מיליליטרים,300.00,"100 מ""ל",false,1,12.90,0.0430,true,1,317282
7290013358431,false,קרוטונים אפויים לסלט,"עינת תעשיות מזון אג""",IL,מאסטר שף קרוטונים לסלט עגבניות בזיל 200ג,גרמים,200.00,100 גרם,false,1,12.90,0.0645,true,1,309868
7290013358462,false,מיני קרוטונים למרק ב,"עינת תעשיות מזון, אג",IL,"מאסטר שף, מיני קרוטונים למרק, 350 גרם",גרמים,350.00,100 גרם,false,1,18.90,0.0540,true,1,309869
7290013358493,false,קרם קוקוס מאסטר שף פ,תאי קוקונט פבליק קומ,TH,מאסטר שף קרם קוקוס 400 מל,מיליליטרים,400.00,"100 מ""ל",false,1,9.90,0.0248,true,1,317284
7290013358509,false,מיקסלט 200 גרם,"אפקטבעי בע""מ",IL,מיקסלט 200 גרם,גרמים,200.00,100 גרם,false,1,14.80,0.0740,true,1,389593
7290013358516,false,מיקסלט עם חמוציות 20,"אםקטבעי בע""מ",IL,מיקסלט עם חמוציות 200 גרם,גרמים,200.00,100 גרם,false,1,14.80,0.0740,true,1,313712
7290013358523,false,שבבי בצל מטוגן,טופ טייסט ב.ו,NL,מאסטר שף שבבי בצל מטוגן 150 גרם,גרמים,150.00,100 גרם,false,1,14.80,0.0987,true,1,314153
7290013358530,false,רוטב צילי מתוק מאסטר,"מסוונג רונרוג' בע""מ",TH,מאסטר שף רוטב צ'ילי מתוק 700 מל,מיליליטרים,700.00,"100 מ""ל",false,1,13.90,0.0199,true,1,317285
7290013358547,false,רוטב צילי חריף מאסטר,מסוונג רונרוג בעמ,TH,מאסטר שף רוטב צ'ילי חריף 700 מל,מיליליטרים,700.00,"100 מ""ל",false,1,13.90,0.0199,true,1,317286
7290013389114,false,"ניוקי  תפו""א 500 גרם",Ciemme alimentari sr,,"ניוקי  תפו""א 500 גרם",גרמים,500.00,100 גרם,false,1,7.90,0.0158,true,1,318685
7290013389138,false,ניוקי שלושה צבעים  5,Ciemme alimentari sr,,ניוקי שלושה צבעים  500 גרם,גרמים,500.00,100 גרם,false,1,7.90,0.0158,true,1,311383
7290013430083,false,בירה אלכסנדר בלונד ב,מנדלז סי.אר. פרודקשן,IL,אלכסנדר בירה ישראלית מעולה בלונד 330 מל,מיליליטרים,330.00,"100 מ""ל",false,1,13.90,0.0421,true,1,303614
7290013430090,false,בירה אלכסנדר אמבר בק,מנדלז סי.אר. פרודקשן,IL,אלכסנדר בירה ישראלית מעולה ענברי 330 מל,מיליליטרים,330.00,"100 מ""ל",false,1,13.90,0.0421,true,1,303615
7290013430304,false,אלכסנדר גרין,מנדלז סי.אר. פרודקשן,IL,אלכסנדר בירה ישראלית מעולה גרין 330 מל,מיליליטרים,330.00,"100 מ""ל",false,1,13.90,0.0421,true,1,334347
7290013440648,false,שלגוני אבטיח מארז 5,גלידות נסטלה (נגה גל,IL,שלגוני אבטיח מארז 5 יחידות,גרמים,540.00,100 גרם,false,1,25.90,0.0480,true,1,303446
7290013472199,false,ערמונים קלופים 105 ג,בייג'גג פוינונג,CN,ערמונים קלופים 105 גרם,גרמים,105.00,100 גרם,false,1,5.90,0.0562,true,1,301624
7290013472892,false,גבינה בולגרית קוביות,"קוליוס אס.איי, גריק",GR,הבולגריה בקוביות במי מלח 200 גרם,גרמים,200.00,100 גרם,false,1,12.90,0.0645,true,1,302835
7290013493002,false,בירה בזלת לאגר פילזנ,יושלם,IL,בירה בזלת לאגר פילזנר בקבוק 750 מל,מיליליטרים,750.00,"100 מ""ל",false,1,29.90,0.0399,true,1,386867
7290013493019,false,בירה בזלת לאגר פילזנ,מברשת הגולן א.ח.ר 20,IL,"בירה בזלת לאגר פילזנר בקבוק 330 מ""ל",מיליליטרים,330.00,"100 מ""ל",false,1,15.90,0.0482,true,1,418024
7290013493026,false,בירה בזלת חיטה 750 מ,יושלם,IL,בירה בזלת חיטה 750 מל,מיליליטרים,750.00,"100 מ""ל",false,1,34.90,0.0465,true,1,386279
7290013493033,false,בזלת חיטה בקבוק 330/,מברשת הגולן א.ח.ר 20,IL,בזלת חיטה בקבוק 330/24,מיליליטרים,330.00,"100 מ""ל",false,1,16.90,0.0512,true,1,418033
7290013493040,false,בירה בזלת דבל בוק 75,יושלם,IL,בירה בזלת דבל בוק 750 מל,מיליליטרים,750.00,"100 מ""ל",false,1,37.90,0.0505,true,1,386280
7290013493057,false,בירה בזלת דבל בוק בק,מברשת הגולן א.ח.ר 20,IL,"בירה בזלת דבל בוק בקבוק 330 מ""ל",מיליליטרים,330.00,"100 מ""ל",false,1,18.90,0.0573,true,1,418025
7290013493064,false,בירה בזלת אייל ענברי,יושלם,IL,בירה בזלת אייל ענברי 750 מל,מיליליטרים,750.00,"100 מ""ל",false,1,34.90,0.0465,true,1,386278
7290013493071,false,בירה בזלת אייל ענברי,מברשת הגולן א.ח.ר 20,IL,"בירה בזלת אייל ענברי בקבוק 330 מ""ל",מיליליטרים,330.00,"100 מ""ל",false,1,16.90,0.0512,true,1,418032
7290013521101,false,פטוציני כוסמין תרד50,האי נאם סי או אל.טי.,HU,פסטה כוסמין אורגנית בטעם תרד,גרמים,350.00,100 גרם,false,1,21.90,0.0626,true,1,400053
7290013521491,false,קטשופ אורגני 567 גרם,שוורצקוף& הנקל דיסלד,US,"קטשופ אורגני 567 גרם לל""ג השדה",גרמים,567.00,100 גרם,false,1,18.90,0.0333,true,1,417791
7290013521842,false,ציפס תפוח אדמה אפוי,"סיבי, נובי פריס",SK,ציפס תפוח אדמה אפוי  השדה 65 גרם,גרמים,65.00,100 גרם,false,1,12.90,0.1985,true,1,429075
7290013521859,false,ציפס תפוח אדמה אפוי,"סיבי, נובי פריס",SK,ציפס תפוח אדמה אפוי  ירקות השדה 65 גרם,גרמים,65.00,100 גרם,false,1,12.90,0.1985,true,1,429076
7290013521866,false,ציפס תפוח אדמה אפוי,"סיבי, נובי פריס",SK,ציפס תפוח אדמה אפוי פיקנטי השדה 65 גרם,גרמים,65.00,100 גרם,false,1,12.90,0.1985,true,1,429077
7290013531759,false,שעועית אפויה במים יכ,"זנלכל בע""מ",IL,שעועית אפויה במים יכין 310 גרם,גרמים,310.00,100 גרם,false,1,8.90,0.0287,true,1,317187
7290013585233,false,ספרייט זירו פחית סלי,קוקה קולה,IL,"גזוז בטעם לימון ליים דל קלוריות 330 מ""ל",מיליליטרים,330.00,"100 מ""ל",false,1,5.90,0.0179,true,1,316832
7290013585257,false,ספרייט זירו בקבוק 50,החברה המרכזית לייצור,IL,"ZERO ספרייט 500 מ""ל",מיליליטרים,500.00,"100 מ""ל",false,1,7.50,0.0150,true,1,316830
7290013585387,false,קוקה קולה זירו בקבוק,החברה המרכזית לייצור,IL,ZERO תריסר 1 ליטר,ליטרים,1.00,ליטר,false,1,8.00,8.0000,true,1,316401
7290013585394,false,קוקה קולה 1 ליטר,החברה המרכזית לייצור,IL,קוקה קולה 1 ליטר תריסר,ליטרים,1.00,ליטר,false,1,8.00,8.0000,true,1,316400
7290013608260,false,מיץ רימונים פרימור ס,גניר,IL,7290068700001,ליטרים,1.00,ליטר,false,1,26.00,26.0000,true,1,312739
7290013608482,true,נקטר מנגו פרימור,סטאר סנקס,IL,פרימור נקטר מנגו 1 ליטר‏,Unknown,0.00,Unknown,false,1,8.90,0.0000,true,1,407179
7290013608550,false,נקטר תפוז פרימור,סטאר סנקס,IL,נקטר תפוזים,לא מנהל יחידת מידה,0.00,לא מנהל יחידת מידה,false,1,8.90,0.0000,true,1,407183
7290013608635,false,נקטר לימונים עם נענע,סטאר סנקס,IL,נקטר לימונים עם נענע פרימור,לא מנהל יחידת מידה,0.00,לא מנהל יחידת מידה,false,1,8.90,0.0000,true,1,407185
7290013608673,false,נקטר תפוח פרימור,סטאר סנקס,IL,נקטר תפוחי עץ ‏1‏ל,לא מנהל יחידת מידה,0.00,לא מנהל יחידת מידה,false,1,8.90,0.0000,true,1,407187
7290013645036,false,לחמניות 350 גרם,מוצרי הכט,IL,לחמניות 350 גרם,גרמים,350.00,100 גרם,false,1,26.90,0.0769,true,1,397562
7290013645050,false,פרורי לחם שרהלה,מוצרי הכט,IL,פרורי לחם שרהלה,לא מנהל יחידת מידה,0.00,לא מנהל יחידת מידה,false,1,20.90,0.0000,true,1,397532
7290013645074,true,לחם לבן,,,לחם לבן,לא מנהל יחידת מידה,0.00,לא מנהל יחידת מידה,false,1,18.90,0.0000,true,1,397582
7290013645104,false,פיתות ללא  גלוטן שרה,מוצרי הכט,IL,פיתות ללא  גלוטן שרהלה  קפוא,לא מנהל יחידת מידה,0.00,לא מנהל יחידת מידה,false,1,17.90,0.0000,true,1,420369
7290013645272,false,נשיקות,מוצרי הכט,IL,נשיקות שרהלה  100גרם,גרמים,100.00,100 גרם,false,1,18.90,0.1890,true,1,323049
7290013645500,false,מקלות מלוחים 230 גרם,מוצרי הכט,IL,מקלות מלוחים 230 גרם,גרמים,230.00,100 גרם,false,1,22.90,0.0996,true,1,322882
7290013645531,false,עוגיות מזרחיות עם שו,מוצרי הכט,IL,עוגיות מזרחיות עם שומשום 230 גרם,גרמים,230.00,100 גרם,false,1,22.90,0.0996,true,1,322981
7290013645715,false,עוגיות סנדוויץ ריבה,מוצרי הכט,IL,עוגיות סנדוויץ ריבה שרהלה  250גרם,גרמים,250.00,100 גרם,false,1,22.90,0.0916,true,1,323423
7290013645722,false,עוגיות שוקולד ציפס 2,מוצרי הכט,IL,עוגיות שוקולד ציפס 200 גרם,גרמים,200.00,100 גרם,false,1,22.90,0.1145,true,1,397460
7290013675194,false,שניצל אמיתי ביתי ללא,תנובה גליל,IL,שניצל אמיתי ביתי ללא גלוטן,גרמים,700.00,100 גרם,false,1,43.90,0.0627,true,1,319967
7290013675804,false,שניצלונים בטעם טבעות,תנובה גליל שותפות מו,IL,שניצלונים בטעם טבעות בצל מאמא עוף 500גרם,גרמים,500.00,100 גרם,false,1,32.90,0.0658,true,1,357200
7290013713025,false,בירה גמס פילס בקבוק,קרלו,IL,"בירה ג'מס, בירה pils",מיליליטרים,330.00,"100 מ""ל",false,1,13.90,0.0421,true,1,325848
7290013713049,false,בירה גמס חזקה 8.8% ב,קרלו,IL,"בירה ג'מס, בירה 8.8 חזקה במיוחד",מיליליטרים,330.00,"100 מ""ל",false,1,13.90,0.0421,true,1,325851
7290013724939,false,משוקלדים חמוציות מרי,דין שיווק,IL,משוקלדים חמוציות מריר 140 גר קופסא,גרמים,140.00,100 גרם,false,1,10.90,0.0779,true,1,303527
7290013724977,false,משוקלדים צימוק מריר,דין שיווק,IL,משוקלדים צימוק מריר 140 גר קופסא,גרמים,140.00,100 גרם,false,1,10.90,0.0779,true,1,311517
7290013724991,false,משוקלדים לוז חלב 140,דין שיווק,IL,משוקלדים לוז חלב 140 גר קופסא,גרמים,140.00,100 גרם,false,1,10.90,0.0779,true,1,387649
7290013725820,false,אגוזי לוז בציפוי שוק,"דין שיווק וקליה בע""מ",IL,אגוזי לוז בציפוי שוקולד מריר 140 גרם,גרמים,140.00,100 גרם,false,1,10.90,0.0779,true,1,301060
7290013746238,false,עוגיות ציפס קוקיס מכ,פרוטרופיק סיה.,IL,עוגיות צ'יפס קוקיס מכוסמין,גרמים,300.00,100 גרם,false,1,33.90,0.1130,true,1,329734
7290013746368,false,עוגיות כוסמין ושקדים,פרוטרופיק סיה.,IL,עוגיות כוסמין ושקדים,גרמים,300.00,100 גרם,false,1,33.90,0.1130,true,1,329735
7290013746504,false,מקלוני כוסמין עשבי ת,פרוטרופיק סיה.,IL,מקלוני כוסמין עשבי תיבול דגן,גרמים,200.00,100 גרם,false,1,29.90,0.1495,true,1,329727
7290013746672,false,עוגיות כוסמין ואגוזי,פרוטרופיק סיה.,IL,עוגיות כוסמין אגוזים וקוקוס,גרמים,300.00,100 גרם,false,1,33.90,0.1130,true,1,329733
7290013746689,false,עוגיות שיבולת שועל ו,פרוטרופיק סיה.,IL,"עוגיות שיבולת שועל ואוכמניות לל""ס 250 גר",גרמים,250.00,100 גרם,false,1,29.90,0.1196,true,1,329732
7290013746788,false,מקלוני כוסמין עגבניה,פרוטרופיק סיה.,IL,מקלוני כוסמין עגבניה ואורגנו דגן,גרמים,200.00,100 גרם,false,1,29.90,0.1495,true,1,329728
7290013746795,false,מקלוני כוסמין קצח וצ,פרוטרופיק סיה.,IL,מקלוני כוסמין קצח וציה דגן,גרמים,200.00,100 גרם,false,1,29.90,0.1495,true,1,329729
7290013771384,false,יוגורט יווני אותנטי,מיוצר עי קונדיטוריית,IL,בלקן יוגורט יווני 7% 400 גרם,גרמים,400.00,100 גרם,false,1,11.90,0.0298,true,1,398735
7290013787156,false,רוטב שמנת גראנה פדאנ,קריניסה ויטמין אס אי,IL,רוטב שמנת וגראנה פדנו  200 גרם,גרמים,200.00,100 גרם,false,1,12.90,0.0645,true,1,433962
7290013787163,false,רוטב רוזה ריקו 200 ג,קריניסה ויטמין אס אי,IL,רוטב עגבניות ושמנת  200 גרם,גרמים,200.00,100 גרם,false,1,12.90,0.0645,true,1,427581
7290013787170,false,רוטב שמנת פטריות ריק,קריניסה ויטמין אס אי,IL,רוטב שמנת ופטריות 200 גרם,גרמים,200.00,100 גרם,false,1,12.90,0.0645,true,1,427582
7290013787392,false,רביולי ריקו גבינות ק,יוניליוור גרמניה  Gm,IL,פסטה רביולי במילוי גבינות   100% חיטת דורום 330 גר,גרמים,330.00,100 גרם,false,1,27.90,0.0845,true,1,424347
7290013787408,false,רביולי ריקו בטטה  33,יוניליוור גרמניה  Gm,IL,פסטה רביולי בטטה   100% חיטת דורום 330 גר,גרמים,330.00,100 גרם,false,1,27.90,0.0845,true,1,424348
7290013787415,false,רביולי ריקו ריקוטה ת,יוניליוור גרמניה  Gm,IL,פסטה רביולי ותרד 100% חיטת דורום 330 גר,גרמים,330.00,100 גרם,false,1,27.90,0.0845,true,1,424349
7290013847386,true,טונה סטרקיסט ליי,"סטארקיסט פודור בע""מ",TH,140 גרם טונה 4% טבעי לייט,גרמים,140.00,100 גרם,false,1,8.50,0.0607,true,1,346787
7290013847393,true,לייט טונה סטריקיסט,"סטארקיסט פודור בע""מ",TH,140 גרם טונה 4% עשבי תיבול לייט,גרמים,140.00,100 גרם,false,1,8.50,0.0607,true,1,346788
7290013847553,false,טונה במים דל נתרן סט,"סטארקיסט פודור בע""מ",TH,טונה במים דל נתרן,גרמים,640.00,100 גרם,false,1,27.90,0.0436,true,1,320743
7290013847645,false,סטארקיסט טונה בשמן ז,סטארקיסט,TR,שלישיות טונה בשמן זית,גרמים,240.00,100 גרם,false,1,16.90,0.0704,true,1,349791
7290013847867,false,מארז זוגות טונה בשמן,סטארקיסט,IL,מארז זוגות טונה בשמן 140 גרם,גרמים,140.00,100 גרם,false,1,12.90,0.0921,true,1,430051
7290013848345,false,מטליות לחות שלישייה,סנו מפעלי ברונוס בעמ,IL,מטליות לחות שלישייה לניקוי 99%,לא מנהל יחידת מידה,0.00,לא מנהל יחידת מידה,false,1,21.90,0.0000,true,1,347968
7290013903266,false,תערובת פירות יער אור,פריגו,,תערובת פירות יער אורגנית 350 גרם,גרמים,350.00,100 גרם,false,1,20.90,0.0597,true,1,348335
7290013903273,false,אדממה אורגני 400גרם,זהג'יאנג קינגסור פוד,CN,"ליב, אדממה אורגני, 400 גרם",גרמים,400.00,100 גרם,false,1,11.90,0.0298,true,1,348336
7290013903327,false,טופו 500 גרם ליב טבע,אין תעשיות,IL,טופו 500 גרם ליב טבעי,גרמים,500.00,100 גרם,false,1,18.90,0.0378,true,1,419761
7290013903464,false,פולי סויה אורגנים קל,זהג'יאנג קינגסור,CN,פולי סויה אורגנים קלופים    אדממה  500גר,גרמים,500.00,100 גרם,false,1,15.90,0.0318,true,1,435612
7290013906052,false,נקניקיות פרגיות 300,הנסיך- מפעל לייצור ט,IL,נקניקיות פרגיות 300 גרם,גרמים,300.00,100 גרם,false,1,13.90,0.0463,true,1,304411
7290013906205,false,"פסטרמה שום וצ""ילי 40",הנסיך- מפעל לייצור ט,IL,"פסטרמה שום וצ""ילי 400 גר",גרמים,400.00,100 גרם,false,1,30.90,0.0772,true,1,383914
7290013906458,false,קבנוס בטעם פיקנטי 12,הנסיך- מפעל לייצור ט,IL,טירת צבי קבנוס פיקנטי נקניק מעושן יבש 120 גרם,גרמים,120.00,100 גרם,false,1,11.90,0.0992,true,1,309391
7290013906489,false,חטיפי מיני קבנוס 120,הנסיך- מפעל לייצור ט,IL,טירת צבי חטיפי מיני קבנוס 120 גרם,גרמים,120.00,100 גרם,false,1,11.90,0.0992,true,1,309395
7290013906496,false,פסטרמה עגל רומנית 12,הנסיך- מפעל לייצור ט,IL,פסטרמה עגל בסגנון רומני 120 גרם,גרמים,120.00,100 גרם,false,1,15.90,0.1325,true,1,314105
7290013906519,false,פרושוטו בקר 100 גרם,הנסיך- מפעל לייצור ט,IL,פרושוטו בקר 100 גרם,גרמים,100.00,100 גרם,false,1,26.90,0.2690,true,1,314106
7290013906687,false,צמד כפרית ברביקיו וד,הנסיך- מפעל לייצור ט,IL,צמד כפרית ברביקיו דבש 600 גר',גרמים,600.00,100 גרם,false,1,29.90,0.0498,true,1,433607
7290013927637,false,חלווה אחווה ללס 400ג,אחדות בעמ,IL,אחוה חלוה ללא תוספת סוכר 400 גרם,גרמים,400.00,100 גרם,false,1,14.90,0.0373,true,1,352655
7290013971203,false,מכונת תספורת BLIZZAR,פוג'יקום,,מכונת תספורת BLIZZARD,יחידה,1.00,יחידה,false,1,139.90,139.9000,true,1,310325
7290013971555,false,מארז פוגיקום 8+4,פוג'יקום,,מארז פוגיקום 8+4,לא מנהל יחידת מידה,0.00,לא מנהל יחידת מידה,false,1,19.90,0.0000,true,1,310287
7290013994677,false,עדשים שחורות אורגני,אול אורגני,IL,עדשים שחורות אורגניות,גרמים,500.00,100 גרם,false,1,17.90,0.0358,true,1,398327
7290013994714,false,הרדוף ממרח סויה וחרו,ברינקס פוד,NL,ממרח סויה חרובים ואגוזים אורגני,גרמים,350.00,100 גרם,false,1,26.90,0.0769,true,1,398542
7290013994776,true,גרגירי תירס קפואים א,פינגווין,BE,גרגירי תירס מתוק קפואים אורגני 800 גרם הרדוף,גרמים,800.00,100 גרם,false,1,24.90,0.0311,true,1,398550
7290013994790,true,לקט ירקות קפוא אורגנ,פינגווין,BE,לקט ירקות קפואים אורגני 800 גרם הרדוף,גרמים,800.00,100 גרם,false,1,24.90,0.0311,true,1,398529
7290014002128,false,תה ירוק לימונית,ויסוצקי,IL,תה ירוק לימונית ומנטה T.T,גרמים,37.00,100 גרם,false,1,25.90,0.7000,true,1,305814
7290014002203,false,חליטת צמחים לימונית,ויסוצקי,IL,חליטת לימונית לואיזה - הגן הקסום,גרמים,37.00,100 גרם,false,1,19.90,0.5378,true,1,305787
7290014002944,false,חליטת הגן הקסום,ויסוצקי,IL,"תה ויסוצקי,חליטת חמדת השקד - ""הגן הקסום""",גרמים,50.00,100 גרם,false,1,19.90,0.3980,true,1,313082
7290014002982,false,תה ירוק בתוספת עלי ס,ויסוצקי,IL,תה ירוק לימונית סטיביה T.T,גרמים,37.00,100 גרם,false,1,25.90,0.7000,true,1,311144
7290014046016,false,פסטרמה  של פעם 100%,פ.פ.ח. שאביט,IL,יחיעם פסטרמה של פעם 250 גרם,גרמים,250.00,100 גרם,false,1,25.90,0.1036,true,1,315750
7290014046436,false,נשנושי קבנוס 125 גרם,פ.פ.ח. שאביט,IL,יחיעם נשנושי קבנוס 125 גרם,גרמים,125.00,100 גרם,false,1,12.90,0.1032,true,1,307721
7290014046580,false,פסטרמה הודו מעושנת ע,פ.פ.ח. שאביט,IL,פסטרמה הודו מעושנת על האש מעדני יחיעם 30,גרמים,300.00,100 גרם,false,1,22.90,0.0763,true,1,319000
7290014046757,false,סלמי תה מעדני יחיעם,פ.פ.ח. שאביט,IL,סלמי תה מעדני יחיעם   300גרם,גרמים,300.00,100 גרם,false,1,22.90,0.0763,true,1,322378
7290014056008,false,בירה שפירא פייל אייל,שפירא,IL,"בירה שפירא פייל אייל 330 מ""ל",מיליליטרים,330.00,"100 מ""ל",false,1,14.90,0.0452,true,1,407293
7290014056039,false,בירה שפירא חיטה 330,שפירא,IL,"בירה שפירא חיטה 330 מ""ל",מיליליטרים,330.00,"100 מ""ל",false,1,14.90,0.0452,true,1,407295
7290014056046,false,בירה שפירא לאגר 330,שפירא,IL,"בירה שפירא לאגר 330 מ""ל",מיליליטרים,330.00,"100 מ""ל",false,1,14.90,0.0452,true,1,429754
7290014056053,false,IPA בירה שפירא 330 מ,שפירא,IL,"IPA בירה שפירא 330 מ""ל",מיליליטרים,330.00,"100 מ""ל",false,1,14.90,0.0452,true,1,429753
7290014066359,false,קפסולות אספרסו לנדוו,לנדוור,IL,קפסולות אספרסו לנדוור בלאנסד 10יח,גרמים,50.00,100 גרם,false,1,17.90,0.3580,true,1,344349
7290014066366,false,קפסולות אספרסו לנדוו,לנדוור,IL,קפסולות לנדוור,גרמים,50.00,100 גרם,false,1,17.90,0.3580,true,1,344348
7290014066373,false,קפסולות אספרסו לנדוו,לנדוור,IL,קפסולות אספרסו לנדוור קלאסי 10יח,גרמים,50.00,100 גרם,false,1,17.90,0.3580,true,1,344347
7290014066380,false,קפסולות אספרסו לנדוו,לנדוור,IL,קפסולות אספרסו לנדוור סופרימו 10יח,גרמים,50.00,100 גרם,false,1,17.90,0.3580,true,1,344346
7290014066441,false,לנדוור-קפסולות אספרס,לנדוור,IL,לנדוור-קפסולות אספרסו נטול קפאין 10 יח,יחידה,10.00,יחידה,false,1,17.90,1.7900,true,1,351311
7290014066526,false,לנדוור-קפסולות אספרס,לנדוור,IL,לנדוור-קפסולות אספרסו תערובת הבית,יחידה,10.00,יחידה,false,1,17.90,1.7900,true,1,351309
7290014066533,false,לנדוור-קפסולות אספרס,לנדוור,IL,לנדוור-קפסולות אספרסו קלייה כפול  10 יח,יחידה,10.00,יחידה,false,1,17.90,1.7900,true,1,351310
7290014083479,false,גבינה פרוסה גאודה 15,ג.וילי פוד אינטרנשיו,IL,גבינת גאודה פרוסות 150גרם 27%,גרמים,150.00,100 גרם,false,1,12.90,0.0860,true,1,306246
7290014083806,false,עוגיות פח 350 ג וילי,,PT,עוגיות פח 350 ג ויליפוד,גרמים,350.00,100 גרם,false,1,14.90,0.0426,true,1,305917
7290014083813,false,שפורטים 190 גרם,הנסיך- מפעל לייצור ט,LV,בריוולס וילניס שפרוטים מעושנים בשמן מריגה 190 גרם,גרמים,190.00,100 גרם,false,1,9.90,0.0521,true,1,382868
7290014094345,false,חמניות קלופות 300 גר,"דין שיווק וקליה בע""מ",,חמניות קלופות 300 גרם,גרמים,300.00,100 גרם,false,1,11.90,0.0397,true,1,389665
7290014094352,false,אגוז מלך טבעי בקופסא,"דין שיווק וקליה בע""מ",,אגוז מלך טבעי בקופסא  200 גרם,גרמים,200.00,100 גרם,false,1,17.90,0.0895,true,1,387644
7290014094369,false,שקד טבעי בקופסא  200,"דין שיווק וקליה בע""מ",,שקד טבעי בקופסא  200 גרם,גרמים,200.00,100 גרם,false,1,21.90,0.1095,true,1,387645
7290014094376,false,שזיפים ללא גלעין בקו,"דין שיווק וקליה בע""מ",,שזיפים ללא גלעין בקופסא  250 גרם,גרמים,250.00,100 גרם,false,1,19.90,0.0796,true,1,311508
7290014094383,false,משמש מיובש בקופסא 33,"דין שיווק וקליה בע""מ",,משמש מיובש בקופסא 250 גרם,גרמים,250.00,100 גרם,false,1,19.90,0.0796,true,1,311509
7290014094390,false,חמוציות בקופסא  330,"דין שיווק וקליה בע""מ",,חמוציות בקופסא  250 גרם,גרמים,250.00,100 גרם,false,1,13.90,0.0556,true,1,387646
7290014094406,false,צימוק לבן בקופסא  33,"דין שיווק וקליה בע""מ",,צימוק לבן בקופסא  330 גרם,גרמים,330.00,100 גרם,false,1,14.90,0.0452,true,1,387647
7290014094628,false,פקאן טבעי 200 קופסא,חקלאי,,פקאן טבעי 200 קופסא,גרמים,200.00,100 גרם,false,1,26.90,0.1345,true,1,390453
7290014094642,false,קשיו טבעי בקופסא  25,"דין שיווק וקליה בע""מ",,קשיו טבעי בקופסא  250 גרם,גרמים,250.00,100 גרם,false,1,23.90,0.0956,true,1,311513
7290014094659,false,אגוזי לוז טבעיים 250,דין שיווק,IL,אגוזי לוז טבעיים 250 גרם,גרמים,250.00,100 גרם,false,1,27.90,0.1116,true,1,397774
7290014094796,false,משמש בשקית 300 גרם,"דין שיווק וקליה בע""מ",,משמש בשקית 300 גרם,גרמים,300.00,100 גרם,false,1,16.90,0.0563,true,1,390093
7290014094826,false,שזיף מגולען 300 גרם,"דין שיווק וקליה בע""מ",,שזיף מגולען 300 גרם,גרמים,300.00,100 גרם,false,1,16.90,0.0563,true,1,390281
7290014094840,false,צימוק חום שקית  300,"דין שיווק וקליה בע""מ",,צימוק חום שקית  300 גרם,גרמים,300.00,100 גרם,false,1,13.90,0.0463,true,1,390284
7290014094857,false,פקאן סיני מסוכר 150,דין שיווק,IL,פקאן סיני מסוכר 150 גרם,גרמים,150.00,100 גרם,false,1,17.90,0.1193,true,1,361575
7290014094864,false,פיסטוק קלוי 170גרם,דין שיווק,IL,פיסטוק קלוי 170גרם,גרמים,170.00,100 גרם,false,1,18.90,0.1112,true,1,427555
7290014094895,true,אגוזים קלופים 150 גר,דין שיווק,IL,אגוזים קלופים 150 גרם,גרמים,150.00,100 גרם,false,1,11.90,0.0793,true,1,361587
7290014094901,false,פקאן טבעי 150גרם,דין שיווק,IL,פקאן טבעי 150גרם,גרמים,150.00,100 גרם,false,1,19.90,0.1327,true,1,427553
7290014095861,false,שיבולת שועל דקה,"דין שיווק וקליה בע""מ",,שיבולת שועל דקה 500 גרם שקדיה,גרמים,500.00,100 גרם,false,1,6.90,0.0138,true,1,313806
7290014095946,true,משוקלדים פקאן מריר 1,דין שיווק,IL,משוקלדים פקאן מריר 140 גר קופסא,גרמים,140.00,100 גרם,false,1,10.90,0.0779,true,1,392506
7290014095953,false,משוקלדים פקאן חלב 14,שקדיה גבע בתעשיות עמ,IL,משוקלדים פקאן חלב 140 גר קופסא,גרמים,140.00,100 גרם,false,1,10.90,0.0779,true,1,427693
7290014095960,false,שיבולת שועל עבה,"דין שיווק וקליה בע""מ",,שיבולת שועל עבה 500 גרם שקדיה,גרמים,500.00,100 גרם,false,1,6.90,0.0138,true,1,314050
7290014126428,false,סטיביה 150 טבליות,סוויט  לייף,CN,מרמולייט סטיביה ממתיק 150 טבליות,גרמים,150.00,100 גרם,false,1,26.90,0.1793,true,1,390353
7290014217003,false,פפריקה מעושנת מיכל,תבליני טעם וריח,IL,"תבליני טעם וריח, פפריקה בטעם מעושן,  90 גרם",גרמים,90.00,100 גרם,false,1,9.90,0.1100,true,1,304805
7290014217010,false,תיבול לדגים,תבליני טעם וריח,IL,"תבליני טעם וריח T-BUL תערובת תיבול לדגים, 90 גרם",גרמים,90.00,100 גרם,false,1,13.90,0.1544,true,1,382314
7290014217027,false,תיבול עוף 120 גרם,תבליני טעם וריח,IL,"תבליני טעם וריח T-BUL תערובת תיבול לעוף, 120 גרם",גרמים,120.00,100 גרם,false,1,13.90,0.1158,true,1,382315
7290014217119,false,ציפס מיכל 100 גר,תות ממתקי איכות,IL,"תבליני טעם וריח תערובת תיבול לצ'יפס, 100 גרם",Unknown,0.00,Unknown,false,1,9.90,0.0000,true,1,390721
7290014217157,false,טוסקנה 120 גר,תות ממתקי איכות,IL,תבליני טעם וריח תערובת תיבול טוסקנה 120 גרם,גרמים,120.00,100 גרם,false,1,9.90,0.0825,true,1,314972
7290014217201,false,תערובת תיבול סומק מי,תבליני טעם וריח,IL,תבליני טעם וריח מיכל קטן סומק 45 גרם,גרמים,45.00,100 גרם,false,1,6.90,0.1533,true,1,327472
7290014217225,false,תערובת תיבול גריל עו,תבליני טעם וריח,IL,"תבליני טעם וריח, תערובת תיבול גריל עוף, 120 גרם",גרמים,120.00,100 גרם,false,1,9.90,0.0825,true,1,312345
7290014217362,false,תיבול לקציצות,תות ממתקי איכות,IL,תבליני טעם וריח תערובת תיבול לקציצות 100 גרם,Unknown,0.00,Unknown,false,1,9.90,0.0000,true,1,388540
7290014217478,false,עשבי תיבול איטלקי ים,תות ממתקי איכות,IL,עשבי תיבול איטלקי ים תיכוני 30 גרם,גרמים,30.00,100 גרם,false,1,9.90,0.3300,true,1,321915
7290014217492,false,תיבול פילדלפיה 100 ג,תות ממתקי איכות,IL,תבליני טעם וריח תערובת תיבול פילדלפיה 100 גרם,גרמים,100.00,100 גרם,false,1,9.90,0.0990,true,1,348588
7290014218536,false,בצק עלים מופחת שומן,"מעדנות בע""מ",IL,"בצק עלים מופחת שומן 1 ק""ג",קילוגרמים,1.00,"ק""ג",false,1,25.40,25.4000,true,1,324106
7290014218932,false,חטיפי פיצה בתוספת זי,מיוצר עי קונדיטוריית,IL,חטיפי פיצה בתוספת זיתים בשקית 710 גרם,גרמים,710.00,100 גרם,false,1,34.90,0.0492,true,1,348786
7290014256460,true,יין ויניארד סובניון,,,יין ויניארד סובניון בלאן,לא מנהל יחידת מידה,0.00,לא מנהל יחידת מידה,false,1,69.90,0.0000,true,1,430386
7290014256637,false,יין BUZZ  מוסקטו 750,"כד בני דרום בע""מ",IL,"יין BUZZ  מוסקטו 750 מ""ל",מיליליטרים,750.00,"100 מ""ל",false,1,31.90,0.0425,true,1,314598
7290014318281,true,מחית כמהין 5% 90 גרם,,IT,מחית כמהין 5% 90 גרם,גרמים,90.00,100 גרם,false,1,49.90,0.5544,true,1,430134
7290014321199,false,LESS&MOR קרקר פשתן צ,"ל.ב. סחר ושיווק בע""מ",IL,LESS&MOR קרקר פשתן צילי פיקנטי  125גרם,גרמים,125.00,100 גרם,false,1,24.90,0.1992,true,1,430293
7290014321205,false,LESS&MORE  קרקר גרעי,"ל.ב. סחר ושיווק בע""מ",IL,LESS&MORE  קרקר גרעיני פשתן  125  גרם,גרמים,125.00,100 גרם,false,1,24.90,0.1992,true,1,430291
7290014321212,false,LESS&MOREקרקר פשתן ו,"ל.ב. סחר ושיווק בע""מ",IL,LESS&MOREקרקר פשתן ושום  125גרם,גרמים,125.00,100 גרם,false,1,24.90,0.1992,true,1,430292
7290014343450,false,עוגת פס גבינה פירורי,נטלי,,עוגת פס גבינה פירורים בן עמי,יחידה,1.00,יחידה,false,1,62.90,62.9000,true,1,352404
7290014343542,false,עוגת פס טריקולד בן ע,נטלי,,עוגת פס טריקולד בן עמי,יחידה,1.00,יחידה,false,1,62.90,62.9000,true,1,352405
7290014343559,false,עוגת פס רפאלה בן עמי,נטלי,,עוגת פס רפאלה בן עמי,יחידה,1.00,יחידה,false,1,62.90,62.9000,true,1,352406
7290014343580,false,עוגת פס אלפחורס בן ע,נטלי,,עוגת פס אלפחורס בן עמי,יחידה,1.00,יחידה,false,1,62.90,62.9000,true,1,352407
7290014343641,false,עוגת פס  מוס אוראו ב,נטלי,,עוגת פס  מוס אוראו בן עמי,יחידה,1.00,יחידה,false,1,62.90,62.9000,true,1,352408
7290014343658,false,עוגת פס  מוס לוטוס ב,נטלי,IL,עוגת פס  מוס לוטוס בן עמי,יחידה,1.00,יחידה,false,1,62.90,62.9000,true,1,352411
7290014343788,false,פס מוס אוראו פרווה,נטלי פלוס בעמ,IL,פס מוס אוראו פרווה,גרמים,690.00,100 גרם,false,1,54.90,0.0796,true,1,428196
7290014343986,false,פס מוס לוטוס פרווה,"נטלי פלוס בע""מ",IL,פס מוס לוטוס פרווה,גרמים,580.00,100 גרם,false,1,54.90,0.0947,true,1,428199
7290014397767,false,נוזל רצפות ריצפז הום,"סנו מפעלי ברונוס בע""",IL,ריצפז פרש הום כותנה מלטפת 2 ליטר,ליטרים,2.00,ליטר,false,1,21.90,10.9500,true,1,309079
7290014441002,true,קיש תרד ומוצרלה,קייטרינג שניר,IL,קיש תרד ומוצרלה,לא מנהל יחידת מידה,0.00,לא מנהל יחידת מידה,false,1,51.90,0.0000,true,1,417979
7290014441019,true,קיש פלפל וגבינת פטה,קייטרינג שניר,IL,קיש פלפל וגבינת פטה,לא מנהל יחידת מידה,0.00,לא מנהל יחידת מידה,false,1,51.90,0.0000,true,1,417980
7290014441026,true,קיש בטטה ושום,קייטרינג שניר,IL,קיש בטטה ושום,לא מנהל יחידת מידה,0.00,לא מנהל יחידת מידה,false,1,51.90,0.0000,true,1,417981
7290014441040,true,קיש ברוקולי וקישוא,קייטרינג שניר,IL,קיש ברוקולי וקישוא,לא מנהל יחידת מידה,0.00,לא מנהל יחידת מידה,false,1,51.90,0.0000,true,1,417983
7290014441057,true,קיש בצל וצנובר,קייטרינג שניר,IL,קיש בצל וצנובר,לא מנהל יחידת מידה,0.00,לא מנהל יחידת מידה,false,1,51.90,0.0000,true,1,417984
7290014441132,true,לזניה תרד וריקוטה,קייטרינג שניר,IL,לזניה תרד וריקוטה,לא מנהל יחידת מידה,0.00,לא מנהל יחידת מידה,false,1,51.90,0.0000,true,1,417992
7290014441149,true,לזניה פטריות,קייטרינג שניר,IL,לזניה פטריות,לא מנהל יחידת מידה,0.00,לא מנהל יחידת מידה,false,1,51.90,0.0000,true,1,417993
7290014441224,true,מיני תרד פלפל בטטה,קייטרינג שניר,IL,מיני תרד פלפל בטטה,לא מנהל יחידת מידה,0.00,לא מנהל יחידת מידה,false,1,54.90,0.0000,true,1,417995
7290014441231,true,מיני פטריות בצל ברוק,קייטרינג שניר,IL,מיני פטריות בצל ברוקולי,לא מנהל יחידת מידה,0.00,לא מנהל יחידת מידה,false,1,54.90,0.0000,true,1,417996
7290014451230,false,נייר אפייה טבעי 30 ד,גרין פלאש,IL,נייר אפייה טבעי לאפייה בריאה,לא מנהל יחידת מידה,0.00,לא מנהל יחידת מידה,false,1,17.90,0.0000,true,1,420116
7290014451247,false,גליל מטליות במבוק 92,גרין-פלאש,IL,מגבות רב פעמיות מבמבוק,לא מנהל יחידת מידה,0.00,לא מנהל יחידת מידה,false,1,19.90,0.0000,true,1,420117
7290014455245,false,גבינת פדנו משולש 200,מחלבת סוציאלה מנטובה,IT,גד גרנה פדנו גבינה קשה 29% שומן,גרמים,200.00,100 גרם,false,1,26.90,0.1345,true,1,319867
7290014455252,false,גבינת גרנה פדנו מגור,מחלבות גד,IT,גד גרנה פדנו גבינה קשה מגוררדת 29% שומן,גרמים,100.00,100 גרם,false,1,13.90,0.1390,true,1,319869
7290014455320,false,כדור מוצרלה פרסקה גד,מחלבות גד בעמ,IL,גד מוצרלה פרסקה מחלב בקר 18% שומן,גרמים,100.00,100 גרם,false,1,9.90,0.0990,true,1,316409
7290014455467,false,מעדן שיבולת שועל וחל,מחלבות גד,IL,גד מעדן שיבולת שועל וחלב 2% שומן,גרמים,150.00,100 גרם,false,1,5.60,0.0373,true,1,320296
7290014455610,false,יוגורט עיזים עם תות,מיוצר על ידי קוד יצר,IL,יוגורט עיזים עם תות 125 גרם גד,גרמים,125.00,100 גרם,false,1,6.40,0.0512,true,1,322903
7290014455627,false,יוגורט עיזים עם דובד,מיוצר עי קוד יצרן MK,IL,יוגורט עיזים עם דובדבן אמרנה 125 גרם גד,גרמים,125.00,100 גרם,false,1,6.40,0.0512,true,1,322904
7290014466128,false,יין הר חרמון אינדיגו,מיוצר וממולא על ידי,IL,"יין הר חרמון אינדיגו 750 מ""ל",מיליליטרים,750.00,"100 מ""ל",false,1,32.90,0.0439,true,1,306197
7290014466609,false,יין גמלא מרלו 2012,יקב רמת הגולן,IL,"גמלא השמורה מרלו 2016 יין אדום יבש, 750 מל",מיליליטרים,750.00,"100 מ""ל",false,1,64.90,0.0865,true,1,320302
7290014466807,false,יין ירדן טי2  יין אד,יקב רמת הגולן,IL,יין ירדן טי2  יין אדום מתוק 500 מל,מיליליטרים,500.00,"100 מ""ל",false,1,100.00,0.2000,true,1,429976
7290014466890,false,יין גמלא קברנה מרלו,יקב רמת הגולן,IL,יין גמלא קברנה מרלו 750 מל,מיליליטרים,750.00,"100 מ""ל",false,1,65.00,0.0867,true,1,429965
7290014472136,false,גרעין שחור קלוי 150ג,דין שיווק,IL,גרעין שחור קלוי 150גרם,גרמים,150.00,100 גרם,false,1,5.90,0.0393,true,1,430079
7290014472228,false,תאנים בקופסא  330 גר,"דין שיווק וקליה בע""מ",,תאנים בקופסא  330 גרם,גרמים,330.00,100 גרם,false,1,22.90,0.0694,true,1,387648
7290014472235,false,פקאן סיני 200 גרם,שקרצי,,פקאן סיני 200 גרם,גרמים,200.00,100 גרם,false,1,27.90,0.1395,true,1,399066
7290014472471,false,גרעין שחור ענק פרימי,דין שיווק,IL,גרעין שחור ענק פרימיום 200גרם,גרמים,200.00,100 גרם,false,1,6.90,0.0345,true,1,427569
7290014472488,false,שקד קלוי ענק 250גרם,דין שיווק,IL,שקד קלוי ענק 250גרם פרימיום,גרמים,250.00,100 גרם,false,1,25.90,0.1036,true,1,427572
7290014472495,false,קשיו קלוי ענק 250גרם,דין שיווק,IL,קשיו קלוי ענק 250גרם פרימיום,גרמים,250.00,100 גרם,false,1,23.90,0.0956,true,1,427571
7290014472501,false,פיסטוק קלוי ענק פרימ,דין שיווק,IL,פיסטוק קלוי ענק פרימיום 250גרם,גרמים,250.00,100 גרם,false,1,25.90,0.1036,true,1,427570
7290014472518,false,בוטן קלוי ענק פרימיו,דין שיווק,IL,בוטן קלוי ענק פרימיום 250גרם,גרמים,250.00,100 גרם,false,1,9.90,0.0396,true,1,427568
7290014472525,false,תערובת פיצוחים 250 ג,דין שיווק,IL,תערובת פיצוחים 250 גרם פרימיום,גרמים,250.00,100 גרם,false,1,22.90,0.0916,true,1,427573
7290014501843,false,יין גליל מירון 750 מ,יקב הרי גליל,IL,יין גליל מירון 750 מל,מיליליטרים,750.00,"100 מ""ל",false,1,95.00,0.1267,true,1,429968
7290014503137,false,יין דלתון כנען אדום,"איי, בי, אינבוו",IL,"יין דלתון כנען אדום 750 מ""ל",מיליליטרים,750.00,"100 מ""ל",false,1,49.90,0.0665,true,1,324037
7290014503144,false,יין דלתון כנען לבן 7,"איי, בי, אינבוו",IL,"יין דלתון כנען לבן 750 מ""ל",מיליליטרים,750.00,"100 מ""ל",false,1,49.90,0.0665,true,1,324038
7290014548459,false,גבינה צפתית עיזים 5%,חוות רום,,גבינה צפתית עיזים 5% גלילי 200 גרם,גרמים,200.00,100 גרם,false,1,27.50,0.1375,true,1,432139
7290014548466,false,גבינה פטה עיזים 5% ג,חוות רום,,גבינה פטה עיזים 5% גלילי 200 גרם,גרמים,200.00,100 גרם,false,1,33.90,0.1695,true,1,432140
7290014548565,false,גבינה צרקסית עיזים 1,חוות רום,,גבינה צרקסית עיזים 12% גלילי 200 גרם,גרמים,200.00,100 גרם,false,1,26.90,0.1345,true,1,432141
7290014578777,false,קוקוס לשתיה,,,קוקוס לשתיה,יחידה,1.00,יחידה,false,1,19.90,19.9000,true,1,435505
7290014603028,false,שלגון סולרו וניל ציפ,"מיוצר ע""י גלידת שטרא",IL,סולרו שלגון סולרו תות 75 גרם,גרמים,76.00,100 גרם,false,1,9.90,0.1303,true,1,306798
7290014673021,true,פלפל שחור שלם 100ג,א.ל ייצור ושיווק תבל,IL,תבליני מימון פלפל שחור שלם 100 גרם,גרמים,100.00,100 גרם,false,1,13.90,0.1390,true,1,415891
7290014673038,false,תערובת תיבול טוסקנה,א.ל ייצור ושיווק תבל,IL,תערובת תיבול טוסקנה 120 גרם,גרמים,120.00,100 גרם,false,1,10.90,0.0908,true,1,428238
7290014692299,false,גבינת ברי קסטלו יורו,"ארלה פודס אמבא,",DK,גבינת ברי קסטלו יורו 125 גרם,גרמים,125.00,100 גרם,false,1,22.90,0.1832,true,1,308612
7290014692305,false,גבינת קממבר סטלו יור,הנסיך- מפעל לייצור ט,DK,גבינת קממבר סטלו יורו 125 גרם,גרמים,125.00,100 גרם,false,1,22.90,0.1832,true,1,308613
7290014692541,false,גבינה מגורדת אמה 500,ג.וילי פוד אינטרנשיו,IL,צהובה מגורדת,גרמים,500.00,100 גרם,false,1,19.90,0.0398,true,1,314853
7290014692817,false,גבינת מוצרלה מגורדת,הנסיך- מפעל לייצור ט,IL,גבינת מוצרלה מגורדת 200גרם E,גרמים,200.00,100 גרם,false,1,16.90,0.0845,true,1,309008
7290014725348,false,סוכרזית קלאסי,ביסקול בע''מ,IL,"סוכרזית קלאסי, ממתיק בטעם הקלאסי 100 שקיות",גרמים,100.00,100 גרם,false,1,16.70,0.1670,true,1,314155
7290014749764,false,עוף טוב שניצל עוף בי,מוצרי עוף טוב (2001),IL,עוף טוב שניצל עוף ביתי עדין כזה  700גרם,גרמים,700.00,100 גרם,false,1,44.90,0.0641,true,1,354396
7290014749788,false,עוף טוב צונגו רצועות,מוצרי עוף טוב (2001),IL,עוף טוב צונגו רצועות שניצל ציפס600ג,גרמים,600.00,100 גרם,false,1,36.90,0.0615,true,1,354397
7290014758100,false,מאגדת יוגורט     3%,מחלבת אלון תבור,IL,מאגדת יוגורט ביו 3% תנובה 8*150 גרם,קילוגרמים,1.20,"ק""ג",false,1,16.90,14.0833,true,1,306955
7290014758148,false,גבינת גלבוע סמי,תנובה,IL,"גלבוע פרוסות גבינה חצי קשה, 22% שומן",גרמים,400.00,100 גרם,false,1,22.90,0.0572,true,1,383329
7290014758162,false,חלב עיזים מלא  3.6%,הרדוף תוצרת מזון אור,IL,חלב עיזים קרטון 1 ליטר,ליטרים,1.00,ליטר,false,1,15.40,15.4000,true,1,308615
7290014759084,false,גבינת שמנת נפוליאון,הרדוף חלב,IL,גבינת שמנת נפוליאון בסגנון צרפתי 225 גרם,גרמים,225.00,100 גרם,false,1,13.90,0.0618,true,1,309677
7290014759534,false,גבינה בולגרית 5% למר,"תנובה, מחלבת תל יוסף",IL,גבינה בולגרית 5% למריחה 200 גרם,גרמים,200.00,100 גרם,false,1,14.50,0.0725,true,1,310234
7290014759909,false,פטה עיזים 5% פיראוס,"תנובה, מחלבת טנא נוג",IL,פטה עיזים 5% גבינה מלוחה מחלב עיזים במי מלח,גרמים,250.00,100 גרם,false,1,29.90,0.1196,true,1,431621
7290014759978,false,קצקבל פלח 200 גר,תנובה,IL,גלעד גבינת קצ'קבל מחלב כבשים 28% שומן,גרמים,200.00,100 גרם,false,1,27.40,0.1370,true,1,310423
7290014759985,false,פרמזן פלח 200 גר,תנובה,IL,פרמזן פלח 200 גרם קולקשיין,גרמים,200.00,100 גרם,false,1,26.40,0.1320,true,1,310424
7290014759992,false,גבינת רוקפור פלח 140,"תנובה, מחלבת תל יוסף",IL,גבינת רוקפור פלח 140 גרם קולקשיין,גרמים,140.00,100 גרם,false,1,19.90,0.1421,true,1,310236
7290014760134,false,מעדן סויה ביו בטעם ו,תנובה,IL,מעדן סויה ביו בטעם וניל  125 גרם,גרמים,125.00,100 גרם,false,1,3.90,0.0312,true,1,329549
7290014760141,true,משקה שקדים טרי 1 ליט,סוי מג'יק,IL,משקה שקדים טרי 1 ליטר,ליטרים,1.00,ליטר,false,1,12.90,12.9000,true,1,317389
7290014761056,false,YOLO מעדן שוקולד חלב,מחלבת אלון תבור,IL,YOLO מעדן שוקולד חלב מעולה 123 גרם,גרמים,123.00,100 גרם,false,1,4.50,0.0366,true,1,314716
7290014761063,false,YOLO מעדן שוקולד מרי,מחלבת אלון תבור,IL,YOLO מעדן שוקולד מריר מעולה 123 גרם,גרמים,123.00,100 גרם,false,1,4.50,0.0366,true,1,314717
7290014761070,false,YOLO מעדן שוקולד לבן,מחלבת אלון תבור,IL,YOLO מעדן שוקולד לבן מעולה 123 גרם,גרמים,123.00,100 גרם,false,1,4.50,0.0366,true,1,314718
7290014761193,true,יוגורט פירות יער,מחלבת אלון תבור,IL,פרילי פירות יער,גרמים,125.00,100 גרם,false,1,3.50,0.0280,true,1,392482
7290014761612,false,YOLO מעדן שכבות שוקו,מחלבת אלון תבור,IL,YOLO מעדן שכבות שוקולד מריר 123 גרם,גרמים,123.00,100 גרם,false,1,4.50,0.0366,true,1,316308
7290014762756,false,גבינת שמנת נפוליאון,הרדוף חלב,IL,גבינת שמנת נפוליאון בצל 200 גרם,גרמים,200.00,100 גרם,false,1,13.90,0.0695,true,1,320792
7290014762800,false,מעדן סויה בטעם שוקול,סוי מג'יק,IL,תנובה מעדן סויה שוקולד 2% שומן 125 גרם,גרמים,125.00,100 גרם,false,1,3.90,0.0312,true,1,327365
7290014762831,false,גבינת נפוליאון 24% ח,הרדוף חלב,IL,גבינת נפוליאון 24% חלפיניו 225 גרם,גרמים,225.00,100 גרם,false,1,13.90,0.0618,true,1,321947
7290014762848,false,פתיתי גלבוע  10%  תו,תנובה,IL,פתיתי גלבוע  10%  תוספת 550 גרם,גרמים,550.00,100 גרם,false,1,32.90,0.0598,true,1,328169
7290014762909,false,פתיתי מוצרלה 10% תוס,"תנובה, מחלבת תל יוסף",IL,פתיתי מוצרלה 10% תוספת  השף הלבן,גרמים,200.00,100 גרם,false,1,17.90,0.0895,true,1,321622
7290014762947,false,לאבנה גלילית 11%שומן,תנובה,IL,פיראוס גבינת לאבנה גלילית 11% שומן,גרמים,750.00,100 גרם,false,1,23.90,0.0319,true,1,429610
7290014763272,false,משקה סויה ביו עם תות,סוי מג'יק,IL,"משקה סויה ביו עם תות ובננה 250 מ""ל",מיליליטרים,250.00,"100 מ""ל",false,1,5.90,0.0236,true,1,322092
7290014785007,false,פניני טפיוקה 500 גר,יושלם,,פניני טפיוקה 500 גר,גרמים,500.00,100 גרם,false,1,8.90,0.0178,true,1,383761
7290014785069,false,"מירין 250 מ""ל משובח",יושלם,,מירין 250 מל משובח מזרח,מיליליטרים,250.00,"100 מ""ל",false,1,11.90,0.0476,true,1,385648
7290014785991,true,רוטב סויה אסיה ללא ג,,,רוטב סויה אסיה ללא גלוטן,לא מנהל יחידת מידה,0.00,לא מנהל יחידת מידה,false,1,13.90,0.0000,true,1,416919
7290014791664,false,מים מינרליים שישיה 6,יפאורה,IL,"מים מינרליים שישיה 6 * 500 מ""ל",ליטרים,3.00,ליטר,false,6,12.90,4.3000,true,1,430345
7290014821064,false,כבל גלקסי 2 מטר,,,כבל גלקסי 2 מטר,יחידה,1.00,יחידה,false,1,29.90,29.9000,true,1,352020
7290014821507,false,מטען קיר אייפון מאוש,,,מטען קיר אייפון מאושר אפל 2.1,יחידה,1.00,יחידה,false,1,79.90,79.9000,true,1,352012
7290014821569,false,כבל אייפון  2 מטר,,,כבל אייפון  2 מטר,יחידה,1.00,יחידה,false,1,39.90,39.9000,true,1,352004
7290014855434,false,מגבוני בייביסיטר רבי,די פי אל,,מגבוני בייביסיטר רביעייה מבושם,יחידה,0.00,יחידה,false,1,19.70,0.0000,true,1,431813
7290014855458,false,מגבונים בייביסיטר רב,די פי אל,,מגבונים בייביסיטר רביעייה לא בישום,לא מנהל יחידת מידה,0.00,לא מנהל יחידת מידה,false,1,19.70,0.0000,true,1,318570
7290014890145,false,שמנת טבעית,גבינות משק יעקבס,IL,גבינת שמנת בטעם טבעי 225 גרם,גרמים,225.00,100 גרם,false,1,12.90,0.0573,true,1,327520
7290014890152,false,שמנת זיתים 225 גרם,גבינות משק יעקבס,IL,גבינת שמנת זיתים,גרמים,225.00,100 גרם,false,1,12.90,0.0573,true,1,328035
7290014890169,false,שמנת שום שמיר 225 גר,גבינות משק יעקבס,IL,גבינת שמנת שום שמיר 225 גרם,גרמים,225.00,100 גרם,false,1,12.90,0.0573,true,1,328036
7290014890176,false,ריקוטה 250 גרם,גבינות משק יעקבס,IL,ריקוטה 250 גרם,גרמים,250.00,100 גרם,false,1,10.90,0.0436,true,1,348751
7290014890190,false,מוצרלה כדור יעקבס 10,גבינות משק יעקבס,IL,מוצרלה כדור 100 גרם,גרמים,100.00,100 גרם,false,1,12.50,0.1250,true,1,348750
7290014890206,false,קרם פרש 250 גרם,גבינות משק יעקבס,IL,קרם פרש 250 גרם,גרמים,250.00,100 גרם,false,1,14.90,0.0596,true,1,348753
7290014890572,false,יוגורט עיזים  יעקובס,משק יעקבס,IL,"יוגורט עיזים  יעקובס 850מ""ל",מיליליטרים,850.00,"100 מ""ל",false,1,24.90,0.0293,true,1,429422
7290014890589,false,יוגורט יוני  יעקובס,משק יעקבס,IL,"יוגורט יוני  יעקובס 850מ""ל",מיליליטרים,850.00,"100 מ""ל",false,1,23.90,0.0281,true,1,429423
7290014905160,false,פטריה של פניני ריח,יוליניבר,IT,יעקבי פניני ריח לימון 130 גרם,יחידה,1.00,יחידה,false,1,11.90,11.9000,true,1,312123
7290014940901,true,לחם פשוט מלא 750 גרם,מאפיית שלמה א. אנג'ל,IL,לחם פשוט מלא 750 גרם,גרמים,750.00,100 גרם,false,1,14.90,0.0199,true,1,316544
7290014974562,false,גביעי גלידה 24 יחידו,"א.ג גילרו בע""מ",IL,עלמה גביעי טילון 24 יח',גרמים,120.00,100 גרם,false,1,8.90,0.0742,true,1,326226
7290014974593,false,גביע גלידריה ללא גלו,גילרו,IL,גביע גלידריה ללא גלוטן 12 יח עלמה,יחידה,1.00,יחידה,false,1,16.50,16.5000,true,1,400151
7290014974869,false,רולים ללא גלוטן בטעם,גילרו,IL,רולים ללא גלוטן בטעם שוקו 100 גרם,גרמים,100.00,100 גרם,false,1,7.50,0.0750,true,1,328239
7290015009003,false,חומץ בן יין לבן 500,מנדלז סי.אר. פרודקשן,ES,דניאל חומץ בן יין לבן 500 מל,מיליליטרים,500.00,"100 מ""ל",false,1,14.90,0.0298,true,1,311388
7290015009010,false,חומץ בן יין אדום 500,מנדלז סי.אר. פרודקשן,ES,חומץ בן יין אדום 5%,מיליליטרים,500.00,"100 מ""ל",false,1,14.90,0.0298,true,1,311389
7290015009027,false,"חומץ בלסמי 500 מ""ל",אקובינל,ES,חומץ בלסמי חומציות 6%,מיליליטרים,500.00,"100 מ""ל",false,1,21.90,0.0438,true,1,311976
7290015009041,false,"חומץ תפוחים 500 מ""ל",מנדלז סי.אר. פרודקשן,ES,דניאל חומץ תפוחים 500 מל,מיליליטרים,500.00,"100 מ""ל",false,1,15.90,0.0318,true,1,313094
7290015009119,false,עלי טורטייה,לווליה,,עלי טורטייה,גרמים,420.00,100 גרם,false,1,15.90,0.0379,true,1,391887
7290015009126,false,עלי טורטייה,לווליה,,עלי טורטייה,לא מנהל יחידת מידה,0.01,לא מנהל יחידת מידה,false,1,15.90,1590.0000,true,1,391888
7290015009225,false,ריבת חלב מקורית דניא,קארו,,ריבת חלב מקורית דניאל 450 גרם,גרמים,450.00,100 גרם,false,1,19.90,0.0442,true,1,325875
7290015009256,false,SABORITO רוטב סלסה ר,לינדסטרי פודס אנד דר,US,SABORITO רוטב סלסה רגיל ירוק ג454גרם,גרמים,454.00,100 גרם,false,1,14.90,0.0328,true,1,434350
7290015009294,false,גבינת פרמיזאנו ראזאנ,אורגנה,,גבינת פרמיזאנו ראזאנו 170 גרם,גרמים,170.00,100 גרם,false,1,33.90,0.1994,true,1,326656
7290015009317,false,נאצוס סבוריטו תירס 2,אוקי סנייקס,DK,נאצוס סבוריטו תירס 200 גרם,גרמים,200.00,100 גרם,false,1,12.90,0.0645,true,1,358101
7290015009324,false,נאצוס סבוריטו ברביקי,אוקי סנקס,DK,נאצוס סבוריטו ברביקיו 200 גרם,גרמים,200.00,100 גרם,false,1,12.90,0.0645,true,1,358100
7290015009331,false,נאצוס סבוריטו חריף 2,מנדלז סי.אר. פרודקשן,DK,נאצוס סבוריטו חריף 200 גרם,גרמים,200.00,100 גרם,false,1,12.90,0.0645,true,1,358102
7290015009393,false,זיתים מגולענים קלמטה,אידיאל ס.א,GR,זיתים שחורים מגולענים  קלמטהIDEAL גרם250,גרמים,250.00,100 גרם,false,1,16.90,0.0676,true,1,350225
7290015009409,false,זיתים שחורים טאטוס ב,אדיאל ס.א,GR,זיתים שחורים טאסוס  IDEALגרם 250,גרמים,250.00,100 גרם,false,1,16.90,0.0676,true,1,350808
7290015009461,false,שעועית שחורה קונסרב,יורקום סרל,IT,שעועית שחורה קונסרב 400גרם,גרמים,400.00,100 גרם,false,1,7.90,0.0198,true,1,425026
7290015009478,false,שעועית אדומה קונסרב,יורקום סרל,IT,שעועית אדומה קונסרב 400גרם,גרמים,400.00,100 גרם,false,1,7.90,0.0198,true,1,425027
7290015027021,false,עוגות קראנץ ברליס,קונדיטורית ברלים,,עוגות קראנץ ברליס500,גרמים,500.00,100 גרם,false,1,24.90,0.0498,true,1,313308
7290015039246,true,נתחי טונה בשמן ויליפ,גולדן פרייז קאנינג א,TH,נתחי טונה בשמן ויליפוד רביעייה 640 גרם,גרמים,640.00,100 גרם,false,1,17.90,0.0280,true,1,317329
7290015039338,true,נתחי טונה ויליפוד רב,גולדן פרייז קאנינג א,TH,נתחי טונה ויליפוד רביעייה 640 גרם,גרמים,640.00,100 גרם,false,1,21.90,0.0342,true,1,435995
7290015039482,false,גבינת אדם פלח 230 גר,הנסיך- מפעל לייצור ט,NL,גבינת אדם פלח 230 גרם 24% שומן - הולנד,גרמים,160.00,100 גרם,false,1,22.90,0.1431,true,1,319335
7290015129121,false,סקיני פסטה נודלס270,סצ'ואן סנטאיואן,CN,סקיני פסטה- בצורת אטריות פטוצ'יני 200 גרם,גרמים,270.00,100 גרם,false,1,12.90,0.0478,true,1,312769
7290015129145,false,סקיני פסטה ספגטי270,סצ'ואן סנטאיואן,CN,סקיני פסטה- בצורת אטריות ספגטי 200 גרם,גרמים,270.00,100 גרם,false,1,12.90,0.0478,true,1,312771
7290015129220,false,סקיני פסטה קוסקוס 27,סצ'ואן סנטאיואן,CN,סקיני פסטה- בצורת פתיתים 200 גרם,גרמים,250.00,100 גרם,false,1,12.90,0.0516,true,1,316837
7290015129251,false,סקיני פסטה אטריות פט,סצ'ואן סנטאיואן,CN,סקיני פסטה- בצורת אטריות פטוצ'יני 200 גרם,גרמים,270.00,100 גרם,false,1,12.90,0.0478,true,1,318032
7290015129312,false,תבשיל מרק בטעם עוף ס,סצ'ואן סנטאיואן,CN,תבשיל מרק בטעם עוף סקיני סופ 234גרם,גרמים,234.00,100 גרם,false,1,19.90,0.0850,true,1,430078
7290015129411,false,מאגדת סקיני צימוקים,סקיניפסטה,IL,החטיפים של סקיני צימוקים וחמוציות 5 יחידות,גרמים,375.00,100 גרם,false,1,27.90,0.0744,true,1,360424
7290015129428,false,מאגדת סקיני אגוזי לו,סקיניפסטה,IL,החטיפים של סקיני אגוזי לוז וקינמון 5 יחידות,גרמים,375.00,100 גרם,false,1,27.90,0.0744,true,1,360425
7290015129749,false,סקיני פסטה שיבולת שו,סצ'ואן סנטאיואן,CN,סקיני פסטה- בצורת נודלס שיבולת שואל 200 גרם,גרמים,250.00,100 גרם,false,1,12.90,0.0516,true,1,432821
7290015129756,false,סקיני פסטה שיבולת שו,סצ'ואן סנטאיואן,CN,סקיני פסטה- בצורת פטוצ'יני שיבולת שועל200 גרם,גרמים,250.00,100 גרם,false,1,12.90,0.0516,true,1,430053
7290015129763,false,סקיני פסטה שיבולת שו,סצ'ואן סנטאיואן,CN,סקיני פסטה- פתיתים  200 גרם,גרמים,250.00,100 גרם,false,1,12.90,0.0516,true,1,432822
7290015139250,false,אגו שוקולד מריר עם,HIQ FOOD PRODUCTS,IL,אגו שוקולד מריר עם פצפוצי אורז ללא סוכר,גרמים,85.00,100 גרם,false,1,6.90,0.0812,true,1,393332
7290015139533,false,"וופל לימון לל""ג 200",כרמית תעשיות ממתקים,IL,"וופל לימון לל""ג 200 גרם אגו",גרמים,200.00,100 גרם,false,1,11.90,0.0595,true,1,395511
7290015150088,false,מחית עגבניות בלה איט,אמיליאנה קונסרב ס.פ.,IT,מחית עגבניות קלה 700 גרם,גרמים,700.00,100 גרם,false,1,11.90,0.0170,true,1,316201
7290015150118,false,עגבניות חתוכות דק בל,אמיליאנה קונסרב ס.פ.,IT,עגבניות חתוכות דק בלה איטליה *3 400 גר,קילוגרמים,1.20,"ק""ג",false,1,17.90,14.9167,true,1,316233
7290015150590,false,תה ירוק גינגר חריף 2,ויסוצקי,IL,חדש תה ירוק ג'ינג'ר חריף אש T.T,גרמים,37.00,100 גרם,false,1,25.90,0.7000,true,1,319131
7290015150903,false,תה ירוק קינמון ודבש,ויסוצקי,IL,תה ירוק קינמון ודבש T.T,גרמים,38.00,100 גרם,false,1,25.90,0.6816,true,1,322688
7290015155823,false,פאוץ פרינוק תפוח 120,כלורוקס אוקלנד,CZ,"פרינוק חטיפטף מחית תפוחי עץ 100% פרי, 120 גרם",גרמים,120.00,100 גרם,false,1,4.90,0.0408,true,1,348536
7290015155830,false,חטיפטף תפוח עץ  ובננ,פרוטה פודיווין,CZ,"פרינוק חטיפטף מחית תפוח בננה 100% פרי, 120 גרם",גרמים,120.00,100 גרם,false,1,4.90,0.0408,true,1,348852
7290015155847,false,חטיפטף סלט פירות 120,כלורוקס אוקלנד,CZ,"פרינוק חטיפטף מחית סלט פירות 100% פרי, 120 גרם",גרמים,120.00,100 גרם,false,1,4.90,0.0408,true,1,348574
7290015161244,false,קרם קוקוס אורגני   נ,"אינסטנטה בע""מ",LK,"קרם קוקוס אורגני   נטרוזן 400 מ""ל",מיליליטרים,400.00,"100 מ""ל",false,1,9.90,0.0248,true,1,401282
7290015161329,true,תערובת להכנת לחמניות,קריניציה ויטמינה אס,FI,תערובת להכנת לחמניות ללג על בסיס שיבולת,גרמים,500.00,100 גרם,false,1,29.90,0.0598,true,1,418133
7290015161336,false,רוטב סויה נןטרה זן,חברת גואנגזהו סיטי ר,CN,נוטרזן רוטב סויה תמרי אורגני ללא גלוטן 250 מל,מיליליטרים,250.00,"100 מ""ל",false,1,19.90,0.0796,true,1,422050
7290015161534,false,קוואקר עבה ללא גלוטן,"ב.א מזון בע""מ",DK,קוואקר עבה ללא גלוטן400 גרם,גרמים,400.00,100 גרם,false,1,21.90,0.0547,true,1,401038
7290015161541,false,קוואקר דק ללא גלוטן,"ב.א מזון בע""מ",DK,שיבולת שועל מלאה ללא גלוטן (דק) אינסטנט 400 גרם,גרמים,400.00,100 גרם,false,1,21.90,0.0547,true,1,401040
7290015161558,false,קוואקר שיבולת שועל מ,"ב.א מזון בע""מ",DK,קוואקר שיבולת שועל מלאה ללא גלוטן500גרם,גרמים,500.00,100 גרם,false,1,21.90,0.0438,true,1,401011
7290015161848,false,פת פריכה אורגנית ללג,ביואיטליה,,נוטרה זן פת פריכה אורגנית עם כוסמת וקינואה 100 גרם,גרמים,100.00,100 גרם,false,1,13.90,0.1390,true,1,401849
7290015161923,false,קרם קוקוס אורגני 400,"אינסטנטה בע""מ",LK,"קרם קוקוס אורגני 400 מ""ל 22%",גרמים,400.00,100 גרם,false,1,12.90,0.0323,true,1,423403
7290015176361,false,מברשת שיניים חשמלים,פוג'יקום,,מברשת שיניים חשמלית פוגיקום כחול,יחידה,1.00,יחידה,false,1,39.90,39.9000,true,1,320318
7290015178174,false,ממרח פסטו בטעם פרמזן,אוליביה בעמ,IL,פסטו בטעם פרמזן,גרמים,180.00,100 גרם,false,1,12.90,0.0717,true,1,357823
7290015178181,false,ממרח ארטישוק ברוזמרי,אוליביה בעמ,IL,ממרח ארטישוק עם רוזמרין,גרמים,180.00,100 גרם,false,1,12.90,0.0717,true,1,357822
7290015193139,false,רוטב WOK צילי מתוק ל,KRS SPICY FOOD CO.LT,,"רוטב WOK צילי מתוק ללא סוכר 300 מ""ל",מיליליטרים,300.00,"100 מ""ל",false,1,8.90,0.0297,true,1,313604
7290015193559,false,אובלטים דקיקים מלוחי,אם החיטה,,אובלטים דקיקים מלוחים 300 גרם,גרמים,300.00,100 גרם,false,1,12.90,0.0430,true,1,326197
7290015193566,false,אובלטים דקיקים שומשו,אם החיטה,,אובלטים דקיקים שומשום 300 גרם,גרמים,300.00,100 גרם,false,1,12.90,0.0430,true,1,326198
7290015193573,false,ווק אטריות אורז עובי,THAI COCONUT CO,TH,"ווק אטריות אורז עובי 2מ""מ 400גרם",גרמים,400.00,100 גרם,false,1,8.90,0.0223,true,1,421353
7290015193634,false,אובלטים קימל 300 גרם,אם החיטה,,אובלטים קימל 300 גרם,גרמים,300.00,100 גרם,false,1,12.90,0.0430,true,1,432175
7290015193665,false,קמח מצה מעדני המלך 5,אם החיטה,,קמח מצה מעדני המלך 500 גרם,גרמים,500.00,100 גרם,false,1,7.50,0.0150,true,1,328398
7290015193832,false,קרקר עם שומשום ארומה,פפושדו,IL,קרקר עם שומשום ארומה 300 גרם,גרמים,300.00,100 גרם,false,1,7.50,0.0250,true,1,349098
7290015193849,false,קרקר עם מלח ארומה 30,פפושדו,IL,קרקר עם מלח ארומה 300 גרם,גרמים,300.00,100 גרם,false,1,7.50,0.0250,true,1,349099
7290015284011,true,מרכך משפחתי ECOLOVE,א.ל. ארמן,IL,מרכך משפחתי ECOLOVE,Unknown,0.00,Unknown,false,1,32.90,0.0000,true,1,407602
7290015284028,true,סבון משפחתי ECOLOVE,א.ל. ארמן,IL,סבון גוף משפחתי מגיל חצי שנה מלפפון פטרוזיליה ותרד,Unknown,0.00,Unknown,false,1,32.90,0.0000,true,1,407603
7290015284035,true,סבון ידיים ECOLOVE,א.ל. ארמן,IL,סבון ידיים ירקות ירוקים,Unknown,0.00,Unknown,false,1,25.90,0.0000,true,1,407604
7290015284219,true,מרכך שיער צבוע סדרה,א.ל. ארמן,IL,מרכך לשיער- צבוע ויבש מאוד פירות סגולים  ecoLove,Unknown,0.00,Unknown,false,1,32.90,0.0000,true,1,407614
7290015284240,true,מסיכה שיער צבוע סדרה,א.ל. ארמן,IL,מסכת שיער פירות סגולים,Unknown,0.00,Unknown,false,1,44.90,0.0000,true,1,407617
7290015284400,false,קרם ידיים לעור יבש ס,א.ל. ארמן,IL,"קרם ידיים לעור יבש, ענבים אוכמניות ולבנדר",לא מנהל יחידת מידה,0.00,לא מנהל יחידת מידה,false,1,21.90,0.0000,true,1,420123
7290015284660,true,שמפו לאחר החלקה ECOL,א.ל. ארמן,IL,שמפו לאחר החלקה ללא מלחי סודיום כלוריד,Unknown,0.00,Unknown,false,1,36.90,0.0000,true,1,407620
7290015284677,true,מרכך לאחר החלקה ECOL,א.ל. ארמן,IL,מרכך לאחר החלקה ללא מלחי סודיום כלוריד,Unknown,0.00,Unknown,false,1,36.90,0.0000,true,1,407621
7290015284684,false,מסיכה לשיער שעבר החל,א.ל. ארמן,IL,מסכת שיער לאחר החלקה ללא מלחי סודיום כלוריד,לא מנהל יחידת מידה,0.00,לא מנהל יחידת מידה,false,1,44.90,0.0000,true,1,420125
7290015335607,false,מעדן BIO בטעם טבעי,טרופיקל דגיל תעשיות,IL,יוגונאט - מעדן BIO בטעם טבעי,גרמים,150.00,100 גרם,false,1,6.90,0.0460,true,1,351387
7290015335614,false,מעדן BIO עם תות  150,טרופיקל דגיל תעשיות,IL,יוגונאט - מעדן BIO עם תות,גרמים,150.00,100 גרם,false,1,6.90,0.0460,true,1,351388
7290015335621,false,מעדן BIO עם פירות יע,טרופיקל דגיל תעשיות,IL,יוגונאט - מעדן BIO עם פירות יער,גרמים,150.00,100 גרם,false,1,6.90,0.0460,true,1,351390
7290015355834,true,היינץ מתבל עגבניות ח,היינץ צפון אמריקה -,US,מתבל עגבניות היינץ חריף ומתובל 855 גרם,גרמים,855.00,100 גרם,false,1,16.90,0.0198,true,1,407632
7290015395045,false,קינואה שקדיה 400 גרם,אף.סי תבליני בגליל ב,IL,קינואה,גרמים,400.00,100 גרם,false,1,15.90,0.0398,true,1,314473
7290015395939,false,חטיף יפני  150גרם,דין שיווק,IL,חטיף יפני  150גרם,גרמים,150.00,100 גרם,false,1,14.90,0.0993,true,1,427563
7290015395960,false,בוטן רביולי 150גרם,דין שיווק,IL,בוטן רביולי 150גרם,גרמים,150.00,100 גרם,false,1,14.90,0.0993,true,1,427562
7290015446488,false,אול אין חטיף חלבון ו,,,אול אין חטיף חלבון וסיבים חמאת בוטנים,גרמים,60.00,100 גרם,false,1,13.90,0.2317,true,1,345178
7290015446495,false,אול אין חטיף חלבון ב,,,אול אין חטיף חלבון בטעם שוקולד פאדג100גר,גרמים,100.00,100 גרם,false,1,19.90,0.1990,true,1,345177
7290015446891,false,אול אין קוקי קראנץ 1,הרת'סייד פוד סולושיי,US,אול אין קוקי קראנץ 100 גרם,גרמים,100.00,100 גרם,false,1,18.90,0.1890,true,1,354038
7290015446921,false,חטיף חלבון בטעם קרמל,,,חטיף חלבון בטעם קרמל מלוח- 60 גרם,גרמים,60.00,100 גרם,false,1,13.90,0.2317,true,1,428899
7290015519144,false,מטען קיר לגלקסי פרימ,,,מטען קיר לגלקסי פרימיום 2A,יחידה,1.00,יחידה,false,1,49.90,49.9000,true,1,352003
7290015597937,false,קורנטו קלאסיק,"מיוצר ע""י גלידת שטרא",IL,קורנטו  טילון קלאסי בטעם וניל 70 גרם,גרמים,70.00,100 גרם,false,1,7.90,0.1129,true,1,329061
7290015599016,false,צהובה טבעונית עם זית,המאפיה של הרמן,GR,וגה צהובה טבעונית עם זיתים ירוקים,גרמים,200.00,100 גרם,false,1,23.90,0.1195,true,1,397414
7290015599023,false,צהובה טבעונית בטעם ק,המאפיה של הרמן,GR,צהובה טבעונית בטעם קלאסי,גרמים,200.00,100 גרם,false,1,23.90,0.1195,true,1,397420
7290015599047,false,צהובה טבעונית לגרוד,המאפיה של הרמן,GR,בלוק צהובה טבעונית לגירוד על פיצה,גרמים,200.00,100 גרם,false,1,17.90,0.0895,true,1,397361
7290015599504,false,וגה ממרח בטעם חמאה א,גוד פוד פרודקטס S.p,DK,וגה ממרח בטעם חמאה אורגני 225 גרם,גרמים,225.00,100 גרם,false,1,19.90,0.0884,true,1,419478
7290015634076,false,‎שרדונה‎  ‎אסטייט‎ ‎,עמק האלה,IL,‎שרדונה‎  ‎אסטייט‎ ‎האלה‎ ‎עמק‎,מיליליטרים,750.00,"100 מ""ל",false,1,79.90,0.1065,true,1,430226
7290015634120,false,יין עמק האלה אוורד ל,עמק האלה,IL,"יין עמק האלה אוורד לבן 750 מ""ל",מיליליטרים,750.00,"100 מ""ל",false,1,44.90,0.0599,true,1,329802
7290015634137,false,‎בלאן‎ ‎סוביניון‎ ‎א,עמק האלה,IL,‎בלאן‎ ‎סוביניון‎ ‎אסטייט‎ ‎האלה‎ ‎עמק‎,מיליליטרים,750.00,"100 מ""ל",false,1,79.90,0.1065,true,1,430228
7290015634151,false,‎סוביניון‎ ‎קברנה‎,עמק האלה,IL,‎סוביניון‎ ‎קברנה‎  ‎אסטייט‎  ‎האלה‎ ‎עמ,מיליליטרים,750.00,"100 מ""ל",false,1,79.90,0.1065,true,1,430230
7290015634168,true,‎מרלו‎  ‎אסטייט‎  ‎ה,עמק האלה,IL,‎מרלו‎  ‎אסטייט‎  ‎האלה‎ ‎עמק‎,מיליליטרים,750.00,"100 מ""ל",false,1,79.90,0.1065,true,1,430233
7290015634182,false,יין אוורד קברנה מרלו,עמק האלה,IL,"יין עמק האלה אוורד בלנד 750 מ""ל",מיליליטרים,750.00,"100 מ""ל",false,1,44.90,0.0599,true,1,325567
7290015644297,false,לחמניות פשוט מלא שיש,מאפיית שלמה א. אנג'ל,IL,לחמניות פשוט מלא שישייה 450 גרם,גרמים,450.00,100 גרם,false,1,13.90,0.0309,true,1,430388
7290015652070,false,קשיו קלוי 150 גרם,דין שיווק,IL,קשיו קלוי 150 גרם,גרמים,150.00,100 גרם,false,1,13.90,0.0927,true,1,361576
7290015652087,false,תערובת פיצוחים 150 ג,דין שיווק,IL,תערובת פיצוחים 150 גרם,גרמים,150.00,100 גרם,false,1,14.90,0.0993,true,1,361577
7290015670050,false,טבעוני - גינגר שוקול,מרסי,IL,טבעוני - גינגר שוקולד 250,גרמים,250.00,100 גרם,false,1,32.90,0.1316,true,1,398730
7290015670203,false,מטבעות פיצוחים - ללא,מרסי,IL,מטבעות פיצוחים - ללא קמח225,גרמים,225.00,100 גרם,false,1,32.90,0.1462,true,1,407743
7290015670456,false,רולדה תמרים ואגוזים,מרסי,IL,רולדה תמרים ואגוזים 240,גרמים,240.00,100 גרם,false,1,26.90,0.1121,true,1,417141
7290015670654,false,שוקולדים 240,מרסי,IL,שוקולדים 240,גרמים,240.00,100 גרם,false,1,26.90,0.1121,true,1,421102
7290015670708,false,כעכי שומשום 300,מרסי,IL,כעכי שומשום 300,גרמים,300.00,100 גרם,false,1,26.90,0.0897,true,1,407746
7290015670814,false,עוגת שוקולד בניחוח-ת,מרסי,IL,עוגת שוקולד בניחוח-תפוז 600 גרם,גרמים,600.00,100 גרם,false,1,31.90,0.0532,true,1,432289
7290015670852,false,עוגת תפוחים-אגוזים 6,מרסי,IL,עוגת תפוחים-אגוזים 600 גרם,גרמים,600.00,100 גרם,false,1,31.90,0.0532,true,1,432867
7290015670869,false,עוגת מייפל-אגוזים 60,מרסי,IL,עוגת מייפל-אגוזים 600 גרם,גרמים,600.00,100 גרם,false,1,31.90,0.0532,true,1,432864
7290015670906,false,עוגת וניל ברוטב פירו,מרסי,IL,עוגת וניל ברוטב פירות יער 600 גרם,גרמים,600.00,100 גרם,false,1,31.90,0.0532,true,1,432307
7290015673181,false,בורגר על האש קליפורנ,טבע דלי,IL,בורגר על האש קליפורניה עם ברוקולי 400 גר,גרמים,400.00,100 גרם,false,1,25.90,0.0647,true,1,321678
7290015673198,false,המבורגר טקסס עם פטרי,טבע דלי בעמ,IL,טבע דלי טקסס בורגר עבה עם פטריות 400 גרם,גרמים,400.00,100 גרם,false,1,25.90,0.0647,true,1,321656
7290015673204,false,קבב בולגרי עם פטרוזי,טבע דלי בעמ,IL,קבב בולגרי עם פטרוזיליה 400 גרם,גרמים,400.00,100 גרם,false,1,25.90,0.0647,true,1,321657
7290015673587,false,קריספי נגיסי טופו רו,פרח,IL,קריספי נגיסי טופו רוטב אסייתי350 גרם,גרמים,350.00,100 גרם,false,1,27.90,0.0797,true,1,347490
7290015781008,false,יין ויזאן מרלו,יקב טפרברג 1870,,יין ויזאן מרלו,מיליליטרים,750.00,"100 מ""ל",false,1,39.90,0.0532,true,1,393310
7290015781015,false,ויזאן מלבק,יקב טפרברג 1870,,ויזאן מלבק,מיליליטרים,75000.00,"100 מ""ל",false,1,39.90,0.0005,true,1,393087
7290015781046,false,יין ויזאן לבן חצי יב,יקב טפרברג,,יין ויזאן לבן חצי יבש,מיליליטרים,75000.00,"100 מ""ל",false,1,39.90,0.0005,true,1,394005
7290015781053,false,יין טפרברג וייזן לבן,יקב טפרברג,,"VISION לבן יבש 750 מ""ל",מיליליטרים,750.00,"100 מ""ל",false,1,39.90,0.0532,true,1,398392
7290015781091,false,קברנה סובניון,יקב טפרברג 1870,,קברנה סובניון,מיליליטרים,750.00,"100 מ""ל",false,1,39.90,0.0532,true,1,393088
7290015781114,false,יין מרלו אימפרשן יקב,יקב טפרברג 1870,,"יין מרלו אימפרשן יקב טפרברג 750 מ""ל",מיליליטרים,750.00,"100 מ""ל",false,1,49.90,0.0665,true,1,394011
7290015781121,false,יין ק.סובניון אימפרש,יקב טפרברג,,"יין ק.סובניון אימפרשן יקב טפרברג 750 מ""ל",מיליליטרים,750.00,"100 מ""ל",false,1,49.90,0.0665,true,1,394006
7290015781138,false,יין שרדונה אימפריישן,יקב טפרברג 1870,,"IMPRESSION שרדונה  750 מ""ל.",מיליליטרים,750.00,"100 מ""ל",false,1,49.90,0.0665,true,1,430033
7290015781145,false,IMPRESSION  ריזלינג-,יקב טפרברג,,IMPRESSION  ריזלינג- יין לבן בציר מאוחר,מיליליטרים,750.00,"100 מ""ל",false,1,49.90,0.0665,true,1,430036
7290015781169,false,אימפרשיין קברנה סובנ,יקב טפרברג 1870,,אימפרשיין קברנה סובניון,מיליליטרים,750.00,"100 מ""ל",false,1,49.90,0.0665,true,1,393085
7290015781220,false,INSPIRE DESTITAGE  ו,יקב טפרברג 1870,,INSPIRE DESTITAGE  ויונייה סוביניון בלא,מיליליטרים,750.00,"100 מ""ל",false,1,79.90,0.1065,true,1,395059
7290015781237,false,טפרברג דסטיטאז,יקב טפרברג,IL,INSPIRE FEMITAGE דבוקי גוורצטרמינר  750,מיליליטרים,750.00,"100 מ""ל",false,1,79.90,0.1065,true,1,407782
7290015781282,false,גוורצטרימינר אימפריי,יקב טפרברג 1870,,"IMPRESSION גוורצטרמינר 750 מ""ל",מיליליטרים,750.00,"100 מ""ל",false,1,49.90,0.0665,true,1,393084
7290015781299,false,יין שיראז אדום טפמבר,יקב טפרברג 1870,,יין שיראז אדום טפמברג,מיליליטרים,750.00,"100 מ""ל",false,1,39.90,0.0532,true,1,399003
7290015781305,false,יין IMPRESSUON סירה,יקב טפרברג 1870,,"IMPRESSION סירה 750 מ""ל",מיליליטרים,750.00,"100 מ""ל",false,1,49.90,0.0665,true,1,397808
7290015848992,false,אולטרסול פנים ילדים,הדקלאים אגודת שיתופי,IL,אולטרסול קרם פנים ילדים 75/50,לא מנהל יחידת מידה,0.00,לא מנהל יחידת מידה,false,1,32.90,0.0000,true,1,322296
7290015856706,false,חטיף אפונה אפויה טבע,אפיפית נצרת (1971) ב,IL,חטיף אפונה בטעם טבעי,גרמים,50.00,100 גרם,false,1,5.90,0.1180,true,1,355575
7290015856713,false,חטיף אפונה אפויה עם,אפיפית נצרת (1971) ב,IL,חטיף אפונה בטעם טבעי,גרמים,50.00,100 גרם,false,1,5.90,0.1180,true,1,424100
7290015856720,false,חטיף אפונה אפויה עם,אפיפית נצרת (1971) ב,IL,חטיף אפונה בטעם זעתר,גרמים,50.00,100 גרם,false,1,5.90,0.1180,true,1,355577
7290015856737,false,חטיף אפונה אפויה עם,אפיפית נצרת (1971) ב,IL,חטיף אפונה בטעם פלפל שחור,גרמים,50.00,100 גרם,false,1,5.90,0.1180,true,1,424101
7290015858106,false,ממרח פסטו ביתי 180 ג,"מדשא תעשיות מזון בע""",IL,עללחם פסטו ביתי 100 גרם,גרמים,180.00,100 גרם,false,1,19.90,0.1106,true,1,328255
7290015858229,false,טפנד זיתי קלמטה 180ג,רוג'ר אנד רוג'ר,IL,עללחם טפנד זיתי קלמטה 180 גרם,גרמים,180.00,100 גרם,false,1,19.90,0.1106,true,1,335071
7290015865692,false,תענוג פרי תות שדה ע,ענבי ציון,IL,תענוג פרי תות שדה ענבי ציון  400 גרם,גרמים,400.00,100 גרם,false,1,17.90,0.0447,true,1,436017
7290015865708,false,תענוג פרי אוכמניות,ענבי ציון,IL,תענוג פרי אוכמניות ענבי ציון  400 גרם,גרמים,400.00,100 גרם,false,1,17.90,0.0447,true,1,436018
7290015865715,false,תענוג פרי פירות יער,ענבי ציון,IL,תענוג פרי פירות יער ענבי ציון  400 גרם,גרמים,400.00,100 גרם,false,1,17.90,0.0447,true,1,436019
7290015946001,false,מאסטר ספירולינה אורג,אשבל,IL,מאסטר ספירולינה אורגנית הזהב הירוק קפואה,לא מנהל יחידת מידה,2.50,לא מנהל יחידת מידה,false,1,59.00,23.6000,true,1,426735
7290015951227,false,יין גמלא סירה 750 מל,יקבי רמת הגולן,IL,יין גמלא סירה 750 מל,מיליליטרים,750.00,"100 מ""ל",false,1,64.90,0.0865,true,1,357554
7290015951456,false,יין פטי ורדו  750 מל,יקב רמת הגולן,IL,יין פטי ורדו  750 מל,מיליליטרים,750.00,"100 מ""ל",false,1,129.00,0.1720,true,1,429974
7290015951616,false,יין גמלא סנגובזה 750,יקב הרי גליל,,"יין גמלא סנגובזה 750 מ""ל",מיליליטרים,750.00,"100 מ""ל",false,1,60.00,0.0800,true,1,429964
7290015951869,false,יין הר חרמון רוזה 75,מיוצר וממולא על ידי,IL,הר חרמון רוזה,מיליליטרים,750.00,"100 מ""ל",false,1,32.90,0.0439,true,1,339885
7290015951890,false,יין הר חרמון קברנה ס,יקב רמת הגולן,IL,"יין הר חרמון קברנה סובניון 750 מ""ל",מיליליטרים,750.00,"100 מ""ל",false,1,32.90,0.0439,true,1,344676
7290015968089,false,צלחות פלסטיק עבות במ,F.T.I,,צלחות פלסטיק עבות במיוחד 25 יחידות 17 סמ,לא מנהל יחידת מידה,0.00,לא מנהל יחידת מידה,false,1,8.90,0.0000,true,1,326875
7290015968201,false,כוסות נייר 50 יח לשת,,,כוסות נייר 50 יח לשתיה חמה קרה 310 מל,יחידה,1.00,יחידה,false,1,19.90,19.9000,true,1,420633
7290015968218,false,כוסות נייר 50 יח לשת,,,כוסות נייר 50 יח לשתיה חמה קרה 370 מל,יחידה,1.00,יחידה,false,1,25.90,25.9000,true,1,420634
7290015968454,false,צלחות פלסטיק גדולות,"אינסטנטה בע""מ",GR,הוסטס צלחות גדולות עבות במיוחד 1קג,לא מנהל יחידת מידה,0.00,לא מנהל יחידת מידה,false,1,49.90,0.0000,true,1,326869
7290015968461,false,כוסות פלסטיק משובחות,F.T.I,,"כוסות פלסטיק משובחות 330 מ""ל 40 יחי",לא מנהל יחידת מידה,0.00,לא מנהל יחידת מידה,false,1,9.90,0.0000,true,1,430390
7290015968508,false,"כוסות 180 מ""ל פלסטיק",,TR,"כוסות 180 מ""ל פלסטיק לשתיה קרה",יחידה,1.00,יחידה,false,1,8.90,8.9000,true,1,353971
7290015968713,false,צלחת קריסטל מעוטרת ב,J.E&W.Inc,,צלחת קריסטל מעוטרת בינונית 10 יח,לא מנהל יחידת מידה,0.00,לא מנהל יחידת מידה,false,1,14.90,0.0000,true,1,327387
7290015968720,false,צלחת קריסטל מעוטרת ג,J.E&W.Inc,,צלחת קריסטל מעוטרת גדולה 10 יח,לא מנהל יחידת מידה,0.00,לא מנהל יחידת מידה,false,1,25.90,0.0000,true,1,327388
7290016006025,false,סודה שוופס בקבוק 500,יפאורה תבורי בעמ,IL,שוופס מי סודה 0.5 ליטר,מיליליטרים,500.00,"100 מ""ל",false,1,3.90,0.0078,true,1,325372
7290016006292,true,קר ספרינג מנגו בננה,"יפאורה תבורי בע""מ",IL,ספרינג קרטוניות מנגו בננה מלון 1 ל',Unknown,0.00,Unknown,false,1,8.60,0.0000,true,1,407850
7290016006322,false,מי עדן בקבוק 1 ליטר,מופק ממקור בזלתי עדן,IL,מי עדן בקבוק 1 ליטר,ליטרים,1.00,ליטר,false,1,5.90,5.9000,true,1,325282
7290016077759,true,רוטב ברביקיו קלאסי,,NL,היינץ רוטב ברביקיו קלאסי 480 גרם,יחידה,1.00,יחידה,false,1,17.90,17.9000,true,1,349997
7290016077766,false,שעועית לבנה אפויה בר,הייבורי קנקו,CA,היינץ שעועית אפויה 453 גרם,גרמים,410.00,100 גרם,false,1,10.90,0.0266,true,1,328269
7290016080551,true,מתבל עגבניות אורגני,ה.י.היינץ,NL,היינץ מתבל עגבניות אורגני 580 גרם,Unknown,0.00,Unknown,false,1,17.90,0.0000,true,1,407874
7290016094008,false,אולטרסול קרם פנים 50,הדקלאים אגודת שיתופי,IL,אולטרסול מבוגרים קוליפה קרם פנים 50 SPF 75 מל,לא מנהל יחידת מידה,0.00,לא מנהל יחידת מידה,false,1,32.90,0.0000,true,1,321476
7290016094039,false,אולטרסול 50/200 200,הדקלאים אגודת שיתופי,IL,ספריי שקוף לילדים 50 SPF,מיליליטרים,200.00,"100 מ""ל",false,1,44.90,0.2245,true,1,325649
7290016094817,false,אולטרסול ספריי שמן ג,הדקלאים אגודת שיתופי,IL,"ספריי שמן, שמן גזר",מיליליטרים,200.00,"100 מ""ל",false,1,39.90,0.1995,true,1,325475
7290016144000,false,קמח חיטה 80 נפלאות 1,קמח מלכים,IL,"קמח חיטה 80 נפלאות 1 ק""ג",קילוגרמים,1.00,"ק""ג",false,1,8.90,8.9000,true,1,428390
7290016144017,false,קמח חיטה 100 נפלאות,קמח מלכים,IL,"קמח חיטה 100 נפלאות 1 ק""ג",קילוגרמים,1.00,"ק""ג",false,1,8.90,8.9000,true,1,428391
7290016144024,false,קמח נפלאות כוסמין 10,,,"קמח נפלאות כוסמין 100%  1 ק""ג",קילוגרמים,1.00,"ק""ג",false,1,14.90,14.9000,true,1,427242
7290016144048,false,קמח נפלאות כוסמין לב,,,"קמח נפלאות כוסמין לבן  1 ק""ג",קילוגרמים,1.00,"ק""ג",false,1,16.90,16.9000,true,1,427243
7290016146066,false,מחית 100% תמרים 500,"אלמנדוס בע""מ",IL,מחית 100% תמרים 500 גרם,גרמים,500.00,100 גרם,false,1,14.90,0.0298,true,1,429037
7290016146110,true,סירופ חרובים לחיץ 50,שקד תבור,IL,סירופ חרובים לחיץ 500 גרם שקד תבור,גרמים,500.00,100 גרם,false,1,22.90,0.0458,true,1,418929
7290016146141,true,סירופ מייפל 100% אור,שקד תבור,CA,סירופ מייפל 100% אורגני 330 שקד תבור,גרמים,330.00,100 גרם,false,1,29.90,0.0906,true,1,415965
7290016146400,true,שוקולד תבור 60%    1,שקד תבור,IL,שוקולד תבור 60%    100 גרם,Unknown,0.00,Unknown,false,1,15.90,0.0000,true,1,418934
7290016146424,true,שוקולד תבור 100%BIO,שקד תבור,IL,שוקולד תבור 100%BIO 100גרם,Unknown,0.00,Unknown,false,1,15.90,0.0000,true,1,432667
7290016146431,true,שוקולד תבור 72% 100ג,שקד תבור,IL,שוקולד תבור 72% 100גרם,Unknown,0.00,Unknown,false,1,15.90,0.0000,true,1,418936
7290016146448,true,שוקולד תבור 85%  100,שקד תבור,IL,שוקולד תבור 85%  100גרם,גרמים,100.00,100 גרם,false,1,15.90,0.1590,true,1,418937
7290016146455,true,שוקולד תבור 100% BIO,שקד תבור,IL,שוקולד תבור 100% BIO100גרם,Unknown,0.00,Unknown,false,1,15.90,0.0000,true,1,418938
7290016146462,true,שוקולד תבור BIO88%,שקד תבור,IL,שוקולד תבור BIO88%     100גרם,Unknown,0.00,Unknown,false,1,15.90,0.0000,true,1,418939
7290016146509,true,גרנולה עשירה 500,שקד תבור,IL,גרנולה עשירה 500גרם,גרמים,500.00,100 גרם,false,1,20.90,0.0418,true,1,407892
7290016146523,true,גרנולת הבית 500,שקד תבור,IL,גרנולת הבית 500 גרם,גרמים,500.00,100 גרם,false,1,18.90,0.0378,true,1,418941
7290016197488,false,מטלית קסם לשיש מארז,יוניליוור גרמניה  Gm,CN,מטליות מיקרופייבר משטחים,לא מנהל יחידת מידה,0.00,לא מנהל יחידת מידה,false,1,15.90,0.0000,true,1,322649
7290016197495,false,מטליות מיקרופייבר לר,יוניליוור גרמניה  Gm,CN,מטליות מיקרופייבר רצפה,לא מנהל יחידת מידה,0.00,לא מנהל יחידת מידה,false,1,21.90,0.0000,true,1,322650
7290016197839,false,זוג שקיות אשפה ניקול,אשפלסט תעשיות בעמ,IL,זוג שקיות אשפה ניקול,לא מנהל יחידת מידה,0.00,לא מנהל יחידת מידה,false,1,24.90,0.0000,true,1,327634
7290016230888,false,סוללה 3V 5 יחידות,,,סוללה 3V 5 יחידות,יחידה,1.00,יחידה,false,1,19.90,19.9000,true,1,339389
7290016245608,false,"לחם משפחתי שחור1.2ק""",,,"לחם משפחתי שחור 1.2 ק""ג",קילוגרמים,1.20,"ק""ג",false,1,20.90,17.4167,true,1,421981
7290016245615,false,לחם שיפון 100% עם אג,מאפיית טעמי הכפר 201,,לחם שיפון 100% עם אגוזים מצופה גרעינים,גרמים,900.00,100 גרם,false,1,20.90,0.0232,true,1,386977
7290016245653,false,לחם שיפון מלא חצי קס,מאפיית טעמי הכפר 201,,לחם שיפון מלא חצי קסטן,גרמים,600.00,100 גרם,false,1,18.90,0.0315,true,1,311568
7290016245844,false,לחם כפרי עם סובין 60,"מאפיית רנטה בע""מ",,לחם כפרי עם סובין 600 גרם,גרמים,600.00,100 גרם,false,1,18.90,0.0315,true,1,402390
7290016246018,false,פינוקיות חלבה בארכה,רושדי תעשיות מזון בע,IL,פינוקיות חלבה בארכה מיקס 10*200גרם,גרמים,200.00,100 גרם,false,1,13.90,0.0695,true,1,335188
7290016246292,false,בארכה מארז חטיף חלבה,רושדי תעשיות מזון בע,IL,בארכה בקטנה חטיף חלבה וניל לוז 12 7*18ג,גרמים,126.00,100 גרם,false,1,13.90,0.1103,true,1,430041
7290016246308,false,מארז חטיף חלבה בארכה,רושדי תעשיות מזון בע,IL,בארכה בקטנה חטיף חלבה וניל קוקוס12 7*18ג,גרמים,126.00,100 גרם,false,1,13.90,0.1103,true,1,327705
7290016246773,false,בארכה טחינה גולמית מ,רושדי תעשיות מזון בע,IL,בארכה טחינה גולמית מעודנת זעתר310גרם,גרמים,310.00,100 גרם,false,1,13.90,0.0448,true,1,357787
7290016270709,false,שרי קלמר ארוז יח,חקלאי,IL,שרי קלמר ארוז יח,גרמים,460.00,100 גרם,false,1,9.90,0.0215,true,1,323907
7290016277647,false,בננה מסוכרת 250 גרם,דין שיווק,IL,בננה מסוכרת 250 גרם,גרמים,250.00,100 גרם,false,1,9.90,0.0396,true,1,428147
7290016277654,false,פיסטוק קלוף טבעי 150,דין שיווק,IL,פיסטוק קלוף טבעי 150 גרם,גרמים,150.00,100 גרם,false,1,39.80,0.2653,true,1,428146
7290016321661,false,פרש וואנס מגבונים סנ,עלבד משואות יצחק,IL,פרש וואנס רביעייה סנסטיב SENSITIVE קייר,לא מנהל יחידת מידה,0.00,לא מנהל יחידת מידה,false,4,18.90,0.0000,true,1,420332
7290016321678,false,מגבונים פרש וואנס רב,עלבד משואות יצחק,IL,פרש וואנס רביעייה נטורל NATURAL קייר,לא מנהל יחידת מידה,0.00,לא מנהל יחידת מידה,false,4,18.90,0.0000,true,1,349270
7290016321883,false,פרשואנס נייר טואלט מ,עלבד משואות יצחק,IL,פרשוואנס נייר טואלט מתכלה לילדים -מארז שלישייה,יחידה,1.00,יחידה,false,1,15.90,15.9000,true,1,349881
7290016321890,false,פרשואנס נייר טואלט מ,עלבד משואות יצחק,IL,פרשוואנס נייר טואלט מתכלה לילדים -מארז שלישייה,יחידה,1.00,יחידה,false,1,15.90,15.9000,true,1,349880
7290016372342,true,עגבניות קוביות שלישי,"אמיליאנה קונסרב, ס.פ",IT,בלה איטליה עגבניות חתוכות לקוביות במיץ 1.2 קג,Unknown,0.00,Unknown,false,1,16.90,0.0000,true,1,408041
7290016372373,true,רסק עגבניות בלה איטל,"אמיליאנה קונסרב, ס.פ",IT,בלה איטליה רסק עגבניות 280 גרם,גרמים,280.00,100 גרם,false,1,7.90,0.0282,true,1,335314
7290016372489,false,חליטת תה גינגר ולימו,ויסוצקי,IL,"ג'ינג'ר ולימון- ""האפקט הג'ינג'ר""",גרמים,30.00,100 גרם,false,1,19.90,0.6633,true,1,430040
7290016372496,false,חליטת תה גינגר ודבש,ויסוצקי,IL,"ג'ינג'ר ודבש- ""אפקט הג'ינג'ר""",גרמים,30.00,100 גרם,false,1,19.90,0.6633,true,1,327694
7290016408119,false,טרליני כעכים בטעם קל,אפוליה,IL,"טרליני פניני, מיני כעכים בטעם קלאסי 225 גרם",גרמים,225.00,100 גרם,false,1,8.90,0.0396,true,1,397260
7290016408133,false,טרליני כעכים בטעם בצ,אפוליה,IL,"טרליני פניני, מיני כעכים בתוספת בצל וזיתים 225 גרם",גרמים,225.00,100 גרם,false,1,8.90,0.0396,true,1,397261
7290016408157,false,טרליני כעכים בטעם קמ,אפוליה,IL,"טרליני פניני, מיני כעכים עם קמח מלא 225 גרם",גרמים,225.00,100 גרם,false,1,8.90,0.0396,true,1,397226
7290016408294,false,מרשמלו ורוד לבן 150,מנדלז סי.אר. פרודקשן,IL,"מרשמלו ורוד לבן וסטהיים 150 ג', 26 בקרטון",גרמים,150.00,100 גרם,false,1,5.90,0.0393,true,1,398598
7290016408430,false,חטיף קרקר עם תערובת,תות תעשיות מזון (201,LT,קרקר דגנים עם קמח שיפון מלא ותערובת תבינים 130 גרם,גרמים,130.00,100 גרם,false,1,6.90,0.0531,true,1,430037
7290016505009,false,שוקולד פנדה  טבעי קר,"מדשא תעשיות מזון בע""",IL,שוקולד פנדה  טבעי קרם בוטנים 100 גרם,גרמים,100.00,100 גרם,false,1,20.90,0.2090,true,1,344783
7290016505016,false,שוקולד פנדה  טבעי קל,"מדשא תעשיות מזון בע""",IL,שוקולד פנדה  טבעי קלאסי  100 גרם,גרמים,100.00,100 גרם,false,1,20.90,0.2090,true,1,344786
7290016505023,false,שוקולד פנדה  טבעי נו,"מדשא תעשיות מזון בע""",IL,שוקולד פנדה  טבעי נוגט 100 גרם,גרמים,100.00,100 גרם,false,1,20.90,0.2090,true,1,344784
7290016505047,false,שוקולד פנדה  טבעי קר,"מדשא תעשיות מזון בע""",IL,שוקולד פנדה  טבעי קרמלח 100 גרם,גרמים,100.00,100 גרם,false,1,20.90,0.2090,true,1,344785
7290016509786,true,פרסיל גל ירוק 2.5 לי,"הנקל סוד בע""מ",IL,ג'ל מרוכז לכביסה במכונה - לבנה וצבעונית,ליטרים,2.50,ליטר,false,1,34.90,13.9600,true,1,345088
7290016545005,false,בירה בירבזאר דודה של,מבשלת הארץ (בירבזאר),IL,"בירה בירבזאר דודה שלך בקבוק 330 מ""ל",מיליליטרים,330.00,"100 מ""ל",false,1,15.90,0.0482,true,1,428401
7290016545012,false,בירה בירבזאר חתול שמ,מבשלת הארץ (בירבזאר),IL,"בירה בירבזאר חתול שמן בקבוק 330 מ""ל",מיליליטרים,330.00,"100 מ""ל",false,1,15.90,0.0482,true,1,428397
7290016545029,false,בירה בירבזאר בינדי ב,מבשלת הארץ (בירבזאר),IL,"בירה בירבזאר בינדי בקבוק 330 מ""ל",מיליליטרים,330.00,"100 מ""ל",false,1,15.90,0.0482,true,1,428400
7290016545067,false,בירה בירבזאר וויטני,מבשלת הארץ (בירבזאר),IL,"בירה בירבזאר וויטני בקבוק 330 מ""ל",מיליליטרים,330.00,"100 מ""ל",false,1,15.90,0.0482,true,1,428395
7290016564006,true,מבריקל הפלא 3 יח,מבריקל,CN,מבריקל הפלא 3 יח,יחידה,3.00,יחידה,false,1,9.90,3.3000,true,1,435931
7290016564266,false,כיסוי הפלא 30 יח,מבריקל,CN,כיסוי הפלא 30 יח,יחידה,30.00,יחידה,false,1,9.90,0.3300,true,1,435935
7290016567007,false,אסאי ריבאר      100ג,בלהאיסה,BR,מחית אסאי ריבר 100גרם,גרמים,100.00,100 גרם,false,1,10.90,0.1090,true,1,400420
7290016584004,false,חטיפוני גזר 130 גרם,חקלאי,IL,חטיפוני גזר 130 גרם,גרמים,130.00,100 גרם,false,1,12.90,0.0992,true,1,322837
7290016584219,false,שעועית טרייה בשקית,חקלאי,IL,שעועית ירוקה שלמה טרייה בשקית,גרמים,600.00,100 גרם,false,1,19.90,0.0332,true,1,356472
7290016607772,false,יין רוזה גליל דלתון,"איי, בי, אינבוו",IL,דלתון יין גליל רוזה יבש 2020 12.5% כהל 750 מל,מיליליטרים,750.00,"100 מ""ל",false,1,64.90,0.0865,true,1,356578
7290016663174,false,עוגיות גרעינים בוטני,מורנינג פוד,IL,עוגיות גרעינים בוטנים חמוציות 200 גר,גרמים,200.00,100 גרם,false,1,22.90,0.1145,true,1,429898
7290016663297,false,עוגיות גרעינים חמוצי,מורנינג פוד,IL,עוגיות גרעינים חמוציות שוקולד 200 גר -פסח,גרמים,200.00,100 גרם,false,1,22.90,0.1145,true,1,429899
7290016663426,false,עוגיות שומשום שוקולד,מורנינג פוד,IL,עוגיות שומשום שוקולד 200 גר - פסח,גרמים,200.00,100 גרם,false,1,22.90,0.1145,true,1,429900
7290016682038,false,מיץ תפוזים פריניב 40,פריניב,IL,"מיץ תפוזים פריניב 400 מ""ל",מיליליטרים,400.00,"100 מ""ל",false,1,8.50,0.0213,true,1,432059
7290016682199,false,שייק תות בננה מופחת,הנסיך- מפעל לייצור ט,IL,שייק תות בננה מופחת סוכר 1 ליטר,ליטרים,1.00,ליטר,false,1,17.50,17.5000,true,1,430363
7290016682243,false,מיץ אשכולית אדומה 1,פריניב,IL,מיץ אשכולית אדומה 1 ליטר סחוט 100%,ליטרים,1.00,ליטר,false,1,17.50,17.5000,true,1,430397
7290016682335,false,מיץ תפוזים פריניב 2,פריניב,IL,מיץ תפוזים פריניב 2 ליטר,ליטרים,2.00,ליטר,false,1,21.50,10.7500,true,1,428435
7290016682342,false,תפוז וולנסיה סחוט 10,פריניב,IL,תפוז וולנסיה סחוט 100% 2 ליטר,ליטרים,2.00,ליטר,false,1,29.90,14.9500,true,1,428436
7290016682359,false,תפוז שמוטי סחוט 100%,פריניב,IL,תפוז שמוטי סחוט 100% 2 ליטר,ליטרים,2.00,ליטר,false,1,29.90,14.9500,true,1,428437
7290016682380,false,מיץ לימונדה לואיזה ו,פריניב,IL,מיץ לימונדה לואיזה ולימון פריניב 2 ליטר,ליטרים,2.00,ליטר,false,1,21.50,10.7500,true,1,428439
7290016682397,false,מיץ חמוציות  2 ליטר,פריניב,IL,מיץ חמוציות  2 ליטר,ליטרים,2.00,ליטר,false,1,21.50,10.7500,true,1,428440
7290016717099,false,יין סלקטד אדום חצי י,"כד בני דרום בע""מ",IL,כרמל סלקטד אדום חצי יבש 2018 750 מל,מיליליטרים,750.00,"100 מ""ל",false,1,29.90,0.0399,true,1,329364
7290016717631,false,יין מוסקטו P.C,אגודת הכורמים הקואופ,IL,יקבי כרמל פרייבט קולקשן מוסקטו 2017 750 מל,מיליליטרים,750.00,"100 מ""ל",false,1,39.90,0.0532,true,1,344609
7290016967074,false,לחם אנגל חיטה מלאה 7,"איטיליאן פוד, אס.פי.",IL,לחם אנגל חיטה מלאה 750 גרם,גרמים,750.00,100 גרם,false,1,14.90,0.0199,true,1,324801
7290016995220,true,דבש אורגני,חקלאות עין חרוד מאוח,AR,דבש אורגני,לא מנהל יחידת מידה,0.00,לא מנהל יחידת מידה,false,1,38.90,0.0000,true,1,408156
7290016995251,false,מלחיה הימליה דק תבוא,תבואות,PK,מלחיה הימליה דק,ליטרים,250.00,ליטר,false,1,10.90,0.0436,true,1,401850
7290016995503,false,חמאת בוטנים קראנצי א,ריזאו שנגקנג,CN,חמאת בוטנים קראנצי אורגנית תבואות510 גר,גרמים,510.00,100 גרם,false,1,19.90,0.0390,true,1,424434
7290016995510,false,חמאת בוטנים אורגנית,ריזאו שנגקנג,CN,חמאת בוטנים אורגנית חלקה 510 גרם,גרמים,510.00,100 גרם,false,1,19.90,0.0390,true,1,424435
7290016995657,false,מלפפון במלח אורגני,פולאן פולסקו,PL,מלפפון במלח אורגני  תבואות 670 גר,גרמים,670.00,100 גרם,false,1,15.90,0.0237,true,1,433610
7290016995800,false,זיתים שחור קלמטה אור,תבואות,IL,זיתים שחור קלמטה אורגני  תבואות370גר,גרמים,370.00,100 גרם,false,1,15.90,0.0430,true,1,424438
7290016995848,false,שום כתוש אורגני 185,תבואות,CN,שום כתוש אורגני 185 תבואות 185 גרם,גרמים,185.00,100 גרם,false,1,15.90,0.0859,true,1,433340
7290016995855,false,גינגר כתוש אורגני תב,תבואות,CN,גינגר כתוש אורגני תבואות  185 גרם,גרמים,185.00,100 גרם,false,1,15.90,0.0859,true,1,433341
7290016995886,false,פלפל צילי כתוש אורגנ,תבואות,CN,פלפל צילי כתוש אורגני 185 תבואות  גרם,גרמים,185.00,100 גרם,false,1,15.90,0.0859,true,1,433342
7290016995992,false,סודה לשתיה ללא אלומי,תבואות,IL,סודה לשתיה ללא אלומיניום 700תבואות גר,גרמים,700.00,100 גרם,false,1,19.90,0.0284,true,1,424445
7290017023878,false,שוופס סודה נענע ליים,יפאורה תבורי בעמ,IL,שוופס סודה בטעם נענע ליים 250 מל רביעיה,ליטרים,1.00,ליטר,false,1,14.60,14.6000,true,1,419196
7290017065007,false,גבינה מוצרלה פרוסה ג,מחלבות גד בעמ,IL,גבינה מוצרלה פרוסה גד 150 גרם,גרמים,150.00,100 גרם,false,1,17.50,0.1167,true,1,325978
7290017065137,false,גבינה ריקוטה למריחה,מחלבות גד (שיווק 199,IL,גד ריקוטה למריחה 5% שומן 200 גרם,גרמים,200.00,100 גרם,false,1,9.90,0.0495,true,1,328327
7290017065144,false,גבינה ריקוטה למריחה,מחלבות גד (שיווק 199,IL,"גד ריקוטה למריחה, בזיליקום 5% שומן 200 גרם",גרמים,200.00,100 גרם,false,1,9.90,0.0495,true,1,328329
7290017065168,false,גבינה כחולה גד 100 ג,St Clemens,DK,גבינה כחולה 30% שומן,גרמים,100.00,100 גרם,false,1,17.50,0.1750,true,1,329553
7290017065212,false,גבינת  קרם מסקרפונה,מיוצר עי קוד יצרן ED,IL,קרם מסקרפונה 38%,גרמים,250.00,100 גרם,false,1,20.90,0.0836,true,1,329785
7290017065236,false,גבינה בולגרית מעודנת,"מחלבות גד בע""מ",IL,בולגרית מעודנת 24%,גרמים,250.00,100 גרם,false,1,24.90,0.0996,true,1,329566
7290017065311,false,גבינת מוצרלה מעושנת,מחלבות גד בעמ,IL,גבינת מוצרלה מעושנת פרוסות 200 גרם,גרמים,200.00,100 גרם,false,1,17.90,0.0895,true,1,329568
7290017065380,false,גרנה פדנו שבבים 100,מחלבת גד,IT,גד גרנה פדנו שבבי גבינה איטלקית קשה 29% שומן,גרמים,100.00,100 גרם,false,1,14.90,0.1490,true,1,348328
7290017065434,false,פרוסות גאודה הולנדית,מחלבות גד בעמ,NL,גד פרוסות פרוסות גאודה בקר 200 גרם,גרמים,200.00,100 גרם,false,1,19.90,0.0995,true,1,348593
7290017065441,false,פרוסות גאודה עיזים ה,מחלבות גד,NL,פרוסות גאודה עיזים 200 גרם,גרמים,200.00,100 גרם,false,1,31.90,0.1595,true,1,348594
7290017065526,false,קוואטרו פורמאגי 300ג,מחלבות גד בעמ,IL,גד קוואטרו פורמאג'י  300 גרם,גרמים,300.00,100 גרם,false,1,27.90,0.0930,true,1,348601
7290017065649,false,קרם פטיסייר מחלבות ג,מיוצר עי קוד יצרן ED,IL,קרם מסקרפונה 38%,גרמים,250.00,100 גרם,false,1,19.90,0.0796,true,1,354130
7290017065663,false,פטה עיזים מעודנת 16%,מיוצר על ידי DSH עבו,IL,גד בולגרית עיזים מעודנת 16% שומן,גרמים,250.00,100 גרם,false,1,30.90,0.1236,true,1,356546
7290017065731,false,גבינת שמנת עם כמהין,מחלבות גד,IL,"גד, גבינת שמנת בטעם טבעי 30% , 200 גרם",גרמים,200.00,100 גרם,false,1,14.90,0.0745,true,1,359734
7290017065762,false,גבינה בסגנון יווני מ,מחלבות גד,IL,מאנורי גבינה בסגנון יווני לצלייה 30% שומן,גרמים,100.00,100 גרם,false,1,13.90,0.1390,true,1,429056
7290017065786,false,גבינת צדר גד 210 גרם,מחלבות גד,IL,צ'דר - גבינה אנגלית קשה מחלב בקר 35% שומן 200 גרם,גרמים,210.00,100 גרם,false,1,20.90,0.0995,true,1,427845
7290017065847,false,מוס מסקרפונה ושוקולד,מחלבות גד,IL,מוס מסקרפונה ושוקולד גד 250גרם,גרמים,250.00,100 גרם,false,1,20.90,0.0836,true,1,429873
7290017105468,false,שלישיית אפונה קטן -,קשקמט קונסרב הונגריה,HU,יכין אפונת גינה עדינה 200*3,גרמים,50.00,100 גרם,false,1,13.90,0.2780,true,1,422659
7290017106069,false,סלק קוביות 2A יכין 5,זנלכל,IL,סלק קוביות 2A יכין 550גרם,גרמים,550.00,100 גרם,false,1,8.90,0.0162,true,1,353605
7290017121086,false,אריסה מתוקה   עללחם,"מדשא תעשיות מזון בע""",IL,אריסה מתוקה   עללחם 250גרם,גרמים,250.00,100 גרם,false,1,14.90,0.0596,true,1,428975
7290017140254,true,קמח כוסמת ירוקה,מנדלז סי.אר. פרודקשן,IL,קמח כוסמת ירוקה,Unknown,0.00,Unknown,false,1,13.90,0.0000,true,1,408181
7290017142159,false,מארז שלישייה טונה בה,יוניקורד ח.צ בעמ,TH,נתחי טונה בהירה בשמן זית 80*3 גרם,גרמים,240.00,100 גרם,false,1,22.90,0.0954,true,1,339339
7290017142166,false,פילה טונה פרוס שמן ז,יוניקורד ח.צ בעמ,TH,פילה טונה פרוס שמן זית עץ הזית 120גרם,גרמים,120.00,100 גרם,false,1,14.90,0.1242,true,1,430366
7290017142401,false,ארוחה אישית קינואה ל,יוניקורד בעמ,TH,קינואה לבנה ואדומה עם טונה 160 גרם,גרמים,160.00,100 גרם,false,1,13.90,0.0869,true,1,358189
7290017142418,false,ארוחה אישית אורז עדש,יוניקורד ח.צ בעמ,TH,אורז ועדשים עם טונה בשמן זית,גרמים,160.00,100 גרם,false,1,13.90,0.0869,true,1,358190
7290017189130,false,WOOPSפנקייקים אמריקא,מנדלז סי.אר. פרודקשן,BE,WOOPS פנקייקים אמריקאים קפואים 500 גרם,גרמים,240.00,100 גרם,false,1,19.90,0.0829,true,1,428371
7290017189253,false,WOOPSקרפ אפוי קפוא 6,מנדלז סי.אר. פרודקשן,BE,WOOPSקרפ אפוי קפוא 600 גרם,גרמים,600.00,100 גרם,false,1,21.90,0.0365,true,1,420098
7290017266053,false,ופל קראנצ מילוי טעם,גילרו,IL,"ופל קראנצ מילוי טעם לימון לת""ס 175 גרם עלמה",גרמים,175.00,100 גרם,false,1,7.50,0.0429,true,1,421352
7290017266060,false,"וופלים קראנצ לל""ס בט",עלמה,,"וופלים קראנצ לל""ס בטעם שוקולד עלמה 175 ג",גרמים,175.00,100 גרם,false,1,6.90,0.0394,true,1,328962
7290017289779,false,INSPIRE DEVOTAGE מלב,יקב טפרברג,IL,"INSPIRE DEVOTAGE מלבק מרסלן 750 מ""ל",מיליליטרים,750.00,"100 מ""ל",false,1,79.90,0.1065,true,1,426885
7290017291338,false,שום סולו 200 גרם,חקלאי,,שום סולו 200 גרם,גרמים,200.00,100 גרם,false,1,12.90,0.0645,true,1,427748
7290017304885,true,לחם שיפון מלא  750 ג,"איטיליאן פוד, אס.פי.",IL,לחם שיפון מלא  750 גרם,גרמים,750.00,100 גרם,false,1,15.90,0.0212,true,1,349416
7290017325798,false,קוואקר אורגני 500 גר,אול אורגני,IL,קוואקר אורגני 500 גרם  הרדוף ללא גלוטן,גרמים,500.00,100 גרם,false,1,17.90,0.0358,true,1,429095
7290017325859,false,דפי אורז מלא אורגני,"בטר אנד דיפרנט בע""מ",VN,דפי אורז מלא אורגני 200 גרם הרדוף ללא גלוטן,גרמים,200.00,100 גרם,false,1,19.90,0.0995,true,1,429608
7290017325866,false,דפי אורז לבן אורגני,"בטר אנד דיפרנט בע""מ",VN,דפי אורז לבן אורגני 200 גרם הרדוף ללג,גרמים,200.00,100 גרם,false,1,19.90,0.0995,true,1,429607
7290017334448,false,שמן קנולה מזוכך OLEO,א.ד.מ . אנטוורפן,BE,שמן קנולה מזוכך OLEO 1   ליטר,ליטרים,1.00,ליטר,false,1,11.90,11.9000,true,1,358215
7290017334455,false,"אורז פרסי  זיפר 1ק""ג",,TH,"אורז פרסי  זיפר 1ק""ג",קילוגרמים,1.00,"ק""ג",false,1,9.90,9.9000,true,1,428351
7290017334462,false,אורז יסמין  זיפר  1,,TH,"אורז יסמין  זיפר  1 ק""ג",קילוגרמים,1.00,"ק""ג",false,1,11.90,11.9000,true,1,428352
7290017406794,false,אורז בסמטי קינג קראו,פונט סלאם וולנסיה,IN,"אורז בסמטי קינג קראוון 1 ק""ג",קילוגרמים,1.00,"ק""ג",false,1,10.90,10.9000,true,1,429229
7290017477596,false,תמר מגהול ענק פרמיום,דין שיווק,IL,תמר מגהול ענק פרמיום  400ג שקדיה,גרמים,400.00,100 גרם,false,1,19.90,0.0497,true,1,427957
7290017487038,false,נבטים סיניםשדות בעמק,חקלאי,IL,נבטים סיניםשדות בעמק,יחידה,1.00,יחידה,false,1,7.90,7.9000,true,1,434949
7290017487045,false,עירית בנספק פ/ס (40ג,חקלאי,IL,עירית בנספק פ/ס (40גרם)-שדות בעמק,יחידה,1.00,יחידה,false,1,7.90,7.9000,true,1,434920
7290017487076,false,נבטי חמניה שדות בעמק,חקלאי,IL,נבטי חמניה שדות בעמק,יחידה,1.00,יחידה,false,1,13.90,13.9000,true,1,434950
7290017487090,false,שיבה בנספק 40גרם שדו,חקלאי,IL,שיבה בנספק 40גרם שדות בעמק,גרמים,40.00,100 גרם,false,1,7.90,0.1975,true,1,434952
7290017487137,false,אורגנו בנספק פ/ס(40ג,חקלאי,IL,אורגנו בנספק פ/ס(40גרם)-שדות בעמק,יחידה,1.00,יחידה,false,1,7.90,7.9000,true,1,434924
7290017487168,false,עלי בייבי שדות בעמק,חקלאי,IL,עלי בייבי שדות בעמק,יחידה,1.00,יחידה,false,1,11.90,11.9000,true,1,434956
7290017487175,false,רוזמרין בנספק פ/ס(40,חקלאי,IL,רוזמרין בנספק פ/ס(40גרם)-שדות בעמק,יחידה,1.00,יחידה,false,1,7.90,7.9000,true,1,434922
7290017487205,false,מרווה בנספק פ/ס(40גר,חקלאי,IL,מרווה בנספק פ/ס(40גרם)-שדות בעמק,יחידה,1.00,יחידה,false,1,7.90,7.9000,true,1,434923
7290017487229,false,קורנית בנספק פ/ס(40ג,חקלאי,IL,קורנית בנספק פ/ס(40גרם)-שדות בעמק,יחידה,1.00,יחידה,false,1,7.90,7.9000,true,1,434921
7290017487281,false,קורנית לימון בנספק 4,חקלאי,IL,קורנית לימון בנספק 40גרם שדות בעמק,גרמים,40.00,100 גרם,false,1,7.90,0.1975,true,1,434965
7290017487298,false,תרד גוליבר,ביכורי שדה דרום,IL,תרד גוליבר,יחידה,1.00,יחידה,false,1,16.90,16.9000,true,1,434939
7290017487380,false,נשנושי סלרי,ביכורי שדה דרום,IL,נשנושי סלרי,יחידה,1.00,יחידה,false,1,7.90,7.9000,true,1,434943
7290017487403,false,בזיליקום פ/ס(100גרם),חקלאי,IL,בזיליקום שדות בעמק,גרמים,140.00,100 גרם,false,1,12.90,0.0921,true,1,434926
7290017487410,false,רוקולה פ/ס(100גרם)-ש,חקלאי,IL,רוקולה שדות בעמק,גרמים,160.00,100 גרם,false,1,12.90,0.0806,true,1,434925
7290017487441,false,בצל ירוק בשקית יחידה,חקלאי,IL,בצל ירוק בשקית יחידה-שדות בעמק,גרמים,200.00,100 גרם,false,1,7.90,0.0395,true,1,434905
7290017487458,false,פזיל/מנגולד בשקית יח,חקלאי,IL,פזיל/מנגולד בשקית יחידה-שדות בעמק,גרמים,400.00,100 גרם,false,1,7.90,0.0198,true,1,434899
7290017487465,false,חסה עגולה בשקית יחיד,חקלאי,IL,חסה עגולה בשקית יחידה-שדות בעמק,גרמים,630.00,100 גרם,false,1,7.90,0.0125,true,1,434901
7290017487472,false,חסה סלנובה בנספק יחי,חקלאי,IL,חסה סלנובה בנספק יחידה-שדות בעמק,גרמים,250.00,100 גרם,false,1,14.90,0.0596,true,1,434908
7290017487489,false,תרד ניו-זילנדי בנספק,חקלאי,IL,תרד ניו-זילנדי בנספק יחידה- שדות בעמק,גרמים,250.00,100 גרם,false,1,13.90,0.0556,true,1,434910
7290017487496,false,תרד טורקי בנספק יחיד,חקלאי,IL,תרד טורקי בנספק יחידה- שדות בעמק,יחידה,1.00,יחידה,false,1,13.90,13.9000,true,1,434911
7290017487502,false,סלרי חתוך,ביכורי שדה דרום,IL,סלרי חתוך,יחידה,1.00,יחידה,false,1,7.90,7.9000,true,1,434941
7290017487519,false,חסה ערבית בשקית יחיד,חקלאי,IL,חסה ערבית בשקית יחידה-שדות בעמק,יחידה,1.00,יחידה,false,1,6.90,6.9000,true,1,434900
7290017487526,false,עלי חסה רומית בנספק,חקלאי,IL,עלי חסה רומית בנספק יחידה - שדות בעמק,יחידה,1.00,יחידה,false,1,11.90,11.9000,true,1,434904
7290017487533,false,שורש פטרוזיליה,ביכורי שדה דרום,IL,שורש פטרוזיליה,יחידה,1.00,יחידה,false,1,9.90,9.9000,true,1,434938
7290017487557,false,בזיליקום פ/ס(40 גרם),חקלאי,IL,בזיליקום פ/ס(40 גרם)-שדות בעמק,יחידה,1.00,יחידה,false,1,7.90,7.9000,true,1,434927
7290017487571,false,לבבות קיסר בנספק חיד,חקלאי,IL,לבבות קיסר בנספק חידה- שדות בעמק,גרמים,350.00,100 גרם,false,1,14.90,0.0426,true,1,434903
7290017487588,false,חסה לבבות בשקית יחיד,חקלאי,IL,חסה לבבות בשקית יחידה-שדות בעמק,יחידה,1.00,יחידה,false,1,13.90,13.9000,true,1,434902
7290017487595,false,נענע בשקית(100גרם)-ש,חקלאי,IL,נענע בשקיתשדות בעמק,גרמים,100.00,100 גרם,false,1,5.90,0.0590,true,1,434912
7290017487601,false,פטרוזיליה בשקית(100ג,חקלאי,IL,פטרוזיליה בשקית שדות בעמק,גרמים,100.00,100 גרם,false,1,5.90,0.0590,true,1,434913
7290017487618,false,כוסברה בשקית(100גרם),חקלאי,IL,כוסברה בשקית-שדות בעמק,גרמים,100.00,100 גרם,false,1,5.90,0.0590,true,1,434914
7290017487625,false,שמיר בשקית(100גרם)-ש,חקלאי,IL,שמיר בשקית-שדות בעמק,גרמים,100.00,100 גרם,false,1,5.90,0.0590,true,1,434915
7290017487670,false,פלפל צילי - שדות בעמ,חקלאי,IL,פלפל צילי - שדות בעמק,גרמים,150.00,100 גרם,false,1,7.90,0.0527,true,1,434930
7290017487687,false,מלפפון בייבי - שדות,חקלאי,IL,מלפפון בייבי - שדות בעמק,גרמים,370.00,100 גרם,false,1,10.90,0.0295,true,1,434929
7290017487694,false,פלפל בייבי - שדות בע,חקלאי,IL,פלפל בייבי - שדות בעמק,גרמים,250.00,100 גרם,false,1,12.90,0.0516,true,1,434928
7290017487717,false,באק צוי בשקית יחידה,חקלאי,IL,באק צוי בשקית יחידה - שדות בעמק,יחידה,1.00,יחידה,false,1,14.90,14.9000,true,1,434909
7290017487748,false,בייבי ברוקולי שדות ב,חקלאי,IL,בייבי ברוקולי שדות בעמק,יחידה,1.00,יחידה,false,1,17.90,17.9000,true,1,434975
7290017487823,false,סלרי עלים בשקית יחיד,חקלאי,IL,סלרי עלים בשקית יחידה-שדות בעמק,גרמים,350.00,100 גרם,false,1,7.90,0.0226,true,1,434897
7290017487854,false,פטריות שמפניון -שדות,חקלאי,IL,פטריות שמפניון -שדות בעמק,גרמים,240.00,100 גרם,false,1,12.90,0.0538,true,1,434933
7290017487861,false,פטריות פורטבלה -שדות,חקלאי,IL,פטריות פורטבלה -שדות בעמק,יחידה,0.00,יחידה,false,1,12.90,0.0000,true,1,434932
7290017487878,false,ברוקולי ארוז,חקלאי,IL,ברוקולי ארוז,גרמים,350.00,100 גרם,false,1,14.90,0.0426,true,1,434934
7290017487885,false,לימון ליים בנספק,חקלאי,IL,לימון ליים בנספק,גרמים,880.00,100 גרם,false,1,19.90,0.0226,true,1,434935
7290017487892,false,צנונית שדות בעמק,חקלאי,IL,צנונית שדות בעמק,יחידה,1.00,יחידה,false,1,6.90,6.9000,true,1,434977
7290017487908,false,שום קלוף 170גר שדות,חקלאי,IL,שום קלוף 170גר שדות בעמק,גרמים,170.00,100 גרם,false,1,15.90,0.0935,true,1,434978
7290017513485,false,מחית עגבניות רוסטיקה,היצרן: ס.פ. פודנצנו,IT,מחית עגבניות רוסטיקה בלה איטליה 680 גר,גרמים,680.00,100 גרם,false,1,11.90,0.0175,true,1,352325
7290017513775,false,פליפז בייגלה מצופה ש,אולקר מקבוצת פלאדיס,TR,"Flipz, חטיף בייגלה אפוי בציפוי שוקולד חלב, 140 גרם",גרמים,140.00,100 גרם,false,1,7.90,0.0564,true,1,353254
7290017513782,false,פליפז  בייגלה מצופה,אולקר מקבוצת פלאדיס,TR,פליפז בייגלה מצופה שוקולד מריר 140 ג,גרמים,140.00,100 גרם,false,1,7.90,0.0564,true,1,353253
7290017516431,false,פנגיאה שוקולד קוקוס,ש.ר רגע בטבע,IL,פנגיאה שוקולד קוקוס שקדים וקפה 300גרם,גרמים,300.00,100 גרם,false,1,29.90,0.0997,true,1,427203
7290017516561,false,שלישיית חטיפי חלבון,ש.ר רגע בטבע,IL,שלישיית חטיפי חלבון פנגיאה אגוזי לוז,לא מנהל יחידת מידה,0.00,לא מנהל יחידת מידה,false,1,29.90,0.0000,true,1,427198
7290017516578,false,שלישיית חטיפי חלבון,ש.ר רגע בטבע,IL,שלישיית חטיפי חלבון פנגיאה שוקולד,לא מנהל יחידת מידה,0.00,לא מנהל יחידת מידה,false,1,29.90,0.0000,true,1,427199
7290017589633,false,קברנה סוביניון מהדור,,IL,"קברנה סוביניון מהדורת רזרב גולד 750 מ""ל",מיליליטרים,750.00,"100 מ""ל",false,1,52.90,0.0705,true,1,434138
7290017593036,false,תירס,חקלאי,IL,תירס,יחידה,1.00,יחידה,false,1,10.90,10.9000,true,1,355210
7290017617084,false,סטארקיסט מיקס טוגו ט,דרדנל אוננטאס גידה,TR,סטארקיסט מיקס טוגו טונה עם שעועית 185גרם,גרמים,185.00,100 גרם,false,1,12.90,0.0697,true,1,359292
7290017617091,false,סטארקיסט מיקס טוגו ט,דרדנל אוננטאס גידה,TR,סטארקיסט מיקס טוגו טונה עם פתיתים  185גר,גרמים,185.00,100 גרם,false,1,12.90,0.0697,true,1,359293
7290017617107,false,סטארקיסט מיקס טוגו ט,דרדנל אוננטאס גידה,TR,טונה עם 4 דגנים,גרמים,185.00,100 גרם,false,1,12.90,0.0697,true,1,359294
7290017617411,false,מיקס סלמון  עם אורז,גראאל אס איי,PL,מיקס סלמון  עם אורז מלא סטארקיסט 160גרם,גרמים,160.00,100 גרם,false,1,14.90,0.0931,true,1,435613
7290017617435,false,מיקס סלמון  עם עדשים,גראאל אס איי,PL,מיקס סלמון  עם עדשים וקינואה סטארקיסט 16,גרמים,160.00,100 גרם,false,1,14.90,0.0931,true,1,435614
7290017617459,false,רביעיית טונה סטארקיס,dalmore distilleries,TH,רביעיית טונה סטארקיסט בשמן צמחי 480גרם,גרמים,480.00,100 גרם,false,1,21.90,0.0456,true,1,434396
7290017617466,false,רביעיית טונה סטארקיס,dalmore distilleries,TH,רביעיית טונה סטארקיסט במים  480גרם,גרמים,480.00,100 גרם,false,1,21.90,0.0456,true,1,434397
7290017641195,false,חטיף קרקר עם שיפון מ,תות תעשיות מזון (201,LT,קרקר דגנים עם שיפון מלא וגזר 130 גר',גרמים,130.00,100 גרם,false,1,6.90,0.0531,true,1,419764
7290017641201,false,חטיף קרקר עם שיפון מ,תות תעשיות מזון (201,LT,קרקר דגנים עם שיפון מלא וקייל 130 גר',גרמים,130.00,100 גרם,false,1,6.90,0.0531,true,1,419766
7290017641720,false,טבלאות שוקולד אגו 70,"כד בני דרום בע""מ",IL,טבלאות שוקולד אגו 70% שברי שקד כשלפ 100,גרמים,100.00,100 גרם,false,1,8.90,0.0890,true,1,422816
7290017647425,false,גמלא קברנה סוביניון,יקב רמת הגולן,,גמלא קברנה סוביניון - בציר 2018,מיליליטרים,750.00,"100 מ""ל",false,1,64.90,0.0865,true,1,355835
7290017647463,false,יין ירדן פינו נואר 7,יקב רמת הגולן,IL,יין ירדן פינו נואר 750 מל,מיליליטרים,750.00,"100 מ""ל",false,1,99.90,0.1332,true,1,429970
7290017647548,false,יין ירדן מרלו 750 מל,יקב רמת הגולן,IL,יין ירדן מרלו 750 מל,מיליליטרים,750.00,"100 מ""ל",false,1,95.00,0.1267,true,1,429972
7290017647708,false,יין גמלא גוורצטרמינר,רמת הגולן,IL,יין גמלא גוורצטרמינר 750 מל,מיליליטרים,750.00,"100 מ""ל",false,1,64.90,0.0865,true,1,428043
7290017647722,false,יין גמלא בלאנקו 750,רמת הגולן,IL,יין גמלא בלאנקו 750 מל,מיליליטרים,750.00,"100 מ""ל",false,1,64.90,0.0865,true,1,428044
7290017647760,false,יין ירדן סירה  750 מ,יקב רמת הגולן,IL,יין ירדן סירה  750 מל,מיליליטרים,750.00,"100 מ""ל",false,1,99.90,0.1332,true,1,434786
7290017677811,false,רוטב סויה קיקומן 296,קיקומן פודז אינק,NL,"רוטב קיקומן סויה ללא תוספת חומרים משמרים  296 מ""ל",מיליליטרים,296.00,"100 מ""ל",false,1,18.90,0.0639,true,1,349697
7290017724027,false,עוגיות אלפחורס 300 ג,אקלר,IL,עוגיות אלפחורס 300 גרם,גרמים,300.00,100 גרם,false,1,23.90,0.0797,true,1,427759
7290017724034,false,עוגיות סנדוויץ ריבה,אקלר,IL,עוגיות סנדוויץ ריבה 250 גרם,גרמים,250.00,100 גרם,false,1,23.90,0.0956,true,1,427760
7290017724058,false,עוגיות מעדן תמר אגוז,אקלר,IL,עוגיות מעדן תמר אגוז250 גרם,גרמים,250.00,100 גרם,false,1,23.90,0.0956,true,1,427762
7290017724065,false,עוגיות מעדן תפוע ואג,אקלר,IL,עוגיות מעדן תפוע ואגוז250 גרם,גרמים,250.00,100 גרם,false,1,23.90,0.0956,true,1,427763
7290017724119,false,עוגיות אוזניים200 גר,אקלר,IL,עוגיות אוזניים200 גרם,גרמים,200.00,100 גרם,false,1,23.90,0.1195,true,1,427767
7290017724355,false,עוגיות אצבעות שקדים,אקלר,IL,עוגיות אצבעות שקדים 250 גרם,גרמים,250.00,100 גרם,false,1,23.90,0.0956,true,1,427784
7290017724683,false,עוגיות חמאה שקדים 20,אקלר,IL,עוגיות חמאה שקדים 200 גרם,גרמים,200.00,100 גרם,false,1,23.90,0.1195,true,1,427792
7290017724720,false,עוגיות תותי פרוטי לל,אקלר,IL,עוגיות תותי פרוטי ללא סוכר 200 גרם,גרמים,200.00,100 גרם,false,1,23.90,0.1195,true,1,427794
7290017791142,false,קרקר כוסמין מלא אורג,פת במלח,IL,קרקר כוסמין מלא אורגינל 225 גרם,גרמים,225.00,100 גרם,false,1,22.90,0.1018,true,1,349672
7290017791203,false,קרקר כוסמין מלא סלק,פת במלח,IL,קרקר כוסמין מלא סלק 225 גרם,גרמים,225.00,100 גרם,false,1,22.90,0.1018,true,1,355559
7290017812588,false,מיץ ענבים לבן 100 אח,"כד בני דרום בע""מ",IL,תירוש כרמל המקורי מיץ ענבים לבן 1 ליטר,ליטרים,1.00,ליטר,false,1,19.90,19.9000,true,1,423112
7290017812656,false,תירוש מבעבע אדום,מנדלז סי.אר. פרודקשן,IL,כרמל תירוש מבעבע אדום 750 מל,מיליליטרים,750.00,"100 מ""ל",false,1,21.90,0.0292,true,1,427550
7290017812663,false,תירוש מבעבע לבן,מנדלז סי.אר. פרודקשן,IL,כרמל תירוש מבעבע לבן 750 מל,מיליליטרים,750.00,"100 מ""ל",false,1,21.90,0.0292,true,1,427551
7290017812830,false,"יין רוזה P.C 750 מ""ל","כד בני דרום בע""מ",IL,"יין רוזה P.C 750 מ""ל",מיליליטרים,750.00,"100 מ""ל",false,1,39.90,0.0532,true,1,358690
7290017812847,false,יין סלקטד פרנץ גוורצ,"כד בני דרום בע""מ",IL,יין פרנץ גוורצטרמינר סלקטד יקבי כרמל,מיליליטרים,750.00,"100 מ""ל",false,1,29.90,0.0399,true,1,358691
7290017812885,false,"יין ס.בלאן 750 מ""ל ג",אגודת הכורמים א.ת אל,IL,כרמל יין גוורצטרמינר לבן חצי יבש 2020 750 מל,מיליליטרים,750.00,"100 מ""ל",false,1,39.90,0.0532,true,1,361431
7290017872070,false,פרש וואנס מגבונים נט,ווטנאפס,IL,פרש וואנס מגבונים נטורל קר שלישייה,יחידה,1.00,יחידה,false,1,9.90,9.9000,true,1,360273
7290017872162,false,עוגיות אגוזי לוז TUS,הגביע מוצרי וופלים ב,IL,"טוסו עוגיות אגוזי לוז לל""ס 200 גרם",גרמים,200.00,100 גרם,false,1,17.90,0.0895,true,1,423891
7290017872179,false,עוגיות טחינה TUSO 20,הגביע מוצרי וופלים ב,IL,"טוסו עוגיות טחינה לל""ס 200 גרם",גרמים,200.00,100 גרם,false,1,17.90,0.0895,true,1,423890
7290017872186,false,עוגיות פקאן TUSO 200,הגביע מוצרי וופלים ב,IL,"טוסו עוגיות פקאן לל""ס 200 גרם",גרמים,200.00,100 גרם,false,1,17.90,0.0895,true,1,423889
7290017872193,false,עוגיות שקדים וקינמון,הגביע מוצרי וופלים ב,IL,"טוסו עוגיות שקדים וקינמון לל""ס 200 גרם",גרמים,200.00,100 גרם,false,1,17.90,0.0895,true,1,423892
7290017888019,false,פרוט & ווג תפוח רימו,יפאורה תבורי בעמ,IL,"FRUIT&VEG תפוח סלק רימון ג'ינג'ר 350 מ""ל",מיליליטרים,350.00,"100 מ""ל",false,1,9.50,0.0271,true,1,349159
7290017888026,false,פרוט אננס תפוח גזר 3,יפאורה תבורי בעמ,IL,"FRUIT&VEG אננס תפוח גזר 350 מ""ל",מיליליטרים,350.00,"100 מ""ל",false,1,9.50,0.0271,true,1,349052
7290017888033,false,פרוט בננה מלון נענע,יפאורה תבורי בעמ,IL,"FRUIT&VEG בננה מלון נענע 350 מ""ל",מיליליטרים,350.00,"100 מ""ל",false,1,9.50,0.0271,true,1,349053
7290017888644,false,פרוט אנד וג אננס בננ,"יפאורה תבורי בע""מ",IL,"FRUIT&VEG אננס בננה כורכום 350 מ""ל",לא מנהל יחידת מידה,3.30,לא מנהל יחידת מידה,false,1,9.50,2.8788,true,1,354835
7290017888729,false,שוופס סודה בקבוק 1 ל,"יפאורה תבורי בע""מ",IL,שוופס סודה 1 ל' גיזוז חזק,ליטרים,1.00,ליטר,false,1,4.90,4.9000,true,1,354836
7290017888972,false,מי עדן פקק ספורט 1 ל,מופק ממקור בזלתי עדן,IL,מי עדן פקק ספורט 1 ליטר,ליטרים,1.00,ליטר,false,1,5.50,5.5000,true,1,355530
7290017894010,false,גרין קוקו - מי קוקוס,בן טרה ג'וינט סטוק (,LK,מי קוקוס אורגני בתוספת מיץ אננס,ליטרים,1.00,ליטר,false,1,19.90,19.9000,true,1,351664
7290017894034,false,דגש - פתיתי שיבולת ש,"נארז על ידי אפ, סי ת",IL,פתיתי שיבולת שועל מלאה עבה,גרמים,400.00,100 גרם,false,1,19.90,0.0497,true,1,351661
7290017894058,false,דגש תערובת להכנת לחם,"אף סי, תבליני הגליל",IL,תערובת להכנת לחם ומאפים  ללא גלוטן,גרמים,500.00,100 גרם,false,1,16.90,0.0338,true,1,421898
7290017894089,false,קמח שיבולת שועל דגש,אף. סי תבליני הגליל,IL,דוכן גן שמואל קמח שיבולת שועל 500 גרם,גרמים,400.00,100 גרם,false,1,22.90,0.0572,true,1,424102
7290017894102,false,פנה אורז תירס דגש 40,אנדריאני,IT,אטריות על בסיס אורז תירס ללא גלוטן 400 גרם,גרמים,400.00,100 גרם,false,1,9.50,0.0238,true,1,427141
7290017894126,false,פוזילי טריקולור דגש,אנדריאני,IT,אטריות טריקולור פוזילי ללא גלוטן 400 גרם,גרמים,400.00,100 גרם,false,1,9.50,0.0238,true,1,427143
7290017907208,false,קמח תמי רב תכליתי לל,מנדלז סי.אר. פרודקשן,IL,קמח תמי רב תכליתי ללג 500גרם,גרמים,500.00,100 גרם,false,1,18.90,0.0378,true,1,426718
7290017907215,false,קמח תמי למאפי שמרים,פוראטוס ישראל,IL,קמח תמי למאפי שמרים ללג 500גרם,גרמים,500.00,100 גרם,false,1,18.90,0.0378,true,1,426720
7290017907222,false,קמח תמי תופח ללג 500,פוראטוס ישראל,IL,קמח תמי תופח ללג 500גרם,גרמים,500.00,100 גרם,false,1,18.90,0.0378,true,1,426719
7290017907239,false,תערובת תמי לעוגת שוק,פוראטוס ישראל,IL,תערובת תמי לעוגת שוקולד ללג 450 גרם,גרמים,450.00,100 גרם,false,1,18.90,0.0420,true,1,426721
7290017907246,false,תמי סולת ללג 300גרם,פוראטוס ישראל,IL,תמי סולת ללג 300גרם,גרמים,300.00,100 גרם,false,1,15.90,0.0530,true,1,426724
7290017907253,false,תמי פתיתים ללג 300גר,פוראטוס ישראל,IL,תמי פתיתים ללג 300גרם,גרמים,300.00,100 גרם,false,1,15.90,0.0530,true,1,426723
7290017907260,false,תמי פלאפל ללג 300גרם,פוראטוס ישראל,IL,תמי פלאפל ללג 300גרם,גרמים,300.00,100 גרם,false,1,15.90,0.0530,true,1,426722
7290017918570,false,פלפל טינקרבל יחידה,חקלאי,IL,פלפל טינקרבל יחידה,לא מנהל יחידת מידה,1.00,לא מנהל יחידת מידה,false,1,9.90,9.9000,true,1,355740
7290017925417,false,בקבוק בירה בקס ללא א,Beck and Co,DE,"בקבוק בירה בקס ללא אלכוהול 275מ""ל",מיליליטרים,275.00,"100 מ""ל",false,1,5.90,0.0215,true,1,358747
7290017928036,true,מקלות גריסיני שומשום,מאיר בייגל,IL,מאיר בייגל מקלות גריסיני שומשום 175 גרם,גרמים,175.00,100 גרם,false,1,11.90,0.0680,true,1,422474
7290017928043,true,גריסיני קראנץ מלח 17,מאיר בייגל,IL,מאיר בייגל גריסיני קראנץ' עם מלח 175 גרם,יחידה,0.00,יחידה,false,1,11.90,0.0000,true,1,352889
7290017928098,false,שטוחלה מלח מאיר בייג,מאיר בייגל,IL,שטוחלה מלח מאיר בייגל 330 גרם,גרמים,330.00,100 גרם,false,1,11.90,0.0361,true,1,427726
7290017928210,true,בייגלה גדול שומשום 2,מאיר בייגל,IL,בייגלה גדול שומשום 250 גרם מאיר בייגל,גרמים,250.00,100 גרם,false,1,11.90,0.0476,true,1,422475
7290017928630,true,גריסיני קראנץ פינוקי,מאיר בייגל,IL,מאיר בייגל גריסיני קראנץ' פינוקים 175 גרם,גרמים,0.00,100 גרם,false,1,11.90,0.0000,true,1,352901
7290017928685,false,שמיניות מלח מאיר ביי,מאיר בייגל,IL,מאיר בייגל בייגלה עם מלח 400 גרם,גרמים,400.00,100 גרם,false,1,11.90,0.0298,true,1,430081
7290017928722,false,מאיר בייגל שטוח ניגו,מאיר בייגל,IL,מאיר בייגל שטוח ניגובים שומשום 300 גרם,גרמים,330.00,100 גרם,false,1,11.90,0.0361,true,1,427729
7290017928807,true,אצבעות שומשום 300 גר,מאיר בייגל,IL,אצבעות שומשום 300 גרם מאיר בייגל,גרמים,300.00,100 גרם,false,1,11.90,0.0397,true,1,352903
7290017928821,true,מקלות גריסיני קלאסי,מאיר בייגל,IL,מאיר בייגל מקלות גריסיני קלאסי 200 גרם,גרמים,200.00,100 גרם,false,1,11.90,0.0595,true,1,352905
7290017947105,false,לחם אנגל בסגנון אמרי,"איטיליאן פוד, אס.פי.",IL,לחם אנגל בסגנון אמריקה 500 גרם,גרמים,500.00,100 גרם,false,1,13.90,0.0278,true,1,353504
7290017947464,false,פיתות כוסמין אנגל שמ,"איטיליאן פוד, אס.פי.",IL,מאפיית אנג'ל פיתות כוסמין 400 גרם,יחידה,1.00,יחידה,false,1,15.90,15.9000,true,1,356750
7290017947495,false,לחמניות כוסמין 6 יח,"איטיליאן פוד, אס.פי.",IL,אנג'ל לחמניות 100% כוסמין 450 גרם,גרמים,450.00,100 גרם,false,1,16.90,0.0376,true,1,357274
7290017947891,false,אנגל כוסמין וחיטה מל,"איטיליאן פוד, אס.פי.",IL,"אנג'ל כוסמין וחיטה מלאה במרקם חלק, 750 גרם",גרמים,750.00,100 גרם,false,1,15.90,0.0212,true,1,353503
7290017947921,false,שישיית לחמניות המבור,"איטיליאן פוד, אס.פי.",IL,אנג'ל לחמניות המבורגר בסגנון אמריקה 6 יח',גרמים,450.00,100 גרם,false,1,14.90,0.0331,true,1,353502
7290017947938,false,לחמניות מיני המבורגר,"איטיליאן פוד, אס.פי.",IL,לחמניות מיני המבורגר אמריקה 8 יח,גרמים,400.00,100 גרם,false,1,14.90,0.0373,true,1,357273
7290018043110,false,אול אין אקסטרא קרם ק,הרת'סייד פוד סולושיי,NL,אול אין אקסטרא קרם קשיו קרמל,גרמים,60.00,100 גרם,false,1,13.90,0.2317,true,1,427739
7290018043134,false,אול אין אקסטרא קרם ש,הרת'סייד פוד סולושיי,NL,אול אין אקסטרא קרם ש לבן,גרמים,60.00,100 גרם,false,1,13.90,0.2317,true,1,427738
7290018043301,false,חטיף חלבון בטעם וניל,הרת'סייד פוד סולושיי,NL,חטיף חלבון בטעם ונילה קראנץ- 60 גרם,גרמים,60.00,100 גרם,false,1,13.90,0.2317,true,1,428900
7290018043592,false,מי חלבון אול אין אפר,שטיינרייזר גטראנקה,AT,מי חלבון אול אין אפרסק 500 מל,מיליליטרים,500.00,"100 מ""ל",false,1,18.90,0.0378,true,1,430407
7290018043608,false,מי חלבון אול אין  פ.,שטיינרייזר גטראנקה,AT,מי חלבון אול אין  פ.יער 500 מל,מיליליטרים,500.00,"100 מ""ל",false,1,18.90,0.0378,true,1,430408
7290018045084,false,דגנים BON&BONבמילוי,,DE,דגנים BON&BONבמילוי קרם בטעם בראוניז 480,גרמים,480.00,100 גרם,false,1,21.90,0.0456,true,1,429057
7290018045695,false,דגנים BON&BONבמילוי,,DE,דגנים BON&BONבמילוי קרם קרמל מלוח 480גרם,גרמים,480.00,100 גרם,false,1,21.90,0.0456,true,1,429058
7290018045893,false,דגנים BON&BONבמילוי,,DE,דגנים BON&BONבמילוי קרם נוגט 480גרם,גרמים,480.00,100 גרם,false,1,21.90,0.0456,true,1,429059
7290018071144,false,צלחות מתכלות קנה סוכ,,CN,צלחות מתכלות קנה סוכר 23 סמ 25 יח,יחידה,1.00,יחידה,false,1,21.90,21.9000,true,1,430355
7290018071151,false,צלחות מתכלות קנה סוכ,,CN,צלחות מתכלות קנה סוכר 26 סמ 25 יח,יחידה,1.00,יחידה,false,1,26.90,26.9000,true,1,430356
7290018071205,false,כפפות נטרו V ללא אבק,איזיטאצ,CN,כפפות נטרו V ללא אבקה S כחול 100 יח,יחידה,1.00,יחידה,false,1,29.90,29.9000,true,1,427000
7290018071212,false,כפפות נטרו V ללא אבק,איזיטאצ,CN,כפפות נטרו V ללא אבקה M כחול 100 יח,יחידה,1.00,יחידה,false,1,29.90,29.9000,true,1,427001
7290018071229,false,כפפות נטרו V ללא אבק,איזיטאצ,CN,כפפות נטרו V ללא אבקה L כחול 100 יח,יחידה,1.00,יחידה,false,1,29.90,29.9000,true,1,427002
7290018071236,false,כפפות נטרו V ללא אבק,איזיטאצ,CN,כפפות נטרו V ללא אבקה XL כחול 100 יח,יחידה,1.00,יחידה,false,1,29.90,29.9000,true,1,427003
7290018091029,false,מקלות פילו תפוחי אדמ,"מעדנות בע""מ",IL,מקלות פילו תפוחי אדמה מעדנות 450גרם,גרמים,450.00,100 גרם,false,1,21.90,0.0487,true,1,354061
7290018091081,false,מאפה פילו תרד וגבינו,"מעדנות בע""מ",IL,מאפה פילו תרד וגבינות 320 גרם מעדנות,גרמים,320.00,100 גרם,false,1,22.90,0.0716,true,1,429774
7290018091234,false,פיצה מקסיקנית מעדנות,מעדנות בעמ,IL,פיצה מקסיקנית מעדנות  260גרם,גרמים,260.00,100 גרם,false,1,17.90,0.0688,true,1,357066
7290018091265,false,פיצה נפוליטנה מעדנות,"מעדנות בע""מ",IL,פיצה נפוליטנה מעדנות 330 גרם,גרמים,330.00,100 גרם,false,1,21.90,0.0664,true,1,428925
7290018091821,false,פיצה נפוליטנה  מעדנו,מעדנות בעמ,IL,פיצה נפוליטנה  מעדנות 200גרם,גרמים,200.00,100 גרם,false,1,17.90,0.0895,true,1,357065
7290018091876,false,מאפה פילו גבינה 320,"מעדנות בע""מ",IL,מאפה פילו גבינה 320 גרם מעדנות,גרמים,320.00,100 גרם,false,1,22.90,0.0716,true,1,429776
7290018131077,false,שלגון מילקה עם ריפל,פרונרי פולין,PL,שלגון מילקה עם ריפל שוקולד 71 גרם,גרמים,71.00,100 גרם,false,1,11.50,0.1620,true,1,359338
7290018131251,false,אקסטרים מטבע שוקולד,המאפיה של הרמן,IL,אקסטרים מ.שקלד.לבן וליבת ק.עוג. 18*115ג,גרמים,128.00,100 גרם,false,1,10.50,0.0820,true,1,353523
7290018131312,false,לה קרמריה וניל שוקו.,המאפיה של הרמן,IL,לה קרמריה שוקו וניל פרווה כשלפ 1.4 ליטר,ליטרים,1.40,ליטר,false,1,21.90,15.6429,true,1,423100
7290018131336,false,שלגון ליון קרמל 66גר,שוורצקוף& הנקל דיסלד,PL,שלגון ליון קרמל 66גרם,גרמים,66.00,100 גרם,false,1,11.50,0.1742,true,1,359340
7290018131756,false,מאגדת 1/8 שלגונים ונ,נסטלה,IL,מאגדת 1/8 שלגונים וניל מצופה תות 440 גרם,גרמים,440.00,100 גרם,false,8,29.90,0.0680,true,1,358697
7290018131831,false,מאגדת שלגוני מילקה 2,שוורצקוף& הנקל דיסלד,PL,מאגדת שלגוני מילקה 264גרם,גרמים,264.00,100 גרם,false,1,34.90,0.1322,true,1,433661
7290018131954,false,מאגדת ל.פרוטה מצופה,נסטלה,IL,מאגדת ל.פרוטה מצופה תות שוקולד 350 גרם,גרמים,350.00,100 גרם,false,5,29.90,0.0854,true,1,358695
7290018131978,false,טילון אוראו 68.5גרם,פרונרי פולין,PL,טילון אוראו 68.5גרם,גרמים,69.00,100 גרם,false,1,5.90,0.0855,true,1,359342
7290018140819,false,נקניקיות מרגז ריינבו,ריינבו,IL,נקניקיות מרגז ריינבו טבעוניות  300 גרם,גרמים,300.00,100 גרם,false,1,49.90,0.1663,true,1,427836
7290018165010,false,יין רזרב גולד גוורצט,יקבי ברקן שיווק והפצ,IL,יין רזרב גולד גוורצטרמינר 750 מל,מיליליטרים,750.00,"100 מ""ל",false,1,52.90,0.0705,true,1,434140
7290018165027,false,גולד אדישיין רוזה750,יקבי ברקן שיווק והפצ,IL,גולד אדישיין רוזה750 מל,מיליליטרים,750.00,"100 מ""ל",false,1,52.90,0.0705,true,1,434141
7290018165447,false,יין רזרב גולד מרלו 7,יקבי ברקן שיווק והפצ,IL,"רזרב גולד מרלו 750 מ""ל",מיליליטרים,750.00,"100 מ""ל",false,1,52.90,0.0705,true,1,434142
7290018194454,false,ערק סאפי לימונארק  7,הנסיך- מפעל לייצור ט,IL,"לימונארק סאפי  700 מ""ל",מיליליטרים,700.00,"100 מ""ל",false,1,59.90,0.0856,true,1,356579
7290018194928,false,"וודקה טראפ כשל""פ 700",א.ת.באר טוביה,IL,"וודקה טראפ כשל""פ 700 מ""ל",מיליליטרים,700.00,"100 מ""ל",false,1,89.90,0.1284,true,1,429708
7290018198209,false,תפוגן ציפס בטטה קראנ,"תעשיות תפוגן בע""מ",IL,תפוגן ציפס בטטה קראנצי  500גרם,גרמים,500.00,100 גרם,false,1,19.90,0.0398,true,1,428298
7290018198384,false,תפוגן ציפס קריספי פר,"תעשיות תפוגן בע""מ",IL,תפוגן ציפס קריספי פרוסות לתנור 1.25קג,קילוגרמים,1.25,"ק""ג",false,1,26.90,21.5200,true,1,427641
7290018249123,false,אינסטנט פודינג וניל,מתבל תעשיות מזון,IL,אינסטנט פודינג וניל סוויטאנגו ללס 50גרם,גרמים,50.00,100 גרם,false,1,12.90,0.2580,true,1,424656
7290018249444,false,סוויטאנגו אבקת שוקו,קרלו,EG,סוויטאנגו אבקת שוקו 400 גרם,גרמים,400.00,100 גרם,false,1,39.90,0.0997,true,1,427676
7290018249550,false,סווטיאנגו אינסטנד פו,מתבל תעשיות מזון,IL,סווטיאנגו אינסטנד פודינג שוקלד 50 גרם,גרמים,50.00,100 גרם,false,1,12.90,0.2580,true,1,425500
7290018249994,false,סוויטאנגו ממתיק בצנצ,מתבל תעשיות מזון,IL,סוויטאנגו ממתיק בצנצנת 700 גרם,גרמים,700.00,100 גרם,false,1,59.90,0.0856,true,1,424333
7290018265086,false,קטשופ אורגני ללס תבו,תבואות,NL,קטשופ אורגני ללס תבואות 325 מל,מיליליטרים,325.00,"100 מ""ל",false,1,16.90,0.0520,true,1,430074
7290018294208,false,סלקטד אדום ישראלי 75,"כד בני דרום בע""מ",IL,יין אדום ישראלי יבש סלקטד יקבי הכרמל 2020 750 מל,מיליליטרים,750.00,"100 מ""ל",false,1,29.90,0.0399,true,1,361430
7290018294901,false,"מונלייט אדום 750 מ""ל",אגודת הכורמים,IL,"מונלייט אדום 750 מ""ל",מיליליטרים,750.00,"100 מ""ל",false,1,39.90,0.0532,true,1,434665
7290018294918,false,מונלייט סמוק מבעבע 7,אגודת הכורמים,IL,"מונלייט סמוק מבעבע 750 מ""ל",מיליליטרים,750.00,"100 מ""ל",false,1,39.90,0.0532,true,1,434667
7290018309018,false,מקרון בוטיק מארז 6 י,אולה לה,IL,מקרון בוטיק מארז 6 יח 96 גר - חלבי,גרמים,96.00,100 גרם,false,1,29.90,0.3115,true,1,427239
7290018338070,false,חיטת פריקי תבואות  5,תבואות,IL,חיטת פריקי תבואות  500 גרם,גרמים,500.00,100 גרם,false,1,11.90,0.0238,true,1,425687
7290018338544,false,פוסילי מקמח כוסמין ל,פוד סרויס,IT,פוסילי מקמח כוסמין לבן אורגני 500 גרם,גרמים,500.00,100 גרם,false,1,14.90,0.0298,true,1,428299
7290018338568,false,ספגטי מקמח כוסמין לב,פוד סרויס,IT,ספגטי מקמח כוסמין לבן אורגני 500 גרם,גרמים,500.00,100 גרם,false,1,14.90,0.0298,true,1,428301
7290018338803,false,קמח שקד קלוף תבואות,תבואות,US,קמח שקד קלוף תבואות  250 גר,גרמים,250.00,100 גרם,false,1,19.90,0.0796,true,1,426041
7290018344095,false,חטיף חלבון VEG PROTE,טבע ירוק,IL,חטיף חלבון VEG PROTEIN בוטנים מלח 50 גרם,גרמים,50.00,100 גרם,false,1,10.90,0.2180,true,1,436021
7290018344101,false,חטיף חלבון VEG PROTE,טבע ירוק,IL,חטיף חלבון VEG PROTEIN קקאו וקפה 50 גרם,גרמים,50.00,100 גרם,false,1,10.90,0.2180,true,1,436022
7290018344125,false,חטיף חלבון VEG PROTE,טבע ירוק,IL,חטיף חלבון VEG PROTEIN  אגוזי לוז וקקאו,גרמים,50.00,100 גרם,false,1,10.90,0.2180,true,1,436023
7290018359686,false,חומוס ענק יכין 550 ג,"זנלכל בע""מ",IL,יכין חומוס גדול 550 גרם,גרמים,550.00,100 גרם,false,1,8.90,0.0162,true,1,427984
7290018359716,false,רוטב פיצה טוסקנה יכי,"זנלכל בע""מ",IL,רוטב פיצה טוסקנה יכין 240 ג,גרמים,240.00,100 גרם,false,1,5.50,0.0229,true,1,426751
7290018359853,false,עדשים שחורות יכין 40,"זנלכל בע""מ",IL,עדשים שחורות יכין 400גרם,גרמים,400.00,100 גרם,false,1,6.90,0.0173,true,1,427983
7290018371503,false,וופל קמח כוסמין אגוז,"רוקחמן בע""מ",IL,וופל קמח כוסמין אגוזים 200 גרם,גרמים,200.00,100 גרם,false,1,15.90,0.0795,true,1,429087
7290018440070,false,תרכיז עגבניות בשפורפ,בלה איטליה,IT,תרכיז עגבניות בשפורפרת 28  BX 200 גר,גרמים,200.00,100 גרם,false,1,8.90,0.0445,true,1,425120
7290018440193,false,פליפז בייגלה מצופה ח,אולקר מקבוצת פלאדיס,TR,פליפז בייגלה מצופה חמאת בוטנים 140 ג,גרמים,140.00,100 גרם,false,1,7.90,0.0564,true,1,358213
7290018440230,false,צאי ורדים 25 גרם,ויסוצקי,IL,צאי ורדים 25 גרם,גרמים,25.00,100 גרם,false,1,19.90,0.7960,true,1,427833
7290018440247,false,צאי שקדים 25 גרם,ויסוצקי,IL,צאי שקדים 25 גרם,גרמים,25.00,100 גרם,false,1,19.90,0.7960,true,1,427832
7290018440384,false,תה ירוק מאטה לימון נ,ויסוצקי,IL,תה ירוק מאטה בטעם לימון ונענע,גרמים,25.00,100 גרם,false,1,25.90,1.0360,true,1,427829
7290018440391,false,תה ירוק מאטה נענע גו,ויסוצקי,IL,"תה ירוק מאטה, נענע וגוארנה",גרמים,25.00,100 גרם,false,1,25.90,1.0360,true,1,427830
7290018440407,false,תה ירוק מאטה קקאו לו,ויסוצקי,IL,תה ירוק מאטה בטעם קקאו ואגוזי לוז,גרמים,25.00,100 גרם,false,1,25.90,1.0360,true,1,427828
7290018440476,false,פליפז בייגלה מצופה ב,אולקר מקבוצת פלאדיס,TR,פליפז בייגלה מצופה בקרם עוגת גבינה 140 ג,גרמים,140.00,100 גרם,false,1,7.90,0.0564,true,1,428206
7290018440483,false,פליפז בייגלה מצופה ב,אולקר מקבוצת פלאדיס,TR,פליפז בייגלה מצופה בקרמל מלוח ושוקולד 14,גרמים,140.00,100 גרם,false,1,9.90,0.0707,true,1,361024
7290018441626,false,פיינט בן&גריס מנטה ע,מוצרי איכות אמריקאיי,IL,גלידת שמנת בטעם מנטה עם עוגיות בטעם שוקולד 430 גרם,גרמים,430.00,100 גרם,false,1,23.90,0.0556,true,1,428889
7290018468319,false,נקניקיה צמחית בסגנון,טירת צבי,IL,נקניקיה צמחית בסגנון  מדריד טירת צבי 400,גרמים,400.00,100 גרם,false,1,39.90,0.0997,true,1,434634
7290018468326,false,נקניקיה צמחית בסגנון,טירת צבי,IL,נקניקיה צמחית בסגנון  ניו יורק טירת צבי  400 גרם,גרמים,400.00,100 גרם,false,1,39.90,0.0997,true,1,434635
7290018471043,false,ספרינג פירות טרופים,יפאורה תבורי בעמ,IL,"ספרינג פירות טרופיים פחית 330 מ""ל",מיליליטרים,330.00,"100 מ""ל",false,1,5.50,0.0167,true,1,360146
7290018471050,false,ספרינג אגס תפוח סברס,יפאורה תבורי בעמ,IL,"ספרינג אגס תפוח סברס פחית 330 מ""ל",מיליליטרים,330.00,"100 מ""ל",false,1,5.50,0.0167,true,1,360165
7290018471111,false,שוופס ליים מוחיטו 33,יפאורה שותפות מובגלת,IL,שוופס ליים מוחיטו 330 מל,ליטרים,1.50,ליטר,false,1,6.90,4.6000,true,1,359326
7290018471128,false,ספרינג שייק אננס מנג,"יפאורה תבורי בע""מ",IL,"ספרינג שייק אננס מנגו פסיפלורה 330 מ""ל",מיליליטרים,330.00,"100 מ""ל",false,1,9.50,0.0288,true,1,360834
7290018471135,false,ספרינג שייק בננה תמר,"יפאורה תבורי בע""מ",IL,"ספרינג שייק בננה תמר תפוז 330 מ""ל",מיליליטרים,330.00,"100 מ""ל",false,1,9.50,0.0288,true,1,360835
7290018471142,false,ספרינג שייק בננה אננ,"יפאורה תבורי בע""מ",IL,ספרינג שייק בננה אננס קוקוס פירות יער 330 מל,מיליליטרים,330.00,"100 מ""ל",false,1,9.50,0.0288,true,1,280519
7290018471180,false,פרוט & ווג אננס תפוח,יפאורה תבורי בעמ,IL,FRUIT&VEG אננס תפוח גזר 1 ליטר,ליטרים,1.00,ליטר,false,1,14.90,14.9000,true,1,360147
7290018471197,false,פרוט & ווג תפוח בננה,יפאורה תבורי בעמ,IL,FRUIT&VEG תפוח בננה מלון נענע 1 ליטר,ליטרים,1.00,ליטר,false,1,14.90,14.9000,true,1,360148
7290018471302,false,"שוופס טוניק 250 מ""ל",מיוצר עי קונדיטוריית,IL,שוופס מי טוניק 250 מל רביעיה,ליטרים,1.00,ליטר,false,1,23.90,23.9000,true,1,426015
7290018471395,false,פרוט & ווג תפוח רימו,יפאורה תבורי בעמ,IL,FRUIT&VEG תפוח סלק רימון ג'ינג'ר 1 ליטר,ליטרים,1.00,ליטר,false,1,14.90,14.9000,true,1,360150
7290018471401,false,פרוט & ווג אננס בננה,יפאורה תבורי בעמ,IL,FRUIT&VEG אננס בננה כורכום 1 ליטר,ליטרים,1.00,ליטר,false,1,14.90,14.9000,true,1,360151
7290018471449,false,ספרינג שייק בננה תמר,"יפאורה תבורי בע""מ",IL,ספרינג שייק קרטונית בננה תמר תפוז 1 ל',ליטרים,1.00,ליטר,false,1,14.60,14.6000,true,1,360836
7290018471470,false,תפוזינה enjoy נקטר ת,"יפאורה תבורי בע""מ",IL,תפוזינה קרטוניות תפוז-פסיפלורה 1 ל',ליטרים,1.00,ליטר,false,1,8.60,8.6000,true,1,360153
7290018471487,false,תפוזינה enjoy נקטר ת,"יפאורה תבורי בע""מ",IL,תפוזינה קרטוניות תפוז-אננס 1 ל',ליטרים,1.00,ליטר,false,1,8.60,8.6000,true,1,360154
7290018471494,false,תפוזינה enjoy משקה ת,"יפאורה תבורי בע""מ",IL,תפוזינה קרטוניות תפוז-גזר 1 ל',ליטרים,1.00,ליטר,false,1,8.60,8.6000,true,1,360155
7290018471616,false,שוופס טוניק קלאסי 1,"יפאורה תבורי בע""מ",IL,שוופס מי טוניק 1 ליטר,ליטרים,1.00,ליטר,false,1,10.90,10.9000,true,1,433973
7290018471623,false,שוופב טוניק אשכולית,"יפאורה תבורי בע""מ",IL,שוופס טוניק אשכולית וליצ'י 1 ליטר,ליטרים,1.00,ליטר,false,1,10.90,10.9000,true,1,433974
7290018471692,false,ספרינג שייק בננה אננ,"יפאורה תבורי בע""מ",IL,ספרינג שייק קרטונית בננה אננס קוקוס פירות יער 1 ל',ליטרים,1.00,ליטר,false,1,14.60,14.6000,true,1,360838
7290018471906,false,שוופס מוגז לימונדה ו,"יפאורה תבורי בע""מ",IL,שוופס מוגז פירות לימונדה ורודה 1.5 ל',ליטרים,1.50,ליטר,false,1,10.50,7.0000,true,1,428441
7290018471913,false,שוופס מוגז פירות תפו,"יפאורה תבורי בע""מ",IL,שוופס משקה תפוחים מוגז 1.5 ליטר,ליטרים,1.50,ליטר,false,1,10.50,7.0000,true,1,428442
7290018471920,false,שוופס מוגז פירות ענב,"יפאורה תבורי בע""מ",IL,שוופס מוגז פירות ענבים 1.5 ל',ליטרים,1.50,ליטר,false,1,10.50,7.0000,true,1,428443
7290018471937,false,שוופס מוגז פירות תות,"יפאורה תבורי בע""מ",IL,שוופס מוגז פירות תות ליים 1.5 ליטר,ליטרים,1.50,ליטר,false,1,10.50,7.0000,true,1,428444
7290018471944,false,שוופס מוגז לימונייד,"יפאורה תבורי בע""מ",IL,שוופס מוגז פירות לימונייד 1.5 ליטר,ליטרים,1.50,ליטר,false,1,10.50,7.0000,true,1,428445
7290018471951,false,שוופס מוגז פירות אשכ,"יפאורה תבורי בע""מ",IL,שוופס מוגז פירות אשכולית אדומה 1.5 ל',ליטרים,1.50,ליטר,false,1,10.50,7.0000,true,1,428446
7290018500361,false,לחם אחיד פרוס אנגל 9,מאפיית שלמה א. אנגל,IL,לחם אחיד פרוס אנגל 900 גרם,גרמים,900.00,100 גרם,false,1,9.49,0.0105,true,1,434376
7290018516607,false,הורייזן מחית בשר טונ,סאטורן,DE,הורייזן מחית בשר טונה 90 גרם,גרמים,90.00,100 גרם,false,1,9.90,0.1100,true,1,435299
7290018540329,false,פיתה פיתה אנגל בלדי,מאפיית שלמה א. אנג'ל,IL,פיתה פיתה אנגל בלדי 8 יח 880 גרם,גרמים,880.00,100 גרם,false,1,12.90,0.0147,true,1,358584
7290018540817,false,ארטיזנל לחם מחמצת כו,מאפיית אורנים,IL,ארטיזנל לחם מחמצת כוסמין 500גרם,גרמים,500.00,100 גרם,false,1,18.90,0.0378,true,1,428330
7290018540824,false,ארטיזנל לחם מחמצת כפ,מאפיית אורנים,IL,ארטיזנל לחם מחמצת כפרי,גרמים,500.00,100 גרם,false,1,18.90,0.0378,true,1,428331
7290018540831,false,ארטיזנל לחם מחמצת חי,מאפיית אורנים,IL,ארטיזנל לחם מחמצת חיטה מלאה ודגנים500גרם,גרמים,500.00,100 גרם,false,1,18.90,0.0378,true,1,428332
7290018593011,false,פטה שקדים עשבי תיבול,פלנטי,IL,פטה שקדים עשבי תיבול  פלנטי 200 גרם,גרמים,200.00,100 גרם,false,1,29.90,0.1495,true,1,428303
7290018641439,false,ערק פלוס אשכוליות 33,,IL,ערק פלוס אשכוליות 330 מל,מיליליטרים,330.00,"100 מ""ל",false,1,12.90,0.0391,true,1,428045
7290018641446,false,ערק פלוס לימודה 330,,IL,ערק פלוס לימודה 330 מל,מיליליטרים,330.00,"100 מ""ל",false,1,12.90,0.0391,true,1,428046
7290018652190,false,קראנץ בר אימפלס 60גר,גלידות נסטלה,IT,קראנץ בר אימפלס 60גרם,גרמים,60.00,100 גרם,false,1,6.90,0.1150,true,1,429400
7290018652718,false,שלגון מילקה אגוזים 7,נסטלה,PL,שלגון מילקה אגוזים 71גרם,גרמים,71.00,100 גרם,false,1,11.50,0.1620,true,1,429405
7290018652770,false,טילון גולדה 115גרם,גלידות נסטלה,IL,טילון גולדה 115גרם,גרמים,115.00,100 גרם,false,1,10.50,0.0913,true,1,429401
7290018652923,false,מאגדת תות שוקולד עוג,נסטלה,IL,מאגדת תות שוקולד עוגיות 225גרם,גרמים,225.00,100 גרם,false,1,27.90,0.1240,true,1,429408
7290018677070,false,קרם קוקוס 18%אורגני,ש.ר רגע בטבע,IL,קרם קוקוס 18%אורגני טטרה פק 330מל,מיליליטרים,330.00,"100 מ""ל",false,1,11.90,0.0361,true,1,427204
7290018677124,false,גרנולה קראנצי  חמוצי,נוטרה זון,CZ,גרנולה קראנצי  חמוציות ודובדבנים ללא גלוטן וללא תו,גרמים,300.00,100 גרם,false,1,22.90,0.0763,true,1,428389
7290018677155,false,PANERIA תערובת קמחים,נוטרה זון,IT,PANERIA תערובת קמחים רב תכליתי ללג 500גר,גרמים,500.00,100 גרם,false,1,23.90,0.0478,true,1,427200
7290018677162,false,PANERIA תערובת רב תכ,נוטרה זון,IT,PANERIA תערובת רב תכליתית ללג בסיס עמילן,גרמים,500.00,100 גרם,false,1,24.90,0.0498,true,1,427201
7290018703076,false,חטיף חלבון בטעם דאבל,הרת'סייד פוד סולושיי,NL,חטיף חלבון בטעם דאבל שוקולד- 60 גרם,גרמים,60.00,100 גרם,false,1,13.90,0.2317,true,1,428901
7290018704042,false,חציל במיונז על האש מ,קלאס פוד,IL,חציל במיונז על האש משקל,קילוגרמים,1.00,"ק""ג",true,,59.00,59.0000,true,1,425449
7290018704066,false,חציל יווני סלוניקי ע,קלאס פוד,IL,חציל יווני סלוניקי על האש  משקל,קילוגרמים,1.00,"ק""ג",true,,59.00,59.0000,true,1,425452
7290018704172,false,חציל מרוקאי  משקל,קלאס פוד,IL,חציל מרוקאי  משקל,קילוגרמים,1.00,"ק""ג",true,,59.00,59.0000,true,1,429979
7290018704233,false,חציל תאילנדי  משקל,קלאס פוד,IL,חציל תאילנדי  משקל,קילוגרמים,1.00,"ק""ג",true,,59.00,59.0000,true,1,425455
7290018704271,false,מסבחה פקנטי,מונטה קרלו,IL,מסבחה פקנטי,קילוגרמים,1.00,"ק""ג",true,,39.00,39.0000,true,1,429989
7290018704332,false,קישוא בטעם כבד,מונטה קרלו,IL,קישוא בטעם כבד,קילוגרמים,1.00,"ק""ג",true,,77.00,77.0000,true,1,429991
7290018704349,false,שום טרי אנטי פסטי,מונטה קרלו,IL,שום טרי אנטי פסטי,קילוגרמים,1.00,"ק""ג",true,,99.00,99.0000,true,1,430084
7290018704455,false,סלק רצועות,מונטה קרלו,IL,סלק רצועות,קילוגרמים,1.00,"ק""ג",true,,45.00,45.0000,true,1,430086
7290018704523,false,כרוב לבן עם גזר,מונטה קרלו,IL,כרוב לבן עם גזר,קילוגרמים,1.00,"ק""ג",true,,43.00,43.0000,true,1,430091
7290018704547,false,כרוב אדום במיונז,קלאס פוד,IL,כרוב אדום במיונז,קילוגרמים,1.00,"ק""ג",true,,43.00,43.0000,true,1,430092
7290018704561,false,כרוב סיני,קלאס פוד,IL,כרוב סיני,קילוגרמים,1.00,"ק""ג",true,,43.00,43.0000,true,1,430094
7290018704639,false,גזר חריף חי בלימון,מונטה קרלו,IL,גזר חריף חי בלימון,קילוגרמים,1.00,"ק""ג",true,,44.00,44.0000,true,1,430096
7290018704646,false,גזר מרוקאי,מונטה קרלו,IL,גזר מרוקאי,קילוגרמים,1.00,"ק""ג",true,,47.00,47.0000,true,1,430097
7290018704660,false,"פטריות ספרדי   לק""ג",מונטה קרלו,IL,"פטריות ספרדי   לק""ג",קילוגרמים,1.00,"ק""ג",false,1,65.00,65.0000,true,1,435588
7290018704707,false,טבולה  משקל,קלאס פוד,IL,טבולה  משקל,קילוגרמים,1.00,"ק""ג",true,,59.00,59.0000,true,1,429980
7290018704721,false,סלט טורקי,מונטה קרלו,IL,סלט טורקי,קילוגרמים,1.00,"ק""ג",true,,45.00,45.0000,true,1,430104
7290018704776,false,סלט מלפפונים בתחמיץ,מונטה קרלו,IL,סלט מלפפונים בתחמיץ,קילוגרמים,1.00,"ק""ג",true,,45.00,45.0000,true,1,430100
7290018704806,false,סלט ביצים משקל,קלאס פוד,IL,סלט ביצים משקל,קילוגרמים,1.00,"ק""ג",true,,74.00,74.0000,true,1,425461
7290018704813,false,ממרח אבוקדו משקל,קלאס פוד,IL,ממרח אבוקדו משקל,קילוגרמים,1.00,"ק""ג",true,,89.00,89.0000,true,1,425459
7290018704851,false,פלפל מרוקאי  משקל,קלאס פוד,IL,פלפל מרוקאי  משקל,קילוגרמים,1.00,"ק""ג",true,,75.00,75.0000,true,1,425463
7290018704868,false,פלפל אש טוניסאי,מונטה קרלו,IL,פלפל אש טוניסאי,קילוגרמים,1.00,"ק""ג",true,,75.00,75.0000,true,1,430106
7290018708125,false,בארכה חלבה מסולסלת ו,בארכה,IL,בארכה חלבה מסולסלת וניל 250גרם,גרמים,250.00,100 גרם,false,1,17.90,0.0716,true,1,428860
7290018708132,false,בארכה חלבה מסולסלת ש,בארכה,IL,בארכה חלבה מסולסלת שוקו וניל 250גרם,גרמים,250.00,100 גרם,false,1,17.90,0.0716,true,1,428861
7290018720011,false,ביסקוויט קרנבל חיות,הגביע מוצרי וופלים,IL,ביסקוויט קרנבל חיות 250 גרם,גרמים,250.00,100 גרם,false,1,5.90,0.0236,true,1,360878
7290018720028,false,ביסקוויט קרנבל אותיו,הגביע מוצרי וופלים,IL,0,גרמים,250.00,100 גרם,false,1,5.90,0.0236,true,1,360879
7290018724613,false,מאפה טבעוני משה בתיב,הטבעונית של סבתא מזל,IL,מאפה טבעוני משה בתיבה נטורלה  400 גרם,גרמים,400.00,100 גרם,false,1,39.90,0.0997,true,1,435620
7290018724620,false,מאפי פאי סויה טבעונ,הטבעונית של סבתא מזל,IL,מאפי פאי סויה טבעוני נטורלה זוג  460 ג,גרמים,460.00,100 גרם,false,1,49.90,0.1085,true,1,435621
7290018724637,false,מאפי פאי שווארמה טב,הטבעונית של סבתא מזל,IL,מאפי פאי שווארמה טבעוני נטורלה זוג 460,גרמים,460.00,100 גרם,false,1,49.90,0.1085,true,1,435622
7290018724644,false,בורקיטס טבעוני עם גב,הטבעונית של סבתא מזל,IL,בורקיטס טבעוני עם גבינה נטורלה 400 גרם,גרמים,400.00,100 גרם,false,1,39.90,0.0997,true,1,435623
7290018724651,false,בורקיטס טבעוני  עם ג,הטבעונית של סבתא מזל,IL,בורקיטס טבעוני  עם גבינת זיתים נטורלה 40,גרמים,400.00,100 גרם,false,1,39.90,0.0997,true,1,435624
7290018724668,false,שווארמה טבעונית על ב,הטבעונית של סבתא מזל,IL,שווארמה טבעונית על בסיס סויה נטורלה 400,גרמים,400.00,100 גרם,false,1,26.90,0.0672,true,1,435625
7290018777268,false,חטיף חלבון VEG PROTE,טבע ירוק,IL,חטיף חלבון VEG PROTEIN בננה קקאו 50 גרם,גרמים,50.00,100 גרם,false,1,10.90,0.2180,true,1,436024
7290018777275,false,חטיף חלבון VEG PROTE,טבע ירוק,IL,חטיף חלבון VEG PROTEINעוגיות וניל 50 גרם,גרמים,50.00,100 גרם,false,1,10.90,0.2180,true,1,436025
7290018792841,false,אבקת קקאו טבעי גאנה,גאנס לודרס,IL,אבקת קקאו טבעי גאנה 150  גרם,גרמים,150.00,100 גרם,false,1,10.90,0.0727,true,1,435017
7290018848005,false,יין רוזה בפחית 250 מ,דונלי ויני,IT,"יין רוזה בפחית 250 מ""ל",מיליליטרים,250.00,"100 מ""ל",false,1,14.90,0.0596,true,1,429112
7290018848012,false,יין לבן בפחית  250 מ,דונלי ויני,IT,"יין לבן בפחית  250 מ""ל",מיליליטרים,250.00,"100 מ""ל",false,1,14.90,0.0596,true,1,429297
7290018894002,false,בלקוני וופל קוביות ק,בלקוני,IT,בלקוני וופל קוביות קקאו 250 ג,גרמים,250.00,100 גרם,false,1,12.90,0.0516,true,1,429688
7290018894019,false,בלקוני עוגות מיקס מק,בלקוני,IT,בלקוני עוגות מיקס מקס חלב 350 ג,גרמים,350.00,100 גרם,false,1,14.90,0.0426,true,1,429693
7290018894200,false,בלקוני וופל קוביות ו,בלקוני,IT,בלקוני וופל קוביות וניל 250 ג,גרמים,250.00,100 גרם,false,1,12.90,0.0516,true,1,429689
7290018894217,false,בלקוני עוגות מיקס מק,בלקוני,IT,בלקוני עוגות מיקס מקס קקאו 350 ג,גרמים,350.00,100 גרם,false,1,14.90,0.0426,true,1,429694
7290018894408,false,בלקוני וופל קוביות א,בלקוני,IT,בלקוני וופל קוביות אגוזי לוז 250 ג,גרמים,250.00,100 גרם,false,1,12.90,0.0516,true,1,429690
7290018894415,false,בלקוני עוגות טרנצטו,בלקוני,IT,בלקוני עוגות טרנצטו 280 ג,גרמים,280.00,100 גרם,false,1,14.90,0.0532,true,1,429695
7290018894606,false,בלקוני וופל קקאו 175,בלקוני,IT,בלקוני וופל קקאו 175 ג,גרמים,175.00,100 גרם,false,1,8.90,0.0509,true,1,429691
7290018894804,false,בלקוני וופל אגוזי לו,בלקוני,IT,בלקוני וופל אגוזי לוז 175 ג,גרמים,175.00,100 גרם,false,1,8.90,0.0509,true,1,429692
7290018925065,false,מיץ תפוזים סחוט פרימ,גניר,IL,פרימור סחוט מיץ תפוזים 100% 2 ליטר,ליטרים,2.00,ליטר,false,1,28.50,14.2500,true,1,428667
7290018925072,false,מיץ לימון עם נענע סח,השחר,IL,פרימור משקה קל לימונים ונענע 2 ליטר,ליטרים,2.00,ליטר,false,1,28.50,14.2500,true,1,428447
7290018925089,false,מיץ תפוחים צלול פרימ,השחר,IL,מיץ תפוחים 2 ליטר,ליטרים,2.00,ליטר,false,1,28.50,14.2500,true,1,428448
7290018925096,false,משקה קל תפוזים פרימו,השחר,IL,פרימור משקה קל תפוזים ‏5‏.‏1‏ ליטר,ליטרים,1.50,ליטר,false,1,9.50,6.3333,true,1,428449
7290018925102,false,משקה קל ענבים פרימור,השחר,IL,פרימור משקה קל ענבים ‏5‏.‏1‏ ליטר,ליטרים,1.50,ליטר,false,1,9.50,6.3333,true,1,428450
7290018925133,false,משקה קל מנגו פרימור,השחר,IL,פרימור משקה קל מנגו ‏5‏.‏1‏ ליטר,ליטרים,1.50,ליטר,false,1,9.50,6.3333,true,1,428453
7290018925140,false,משקה קל אשכולית פרימ,השחר,IL,פרימור משקה קל אשכולית ‏5‏.‏1‏ ליטר,ליטרים,1.50,ליטר,false,1,9.50,6.3333,true,1,428454
7290018925157,false,משקה קל לימונים פרימ,השחר,IL,פרימור משקה קל לימונים 1.5 ליטר,ליטרים,1.50,ליטר,false,1,9.50,6.3333,true,1,428455
7290018925164,false,משקה קל תות בננה פרי,השחר,IL,פרימור משקה קל תות בננה ‏5‏.‏1‏ ליטר,ליטרים,1.50,ליטר,false,1,9.50,6.3333,true,1,428456
7290018949009,false,משקה קל מוגז גרופר ת,,IL,משקה קל מוגז גרופר תפוזזה 330 מל,מיליליטרים,330.00,"100 מ""ל",false,1,7.90,0.0239,true,1,428047
7290018949016,false,משקה קל מוגז גרופר ת,,IL,משקה קל מוגז גרופר תפוחחה 330 מל,מיליליטרים,330.00,"100 מ""ל",false,1,7.90,0.0239,true,1,428048
7290018949023,false,משקה קל מוגז גרופר ל,,IL,משקה קל מוגז גרופר לימוננדה 330 מל,מיליליטרים,330.00,"100 מ""ל",false,1,7.90,0.0239,true,1,428049
7290019003007,false,תירס מתוק במיוחד,ביכורי שדה דרום,IL,תירס מתוק במיוחד,יחידה,1.00,יחידה,false,1,19.90,19.9000,true,1,434942
7290019003014,false,תירס לבן מתוק במיוחד,ביכורי שדה דרום,IL,תירס לבן מתוק במיוחד,גרמים,800.00,100 גרם,false,1,19.90,0.0249,true,1,434084
7290019003038,false,דלעת חתוכה שדות בעמק,חקלאי,IL,דלעת חתוכה שדות בעמק,יחידה,1.00,יחידה,false,1,14.90,14.9000,true,1,434979
7290019003199,false,גינגר שדות בעמק,חקלאי,IL,גינגר שדות בעמק,יחידה,1.00,יחידה,false,1,12.90,12.9000,true,1,434984
7290019003328,false,למון גראס  שדות בעמק,חקלאי,IL,למון גראס  שדות בעמק,יחידה,1.00,יחידה,false,1,12.90,12.9000,true,1,434993
7290019003465,false,אייסברג חתוכה שטופה,חקלאי,IL,אייסברג חתוכה שטופה 300גרם שדות בעמק,גרמים,300.00,100 גרם,false,1,15.90,0.0530,true,1,435002
7290019003472,false,גזר חתוך דק שטוף 250,חקלאי,IL,גזר חתוך דק שטוף 250 גרם שדות בעמק,גרמים,250.00,100 גרם,false,1,9.90,0.0396,true,1,435003
7290019003489,false,כרוב לבן קצוץ שטוף 4,חקלאי,IL,כרוב לבן קצוץ שטוף 400 גרם שדות בעמק,גרמים,400.00,100 גרם,false,1,14.90,0.0373,true,1,435004
7290019003496,false,לבבות קיסר  שדות בעמ,חקלאי,IL,לבבות קיסר  שדות בעמק,יחידה,1.00,יחידה,false,1,14.90,14.9000,true,1,435005
7290019003519,false,לקט קולסלאו חתוך שטו,חקלאי,IL,לקט קולסלאו חתוך שטוף 400 גרם שדות בעמק,גרמים,400.00,100 גרם,false,1,13.90,0.0348,true,1,435007
7290019003526,false,לקט קסם השדה חתוך שט,חקלאי,IL,לקט קסם השדה חתוך שטוף 350 גרם שדות בעמק,גרמים,350.00,100 גרם,false,1,16.90,0.0483,true,1,435008
7290019003540,false,מיקס צבעי הטבע חתוך,חקלאי,IL,מיקס צבעי הטבע חתוך שטוף 350 גרם שדות בע,גרמים,350.00,100 גרם,false,1,16.90,0.0483,true,1,435010
7290019056027,false,שוופס מוגז פירות ללס,"יפאורה תבורי בע""מ",IL,שוופס מוגז פירות NO SUGAR תפוח 1.5 ל',ליטרים,1.50,ליטר,false,1,10.50,7.0000,true,1,428457
7290019056034,false,שוופס מוגז פירות אננ,יפאורה תבורי,IL,שוופס מוגז פירות NO SUGAR אננס 1.5 ל',ליטרים,1.50,ליטר,false,1,10.50,7.0000,true,1,428458
7290019056041,false,שוופס מ.פירות לימוני,יפאורה תבורי,IL,שוופס ללא סוכר לימונייד 1.5 ליטר,ליטרים,1.50,ליטר,false,1,10.50,7.0000,true,1,428459
7290019056065,false,שוופס מוגז עדין פירו,"יפאורה תבורי בע""מ",IL,שוופס מוגז עדין פירות יער 1.5 ל',ליטרים,1.50,ליטר,false,1,10.00,6.6667,true,1,428461
7290019056072,false,שוופס מוגז עדין אננס,יפאורה תבורי בעמ,IL,שוופס מוגז עדין אננס 1.5 ל',ליטרים,1.50,ליטר,false,1,10.50,7.0000,true,1,428462
7290019056096,false,שוופס מוגז עדין אפרס,"יפאורה תבורי בע""מ",IL,שוופס מוגז עדין אפרסק 1.5 ל',ליטרים,1.50,ליטר,false,1,10.50,7.0000,true,1,428464
7290019056119,false,סודה שוופס 1.5 ליטר,"יפאורה תבורי בע""מ",IL,סודה שוופס 1.5 ליטר,ליטרים,1.50,ליטר,false,1,4.20,2.8000,true,1,428465
7290019056126,false,סודה שוופס לימון 1.5,"יפאורה תבורי בע""מ",IL,שוופס סודה לימון 1.5 ל',ליטרים,1.50,ליטר,false,1,4.20,2.8000,true,1,428466
7290019056133,false,סודה שוופס נענע ליים,"יפאורה תבורי בע""מ",IL,שוופס סודה נענע ליים 1.5 ל',ליטרים,1.50,ליטר,false,1,4.20,2.8000,true,1,428467
7290019056164,false,סודה שוופס רביעייה ב,"יפאורה תבורי בע""מ",IL,סודה שוופס רביעייה בקבוק 1.5 ליטר,ליטרים,6.00,ליטר,false,4,11.10,1.8500,true,1,428469
7290019056232,false,שוופס ליים מוחיטו 1.,"יפאורה תבורי בע""מ",IL,שוופס מוחיטו 1.5 ל',ליטרים,1.50,ליטר,false,1,10.50,7.0000,true,1,428474
7290019056256,false,מים שוופס בטעם תפוח,יפאורה תבורי בעמ,IL,שוופס water תפוח 1.5 ל',ליטרים,1.50,ליטר,false,1,9.90,6.6000,true,1,428476
7290019056270,false,מים שוופס בטעם פירות,"יפאורה תבורי בע""מ",IL,שוופס water פירות יער 1.5 ל',ליטרים,1.50,ליטר,false,1,9.90,6.6000,true,1,428478
7290019056294,false,שוופס גינגר בקבוק 1.,"יפאורה תבורי בע""מ",IL,שוופס ג'ינג'ר אייל 1.5 ל',ליטרים,1.50,ליטר,false,1,15.90,10.6000,true,1,428480
7290019056300,false,שוופס ביטר לימון בקב,"יפאורה תבורי בע""מ",IL,שוופס ביטר למון 1.5 ל',ליטרים,1.50,ליטר,false,1,15.90,10.6000,true,1,428481
7290019056317,false,שוופס ראשן בקבוק 1.5,"יפאורה תבורי בע""מ",IL,שוופס ראשן 1.5 ל',ליטרים,1.50,ליטר,false,1,15.90,10.6000,true,1,428482
7290019056324,false,שוופס מי טוניק בקבוק,"יפאורה תבורי בע""מ",IL,שוופס טוניק 1.5 ל',ליטרים,1.50,ליטר,false,1,15.90,10.6000,true,1,428483
7290019056331,false,שוופס טוניק ללא סוכר,יפאורה תבורי בעמ,IL,שוופס מי טוניק ללא סוכר 1.5 ליטר,ליטרים,1.50,ליטר,false,1,15.90,10.6000,true,1,428484
7290019056508,false,משקה פרוט ווטר ענבים,"יפאורה תבורי בע""מ",IL,Fruit Water ענבים 1.5 ל',ליטרים,1.50,ליטר,false,1,10.90,7.2667,true,1,428499
7290019056515,false,משקה פרוט ווטר אננס,"יפאורה תבורי בע""מ",IL,Fruit Water אננס 1.5 ל',ליטרים,1.50,ליטר,false,1,10.90,7.2667,true,1,428500
7290019056522,false,משקה פרוט ווטר תות 1,"יפאורה תבורי בע""מ",IL,Fruit Water תות 1.5 ל',ליטרים,1.50,ליטר,false,1,10.90,7.2667,true,1,428501
7290019056539,false,משקה פרוט ווטר אפרסק,"יפאורה תבורי בע""מ",IL,Fruit Water אפרסק 1.5 ל',ליטרים,1.50,ליטר,false,1,10.90,7.2667,true,1,428502
7290019056546,false,משקה פרוט ווטר אבטיח,"יפאורה תבורי בע""מ",IL,Fruit Water אבטיח 1.5 ל',ליטרים,1.50,ליטר,false,1,10.90,7.2667,true,1,428503
7290019056553,false,מים עין גדי שישייה 2,עין גדי מים מינרליים,IL,מים עין גדי שישייה 2 ליטר,ליטרים,12.00,ליטר,false,6,13.80,1.1500,true,1,428504
7290019056560,false,מים עין גדי בקבוק 2,יפאורה,IL,מים עין גדי בקבוק 2 ליטר,ליטרים,2.00,ליטר,false,1,4.20,2.1000,true,1,428505
7290019056621,false,ספרינג פירות קיץ טרו,"יפאורה תבורי בע""מ",IL,ספרינג פירות טרופיים 1.5 ל',ליטרים,1.50,ליטר,false,1,11.50,7.6667,true,1,428511
7290019056676,false,ספרינג אשכוליות אננס,"יפאורה תבורי בע""מ",IL,ספרינג לייט אשכוליות אננס  1.5 ל',ליטרים,1.50,ליטר,false,1,11.50,7.6667,true,1,428516
7290019056881,false,סודה שוופס 1.5 ליטר,"כד בני דרום בע""מ",IL,סודה שוופס 1.5 ליטר,ליטרים,1.50,ליטר,false,1,4.20,2.8000,true,1,428710
7290019056942,false,מים עין גדי בקבוק 2,יפאורה,IL,מים עין גדי בקבוק 2 ליטר,ליטרים,2.00,ליטר,false,1,4.20,2.1000,true,1,428679
7290019056959,false,מי עדן בקבוק 1.5 ליט,מופק ממקור בזלתי עדן,IL,מי עדן בקבוק 1.5 ליטר,ליטרים,1.50,ליטר,false,1,3.20,2.1333,true,1,428518
7290019056973,false,מי עדן שישייה בקבוק,מופק ממקור בזלתי עדן,IL,שישיית מים  1.5  ליטר  משפחתי,ליטרים,9.00,ליטר,false,6,14.90,1.6556,true,1,428519
7290019153313,false,פרוט אנד ווג תפוח חמ,יפאורה תבורי בעמ,IL,פרוט אנד ווג תפוח חמוציות אוכמניות 350,מיליליטרים,350.00,"100 מ""ל",false,1,8.90,0.0254,true,1,430346
7290019153344,false,תפוזינה סנגרייה 1.5,יפאורה,IL,תפוזינה סנגרייה 1.5 ליטר,ליטרים,1.50,ליטר,false,1,11.50,7.6667,true,1,434369
7290019153351,false,תפוזינה פינק אוזו 1.,יפאורה,IL,תפוזינה פינק אוזו 1.5 ליטר,ליטרים,1.50,ליטר,false,1,11.50,7.6667,true,1,434370
7290019153375,false,תפוזינה מוחיטו 1.5 ל,יפאורה,IL,תפוזינה מוחיטו 1.5 ליטר,ליטרים,1.50,ליטר,false,1,11.50,7.6667,true,1,434371
7290019153382,false,תפוזינה סנגרייה 330,יפאורה,IL,"תפוזינה סנגרייה 330 מ""ל",מיליליטרים,330.00,"100 מ""ל",false,1,5.90,0.0179,true,1,434372
7290019153399,false,תפוזינה פינק אוזו 33,יפאורה,IL,"תפוזינה פינק אוזו 330 מ""ל",מיליליטרים,330.00,"100 מ""ל",false,1,5.90,0.0179,true,1,434373
7290019196204,false,רביעיית טונה הספן בש,תעשיות פילטונה,IL,רביעיית טונה הספן בשמן קנולה   540גרם,גרמים,540.00,100 גרם,false,4,19.90,0.0369,true,1,429724
7290019232834,false,בייגלה מצופה קרם עוג,אולקר מקבוצת פלאדיס,TR,בייגלה מצופה קרם עוגיות ושוקולד 140 גרם,גרמים,140.00,100 גרם,false,1,8.90,0.0636,true,1,430317
7290019233046,false,זית קלמטה בלונד קלמט,זיתא,IL,זית קלמטה בלונד קלמטה מרינד זיתא 215 גרם,גרמים,215.00,100 גרם,false,1,13.90,0.0647,true,1,428958
7290019297239,false,צימוק כהה 330 גרם,"דין שיווק וקליה בע""מ",,צימוק כהה 330 גרם,גרמים,330.00,100 גרם,false,1,12.90,0.0391,true,1,390060
7290019297451,false,"מי ורדים 500 מ""ל",אף.סי תבליני בגליל ב,BE,שקדיה מי ורדים 500 מל,מיליליטרים,500.00,"100 מ""ל",false,1,15.90,0.0318,true,1,400113
7290019297628,false,שקד טבעי  150 גרם,דין שיווק,IL,שקד טבעי  150 גרם,גרמים,150.00,100 גרם,false,1,15.90,0.1060,true,1,361578
7290019297635,false,שקדים קלויים ששון הק,דין שיווק,IL,שקדים קלויים ששון הקולה 150 גרם,גרמים,150.00,100 גרם,false,1,17.90,0.1193,true,1,361579
7290019297642,false,גרעין שחור קלוי ללא,דין שיווק,IL,גרעין שחור קלוי ללא מלח 150 גר ששון,גרמים,150.00,100 גרם,false,1,5.90,0.0393,true,1,427588
7290019303657,false,פינוקיות שומשום -  מ,טבע ירוק,IL,פינוקיות שומשום -  מיקס בריאות 250 גרם,גרמים,250.00,100 גרם,false,1,17.90,0.0716,true,1,436026
7290019303701,false,פינוקיות שומשום - מי,טבע ירוק,IL,פינוקיות שומשום - מיקס ישראלי 250 גרם,גרמים,250.00,100 גרם,false,1,17.90,0.0716,true,1,436027
7290019303756,false,פינוקיות שומשום וגרע,טבע ירוק,IL,פינוקיות שומשום וגרעינים  250 גרם,גרמים,250.00,100 גרם,false,1,17.90,0.0716,true,1,436028
7290019303800,false,פינוקיות שומשום עם ש,טבע ירוק,IL,פינוקיות שומשום עם שקדים וחמוציות 250 גר,גרמים,250.00,100 גרם,false,1,17.90,0.0716,true,1,436029
7290067642005,false,בירה גולדסטאר SLOW B,טמפו,IL,גולדסטאר 10% בירה לאגר חזקה מאוד,מיליליטרים,330.00,"100 מ""ל",false,1,9.50,0.0288,true,1,326040
7290100240137,false,למייבש כביסה בדין,"זוהר דליה,",IL,בדין תרסיס ריחני למייבש הכביסה,מיליליטרים,500.00,"100 מ""ל",false,1,19.90,0.0398,true,1,371483
7290100240144,false,למייבש כביסה בדין,זוהר דליה,IL,בדין תרסיס ריחני למייבש הכביסה,מיליליטרים,500.00,"100 מ""ל",false,1,19.90,0.0398,true,1,371484
7290100240632,false,פתית 6 דגנים 250 גרם,יוניליוור ישראל מזון,IL,פתיתי 6 דגנים קרקר פריך מ6 דגנים,גרמים,250.00,100 גרם,false,1,18.20,0.0728,true,1,298308
7290100240656,false,פתית שיפון,יוניליוור ישראל מזון,IL,פתית שיפון קרקר פריך משיפון ללא תוספת מלח וסוכר,גרמים,300.00,100 גרם,false,1,18.20,0.0607,true,1,298309
7290100243671,false,מרכך כביסה בדין אקסט,יונילוור,TR,בדין מרכך כביסה אקסטרה בניחוח יסמין מרענן,מיליליטרים,960.00,"100 מ""ל",false,1,19.90,0.0207,true,1,295437
7290100245231,false,מרק נמס בכוס ועוד עו,יוניליוור ישראל מזון,IL,קנור נמס בכוס טעם עוף עם שקדי מרק ואטריות 50 גרם,גרמים,50.00,100 גרם,false,1,7.50,0.1500,true,1,297044
7290100249598,false,רוטב שום ודבש קנור 3,יוניליוור ישראל מזון,IL,רוטב לעוף שום ודבש קנור,גרמים,320.00,100 גרם,false,1,13.90,0.0434,true,1,300301
7290100249659,false,רוטב לעוף צילי שום ק,יוניליוור ישראל מזון,IL,רוטב לעוף צ'ילי מתוק ושום קנור,גרמים,320.00,100 גרם,false,1,13.90,0.0434,true,1,300304
7290100653586,false,דאודורנט ליידי ספיד,קולגייט פלמוליב,US,דאודורנט ליידי ספיד סטיק 24/7 גל פרש פיוזן 65 גרם,גרמים,65.00,100 גרם,false,1,19.90,0.3062,true,1,289559
7290100659090,false,מאגדת חטיף דגנים תמר,טבעית מוצרים מן הטבע,IL,"פרי חטיף דגנים תמרים וקינמון, 5 חטיפים, 110 גרם",גרמים,110.00,100 גרם,false,1,16.90,0.1536,true,1,290313
7290100680650,false,מנה חמה נודלס תאילנד,THAI PRESIDENT FOODS,TH,מנה חמה נודל.+ירקות תאילנדי6 6*76גרם,גרמים,76.00,100 גרם,false,1,6.90,0.0908,true,1,289333
7290100680667,false,מנה חמה נודלס סצואן,THAI PRESIDENT FOODS,TH,מנה חמה נודלס+ירקות ט.סצ'ואן6 6*76גרם,גרמים,76.00,100 גרם,false,1,6.90,0.0908,true,1,289334
7290100680711,false,פירורית זהב 350 גר,עינת תעשיות,IL,אסם פירורית זהב 12*350גרם,גרמים,350.00,100 גרם,false,1,8.90,0.0254,true,1,369042
7290100680728,false,פירורית רגילה,"אסם השקעות בע""מ",IL,אסם פירורית 20*350גרם,גרמים,350.00,100 גרם,false,1,7.60,0.0217,true,1,369043
7290100681015,false,פודינג ריבת חלב,"אסם השקעות בע""מ",IL,אסם פודינג אינסטנט ריבת חלב 12*84גרם,גרמים,84.00,100 גרם,false,1,5.90,0.0702,true,1,368619
7290100684764,false,במבה יום הולדת על סר,"אסם השקעות בע""מ",IL,במבה יום הולדת סרט6 8*25גרם,גרמים,25.00,100 גרם,false,1,2.50,0.1000,true,1,431001
7290100685136,false,מרק טעם עוף,"אסם השקעות בע""מ",IL,אסם מרק טעם עוף 8*1קג,קילוגרמים,1.00,"ק""ג",false,1,16.20,16.2000,true,1,369513
7290100685334,false,מרק עוף אמיתי ר.טבעי,"אסם השקעות בע""מ",IL,אסם מרק עוף רכיבים טבעיים בדצ6*400גרם,גרמים,400.00,100 גרם,false,1,27.90,0.0697,true,1,292551
7290100685341,false,אבקת מרק טעם עוף 400,"אסם השקעות בע""מ",IL,אסם מרק זך טעם עוף רכיבים טבעים 6*400ג,גרמים,400.00,100 גרם,false,1,19.90,0.0497,true,1,290956
7290100685600,false,פירורית זהב חיטה מלא,עינת תעשיות,IL,אסם פירורית זהב חיטה מלאה 12*200גרם,גרמים,200.00,100 גרם,false,1,7.50,0.0375,true,1,369991
7290100685938,false,עוגת הבית דבש ותפוח,"אסם השקעות בע""מ",IL,הבית עוגת דבש ותפוח עץ 8*400גרם,גרמים,400.00,100 גרם,false,1,19.90,0.0497,true,1,290952
7290100687109,false,במבה במילוי נוגט,"אסם השקעות בע""מ",IL,במבה במילוי נוגט 60 גרם,גרמים,60.00,100 גרם,false,1,4.90,0.0817,true,1,293963
7290100689301,false,מרק טעם עוף זך עדיף,"אסם השקעות בע""מ",IL,אסם עדיף זך טעם עוף 6*400גרם,גרמים,400.00,100 גרם,false,1,18.70,0.0467,true,1,371748
7290100700020,false,גריסי פנינה 500 גרם,"סוגת תעשיות בע""מ",IL,גריסי פנינה 500 גרם,גרמים,500.00,100 גרם,false,1,5.90,0.0118,true,1,289302
7290100700075,false,פירורי לחם מוזהבים ס,"סוגת תעשיות בע""מ",IL,פירורי לחם מוזהבים סוגת 200 גרם,גרמים,200.00,100 גרם,false,1,4.20,0.0210,true,1,311292
7290100700242,false,"אורז עגול מלא 1 ק""ג","סוגת תעשיות בע""מ",IL,אורז מלא עגול 1 קג,קילוגרמים,1.00,"ק""ג",false,1,11.90,11.9000,true,1,304558
7290100700273,false,קינואה סוגת 500 גרם,"סוגת תעשיות בע""מ",IL,קינואה 500 גרם,גרמים,500.00,100 גרם,false,1,15.90,0.0318,true,1,297046
7290100700372,false,אורז בסמטי מלא סוגת,"סוגת תעשיות בע""מ",IL,אורז בסמטי מלא 1 קג,קילוגרמים,1.00,"ק""ג",false,1,16.90,16.9000,true,1,295868
7290100700396,false,"אורז יסמין סוגת 1 ק""","סוגת תעשיות בע""מ",IL,אורז יסמין קלאסי,קילוגרמים,1.00,"ק""ג",false,1,13.90,13.9000,true,1,304547
7290100700587,false,בורגול סוגת 500 גרם,"סוגת תעשיות בע""מ",IL,בורגול 500 גרם,גרמים,500.00,100 גרם,false,1,5.90,0.0118,true,1,298550
7290100701331,false,"קמח רב תכליתי 1 ק""ג","שטיבל בע""מ - טחנות ק",IL,קמח רב תכליתי +1,קילוגרמים,1.00,"ק""ג",false,1,7.90,7.9000,true,1,303551
7290100701454,false,גרישה 500 גרם,"סוגת תעשיות בע""מ",IL,גרישה 500 גרם,גרמים,500.00,100 גרם,false,1,5.90,0.0118,true,1,300654
7290100701874,false,"קמח כוסמין מלא 1ק""ג",טחנות קמח שטיבל באר,IL,קמח כוסמין מלא + 14,קילוגרמים,1.00,"ק""ג",false,1,17.90,17.9000,true,1,324755
7290100701881,false,"קמח פיצה 1 ק""ג - סוג","שטיבל בע""מ - טחנת קמ",IL,"קמח פיצה 1 ק""ג - סוגת",קילוגרמים,1.00,"ק""ג",false,1,7.90,7.9000,true,1,303387
7290100702253,true,שמרים יבשים בפחית סו,אייבי מאורי,IT,סוגת שמרים יבשים 100 גרם,גרמים,100.00,100 גרם,false,1,9.90,0.0990,true,1,408227
7290100703007,false,עדשים שחורות בלוגה 5,"סוגת תעשיות בע""מ",IL,עדשים שחורות בלוגה,גרמים,500.00,100 גרם,false,1,8.90,0.0178,true,1,324499
7290100703533,false,קמח קסם שמרים סוגת 1,טחנות קמח שטיבל באר,IL,שמרים רב תכליתי,קילוגרמים,1.00,"ק""ג",false,1,9.90,9.9000,true,1,399693
7290100704066,false,עדשים צהובות 500 גרם,"סוגת תעשיות בע""מ",IL,עדשים צהובות 500 גרם,גרמים,500.00,100 גרם,false,1,8.90,0.0178,true,1,345079
7290100704141,false,סודה לשתייה 100 גרם,א.ל. ייצור ושיווק תב,IL,סודה לשתיה 100 גרם,גרמים,100.00,100 גרם,false,1,3.30,0.0330,true,1,347041
7290100704493,false,קמח שמרים פיצה  סוגת,"שטיבל בע""מ - טחנת קמ",IL,קמח שמרים פיצה,קילוגרמים,1.00,"ק""ג",false,1,9.90,9.9000,true,1,433820
7290100704530,false,קמח כוסמין לבן ללא צ,טחנות קמח שטיבל באר,IL,קמח כוסמין לבן ללא ניפוי,קילוגרמים,1.00,"ק""ג",false,1,16.90,16.9000,true,1,433818
7290100704660,false,קינואה מיקס  סוגת 50,"סוגת תעשיות בע""מ",IL,קינואה מיקס  סוגת 500גרם,גרמים,500.00,100 גרם,false,1,15.90,0.0318,true,1,360580
7290100850916,false,דוריטוס חמוץ חריף 70,"שטראוס פריטו ליי בע""",IL,דוריטוס חמוץ חריף 70 גר 48 יח,גרמים,70.00,100 גרם,false,1,3.90,0.0557,true,1,288881
7290100850923,false,דוריטוס גריל 70 גרם,שטראוס פריטו ליי  בע,IL,דוריטוס גריל 70 גר 48 יח,גרמים,70.00,100 גרם,false,1,3.90,0.0557,true,1,288882
7290100850930,false,דוריטוס טבעי 70 גרם,שטראוס פריטו ליי  בע,IL,דוריטוס טבעי 70 גר 48 יח,גרמים,70.00,100 גרם,false,1,3.90,0.0557,true,1,288883
7290100858592,false,אבקת קקאו עלית 150 ג,שטראוס קפה בי.וי.,IL,שקית קקאו 150גרם/20שק/150גר,גרמים,150.00,100 גרם,false,1,11.80,0.0787,true,1,291580
7290100858608,false,אבקת קקאו,שטראוס גרופ,,אבקת קקאו 500 גרם,גרמים,500.00,100 גרם,false,1,26.90,0.0538,true,1,370201
7290101486688,false,מאגדת חטיף דגנים עם,טבעית מוצרים מן הטבע,IL,FREEמאגדת חטיף דגנים עם שוקולד 100 גרם,גרמים,100.00,100 גרם,false,1,16.90,0.1690,true,1,292852
7290101551027,false,קפסולות קפה אספרסו 1,שטראוס קפה בי.וי,IL,קפסולות 14 למכונות נספרסו,גרמים,50.00,100 גרם,false,1,16.90,0.3380,true,1,348005
7290101551300,false,סילאן לחיץ יד מרדכי,"פוליבה בע""מ",IL,סילאן טבעי לחיץ 380 גרם,גרמים,380.00,100 גרם,false,1,16.90,0.0445,true,1,347467
7290101551539,true,דנונה פרו 20 גרם בטע,"שטראוס בריאות בע""מ",IL,דנונה פרו 20 גר אפרסק 0% שומן,גרמים,200.00,100 גרם,false,1,5.90,0.0295,true,1,346385
7290101551584,false,מארז תפוציפס קידס 10,"שטראוס פריטו ליי בע""",IL,מ. תפו קידס 10*20 גר 9 יח,גרמים,200.00,100 גרם,false,1,14.90,0.0745,true,1,418508
7290101864127,false,קליה אוקסי ספריי,רקיט בנקיזר,IL,"ספריי מסיר כתמים וניש קליה 750 מ""ל",מיליליטרים,750.00,"100 מ""ל",false,1,17.90,0.0239,true,1,296650
7290101866633,false,"ג""ל להסרת כתמים קליה",רקיט בנקיזר,IL,מסיר כתמים ג'ל וניש קליה 3 ליטר,ליטרים,3.00,ליטר,false,1,26.90,8.9667,true,1,301920
7290101869702,true,גל למדיח,רקיט בנקיזר,PL,"ג'ל למדיח כלים פיניש All in 1 בניחוח  600 מ""ל",מיליליטרים,600.00,"100 מ""ל",false,1,29.90,0.0498,true,1,392485
7290101869719,false,גל למדיח,רקיט בנקיזר,PL,"פיניש AIO ג""ל 600 מל לימון",מיליליטרים,600.00,"100 מ""ל",false,1,29.90,0.0498,true,1,392486
7290101980919,false,ביצי שוקולד מארז שלי,זאיני,,ביצי שוקולד מארז שלישייה 60 גרם,גרמים,60.00,100 גרם,false,1,12.90,0.2150,true,1,293504
7290101985433,false,הפתעות לימי הולדת,NOVELTY,,הפתעות לימי הולדת,יחידה,1.00,יחידה,false,1,6.70,6.7000,true,1,308469
7290101999638,false,נרות מטה כוכבים הלו,סודי,,נרות מטה כוכבים הלו קיטי,Unknown,0.00,Unknown,false,1,6.90,0.0000,true,1,315734
7290101999645,false,נרות מטה כוכבים פו,סודי,,נרות מטה כוכבים פו,Unknown,0.00,Unknown,false,1,6.90,0.0000,true,1,394161
7290102030330,false,תפוציפס קראנץ מקסיקנ,"שטראוס פריטו ליי בע""",IL,תפו קראנצ מקסיקני 200 גר 12 יח - שמיטה,גרמים,200.00,100 גרם,false,1,9.90,0.0495,true,1,292595
7290102300822,false,גבינת צדר אנגלית כתו,יוליניבר,,גבינת צדר אנגלית כתומה 200 גרם נני,גרמים,200.00,100 גרם,false,1,24.90,0.1245,true,1,303603
7290102300860,false,גבינת צדר אנגלית 200,יוליניבר,,גבינת צדר אנגלית 200 גרם נני,גרמים,200.00,100 גרם,false,1,24.90,0.1245,true,1,303617
7290102300884,false,גבינת צדר אנגלית,,,גבינת צדר אנגלית כתומה מעדנייה,קילוגרמים,1.00,"ק""ג",true,,149.00,149.0000,true,1,383410
7290102302246,false,גבינת גאודה 200 גרם,מיוצר עי קונדיטוריית,NL,גבינת גאודה נני 200 גרם,גרמים,200.00,100 גרם,false,1,27.90,0.1395,true,1,328436
7290102302253,false,גבינת גאודה עיזים  2,מיוצר עי קונדיטוריית,NL,גבינת גאודה עיזים  נני 200 גרם,גרמים,200.00,100 גרם,false,1,32.90,0.1645,true,1,328437
7290102302833,false,גבינת גאודה פרוסה  ש,קאסמאקרי הנרי ויליך,NL,גבינת גאודה פרוסה  של נני 150 גרם,גרמים,150.00,100 גרם,false,1,21.90,0.1460,true,1,354399
7290102302864,false,גאודה פסטו ירוק 200,הנרי ויליך,NL,גאודה פסטו ירוק 200 גרם,גרמים,200.00,100 גרם,false,1,34.90,0.1745,true,1,354402
7290102302888,false,גאודה כמון 200 גרם,מיוצר עי קונדיטוריית,NL,גאודה כמון 200 גרם,גרמים,200.00,100 גרם,false,1,33.90,0.1695,true,1,354404
7290102304721,false,גבינת טרמנדס כמהין 1,הנרי ויליך,NL,גבינת טרמנדס כמהין 180 גרם,גרמים,180.00,100 גרם,false,1,46.90,0.2606,true,1,429779
7290102304769,false,גבינת מימולט מיושנת,איסיני סנט מר,FR,גבינת מימולט מיושנת 210 גרם,גרמים,210.00,100 גרם,false,1,42.90,0.2043,true,1,429782
7290102390427,false,יוגורט מולר פרופ תות,טרה,,יוגורט מולר פרופ תות 150 גרם,גרמים,150.00,100 גרם,false,1,5.50,0.0367,true,1,293609
7290102390465,false,יוגורט מולר פרופ אפר,טרה,,יוגורט מולר פרופ אפרסק פסיפלורה 150 גרם,גרמים,150.00,100 גרם,false,1,5.50,0.0367,true,1,293611
7290102390489,false,יוגורט מולר פרופ לימ,טרה,,יוגורט מולר פרופ לימון 150 גרם,גרמים,150.00,100 גרם,false,1,5.50,0.0367,true,1,293613
7290102391844,false,יוגורט מולר פרופ פיר,טרה,,יוגורט מולר פרופ פירות יער 150 גרם,גרמים,150.00,100 גרם,false,1,5.50,0.0367,true,1,294901
7290102392049,false,גבינה תבור       5%,משק צוריאל,IL,משק צוריאל תבור 5% שומן גבינה מחלב בקר 500 גרם,גרמים,500.00,100 גרם,false,1,25.90,0.0518,true,1,373693
7290102392094,false,חלב עיזים 1 ליטר קרט,מילקו תעשיות בעמ,IL,חלב עיזים בקרטון 1 ליטר,ליטרים,1.00,ליטר,false,1,15.90,15.9000,true,1,295681
7290102392728,false,יוגרוט מולר ביאנקו 2,"טרה, פארק תעשיות בע""",IL,"מולייר, יוגורט bio 2.8%  שומן",גרמים,200.00,100 גרם,false,1,3.90,0.0195,true,1,297211
7290102393039,false,יוגורט מולר מיקס פצפ,טרה,IL,Muller mix פצפוצי שוקולד,גרמים,170.00,100 גרם,false,1,5.90,0.0347,true,1,298225
7290102393060,false,יוגורט קרם אגוזים מו,טרה,IL,Muller mix גליליות קרם אגוזים,גרמים,170.00,100 גרם,false,1,5.90,0.0347,true,1,298226
7290102393169,false,יוגורט מולר סימפלי פ,טרה,IL,מולר יוגורט ביו עם תות שדה 3% שומן 150 גרם,גרמים,150.00,100 גרם,false,1,5.20,0.0347,true,1,300043
7290102393176,false,יוגורט מולר סימפלי פ,מילקו תעשיות בעמ,IL,יוגורט מולר סימפלי פרוט אפרסק 3% 150 גרם,גרמים,150.00,100 גרם,false,1,5.20,0.0347,true,1,300044
7290102393190,false,יוגורט מולר סימפלי פ,מילקו תעשיות בעמ,IL,Muller Simply fruit יוגורט BIO פירות יער,גרמים,150.00,100 גרם,false,1,5.20,0.0347,true,1,300045
7290102393299,false,יוגורט עיזים לשתיה 5,מיוצר עי קוד יצרן HG,IL,יוגורט עיזים לשתייה 3% שומן - 500 גרם,מיליליטרים,500.00,"100 מ""ל",false,1,12.90,0.0258,true,1,299243
7290102393848,false,יוגורט עיזים תות 150,טרה,IL,יוגורט עיזים עם תות,גרמים,150.00,100 גרם,false,1,6.20,0.0413,true,1,301158
7290102393947,false,יוגורט מולר סימפלי פ,מילקו תעשיות בעמ,IL,יוגורט מולר סימפלי פרוט קיווי 3% 150 גרם,גרמים,150.00,100 גרם,false,1,5.20,0.0347,true,1,301460
7290102394081,false,יוגורט קורנפלקס מולר,מילקו תעשייה בעמ,IL,Muller mix קורנפלקס מצופה,גרמים,170.00,100 גרם,false,1,5.90,0.0347,true,1,301461
7290102394463,false,גבינה צהובה 28% נעם,טרה,IL,"גבנצ 28% ואקום 500 ג' בד""צ",גרמים,500.00,100 גרם,false,1,30.90,0.0618,true,1,306636
7290102394821,false,גבינה צהובה דק דק 28,מילקו תעשיות בעמ,IL,גבנצ 28% דק דק 200 ג',גרמים,200.00,100 גרם,false,1,17.90,0.0895,true,1,303656
7290102394845,false,גבינה צהובה דק דק 9%,מילקו תעשיות בעמ,IL,גבנצ 9% דק דק 200 ג',גרמים,200.00,100 גרם,false,1,16.90,0.0845,true,1,303657
7290102395217,false,ביאנקו במתיקות    2%,טרה,,מאגדת ביאנקו במתיקות 2%שמיניה,קילוגרמים,1.20,"ק""ג",false,1,19.90,16.5833,true,1,383331
7290102395231,false,מאגדת ביאנקו   2.8%,טרה,,מאגדת 1/8 ביאנקו 2.8% נטורל,קילוגרמים,1.20,"ק""ג",false,1,18.90,15.7500,true,1,382913
7290102395262,false,מארז 1\8 סימפלי פרוט,טרה,IL,מארז 1\8 סימפלי פרוט תות אפרסק,קילוגרמים,1.20,"ק""ג",false,1,30.90,25.7500,true,1,383550
7290102395378,false,גבינה צהובה 28% נעם,טרה,IL,צהובה נעם 28% ואקום 360 פרוס,גרמים,360.00,100 גרם,false,1,20.70,0.0575,true,1,431495
7290102395439,false,מארז 1\8 סימפלי פרוט,מילקו תעשיות בעמ,IL,מארז 1\8 סימפלי פרוט יער וקיוי,קילוגרמים,1.20,"ק""ג",false,1,30.90,25.7500,true,1,383551
7290102395446,false,מעדן מוו וניל קצפת,טרה,IL,מעדן בטעם וניל קצפת,גרמים,123.00,100 גרם,false,1,3.00,0.0244,true,1,383335
7290102395477,false,מעדן מו שוקולד וקצפת,טרה,IL,מעדן בטעם שוקולד קצפת,גרמים,123.00,100 גרם,false,1,3.00,0.0244,true,1,383338
7290102395521,false,שמנת לבישול טרה 15%,מילקו תעשיות בעמ,IL,שמנת לבישול טרה 15% 500גרם,גרמים,500.00,100 גרם,false,1,16.40,0.0328,true,1,311486
7290102396580,false,מעדן מוס שוקולד מוו,טרה,IL,מעדן חלב ומוס בטעם שוקולד 118 גרם,גרמים,123.00,100 גרם,false,1,3.00,0.0244,true,1,312799
7290102396665,false,גבינה צהובה דק דק 15,מילקו תעשיות בעמ,IL,גבנצ 15% דק דק 200 ג',גרמים,200.00,100 גרם,false,1,17.90,0.0895,true,1,319202
7290102396672,true,נעם דק דק 9% פתח סגו,מילקו תעשיות בעמ,IL,גבנצ 9% דק דק 360 ג',Unknown,0.00,Unknown,false,1,30.90,0.0000,true,1,408423
7290102396719,false,יוגורט מולר סימפלי פ,טרה,IL,יוגורט BIO עם חתיכת פרי,גרמים,150.00,100 גרם,false,1,5.20,0.0347,true,1,314369
7290102396733,false,יוגורט מולר סימפלי פ,מילקו תעשיות בעמ,IL,יוגורט BIO עם פירות יער 0% שומן,גרמים,150.00,100 גרם,false,1,5.20,0.0347,true,1,390178
7290102396740,false,מארז 1/8 סימפלי פרוט,מילקו תעשיות בעמ,IL,מארז 1/8 סימפלי פרוט 0% תות,קילוגרמים,1.20,"ק""ג",false,1,30.90,25.7500,true,1,390179
7290102397204,false,גבינה צהובה דק דק 22,מילקו תעשיות בעמ,IL,גבנצ 22% דק דק 200 ג',גרמים,200.00,100 גרם,false,1,17.90,0.0895,true,1,319203
7290102397341,false,גבינה בולגרית צוריאל,משק צוריאל,IL,בולגרית 24% שומן 250 גרם,גרמים,250.00,100 גרם,false,1,22.60,0.0904,true,1,321942
7290102397464,false,יוגורט מולר נטורל פק,טרה,IL,מולר ביאנקו פלוס + פקאן וגרעינים,גרמים,168.00,100 גרם,false,1,5.90,0.0351,true,1,325988
7290102397600,false,מולר מיקס שקדים ובוט,מילקו תעשייה בעמ,IL,Muller mix שקדים ובוטנים בקרמל,גרמים,168.00,100 גרם,false,1,5.90,0.0351,true,1,322454
7290102397617,false,יוגורט מולר מיקס קלי,טרה,IL,Muller mix כדורי דגנים בציפוי שוקולד,גרמים,168.00,100 גרם,false,1,5.90,0.0351,true,1,322455
7290102397730,false,גבינת אמנטל נעם פתיח,טרה,IL,טרה נועם אמנטל פרוסות גבינה חצי קשה 30% 200 גרם,גרמים,200.00,100 גרם,false,1,18.90,0.0945,true,1,326658
7290102397747,false,גבינה מוצרלה נעם רכי,טרה,IL,"מוצרלה נעם 22% שומן, 200 גרם",גרמים,200.00,100 גרם,false,1,20.90,0.1045,true,1,328497
7290102398065,false,חלב 2 3% ליטר קרטון,טרה,IL,טרה חלב בקרטון 2 ליטר 3% שומן,ליטרים,2.00,ליטר,false,1,12.46,6.2300,true,1,327268
7290102398072,false,חלב 3% קרטון מהדרין,טרה,IL,חלב בקרטון 1 ליטר 3% שומן,ליטרים,1.00,ליטר,false,1,6.23,6.2300,true,1,327267
7290102398331,false,חלב מועשר דל לקטוז 1,טרה,IL,"טרה חלב מועשר דל לקטוז 2% שומן, 1 ליטר",ליטרים,1.00,ליטר,false,1,7.90,7.9000,true,1,328499
7290102398560,false,שוקו טרה מועשר בקבוק,מילקו תעשיות בעמ,IL,שוקו טרה מועשר בקבוק 1ליטר,ליטרים,1.00,ליטר,false,1,13.90,13.9000,true,1,346041
7290102398577,false,שוקו טרה מועשר בקבוק,מילקו תעשיות בעמ,IL,"שוקו250 מ""ל בקבוק",מיליליטרים,250.00,"100 מ""ל",false,1,5.90,0.0236,true,1,346044
7290102398614,false,משקה חלב בטעם בננה,מילקו תעשיות בעמ,IL,משקה חלב בטעם בננה 1 ליטר,ליטרים,1.00,ליטר,false,1,13.90,13.9000,true,1,346043
7290102398638,false,משקה חלב בטעם מוקה,מילקו תעשיות בעמ,IL,משקה חלב בטעם מוקה 1 ליטר,ליטרים,1.00,ליטר,false,1,13.90,13.9000,true,1,346042
7290102398652,false,משקה שוקולד אגוזים ט,מילקו תעשיות בעמ,IL,"משקה שוקולד אגוזים 1 ליטר בד""צ",ליטרים,1.00,ליטר,false,1,13.90,13.9000,true,1,349422
7290102398669,false,אייס קפוצינו טרה 1 ל,מילקו תעשיות בעמ,IL,"אייס קפוצ'ינו 1 ליטר בד""צ",ליטרים,1.00,ליטר,false,1,13.90,13.9000,true,1,354674
7290102398782,false,משקה סויה קלאסי משק,ואל סויה,IT,משקה סויה קלאסי משק צוריאל,ליטרים,1.00,ליטר,false,1,11.90,11.9000,true,1,353029
7290102398799,false,משקה סויה במתיקות מו,ואל סויה,IT,משקה סויה במתיקות מופחתת,ליטרים,1.00,ליטר,false,1,11.90,11.9000,true,1,353031
7290102399048,false,קשקבל נעם פתיחה חוזר,טרה,IL,קשקבל נעם פתיחה חוזרת - 200 גרם,גרמים,200.00,100 גרם,false,1,26.90,0.1345,true,1,348871
7290102399772,false,ממרח חמאה מולר במליח,Molkerei Weihensteph,DE,ממרח חמאת Muller במליחות עדינה 250 גרם,גרמים,250.00,100 גרם,false,1,15.50,0.0620,true,1,357226
7290102399789,false,ממרח חמאת מולר ללא מ,Molkerei Weihensteph,DE,ממרח חמאת Muller ללא מלח 250 גרם,גרמים,250.00,100 גרם,false,1,15.50,0.0620,true,1,357227
7290102399796,false,מולר אקטיב יוגורט25,טרה,IL,Muller Active יוגורט BIO מועשר חלבון,גרמים,200.00,100 גרם,false,1,6.50,0.0325,true,1,354664
7290102399802,false,מולר אקטיב יוגורט25,טרה,IL,Muller Active יוגורט תות מועשר חלבון 20 גרם,גרמים,200.00,100 גרם,false,1,6.50,0.0325,true,1,354667
7290102399819,false,מולר אקטיב יוגורט25,טרה,IL,Muller Active יוגורט פירות יער מועשר חלבון 20 גרם,גרמים,200.00,100 גרם,false,1,6.50,0.0325,true,1,354666
7290103120658,false,ספיד סטיק 24/7 גל,קולגייט פלמוליב,US,"ספיד סטיק 24/7 ג""ל שחור 85 גרם",גרמים,85.00,100 גרם,false,1,21.90,0.2576,true,1,373338
7290103124601,false,פלמוליב סבון נוזלי ח,קולגייט פלמוליב,TR,"פלמוליב סבון נוזלי חלב ודבש 750 מ""ל",מיליליטרים,750.00,"100 מ""ל",false,1,21.90,0.0292,true,1,387297
7290103129378,false,ספיד סטיק דאו X5 גל,קולגייט פלמוליב,US,דאודורנט גל ספיד סטיק X5 85 גרם,גרמים,0.00,100 גרם,false,1,21.90,0.0000,true,1,382662
7290103404758,false,סלט כרוב אדום יום יו,"שטראוס גרופ בע""מ",IL,כרוב 120,גרמים,120.00,100 גרם,false,1,5.50,0.0458,true,1,295848
7290103681173,false,"יין קברנה 750 מ""ל סד",מיוצר על ידי יקב תבו,IL,הר קברנה סוביניון יין אדום יבש 2016 מל,מיליליטרים,750.00,"100 מ""ל",false,1,46.90,0.0625,true,1,347672
7290103681180,false,"יין מרלו 750 מ""ל סדר",מיוצר על ידי יקב תבו,IL,הר מרלו 750 מל,מיליליטרים,750.00,"100 מ""ל",false,1,46.90,0.0625,true,1,347671
7290103681197,false,יין תבור סדרת הר שיר,מיוצר על ידי יקב תבו,IL,"הר שיראז יין אדום יבש, 750 מל",מיליליטרים,750.00,"100 מ""ל",false,1,46.90,0.0625,true,1,347670
7290103681227,false,יין גוורצטרמינר חצי,מיוצר על ידי יקב תבו,IL,"יין גוורצטרמינר חצי מתוק 750 מ""ל סדרת הר",מיליליטרים,750.00,"100 מ""ל",false,1,46.90,0.0625,true,1,347673
7290103681241,false,"הר מוסקטו  750 מ""ל",תבור,IL,"תבור הר מוסקטו  750 מ""ל",מיליליטרים,750.00,"100 מ""ל",false,1,46.90,0.0625,true,1,349277
7290103681364,false,"יין קברנה 750 מ""ל סד",מיוצר על ידי יקב תבו,IL,תבור קברנה סוביניון  750 מל,מיליליטרים,750.00,"100 מ""ל",false,1,59.90,0.0799,true,1,347667
7290103681371,false,"יין מרלו 750 מ""ל סדר",מיוצר על ידי יקב תבו,IL,"יין מרלו 750 מ""ל סדרת תבור",מיליליטרים,750.00,"100 מ""ל",false,1,59.90,0.0799,true,1,347668
7290104061417,false,סלט חומוס וטחינה,"שטראוס גרופ בע""מ",IL,סלט חומוס וטחינה 400 גרם,גרמים,400.00,100 גרם,false,1,12.20,0.0305,true,1,297188
7290104061424,false,סלט חומוס וזעתר,מיוצר עי קונדיטוריית,IL,חומוס זעתר 400 גרם,גרמים,400.00,100 גרם,false,1,12.20,0.0305,true,1,297189
7290104061431,false,סלט חומוס וצנובר,"שטראוס גרופ בע""מ",IL,סלט חומוס וצנובר 400 גרם,גרמים,400.00,100 גרם,false,1,12.20,0.0305,true,1,297190
7290104061448,false,סלט חומוס וחריף,"שטראוס גרופ בע""מ",IL,חומוס חריף 400 גרם,גרמים,400.00,100 גרם,false,1,12.20,0.0305,true,1,297191
7290104067679,false,טחינה אחלה 400 גרם,"שטראוס גרופ בע""מ",IL,טחינה 400,גרמים,400.00,100 גרם,false,1,10.90,0.0273,true,1,319434
7290104500572,false,אפרופו איטליאנו,"אסם השקעות בע""מ",IL,אפרופו איטלקי 36*50גרם,גרמים,50.00,100 גרם,false,1,5.20,0.1040,true,1,301176
7290104501661,false,פודינג אינסטנט וניל,מיוצר עי קונדיטוריית,IL,אסם פודינג בטעם וניל צרפתי 12*80גרם,גרמים,80.00,100 גרם,false,1,5.90,0.0738,true,1,299906
7290104503184,false,בראוניס שוקולד ריבת,"אסם השקעות בע""מ",IL,הבית עוגת שבת בראוניס ט.שקלד.ר.חלב8*380ג,גרמים,380.00,100 גרם,false,1,19.90,0.0524,true,1,302493
7290104508943,false,במבה קלאסי 200 גרם,"אסם השקעות בע""מ",IL,במבה קלאסי 200 גרם,גרמים,200.00,100 גרם,false,1,9.90,0.0495,true,1,302805
7290104722530,false,תפוציפס שמנת בצל200,"שטראוס פריטו ליי בע""",IL,תפו שמנת בצל 200 גר 12 יח - שמיטה,גרמים,200.00,100 גרם,false,1,9.90,0.0495,true,1,299583
7290104726712,false,מארז מילקי שמיניה,"שטראוס גרופ בע""מ",IL,מארז 8 מילקי בטעם שוקולד,קילוגרמים,1.06,"ק""ג",false,1,22.90,21.6038,true,1,380163
7290104728310,false,שמנת עמידה לקצפת 38%,מחלבת יטבתה,IL,שמנת להקצפה 38% מהדרין,מיליליטרים,250.00,"100 מ""ל",false,1,6.47,0.0259,true,1,301350
7290104729003,false,שמן זית כתית מעולה י,מכוורת יד מרדכי שטרא,IL,כשלפ שמן זית כתית מעולה 750 מוצר מדבקה,מיליליטרים,750.00,"100 מ""ל",false,1,34.90,0.0465,true,1,335793
7290105360250,false,קפסולות מקיאטו 10 יח,שטראוס קפה בי.וי.,IL,קפסולות 09 למכונות NESPRESSO,גרמים,50.00,100 גרם,false,1,16.90,0.3380,true,1,307004
7290105360328,false,קפסולות קפה אספרסו 1,שטראוס קפה בי.וי.,IL,קפסולות 10 למכונות NESPRESSO,גרמים,50.00,100 גרם,false,1,16.90,0.3380,true,1,306961
7290105360335,false,קפסולות אספרסו 10 יח,שטראוס קפה בי.וי.,IL,קפסולות 07 למכונות NESPRESSO,גרמים,50.00,100 גרם,false,1,16.90,0.3380,true,1,306962
7290105362339,false,שמנת לבישול     15%,מחלבת יטבתה,IL,שמנת לבישול 15% מהדרין- ח,מיליליטרים,250.00,"100 מ""ל",false,1,8.60,0.0344,true,1,304263
7290105363602,false,מקלות כיף כף קלאסי,שולן צ'יקולטה,TR,כיף כף מקלות קלאסי,גרמים,40.00,100 גרם,false,1,5.90,0.1475,true,1,305991
7290105364289,false,מקלות כיף כף פצפוצים,שולן צ'יקולטה,TR,כיף כף מקלות פצפוצים,גרמים,40.00,100 גרם,false,1,5.90,0.1475,true,1,305992
7290105364302,false,מקלות כיף כף אגוזים,שולן צ'יקולטה,TR,כיף כף מקלות אגוזים,גרמים,40.00,100 גרם,false,1,5.90,0.1475,true,1,305993
7290105364678,false,משקה יוגורט אקטיביה,"שטראוס בריאות בע""מ",IL,משקה אקטיביה אפרסק 1.2% בודד,מיליליטרים,250.00,"100 מ""ל",false,1,5.90,0.0236,true,1,301829
7290105366993,false,גבינת סימפוניה פלפל,"שטראוס בריאות בע""מ",IL,סימפוניה פילפל שיפקה חריף,גרמים,200.00,100 גרם,false,1,11.90,0.0595,true,1,310213
7290105368959,false,משקה פונץ בננה פקק ס,,IL,"פונץ' בננה פקק 250 מ""ל",מיליליטרים,250.00,"100 מ""ל",false,1,5.50,0.0220,true,1,304266
7290105369130,false,גבינת סימפוניה 5% בצ,"שטראוס בריאות בע""מ",IL,סימפוניה בצל ירוק 2022,גרמים,200.00,100 גרם,false,1,11.90,0.0595,true,1,306647
7290105430458,false,פלמוליב סבון נוזלי,קולגייט פלמוליב,TR,"פלמוליב נטורלס תחליב רחצה חלב שקדים,  750 מל",מיליליטרים,750.00,"100 מ""ל",false,1,21.90,0.0292,true,1,383916
7290105431516,false,מאגדת חטיף תמרים,טבעית מוצרים מן הטבע,IL,"FREE חטיף תמרים ובוטנים, 5 חטיפים, 125 גרם",גרמים,125.00,100 גרם,false,1,16.90,0.1352,true,1,307293
7290105431868,false,פלמוליב ספא קוקוס 50,קולגייט פלמוליב,TR,500 מל סבון נוזלי פלמוליב חלב קוקוס,מיליליטרים,500.00,"100 מ""ל",false,1,19.90,0.0398,true,1,310133
7290105436382,false,מאגדת חטיף תמרים,טבעית מוצרים מן הטבע,IL,"FREE חטיף תמרים ואגוזי קשיו, 5 חטיפים, 125 גרם",גרמים,125.00,100 גרם,false,1,16.90,0.1352,true,1,389187
7290105439581,false,חרדל דיזיון צרפתי מא,סאם קווינור,FR,מאסטר שף חרדל דיז'ון צרפתי 370 גרם,גרמים,370.00,100 גרם,false,1,11.90,0.0322,true,1,320959
7290105439598,false,חרדל דיזיון גרגרים מ,סאם קווינור,FR,מאסטר שף חרדל דיז'ון גרגירים 370 גרם,גרמים,370.00,100 גרם,false,1,11.90,0.0322,true,1,320960
7290105474063,false,לה קט מוס כבד 155 גר,יו פי אף,FR,לה קט מוס כבד 155 גר,גרמים,155.00,100 גרם,false,1,7.90,0.0510,true,1,435312
7290105500151,false,וודקה פינלנדיה בקבוק,"אלטיה קורפ, הלסינקי,",FI,"פינלנדיה 700 מ""ל",מיליליטרים,700.00,"100 מ""ל",false,1,74.90,0.1070,true,1,305011
7290105500236,false,ויסקי גק דניאלס 700,ג'ק דניאלס,US,טנסי וויסקי,מיליליטרים,700.00,"100 מ""ל",false,1,124.90,0.1784,true,1,312573
7290105500748,false,פיימוס גראוס 700 מל,מתיו גלוג אנד סאן,GB,"פיימוס גראוס 700 מ""ל",מיליליטרים,700.00,"100 מ""ל",false,1,99.90,0.1427,true,1,430379
7290105500953,false,ויסקי גק דניאלס דבש,ג'ק דניאל'ס,BE,ליקר טנסי דבש על בסיס ג'ק דניאל'ס,מיליליטרים,700.00,"100 מ""ל",false,1,124.90,0.1784,true,1,312574
7290105501547,false,מארז גריי גוס 700 פל,בקרדי מרטיני,FR,מארז גריי גוס 700 פלוס כוס,מיליליטרים,700.00,"100 מ""ל",false,1,139.90,0.1999,true,1,428255
7290105691224,false,טורטייה שום בצל 60 ג,"מיוצר ע""י PT, משווק",IL,אסם חטיפי פריכונים טורטיה שום בצל 12*60ג,גרמים,60.00,100 גרם,false,1,7.90,0.1317,true,1,303078
7290105691248,false,טורטייה תירס 60 גרם,"מיוצר ע""י PT, משווק",IL,אסם חטיפי פריכונים טורטיה תירס 12*60גרם,גרמים,60.00,100 גרם,false,1,7.90,0.1317,true,1,303079
7290105691712,false,עוגיות הפסקת קפה,הגביע מוצרי וופלים ב,IL,עוגיות הפסקת קפה דגנים מלאים          2,גרמים,230.00,100 גרם,false,1,11.90,0.0517,true,1,381324
7290105691897,false,קוסקוס עם חיטה מלאה,"מיוצר ע""י קוד יצרן K",IL,אסם קוסקוס עם חיטה מלאה 12*350גרם,גרמים,350.00,100 גרם,false,1,10.90,0.0311,true,1,304338
7290105691934,false,"קמח שמרים 1 ק""ג","קוד יצרן TKMB, משווק",IL,אסם קמח שמרים 10*1קג,קילוגרמים,1.00,"ק""ג",false,1,10.80,10.8000,true,1,305519
7290105693457,false,עוגת הבית דמקה שוקו,"אסם השקעות בע""מ",IL,הבית עוגת דמקה שוקו וניל 8*320גרם,גרמים,320.00,100 גרם,false,1,15.90,0.0497,true,1,381234
7290105693952,false,פירורית זהב שומשום 2,"אסם השקעות בע""מ",IL,אסם פירורית זהב שומשום 12*200גרם,גרמים,200.00,100 גרם,false,1,6.90,0.0345,true,1,304268
7290105694928,false,אבקת מרק בצל 220 גרם,"אסם השקעות בע""מ",IL,אבקת מרק בצל 220 גרם,גרמים,220.00,100 גרם,false,1,17.90,0.0814,true,1,305474
7290105695024,false,פתיתים אפויים אורז ע,"אסם השקעות בע""מ",IL,אסם פתיתים אפויים אורז עם אטריות 12*500ג,גרמים,500.00,100 גרם,false,1,6.90,0.0138,true,1,306054
7290105695321,false,עוגת בראוניס פאדג,"אסם השקעות בע""מ",IL,הבית עוגת בראוניס פאדג' 8*380גרם,גרמים,380.00,100 גרם,false,1,19.90,0.0524,true,1,381582
7290105962980,false,כרוב אדום 400 גרם,"שטראוס גרופ בע""מ",IL,כרוב אדום 400,גרמים,400.00,100 גרם,false,1,10.90,0.0273,true,1,319433
7290105965738,false,משקה יוגורט דנונה תו,"שטראוס בריאות בע""מ",IL,דנונה לשתיה תות בננה 267גר',מיליליטרים,267.00,"100 מ""ל",false,1,5.30,0.0199,true,1,311266
7290105966469,false,חומץ בלסמי יד מרדכי,אצטייה ג'וזפה קרמוני,IT,חומץ בלסמי יד מרדכי,מיליליטרים,250.00,"100 מ""ל",false,1,15.90,0.0636,true,1,307194
7290105968777,false,פריכיות 5 דגנים עם ש,"טחנת האבן תעשיות בע""",IL,פריכיות אנרגי תחתית ש.מריר OS,גרמים,70.00,100 גרם,false,1,8.80,0.1257,true,1,307663
7290106520066,false,רבע לשבע אגוזים  160,הגביע מוצרי וופלים ב,IL,רבע לשבע (ירוק) 160 גר',גרמים,160.00,100 גרם,false,1,12.90,0.0806,true,1,306196
7290106524439,false,תפוציפס פופס 60 גרם,"שטראוס פריטו ליי בע""",IL,תפו פופס 60 גר 40 יח,גרמים,60.00,100 גרם,false,1,3.90,0.0650,true,1,328309
7290106526822,false,פריכיות אנרגי תחתית,"שטראוס גרופ בע""מ",IL,פריכיות אנרגי תחתית שוקולד 80 גרם,גרמים,80.00,100 גרם,false,1,8.80,0.1100,true,1,310346
7290106528567,false,דוריטוס גריל 185 גרם,שטראוס פריטו ליי  בע,IL,דוריטוס גריל 185 גר 12 יח,גרמים,185.00,100 גרם,false,1,8.00,0.0432,true,1,321561
7290106528628,false,דוריטוס טבעי 185 גרם,"שטראוס פריטו ליי בע""",IL,דוריטוס DIPPAS טבעי 185 גר 12 יח,גרמים,185.00,100 גרם,false,1,8.00,0.0432,true,1,321562
7290106571037,false,גומיגם מארז 5 יחידות,גלידות נסטלה (נגה גל,IL,מאגדת גומיגם 5 יח',גרמים,450.00,100 גרם,false,1,26.90,0.0598,true,1,306746
7290106572027,false,לחמית חמישה דגנים,"אסם השקעות בע""מ",IL,לחמית חמישה דגנים 12*190גרם,גרמים,190.00,100 גרם,false,1,10.90,0.0574,true,1,306173
7290106572065,false,חטיפי טורטיה תירס,"מיוצר ע""י PT, משווק",IL,אסם חטיפי פרכ.טורטיה תר.חמוץ מתוק 12*60ג,גרמים,60.00,100 גרם,false,1,7.90,0.1317,true,1,382872
7290106572997,false,קמח שמרים לפיצה,"קוד יצרן TKMB, משווק",IL,אסם קמח שמרים לפיצה 10*1קג,קילוגרמים,1.00,"ק""ג",false,1,9.90,9.9000,true,1,307257
7290106573277,false,קריספי טאפאס,"אסם השקעות בע""מ",IL,אסם קריספי טאפאס זיתים 8*150גרם,גרמים,150.00,100 גרם,false,1,12.90,0.0860,true,1,309851
7290106573314,false,קריספי טאפאס פיזורים,"אסם השקעות בע""מ",IL,אסם קריספי טאפאס כפרי 8*150גרם,גרמים,150.00,100 גרם,false,1,12.90,0.0860,true,1,309853
7290106573574,false,סלט חומוס ירושלמי,סלטי צבר,IL,צבר חומוס ירושלמי 12*400גרם,גרמים,400.00,100 גרם,false,1,12.90,0.0323,true,1,307976
7290106573598,false,סלט חומוס לבנוני 400,סלטי צבר,IL,צבר חומוס לבנוני 12*400גרם,גרמים,400.00,100 גרם,false,1,12.90,0.0323,true,1,307977
7290106573628,false,סלט חומוס טחינה 400,סלטי צבר,IL,צבר חומוס עם טחינה 12*400גרם,גרמים,400.00,100 גרם,false,1,12.90,0.0323,true,1,307978
7290106573642,false,סלט חומוס צנובר,סלטי צבר,IL,צבר חומוס צנובר 12*400גרם,גרמים,400.00,100 גרם,false,1,12.90,0.0323,true,1,307979
7290106574120,false,שלגון גומיגם,המאפיה של הרמן,IL,גומיגם קרחון שרבט עם סוכריות בפנים42*90ג,גרמים,90.00,100 גרם,false,1,7.00,0.0778,true,1,310520
7290106574793,false,עוגת הבית שוקוציפס,"אסם השקעות בע""מ",IL,הבית עוגת שוקו שוקוציפס 8*350גרם,גרמים,350.00,100 גרם,false,1,15.90,0.0454,true,1,308855
7290106574953,false,בייגלה שטוחים עם שומ,אסם,IL,אסם בייגלה שטוחים שומשום 9*300גרם,גרמים,300.00,100 גרם,false,1,11.90,0.0397,true,1,308856
7290106574977,false,בייגלה שטוחים עם מלח,אסם,IL,אסם בייגלה שטוחים עם מלח 9*300גרם,גרמים,300.00,100 גרם,false,1,11.90,0.0397,true,1,308857
7290106576537,false,חומוס מסעדה צבר 700,סלטי צבר,IL,צבר חומוס מסעדה 6*700גרם,גרמים,700.00,100 גרם,false,1,12.90,0.0184,true,1,309711
7290106576834,false,גלידה לה קרמריה פונט,תות תעשיות מזון (201,IL,גלידה לה קרמריה פונטש בננה 1.4 ליטר,ליטרים,1.40,ליטר,false,1,21.90,15.6429,true,1,310535
7290106576858,false,גלידה לה קרמריה תותי,המאפיה של הרמן,IL,לה קרמריה תותים בשמנת כלפ.6*1.4ליטר,ליטרים,1.40,ליטר,false,1,21.90,15.6429,true,1,310530
7290106576971,false,גלידה לה קרמריה שוקו,תות תעשיות מזון (201,IL,לה קרמריה גלידת שוקולד 6*1.4ל,ליטרים,1.40,ליטר,false,1,21.90,15.6429,true,1,310529
7290106577039,false,גלידה לה קרמריה שוקו,תות תעשיות מזון (201,IL,לה קרמריה שוקו וניל פליק חלבי בדצ 6*1.4ל,לא מנהל יחידת מידה,0.00,לא מנהל יחידת מידה,false,1,21.90,0.0000,true,1,310531
7290106577282,false,טחינה אמיתית צבר 400,סלטי צבר,IL,צבר טחינה מרובע 6*400גרם,גרמים,400.00,100 גרם,false,1,13.60,0.0340,true,1,309834
7290106577480,false,חציל על האש בטחינה צ,סלטי צבר,IL,צבר חציל על האש בטחינה מרובע 6*400גרם,גרמים,400.00,100 גרם,false,1,13.90,0.0348,true,1,309838
7290106577503,false,חציל במיונז צבר 400,סלטי צבר,IL,צבר חציל במיונז מרובע 6*400גרם,גרמים,400.00,100 גרם,false,1,13.60,0.0340,true,1,309839
7290106577541,false,כרוב אדום צבר 400 גר,סלטי צבר,IL,צבר כרוב אדום מרובע 6*400גרם,גרמים,400.00,100 גרם,false,1,13.60,0.0340,true,1,309841
7290106577572,false,מטבוחה 400 גר,סלטי צבר,IL,צבר מטבוחה מרובע 6*400גרם,גרמים,400.00,100 גרם,false,1,13.90,0.0348,true,1,386198
7290106578692,false,במבה ביסלי מיקס 80 ג,פרו מן יו פתרונות אר,IL,במבה ביסלי מיקס 36*80גרם,גרמים,80.00,100 גרם,false,1,5.90,0.0738,true,1,311543
7290106660649,false,חטיף ציטוס בוטנים 80,"שטראוס פריטו ליי בע""",IL,ציטוס בוטנים 80 גר 48 יח,גרמים,80.00,100 גרם,false,1,4.90,0.0613,true,1,313384
7290106662025,false,תפוציפס מלח פלפל 50,"שטראוס פריטו ליי בע""",IL,תפו מלח פלפל 50 גר 48 יח - שמיטה,גרמים,50.00,100 גרם,false,1,3.90,0.0780,true,1,325839
7290106663121,false,עוגת מילקי CAKE אישי,בובארד איטליה אס.פי.,IT,עוגת מילקי CAKE אישית 34 גרם,גרמים,34.00,100 גרם,false,1,3.90,0.1147,true,1,318121
7290106663503,false,קונפיטורה לייט תות ש,אף.סי תבליני בגליל ב,IL,קונפיטורת תות שדה לייט,גרמים,230.00,100 גרם,false,1,15.70,0.0683,true,1,314185
7290106663558,false,רוטב טריאקי רימון 28,אף.סי תבליני בגליל ב,IL,רוטב טריאקי 320 גרם,מיליליטרים,280.00,"100 מ""ל",false,1,14.90,0.0532,true,1,393300
7290106664067,false,גבינת לאבנה 10% שמן,"מחלבות בר בכפר בע""מ",IL,לאבנה שמן זית וזעתר 10% שומן,גרמים,400.00,100 גרם,false,1,17.90,0.0447,true,1,320016
7290106667266,false,דוריטוס חמוץ חריף 18,שטראוס פריטו ליי  בע,IL,דוריטוס חמוץ חריף 185 גר 12 יח,גרמים,185.00,100 גרם,false,1,8.00,0.0432,true,1,321559
7290106668577,false,מיץ לימון טבעי יד מר,יורופוד ס.ר.ל,IT,"מיץ לימון טבעי 250 מ""ל",מיליליטרים,250.00,"100 מ""ל",false,1,8.90,0.0356,true,1,317890
7290106669857,false,קפסולות אספרסו וניל,הנסיך- מפעל לייצור ט,IL,קפסולות וניל למכונות NESPRESSO,גרמים,50.00,100 גרם,false,1,16.90,0.3380,true,1,325624
7290106720626,false,חטיף ציטוס גבינה 80,"שטראוס פריטו ליי בע""",IL,ציטוס גבינה 80 גר 48 יח רבנות,גרמים,80.00,100 גרם,false,1,4.90,0.0613,true,1,326236
7290106721920,false,מסטיק מאסט ספירמינט,"שטראוס גרופ בע""מ.",IL,"צנצנת ספירמינט לל""ס 66 גרם",גרמים,66.00,100 גרם,false,1,9.90,0.1500,true,1,317297
7290106725867,false,סירופ מייפל טבעי 189,ציטדל,CA,"סירופ מייפל טבעי 189 מ""ל",מיליליטרים,189.00,"100 מ""ל",false,1,34.90,0.1847,true,1,320004
7290106728127,false,חלב טבעי 3.6%  יטבתה,מחלבת יטבתה,IL,חלב טבעי 3.6%  יטבתה 1 ליטר,ליטרים,1.00,ליטר,false,1,7.90,7.9000,true,1,319935
7290106772472,false,BELGA ממרח פרווה בדצ,"אלמנדוס בע""מ",IL,BELGA ממרח פרווה בדצ 350 גרם בצנצנת,גרמים,350.00,100 גרם,false,1,13.90,0.0397,true,1,429035
7290106775053,false,מחית נוגט פרווה אלמנ,"אלמנדוס בע""מ",IL,מחית נוגט פרווה אלמנדוס 400 גרם,גרמים,400.00,100 גרם,false,1,24.90,0.0622,true,1,429036
7290107280020,false,שלישיה מטליות לחות ל,טרופיקל דגיל- תעשיות,IL,שלישיה מטליות לחות לניקוי כללי,לא מנהל יחידת מידה,0.00,לא מנהל יחידת מידה,false,1,25.60,0.0000,true,1,384923
7290107280075,true,תבניות אלומיניום לאפ,מיוצר עי קונדיטוריית,CN,"סנו סושי, תבניות אלומיניום מידה L, 130 גרם",Unknown,0.00,Unknown,false,1,9.80,0.0000,true,1,392530
7290107280341,false,ריצפז מטליות לחות לר,"סנו מפעלי ברונוס סע""",IL,ריצפז מטליות לחות מלון מפנק,יחידה,1.00,יחידה,false,1,14.90,14.9000,true,1,422268
7290107280761,false,נוזל כלים לימון,סנו מפעלי ברונוס בעמ,IL,ספארק משאבה לימון 1ל,ליטרים,1.00,ליטר,false,1,11.90,11.9000,true,1,315114
7290107645591,false,מרק טעם עוף קנור רכי,יוניליוור ישראל מזון,IL,קנור מרק טעם עוף 100% רכיבים טבעיים 400 גרם,גרמים,400.00,100 גרם,false,1,16.90,0.0422,true,1,329541
7290107646154,false,חטיף קוקומן פצפוצים,יוניליוור ישראל מזון,IL,"קוקומן חטיף פצפוצי דגנים בטעם שוקולד, 126 גרם",גרמים,126.00,100 גרם,false,1,15.90,0.1262,true,1,329570
7290107646826,false,חטיף שוגי שוקו שישיי,יוניליוור ישראל מזון,IL,"שוגי חטיף פתיתי תירס קלויים בטעם שוקולד, 156 גרם",גרמים,156.00,100 גרם,false,1,15.90,0.1019,true,1,329571
7290107646895,false,רוטב נפוליטנה קנור 4,קונסורזיו קאסאלאסקו,IT,נפוליטנה - רוטב עגבניות לפסטה,גרמים,415.00,100 גרם,false,1,14.90,0.0359,true,1,327713
7290107646918,false,רוטב שקשוקה קנור 415,קונסורזיו קאסאלאסקו,IT,שקשוקה- רוטב עגבניות מרוכז ומתובל,גרמים,415.00,100 גרם,false,1,14.90,0.0359,true,1,327712
7290107646925,false,ברנפלקס אקסטרה פייבר,יוניליוור ישראל מזון,IL,ברנפלקס אקסטרה פייבר 410 גרם,גרמים,410.00,100 גרם,false,1,25.90,0.0632,true,1,327715
7290107647359,false,סבון לאסלה 5 פעולות,יוניליוור פולין,PL,סבון לאסלה 5 פעולות דומסטוס שלישייה,גרמים,0.00,100 גרם,false,1,24.90,0.0000,true,1,328885
7290107647366,false,סבון לאסלה 5 פעולות,יוניליוור פולין,PL,סבון לאסלה 5 פעולות דומסטוס שלישייה,גרמים,0.00,100 גרם,false,1,24.90,0.0000,true,1,328883
7290107647656,false,שלגון מיני סולרו קוק,"גלידת שטראוס בע""מ",IL,שלגון מיני סולרו קוקוס אננס 245גרם,גרמים,245.00,100 גרם,false,1,23.90,0.0976,true,1,347580
7290107647816,false,ברנפלקס ללא תוספת סו,יוניליוור ישראל מזון,IL,ברנפלקס ללא תוספת סוכר 500 גרם,גרמים,500.00,100 גרם,false,1,25.90,0.0518,true,1,327624
7290107647823,false,ברנפלקס בדצ500 גרם,יוניליוור ישראל מזון,IL,ברנפלקס בדצ500 גרם,גרמים,500.00,100 גרם,false,1,25.90,0.0518,true,1,327623
7290107647854,false,דגני בוקר שוגי בדצ 5,יוניליוור ישראל מזון,IL,דגני בוקר שוגי בדצ 500 גרם,גרמים,500.00,100 גרם,false,1,24.90,0.0498,true,1,327621
7290107648943,false,ברנפלקס קרנציס בטעם,יוניליוור שפע ישראל,IL,תלמה דגני בוקר ברנפלקס קרנצ'ים בטעם מייפל 375 גרם,גרמים,375.00,100 גרם,false,1,25.90,0.0691,true,1,432296
7290107648974,true,רוטב עגבניות עם בזיל,קונסורזיו קאסאלאסקו,IL,רוטב עגבניות עם בזיליקום לפסטה 415 גרם,גרמים,415.00,100 גרם,false,1,14.90,0.0359,true,1,346793
7290107649100,false,בייגלה טבעות שומשום,יוניליוור,IL,בייגלה טבעות שומשום 300 גר,גרמים,300.00,100 גרם,false,1,11.90,0.0397,true,1,434280
7290107649681,false,קורנטו פסק זמן 64 גר,"מיוצר ע""י גלידת שטרא",IL,קורנטו  טילון פסק זמן בטעם נוגט ושוקולד 64 גרם,גרמים,64.00,100 גרם,false,1,7.90,0.1234,true,1,348674
7290107649780,false,שוקובו שוקו 85 גרם,"מיוצר ע""י גלידת שטרא",IL,שוקובו שוקו 85 גרם,גרמים,85.00,100 גרם,false,1,9.90,0.1165,true,1,348677
7290107649858,false,טילון מגנום לבן גליד,"מיוצר ע""י גלידת שטרא",IL,מגנום  טילון שוקולד לבן 100 גרם,גרמים,100.00,100 גרם,false,1,9.90,0.0990,true,1,349230
7290107870047,false,טילון אקסטרים ענק בר,תות תעשיות מזון (201,IL,אקסטרים טילון בראוניז מטבע ענק 18*115גרם,גרמים,133.00,100 גרם,false,1,10.50,0.0789,true,1,315135
7290107871297,false,פריכונים מיני עשבי ת,"מיוצר ע""י PT, משווק",IL,אסם פריכונים מיני עשבי תיבול 16*23גרם,גרמים,25.00,100 גרם,false,1,4.50,0.1800,true,1,315116
7290107871990,false,פסטה צינורות אסם 500,פסטה זארה,IT,אסם פסטה צינורות איטלקי 12*500גרם,גרמים,500.00,100 גרם,false,1,6.90,0.0138,true,1,313674
7290107874441,false,פריכונים מיני בצל מק,"מיוצר ע""י PT, משווק",IL,אסם פריכונים מיני בצל מקורמל 16*23גרם,גרמים,25.00,100 גרם,false,1,4.50,0.1800,true,1,315117
7290107875820,false,קרוטונים אפויים בתיב,עינת תעשיות,IL,אסם קרוטונים אפויים בתיבול ביתי 12*180ג,גרמים,180.00,100 גרם,false,1,12.90,0.0717,true,1,316209
7290107879569,false,לה פרוטה מנגו 5 יח,המאפיה של הרמן,IL,לה פרוטה מאגדת מנגו 8 5*70גרם,גרמים,350.00,100 גרם,false,1,24.90,0.0711,true,1,321522
7290107879699,false,קרחון שרבט לה פרוטה,המאפיה של הרמן,IL,לה פרוטה מנגו 36*70גרם,גרמים,70.00,100 גרם,false,1,6.90,0.0986,true,1,320728
7290107931397,false,חטיף כיף כף פצפצים 4,שולן צ'יקולטה גידה ס,TR,כיף כף פצפצים,גרמים,40.00,100 גרם,false,1,5.90,0.1475,true,1,321868
7290107932134,false,חלב בקבוק 1% מועשר 1,מחלבת יטבתה,IL,חלב בבקבוק 1% מועשר- מהדרין,ליטרים,1.00,ליטר,false,1,7.90,7.9000,true,1,319934
7290107933315,false,חלב דל לקטוז 2% בקבו,מחלבת יטבתה,IL,חלב בבקבוק דל לקטוז 2%- מהדרין,ליטרים,1.00,ליטר,false,1,7.90,7.9000,true,1,319936
7290107933643,false,משקה חלב עם דגנים וב,מחלבת יטבתה,IL,"ארוחה קטנה בבקבוק בננה לל""ג",מיליליטרים,250.00,"100 מ""ל",false,1,5.00,0.0200,true,1,431915
7290107933650,false,משקה חלב עם דגנים ות,מחלבת יטבתה,IL,"ארוחה קטנה בבקבוק תות לל""ג",מיליליטרים,250.00,"100 מ""ל",false,1,5.00,0.0200,true,1,321549
7290107934473,true,מארז אקטיביה 1.5%,"שטראוס בריאות בע""מ",IL,מארז 8 אקטיביה 1.5%,Unknown,0.00,Unknown,false,1,19.90,0.0000,true,1,408809
7290107936309,false,יוגורט דנונה יווני ל,"שטראוס בריאות בע""מ",IL,דנונה יוגורט יווני לבן,גרמים,130.00,100 גרם,false,1,3.40,0.0262,true,1,324221
7290107936958,false,ביסקוויט עד חצות אצב,ביסקוויטס טור ד'אלבו,FR,עד חצות אצבעות,גרמים,125.00,100 גרם,false,1,14.90,0.1192,true,1,327941
7290107936965,false,ביסקוויט עיגולים עד,ביסקווטרי עוגיות סנט,FR,עד חצות עיגולים,גרמים,225.00,100 גרם,false,1,14.90,0.0662,true,1,327940
7290107937542,false,משקה אקטיביה תות 1.2,"שטראוס בריאות בע""מ",IL,משקה אקטיביה תות 1.2% בודד,גרמים,250.00,100 גרם,false,1,5.90,0.0236,true,1,322107
7290107937627,false,מסטיק מאסט קוביות ספ,אסקום קונפקשיין,DE,צנצנת קוביות מנטה עדינה 58 גרם,גרמים,58.00,100 גרם,false,1,9.90,0.1707,true,1,324140
7290107937634,false,מסטיק מאסט קוביות פפ,אסקום קונפקשיין,DE,צנצנת קוביות מנטה 58 גרם,גרמים,58.00,100 גרם,false,1,9.90,0.1707,true,1,324150
7290107937641,false,מסטיק מאסט קוביות בז,אסקום קונפקשיין,DE,צנצנת קוביות בזוקה 58 גרם,גרמים,58.00,100 גרם,false,1,9.90,0.1707,true,1,324142
7290107937856,false,קפסולות קפה מספר 11,שטראוס קפה בי.וי,IL,קפסולות 11 גואטמלה למכונות NESPRESSO,גרמים,50.00,100 גרם,false,1,16.90,0.3380,true,1,324096
7290107938396,false,משקה יוגורט אקטימל ת,"שטראוס בריאות בע""מ",IL,אקטימל שמיניה תות,מיליליטרים,864.00,"100 מ""ל",false,1,20.90,0.0242,true,1,322449
7290107942355,false,תפוציפס מקלות בטעם ט,"שטראוס פריטו ליי בע""",IL,תפו מקלות טבעי 60 גר 56 יח,גרמים,60.00,100 גרם,false,1,3.90,0.0650,true,1,324553
7290107943369,false,קוואקר שיבולת שועל ל,קוואקר אוטס קומפני,US,קוואקר שיבולת שועל ללא גלוטן 511 גר 6 יח,גרמים,511.00,100 גרם,false,1,19.90,0.0389,true,1,327670
7290107944472,false,גבינת סימפוניה שום ש,"שטראוס בריאות בע""מ",IL,סימפוניה שום שמיר 5%,גרמים,200.00,100 גרם,false,1,11.90,0.0595,true,1,324563
7290107945165,false,קונפיטורה משמש 340 ג,אף.סי תבליני בגליל ב,IL,קונפיטורת משמש 340 גרם,גרמים,340.00,100 גרם,false,1,14.90,0.0438,true,1,325777
7290107950190,false,מעדן דיאט שוקולד מרי,מיוצר עי קונדיטוריית,IL,מעדן שטראוס דיאט מריר,גרמים,130.00,100 גרם,false,1,3.50,0.0269,true,1,324218
7290107950206,false,מעדן דיאט שוקולד 0%,"שטראוס בריאות בע""מ",IL,מעדן שטראוס דיאט שוקולד,גרמים,130.00,100 גרם,false,1,3.50,0.0269,true,1,324216
7290107951111,false,בפלות לימון 200 גרם,"א.ג. גילרו בע""מ",IL,בפלות לימון 200 גרם,גרמים,200.00,100 גרם,false,1,5.10,0.0255,true,1,324652
7290107951715,false,מסטיק מאסט קוביות ענ,אסקום קונפקשיין,IL,צנצנת קוביות ענבים 58 גרם,גרמים,58.00,100 גרם,false,1,9.90,0.1707,true,1,325771
7290107956642,false,"תרסיס שמן זית 150 מ""",סובנה ספרד אס.איי.יו,ES,"תרסיס שמן זית 150 מ""ל",מיליליטרים,150.00,"100 מ""ל",false,1,19.90,0.1327,true,1,328490
7290107956901,true,קפסולות אגוזי לוז למ,הנסיך- מפעל לייצור ט,IL,קפסולות אגוזי לוז למכונות NESPRESSO,לא מנהל יחידת מידה,0.00,לא מנהל יחידת מידה,false,1,16.90,0.0000,true,1,408853
7290107956925,true,קפסולות קפה אספרסו 1,שטראוס קפה בי.וי.,IL,קפסולות 13 אוגנדה למכונות NESPRESSO,לא מנהל יחידת מידה,0.00,לא מנהל יחידת מידה,false,1,16.90,0.0000,true,1,346089
7290107956932,true,קפסולות אינדונזיה,שטראוס קפה בי.וי.,IL,קפסולות 12 אינדונזיה למכונות NESPRESSO,Unknown,0.00,Unknown,false,1,16.90,0.0000,true,1,336133
7290107957991,false,מילקי מינייס 144 גרם,בובארד איטליה אס.פי.,IT,מילקי מינייס,גרמים,144.00,100 גרם,false,1,14.90,0.1035,true,1,345237
7290107958035,true,מארז דנונה במתיקות מ,"שטראוס בריאות בע""מ",IL,מארז 8 דנונה מתיקות מעודנת ללא סוכר וממת,Unknown,0.00,Unknown,false,1,18.90,0.0000,true,1,336137
7290107971751,false,מי פה קולגייט טוטל כ,קולגייט- פלמוליב,PL,קולגייט מי פה טוטל כחול 500 מל,מיליליטרים,500.00,"100 מ""ל",false,1,31.90,0.0638,true,1,321879
7290107973014,false,פלמוליב סבון ידיים ח,קולגייט פלמוליב,TR,פלמוליב סבון ידיים חלב ודבש 300 מל,מיליליטרים,300.00,"100 מ""ל",false,1,9.90,0.0330,true,1,327194
7290107973311,false,קולגייט מברשת שיניים,קולגייט פלמוליב,,קולגייט 360 מברשת שיניים גולד 2 יח',לא מנהל יחידת מידה,0.00,לא מנהל יחידת מידה,false,1,33.90,0.0000,true,1,321949
7290107974066,false,עלי טורטיה קמח מלא 3,אורגניק,ES,עלי טורטיה קמח מלא 320 גרם,גרמים,320.00,100 גרם,false,1,10.90,0.0341,true,1,322116
7290107974073,false,עלי טורטיה קמח לבן 3,"ש. שסטוביץ בע""מ",ES,מאסטר שף עלי טורטיה קמח לבן 320 גר,גרמים,320.00,100 גרם,false,1,10.90,0.0341,true,1,322114
7290107975360,true,ליידי גל פיור,קולגייט פלמוליב,US,ליידי גל פיור,Unknown,0.00,Unknown,false,1,19.90,0.0000,true,1,408883
7290107978323,false,איטריות דקיקות מאסטר,פי.פי.איג' ארטלקס ג',PL,"מאסטר שף, אטריות דקיקות, 400 גרם",גרמים,400.00,100 גרם,false,1,6.50,0.0163,true,1,400657
7290107978330,false,איטריות דקות מאסטר ש,פי.פי.איג' ארטלקס ג',PL,מאסטר שף אטריות דקות 400 גרם,גרמים,400.00,100 גרם,false,1,6.50,0.0163,true,1,400658
7290107978347,false,איטריות בינוניות מאס,פי.פי.איג' ארטלקס ג',PL,מאסטר שף אטריות בינוניות 400 גרם,גרמים,400.00,100 גרם,false,1,6.50,0.0163,true,1,400659
7290107978637,true,משחת שיניים מרידול ח,קולגייט פלמוליב,PL,מרידול משחת שיניים למניעת בעיות חנייכים 75 מל,מיליליטרים,1.00,"100 מ""ל",false,1,19.90,19.9000,true,1,347097
7290108350128,false,שקית אשפה חזקה סנו,סנו מפעלי ברונוס בעמ,IL,שקית אשפה חזקה סנו סושי 40 יח,Unknown,0.00,Unknown,false,1,25.90,0.0000,true,1,391409
7290108350180,false,מפיות מודפסות 100 יח,חי מוצרי נייר בעמ,IL,מפיות מודפסות 100 יחידות,ליטרים,2.00,ליטר,false,1,9.90,4.9500,true,1,430381
7290108350531,false,נוזל כלים סנו ספארק,סנו מפעלי ברונוס בעמ,IL,ספארק משאבה קלאסי 1ל,ליטרים,1.00,ליטר,false,1,11.90,11.9000,true,1,318948
7290108350548,false,נוזל כלים סנו ספארק,סנו מפעלי ברונוס בעמ,IL,סנו נוזל לניקוי כלים בניחוח לבנדר עדין 1 ליטר,ליטרים,1.00,ליטר,false,1,11.90,11.9000,true,1,318949
7290108350555,false,נוזל כלים סנו ספארק,,,נוזל כלים סנו ספארק עור רגיש 1ליטר משאבה,ליטרים,1.00,ליטר,false,1,11.90,11.9000,true,1,318950
7290108350616,false,מרכך כביסה מקסימה סו,"סנו מפעלי ברונוס בע""",IL,מרכך מרוכז בלו בלוסום 1ליטר,ליטרים,1.00,ליטר,false,1,18.90,18.9000,true,1,397152
7290108350623,false,מרכך כביסה מקסימה So,"סנו מפעלי ברונוס בע""",IL,מרכך מרוכז סופט סילק 1ליטר,ליטרים,1.00,ליטר,false,1,18.90,18.9000,true,1,322527
7290108351507,false,מרכך כביסה מקסימה 4ל,סנו,IL,מרכך כביסה מקסימה 4ליטר SOFT SILK,ליטרים,4.00,ליטר,false,1,22.90,5.7250,true,1,399023
7290108351514,false,מרכך כביסה מקסימה BL,סנו,IL,מרכך כביסה מקסימה BLUE BLOSSOM,ליטרים,4.00,ליטר,false,1,22.90,5.7250,true,1,399022
7290108351538,false,סנו פרש הום יבש בלו,סנו מפעלי ברונוס בעמ,IL,מבשם לבית Blue Blossom בניחוח מרכך כביסה 200 מל,לא מנהל יחידת מידה,0.00,לא מנהל יחידת מידה,false,1,12.90,0.0000,true,1,432524
7290108351545,false,סנו פרש הום יבש סופט,סנו מפעלי ברונוס בעמ,IL,מבשם לבית - בניחוח מרכך כביסה soft silk,לא מנהל יחידת מידה,0.00,לא מנהל יחידת מידה,false,1,11.90,0.0000,true,1,416925
7290108351552,false,סנו גט פלוס לניקוי כ,"סנו מפעלי ברונוס בע""",IL,"סנו ג'ט+ לניקוי כללי בתוספת חומץ מרסס 750 מ""ל",מיליליטרים,750.00,"100 מ""ל",false,1,13.90,0.0185,true,1,328357
7290108351613,false,ריצפז פרש הום,"סנו מפעלי ברונוס בע""",IL,'רצפז פ.הום מלון חלומי  2 ליטר,ליטרים,0.00,ליטר,false,1,21.90,0.0000,true,1,400992
7290108351804,false,מרכך כביסה מקסימה 1,סנו מפעלי ברונוס בעמ,IL,מרכך בבישום עוצמתי gentel breeze,ליטרים,1.00,ליטר,false,1,18.90,18.9000,true,1,350955
7290108351811,false,מרכך כביסה מקסימה 1,סנו מפעלי ברונוס בעמ,IL,מרכך כביסה בבישום עוצמתי floral touch,ליטרים,1.00,ליטר,false,1,18.90,18.9000,true,1,350951
7290108351835,false,מרכך כביסה מקסימה 4,סנו מפעלי ברונוס בעמ,IL,מרכך כביסה מקסימה 4 ליטר FLORAL TOUCH,ליטרים,4.00,ליטר,false,1,22.90,5.7250,true,1,421922
7290108351958,false,אל סבון מוצק רינגס ב,סנו מפעלי ברונוס בעמ,PL,סבון אסלה ריחני בניחוח אוקיינוס,יחידה,3.00,יחידה,false,1,14.90,4.9667,true,1,432834
7290108352252,false,נוזל כלים ספארק 1 לי,"סנו מפעלי ברונוס בע""",IL,ספארק נוזל לכלים מתאים לפירות וירקות 1 ל',ליטרים,1.00,ליטר,false,1,11.90,11.9000,true,1,356024
7290108352276,false,סנו מטליות לניקוי וח,"סנו מפעלי ברונס בע""מ",IL,99.9% מטליות לחיטוי ולניקוי רצפות 10 יח,לא מנהל יחידת מידה,0.00,לא מנהל יחידת מידה,false,1,16.90,0.0000,true,1,354109
7290108352337,false,סנו פרש אוטומטיק מלו,סנו מפעלי ברונוס בעמ,IL,מבשם לבית בניחוח מלון מפנק 250 מל,מיליליטרים,250.00,"100 מ""ל",false,1,17.90,0.0716,true,1,424087
7290108352344,false,סנו פרש אוטומטיק מלו,סנו מפעלי ברונוס בעמ,IL,מבשם לבית בניחוח מלון בוטיק 250 מל,מיליליטרים,250.00,"100 מ""ל",false,1,17.90,0.0716,true,1,424086
7290108352412,false,מטהר אוויר ארומטי ור,סנו מפעלי ברונוס בעמ,IL,מטהר אוויר ארומטי ורוד,Unknown,0.00,Unknown,false,1,13.90,0.0000,true,1,356614
7290108352566,false,מרכך כביסה גוי מקסימ,"סנו מפעלי ברונוס בע""",IL,מרכך כביסה גוי מקסימה 4 ליטר,ליטרים,4.00,ליטר,false,1,22.90,5.7250,true,1,428171
7290108352573,false,מקסימה מרכך כביסה 4,סנו,IL,מקסימה מרכך כביסה 4 ליטר CALM,ליטרים,4.00,ליטר,false,1,22.90,5.7250,true,1,429663
7290108352801,false,סנו סושי - שקיות אשפ,"סנו מפעלי ברונוס בע""",IL,שקיות אשפה לפחים קטנים,לא מנהל יחידת מידה,0.00,לא מנהל יחידת מידה,false,1,21.90,0.0000,true,1,344569
7290108352849,false,מטלית הפלא סנו סושי,נינגבו סנבנג,CN,סנו סושי- מטלית הפלא  3 יח,יחידה,1.00,יחידה,false,1,14.90,14.9000,true,1,425729
7290108352863,false,שקיות צלייה L 20 יחי,מיוצר עי קונדיטוריית,TR,"סנו סושי- שקיות צלייה, 20 יחידות",יחידה,0.00,יחידה,false,1,9.90,0.0000,true,1,346337
7290108352870,false,שקיות צלייה XL 10 יח,מיוצר עי קונדיטוריית,TR,"סנו סושי- שקיות צלייה, 10 יחידות",יחידה,0.00,יחידה,false,1,9.90,0.0000,true,1,418356
7290108352887,false,זוג מפות שולחן לבנות,מיוצר עי קונדיטוריית,CN,סנו סושי זוג מפות שולחן עשויות מבד בלתי ארוג 2 יח',לא מנהל יחידת מידה,7.50,לא מנהל יחידת מידה,false,1,8.90,1.1867,true,1,430398
7290108353518,false,סנו סושי תבניות אלומ,קריניסה ויטמין אס אי,CN,"סנו סושי תבניות אלומיניום עם ידיות אחיזה, 2 יחידות",יחידה,1.00,יחידה,false,1,11.90,11.9000,true,1,352671
7290108353525,false,סנו סושי תבניות אלומ,קריניסה ויטמין אס אי,CN,סנו סושי - תבניות אלומיניום עם ידיות  אחיזה,יחידה,1.00,יחידה,false,1,11.90,11.9000,true,1,352672
7290108353532,false,שקיות אשפה סנו סושי,Elif,TR,שקיות אשפה סנו סושי עם שרוך - 100 יח,יחידה,1.00,יחידה,false,1,29.90,29.9000,true,1,422364
7290108353686,false,סנו סושי מטלית חלומי,נינגבו סנבנג,CN,סנו סושי- מטלית חלומית לריצפה 1 יח,יחידה,1.00,יחידה,false,1,11.90,11.9000,true,1,433793
7290108354270,false,מרכך כביסה מקסימה CA,סנו מפעלי ברונוס בעמ,IL,מקסימה מרכך בבישום עוצמתי 1 ליטר,ליטרים,1.00,ליטר,false,1,18.90,18.9000,true,1,428172
7290108354836,false,קרם ידיים מרוכז קרמה,קוסמופארם,IL,קרם ידיים מרוכז קרמה בישום עדין 50 מל,מיליליטרים,50.00,"100 מ""ל",false,1,14.90,0.2980,true,1,424750
7290108355802,false,תחליב רחצה קרמה ורד,קוסמופארם בעמ,IL,קרמה  תחליב רחצה ורד ווניל 700 מל,מיליליטרים,700.00,"100 מ""ל",false,1,18.90,0.0270,true,1,424753
7290108355949,false,תחליב רחצה קרמה נרול,קוסמופארם בעמ,IL,קרמה  תחליב רחצה נרולי ומגנוליה 700 מל,Unknown,0.00,Unknown,false,1,18.90,0.0000,true,1,424754
7290108357196,false,מתז לניקוי סנו גט תמ,סנו מפעלי ברונוס בעמ,IL,סנו ג'ט פלוס לניקוי כללי 750 מל,מיליליטרים,750.00,"100 מ""ל",false,1,13.90,0.0185,true,1,361241
7290108357202,false,סנוקליר בניחוח בלו 1,"סנו מפעלי ברונוס בע""",IL,סנוקליר בניחוח בלו 1 ליטר,ליטרים,1.00,ליטר,false,1,11.90,11.9000,true,1,359617
7290108357271,false,סנובון נוזלי עם חמצן,סנו,IL,"סנובון נוזלי עם חמצן 750 מ""ל",מיליליטרים,750.00,"100 מ""ל",false,1,11.90,0.0159,true,1,429864
7290108357288,false,זאוול אקונומיקה בניח,סנו,IL,זאוול אקונומיקה בניחוח פריחה לבנה 4 ליטר,ליטרים,4.00,ליטר,false,1,15.90,3.9750,true,1,429678
7290108358087,false,תחליב רחצה קרמה מאסק,קוסמופארם בעמ,IL,קרמה  תחליב רחצה מאסק 700 מל,מיליליטרים,700.00,"100 מ""ל",false,1,18.90,0.0270,true,1,425084
7290108359077,false,סופט לושן ממחטות אף,Solo Soft,EG,ממחטות אף תלת שכבתיות עשירות בלחות 120 יחידות,יחידה,1.00,יחידה,false,1,13.90,13.9000,true,1,429684
7290108359985,false,סנו JAVEL מרסס פריחה,סנו,IL,סנו JAVEL מרסס פריחה לבנה 1 ליטר,ליטרים,1.00,ליטר,false,1,16.90,16.9000,true,1,429685
7290108501360,true,גבינת צדר בשלה 200 ג,הנסיך- מפעל לייצור ט,GB,גבינת צדר בשלה 200 גרם  MATURED ORANGE,גרמים,200.00,100 גרם,false,1,22.90,0.1145,true,1,329346
7290108501407,false,גבינת צדר מיושנת 200,הנסיך- מפעל לייצור ט,GB,גבינת צ'דר מיושנת 200 גרם VINTAGE,גרמים,200.00,100 גרם,false,1,22.90,0.1145,true,1,352240
7290108501490,true,גבינת מוצרלה חצי קשה,הנסיך- מפעל לייצור ט,IL,"Euro cheese גבינת מוצרלה 24% שומן, 150 גרם",גרמים,150.00,100 גרם,false,1,15.90,0.1060,true,1,329251
7290108501650,false,רביעיית חתיכות אננס,טקרנג פיאפל אינדוסטר,CN,רביעיית חתיכות אננס בסירופ קל,לא מנהל יחידת מידה,0.00,לא מנהל יחידת מידה,false,4,12.90,0.0000,true,1,432539
7290108501667,false,רביעיית קוקטייל פירו,טקרנג פיאפל אינדוסטר,CN,רביעיית קוקטייל פירות  בסירופ קל,לא מנהל יחידת מידה,0.00,לא מנהל יחידת מידה,false,4,12.90,0.0000,true,1,417094
7290108501827,false,קדאיף שערות בצק 450,הנסיך- מפעל לייצור ט,GR,קדאיף שערות בצק 450 גרם,גרמים,450.00,100 גרם,false,1,24.90,0.0553,true,1,417261
7290108502305,false,גבינת גרנה פדנו משול,זאיני,IT,גבינת גרנה פדנו משולש 150 גרם,גרמים,200.00,100 גרם,false,1,22.90,0.1145,true,1,352238
7290108502329,true,נתחי טונה בשמן זית 6,ארזינא,TH,נתחי טונה בשמן זית 640 גרם ויליפוד 1/4,גרמים,640.00,100 גרם,false,1,30.90,0.0483,true,1,346398
7290108502381,false,תחתיות לפיצה קוטר 26,מולינו ניקולי s.p.a,TR,מנת השף בסיסים להכנת פיצה 480 גרם,גרמים,480.00,100 גרם,false,1,13.90,0.0290,true,1,355495
7290108502541,false,גבינת שמנת טבעי 200,קסוס אל פסטור,TR,גבינת שמנת טבעי 200 גרם EURO,גרמים,200.00,100 גרם,false,1,13.90,0.0695,true,1,345979
7290108502589,false,גבינת שמנת שום 200 ג,קסוס אל פסטור,TR,גבינת שמנת שום 200 גרם EURO,גרמים,200.00,100 גרם,false,1,13.90,0.0695,true,1,345984
7290108502985,false,חטיף תפוחונים טבעי 2,הנסיך- מפעל לייצור ט,CN,חטיף תפוחונים טבעי 22 גרם,גרמים,22.00,100 גרם,false,1,4.90,0.2227,true,1,347157
7290108503043,false,תפוחונים מיובשים מאר,הביי דונגפנג פוד קו.,CN,תפוחונים מיובשים מארז 3+1 88 גרם,גרמים,88.00,100 גרם,false,1,14.90,0.1693,true,1,347969
7290108503159,false,גבינה כחולה עם עובש,קסוס אל פסטור,ES,גבינה כחולה עם עובש 100 גרם EURO,גרמים,100.00,100 גרם,false,1,15.90,0.1590,true,1,346853
7290108503975,false,קנלוני 250 גרם   PAS,ויליפוד,IT,קנלוני 250 גרם   PASTA ITALIANA,גרמים,250.00,100 גרם,false,1,11.90,0.0476,true,1,432725
7290108503982,false,פרוסות גבינה בטעם צד,,ES,פרוסות גבינה בטעם צדר לכריכים וטוסטים יו,גרמים,150.00,100 גרם,false,1,11.90,0.0793,true,1,430327
7290108504279,false,קשקבל צאנק 150גרם,הנסיך- מפעל לייצור ט,ES,קשקבל צאנק 150גרם,גרמים,150.00,100 גרם,false,1,18.90,0.1260,true,1,355498
7290108504286,false,איבריקו צאנק 150גרם,הנסיך- מפעל לייצור ט,ES,איבריקו צאנק 150גרם,גרמים,150.00,100 גרם,false,1,18.90,0.1260,true,1,355499
7290108504293,false,מנצגו צאנק 150גרם,הנסיך- מפעל לייצור ט,ES,מנצגו צאנק 150גרם,גרמים,150.00,100 גרם,false,1,18.90,0.1260,true,1,355500
7290108505177,false,דלתא  יוגורט עם אננס,דלתא,GR,דלתא  יוגורט עם אננס  0%    150גרם,גרמים,150.00,100 גרם,false,1,5.50,0.0367,true,1,355502
7290108505191,false,דלתא יוגורט עם פצפוצ,דלתא,GR,דלתא יוגורט עם פצפוצי שוקולד  5% 150גר,גרמים,150.00,100 גרם,false,1,5.50,0.0367,true,1,355503
7290108505207,false,דלתא  יוגורט עם אוכמ,דלתא,GR,דלתא  יוגורט עם אוכמניות  0% 150גרם,גרמים,150.00,100 גרם,false,1,5.50,0.0367,true,1,355504
7290108505726,false,אצבעות - גבינה חצי ק,הנסיך- מפעל לייצור ט,TR,אצבעות  גבינה חצי קשה 25%  200גרם,גרמים,200.00,100 גרם,false,1,13.90,0.0695,true,1,424060
7290108506495,false,כנאפה קפוא 192.5גרם,ארמה גרופ,TR,כנאפה קפוא 192.5גרם,גרמים,193.00,100 גרם,false,1,14.90,0.0772,true,1,354728
7290108506624,false,עיזים צאנק 150גרם,אל פסטור,ES,עיזים צאנק 150גרם,גרמים,150.00,100 גרם,false,1,18.90,0.1260,true,1,355512
7290108506709,false,גבינת פרמגאנו רגיאנו,זנתי,IT,גבינת פרמגאנו רגיאנו 150 גרם,גרמים,150.00,100 גרם,false,1,28.90,0.1927,true,1,354719
7290108507010,false,מאפה בורקס מים תורכי,גידה,TR,מאפה בורקס מים תורכי  תרד וגבינה ויליפוד,גרמים,300.00,100 גרם,false,1,14.90,0.0497,true,1,355514
7290108507065,false,גבינת פרמגיאנו רגיאנ,זנאתי,IT,גבינת פרמגיאנו רגיאנו מגורדת 100 גרם,גרמים,100.00,100 גרם,false,1,14.90,0.1490,true,1,359038
7290108507072,false,שבבי גבינת גרנה פדנו,זנאתי,IT,שבבי גבינת גרנה פדנו 100 גרם,גרמים,100.00,100 גרם,false,1,13.90,0.1390,true,1,359037
7290108508086,false,"טורטליני לל""ג מילוי","אינסטנטה בע""מ",IT,טורטיליני ללא גלוטן ממולא גבינות  250 גרם,גרמים,250.00,100 גרם,false,1,13.90,0.0556,true,1,359507
7290108508093,false,"טורטליני לל""ג מילוי","אינסטנטה בע""מ",IT,טורטיליני ללא גלוטן ממולא עגבניות ומוצרלה 250 גרם,גרמים,250.00,100 גרם,false,1,13.90,0.0556,true,1,359508
7290108508109,false,"טורטליני לל""ג מילוי","אינסטנטה בע""מ",IT,"טורטליני לל""ג מילוי ריקוטה ותרד 250איטלי",גרמים,250.00,100 גרם,false,1,13.90,0.0556,true,1,359509
7290108508703,false,טורטיה ללג ויליפוד 2,פרוטרופיק סיה.,TR,טורטיה ללא גלוטן  270 ג 6 יחידות,גרמים,270.00,100 גרם,false,1,9.90,0.0367,true,1,359768
7290108509113,false,גבינה בולגרית מעודנת,,TR,גבינה בולגרית מעודנת יורו  18%  250 גרם,גרמים,250.00,100 גרם,false,1,11.90,0.0476,true,1,429783
7290108509137,false,גבינה בולגרית מעודנת,,TR,גבינה בולגרית מעודנת יורו 5% 250 גרם,גרמים,250.00,100 גרם,false,1,11.90,0.0476,true,1,429784
7290108509267,false,פסטה עם רוטב גבינה 2,הנסיך- מפעל לייצור ט,TR,פסטה עם רוטב גבינה 206 גרם,גרמים,206.00,100 גרם,false,1,9.90,0.0481,true,1,428628
7290108509700,false,"אורז פרסי  1 ק""ג DAA",אל טי פוד,IN,"אורז פרסי  1 ק""ג DAAWAT",קילוגרמים,1.00,"ק""ג",false,1,10.90,10.9000,true,1,435703
7290109351025,false,חומוסטחינה חלק מלך ה,סלטי צבר,IL,צבר חומוסטחינה 6*400גרם,גרמים,400.00,100 גרם,false,1,14.90,0.0373,true,1,320305
7290109351957,false,פריכיות פיטנס גדולות,סנורייס בלגיום אן. ו,BE,פיטנס פריכיות גדולות שקלד.חלב 12*100גרם,גרמים,100.00,100 גרם,false,1,8.90,0.0890,true,1,324428
7290109352916,false,פריכיות פיטנס בר שוק,PT,IL,פיטנס בר פריכיות שוקולד לבן 12*84גרם,גרמים,84.00,100 גרם,false,1,13.90,0.1655,true,1,322850
7290109353272,false,ספגטי פרפקטו עתיר בס,פסטה זארה,IT,ספגטי פרפקטו עתיר בסיבים 500 גרם,גרמים,500.00,100 גרם,false,1,7.90,0.0158,true,1,397397
7290109353494,false,פרפקטו פארפאלה 500 ג,פסטה זארה,IT,פרפקטו פסטה פארפלה 12*500גרם,גרמים,500.00,100 גרם,false,1,7.90,0.0158,true,1,322859
7290109354057,false,לה פרוטה תפוז אננס,תות תעשיות מזון (201,IL,לה פרוטה מאגדת אננס תפוז 8 5*70גרם,גרמים,350.00,100 גרם,false,1,24.90,0.0711,true,1,322297
7290109354101,false,לחמית ללא גלוטן 200,אסם,IL,לחמית ללא גלוטן 12*200גרם,גרמים,200.00,100 גרם,false,1,10.50,0.0525,true,1,326640
7290109354996,false,ביסקוויט פתיבר ללא ג,"אסם השקעות בע""מ",IL,אסם פתי בר ללא גלוטן שוקו 12*200גרם,גרמים,200.00,100 גרם,false,1,11.90,0.0595,true,1,324144
7290109355504,false,שלגון קראנץ וניל נוג,נטו מלינדה-בשר,IL,נסטלה קראנץ ונל.ליבת נגט.שקלד.לבן28*100ג,גרמים,100.00,100 גרם,false,1,10.50,0.1050,true,1,324766
7290109358260,false,נקניקיות עם חלבון טב,טבעול,IL,נקניקיות עם חלבון טבעול 600 גרם,גרמים,600.00,100 גרם,false,1,32.90,0.0548,true,1,326906
7290109358284,false,שניצל תירס עם חלבון,טבעול,IL,טבעול שניצל תירס עם חלבון 6*664גרם,גרמים,664.00,100 גרם,false,1,32.90,0.0495,true,1,326905
7290109358482,false,קרמוגית אסם במילוי ח,הגביע מוצרי וופלים ב,IL,אסם קרמוגית במילוי חלבה 12*200גרם,גרמים,200.00,100 גרם,false,1,11.90,0.0595,true,1,347582
7290109358567,false,ספגטי פלוס 400 גרם,פסטה זארה,IT,אסם ספגטי פלוס 24*400גרם,גרמים,400.00,100 גרם,false,1,6.90,0.0173,true,1,326648
7290109580135,false,קורנדביף זוגלובק פר,זוגלובק,IL,קורנדביף זוגלובק פרימיום 180 גרם,גרמים,180.00,100 גרם,false,1,25.90,0.1439,true,1,359297
7290109580210,false,נקניקיות ריינהולדס ה,זוגלובק,IL,נקניקיות ריינהולדס הצרפתיה 300 גרם,גרמים,300.00,100 גרם,false,1,18.90,0.0630,true,1,427851
7290109580432,false,פסטרמה חזה הודו מעוש,זוגלובק,IL,פסטרמה חזה הודו מעושן 120 גר דק דק,גרמים,120.00,100 גרם,false,1,14.90,0.1242,true,1,434330
7290109580449,false,סלמי בטעם כמהין פרימ,זוגלובק,IL,סלמי בטעם כמהין פרימיום 180 גרם,גרמים,180.00,100 גרם,false,1,25.90,0.1439,true,1,434331
7290109640020,false,משו משו גוש טבעוני ב,ויגרדן,,משו משו גוש טבעוני בטעם מוצרלה 300 גרם,גרמים,300.00,100 גרם,false,1,19.90,0.0663,true,1,325881
7290109640198,true,מגורדת לפיצה ולאפיה,"טרופיקל דגיל בע""מ אז",IL,מגורדת לפיצה ואפייה 200 גרם,Unknown,0.00,Unknown,false,1,19.90,0.0000,true,1,336651
7290109640372,true,ממרח טבעוני 9% זיתים,"טרופיקל דגיל בע""מ אז",IL,ממרח עם זיתים  על בסיס רכיבי קוקוס 9% 200 גרם,גרמים,200.00,100 גרם,false,1,16.90,0.0845,true,1,347144
7290109640396,true,ממרח טבעוני 9% בשום,"טרופיקל דגיל בע""מ אז",IL,ממרח עם זיתים  על בסיס רכיבי קוקוס 9% 200 גרם,גרמים,200.00,100 גרם,false,1,16.90,0.0845,true,1,347146
7290109640402,true,ממרח טבעוני 9%  טבעי,משו משו,IL,ממרח טבעוני 9%  טבעי משו משו 200גרם,גרמים,200.00,100 גרם,false,1,16.90,0.0845,true,1,347147
7290109640464,false,פתיתים טבעוניים בסגנ,"טרופיקל דגיל בע""מ אז",IL,פתיתים טבעוניים בסגנון פרמז'ן 150 גרם,גרמים,150.00,100 גרם,false,1,19.90,0.1327,true,1,352722
7290109640631,false,לאבנה  בסיס קוקוס מש,"טרופיקל דגיל בע""מ אז",IL,לאבנה טבעונית  על בסיס רכיבי קוקוס 9% 200 גרם,גרמים,200.00,100 גרם,false,1,16.90,0.0845,true,1,356549
7290109640648,false,ממרח בטעם חמאה משו מ,"טרופיקל דגיל בע""מ אז",IL,MASHUמשו ממרח בטעם חמאה 150 גרם,גרמים,150.00,100 גרם,false,1,14.90,0.0993,true,1,357973
7290109640761,false,מאפה פילאס במילוי פט,סנו מפעלי ברונוס.,IL,מאפה פילאס במילוי פטה טבעונית משו משו 60,גרמים,600.00,100 גרם,false,1,27.90,0.0465,true,1,426770
7290109640778,false,מאפה פילאס במילוי בס,סנו מפעלי ברונוס.,IL,מאפה פילאס במילוי בסגנון בשר משו משו 600,גרמים,600.00,100 גרם,false,1,27.90,0.0465,true,1,426771
7290109640785,false,מאפה פילאס במילוי בס,סנו מפעלי ברונוס.,IL,מאפה פילאס במילוי בסגנון פיצהמשו משו 600,גרמים,600.00,100 גרם,false,1,27.90,0.0465,true,1,426772
7290109920146,false,מסיר אבן דורגול לקומ,פרח,,יעקבי דורגול מסיר אבן ללא הרתחה 750 מל,מיליליטרים,750.00,"100 מ""ל",false,1,20.90,0.0279,true,1,324754
7290109920313,true,אסטוניש מרסס שמשות,פרח,,אסטוניש מבריק שמשות 750 מל,Unknown,0.00,Unknown,false,1,15.90,0.0000,true,1,402555
7290109920580,true,אסטוניש מרסס עם אקונ,פרח,,יעקבי אסטוניש ספריי ניקוי עם אקונומיקה 750 מל,Unknown,0.00,Unknown,false,1,15.90,0.0000,true,1,329555
7290109920603,true,אסטוניש קרם מטבח חדש,פרח,,יעקבי אסטוניש הלוגן לכיריים מזכוכית קרמית 500 מל,Unknown,0.00,Unknown,false,1,11.90,0.0000,true,1,336655
7290109920627,true,אסטוניש קרם אמבט,פרח,,יעקבי אסטוניש לחדר האמבט 500 מל,Unknown,0.00,Unknown,false,1,11.90,0.0000,true,1,402525
7290109920849,true,אסטוניש מרסס רב תכלי,פרח,,אסטוניש מרסס רב תכלי,Unknown,0.00,Unknown,false,1,15.90,0.0000,true,1,336661
7290110110352,false,קרלסברג 0.0 בק 330 מ,קרלסברג רומניהיבואן:,RO,"קרלסברג 0.0 בק 330 מ""ל ייבוא",מיליליטרים,330.00,"100 מ""ל",false,1,4.90,0.0148,true,1,353250
7290110110369,false,בירה קרלסברג LUMA שי,מבשלות בירה בינלאומי,IL,"קרלסברג LUMA שישייה 330 מ""ל",ליטרים,1.98,ליטר,false,6,49.90,25.2020,true,1,355521
7290110110574,false,פחית קולהZERO לימון,החברה המרכזית לייצור,IL,"סליק קולה ZERO לימון 330 מ""ל מבצע",מיליליטרים,330.00,"100 מ""ל",false,1,5.90,0.0179,true,1,344194
7290110110635,false,"ספרייט בקבוק 500 מ""ל",החברה המרכזית לייצור,IL,"ספרייט בקבוק 500 מ""ל",מיליליטרים,500.00,"100 מ""ל",false,1,7.50,0.0150,true,1,329489
7290110110659,false,ספרייט פחית סליק 330,החברה המרכזית לייצור,IL,"סליק ספרייט LIME 330 מ""ל מבצע",מיליליטרים,330.00,"100 מ""ל",false,1,5.90,0.0179,true,1,329488
7290110110765,false,FUZE TEA לימון נענע,מבשלות בירה בינלאומי,IL,פיוזטי גרין לימון נענע 0.5 ליטר,מיליליטרים,500.00,"100 מ""ל",false,1,8.50,0.0170,true,1,344199
7290110111557,false,פאוורייד ספורט500מל,Caslino al Piano pla,IT,פאוורייד ספורט500מל בטעם פירות,מיליליטרים,500.00,"100 מ""ל",false,1,9.90,0.0198,true,1,346929
7290110111564,false,פאוורייד ספורט 500מל,Caslino al Piano pla,IT,פאוורייד ספורט 500מל איזוטוני בטעם הדרים,מיליליטרים,500.00,"100 מ""ל",false,1,9.90,0.0198,true,1,346930
7290110111809,false,מארז שישיות פאנטה או,החברה המרכזית לייצור,IL,"ק""ק 6 FRIDGE-PACK מבצע",ליטרים,1.98,ליטר,false,1,24.90,12.5758,true,1,426951
7290110113421,false,בירה קרלסברד LUMA בק,מבשלות בירה בינלאומי,IL,קרלסברג LUMA בק 330 בודד,מיליליטרים,330.00,"100 מ""ל",false,1,9.90,0.0300,true,1,355522
7290110113902,false,בירה טובורג פחית סלי,מבשלות בירה בינלאומי,IL,"טובורג רד פחית 330 מ""ל",מיליליטרים,330.00,"100 מ""ל",false,1,7.90,0.0239,true,1,427704
7290110114183,false,פריגת יוניקורן אננס,גת,IL,"סחוט PROTECT אננס אגס קיווי 400 מ""ל",מיליליטרים,400.00,"100 מ""ל",false,1,10.00,0.0250,true,1,434136
7290110114190,false,פריגת יוניקורן תפוח,גת,IL,"סחוט UNICORN תפוח ענבים אגס 400 מ""ל",מיליליטרים,400.00,"100 מ""ל",false,1,10.00,0.0250,true,1,434135
7290110114770,false,פריגת משקל 40% פ.סוכ,מבשלות בירה בינלאומי,IL,"פריגת משק""ל ענבים 40% פחות סוכר 500 מ""ל",מיליליטרים,500.00,"100 מ""ל",false,1,7.90,0.0158,true,1,427701
7290110114787,false,מי נביעות +בטעם תפוח,נביעות טבע הגליל בעמ,IL,נביעות+ בטעם תפוח 1.5 ליטר,ליטרים,1.50,ליטר,false,1,9.90,6.6000,true,1,428520
7290110114794,false,מי נביעות +בטעם אפרס,"נביעות טבע הגליל בע""",IL,נביעות + בטעם אפרסק 1.5 ליטר,ליטרים,1.50,ליטר,false,1,9.90,6.6000,true,1,428521
7290110114800,false,מי נביעות +בטעם ענבי,"נביעות טבע הגליל בע""",IL,נביעות + בטעם ענבים 1.5 ליטר,ליטרים,1.50,ליטר,false,1,9.90,6.6000,true,1,428522
7290110114817,false,נביעות+ רכיבי פרי מנ,"נביעות טבע הגליל בע""",IL,נביעות +פרי בטעם מנגו 1.5 ליטר,ליטרים,1.50,ליטר,false,1,10.90,7.2667,true,1,428523
7290110114855,false,מים נביעות שישייה בק,נביעות טבע הגליל בעמ,IL,6 נביעות 1.5 ליטר,ליטרים,9.00,ליטר,false,6,13.90,1.5444,true,1,428527
7290110114886,false,מיץ סחוט קלמנטינה 2,גת,IL,סחוט קלמנטינה,ליטרים,2.00,ליטר,false,1,26.90,13.4500,true,1,428529
7290110114893,false,מיץ תפוזים סחוט פריג,גת,IL,סחוט תפוזים קלאסי 2 ליטר,ליטרים,2.00,ליטר,false,1,26.90,13.4500,true,1,428530
7290110114916,false,פריגת סחוט למונענע 2,גת,IL,סחוט לימונענע 2 ליטר,ליטרים,2.00,ליטר,false,1,26.90,13.4500,true,1,428532
7290110114961,false,משקל פריגת תפוזים 1.,מבשלות בירה בינלאומי,IL,"פריגת תפוזים, 1.5 ליטר",ליטרים,1.50,ליטר,false,1,9.90,6.6000,true,1,428534
7290110114985,false,משקל פריגת אשכוליות,מבשלות בירה בינלאומי,IL,פריגת בטעם אשכוליות 1.5 ליטר,ליטרים,1.50,ליטר,false,1,9.90,6.6000,true,1,428536
7290110114992,false,משקל פריגת דיאט אשכו,מבשלות בירה בינלאומי,IL,פריגת טעם אשכוליות דל קלוריות 1.5 ליטר,ליטרים,1.50,ליטר,false,1,9.90,6.6000,true,1,428537
7290110115005,false,משקל פריגת ענבים 1.5,מבשלות בירה בינלאומי,IL,משקה קל פירות ענבים תפוחים,ליטרים,1.50,ליטר,false,1,9.90,6.6000,true,1,428538
7290110115029,false,משקל פריגת תפוחים 1.,מבשלות בירה בינלאומי,IL,פריגת בטעם תפוחים 1.5 ליטר,ליטרים,1.50,ליטר,false,1,9.90,6.6000,true,1,428540
7290110115036,false,משקל פריגת מנגו 1.5,מבשלות בירה בינלאומי,IL,"משק""ל מנגו 1.5 ליטר",ליטרים,1.50,ליטר,false,1,9.90,6.6000,true,1,428541
7290110115043,false,משקל פריגת לימונענע,מבשלות בירה בינלאומי,IL,משקה קל פירות לימונענע,ליטרים,1.50,ליטר,false,1,9.90,6.6000,true,1,428542
7290110115050,false,משקל פריגת תות בננה,מבשלות בירה בינלאומי,IL,פריגת טעם תות בננה 1.5 ליטר,ליטרים,1.50,ליטר,false,1,9.90,6.6000,true,1,428543
7290110115067,false,משקל פריגת אפרסק 1.5,מבשלות בירה בינלאומי,IL,פריגת בטעם אפרסק 1.5 ליטר,ליטרים,1.50,ליטר,false,1,9.90,6.6000,true,1,428544
7290110115074,false,פריגת דובדבן 1.5 ליט,מבשלות בירה בינלאומי,IL,פריגת דובדבן תפוח 1.5 ליטר,ליטרים,1.50,ליטר,false,1,9.90,6.6000,true,1,428781
7290110115081,false,משקל פריגת צלול ענבי,מבשלות בירה לישראל ב,IL,פריגת צלול משקה קל ענבים תפוחים,ליטרים,1.50,ליטר,false,1,9.90,6.6000,true,1,428545
7290110115104,false,משקל פריגת צלול אפרס,מבשלות בירה בינלאומי,IL,פריגת צלול משקה קל אפרסקים תפוחים,ליטרים,1.50,ליטר,false,1,9.90,6.6000,true,1,428547
7290110115128,false,פריגת צלול בטעם לימו,מבשלות בירה לישראל ב,IL,פריגת צלול משקה קל לימונענע,ליטרים,1.50,ליטר,false,1,9.90,6.6000,true,1,428549
7290110115180,false,מים נביעות בקבוק 1.5,"נביעות טבע הגליל בע""",IL,נביעות 1.5 ליטר,ליטרים,1.50,ליטר,false,1,4.20,2.8000,true,1,428680
7290110115234,false,קולה ZERO נטול 1.5 ל,החברה המרכזית לייצור,IL,קוקה קולה ZERO נטול 1.5 ליטר,ליטרים,1.50,ליטר,false,1,8.90,5.9333,true,1,428558
7290110115241,false,קולה ZERO לימון 1.5,החברה המרכזית לייצור,IL,קוקה קולה ZERO לימון 1.5 ליטר,ליטרים,1.50,ליטר,false,1,8.90,5.9333,true,1,428559
7290110115258,false,קולה ZERO מנגו 1.5 ל,החברה המרכזית לייצור,IL,קולה ZERO מנגו 1.5 ליטר,ליטרים,1.50,ליטר,false,1,8.90,5.9333,true,1,428560
7290110115289,false,ספרייט 19 קל לימון-נ,החברה המרכזית לייצור,IL,ספרייט 19 קל' לימון-נענע 1.5 ליטר,ליטרים,1.50,ליטר,false,1,8.90,5.9333,true,1,428563
7290110115296,false,פאנטה אורנג בקבוק 1.,החברה המרכזית לייצור,IL,פאנטה אורנג' 1.5 ליטר,ליטרים,1.50,ליטר,false,1,8.90,5.9333,true,1,428564
7290110115319,false,פאנטה אקזוטיק בקבוק,החברה המרכזית לייצור,IL,פאנטה אקזוטיק 1.5 ליטר,ליטרים,1.50,ליטר,false,1,8.90,5.9333,true,1,428566
7290110115333,false,פאנטה תות בקבוק 1.5,החברה המרכזית לייצור,IL,פאנטה גזוז בטעם תות 1.5 ליטר,ליטרים,1.50,ליטר,false,1,8.90,5.9333,true,1,428568
7290110115364,false,קוקה קולה שישייה בקב,החברה המרכזית לייצור,IL,קוקה קולה שישיות 1.5 ליטר,ליטרים,9.00,ליטר,false,6,49.90,5.5444,true,1,428570
7290110115388,false,ספרייט ליים שישייה,החברה המרכזית לייצור,IL,ספרייט ליים שישייה,ליטרים,9.00,ליטר,false,6,49.90,5.5444,true,1,428572
7290110115395,false,ספרייט זירו שישייה ב,החברה המרכזית לייצור,IL,ZERO ספרייט שישיות 1.5 ליטר,ליטרים,9.00,ליטר,false,6,47.90,5.3222,true,1,428573
7290110115401,false,סודה קינלי שישייה  ב,החברה המרכזית לייצור,IL,סודה קינלי שישייה  בקבוק 1.5 ליטר,ליטרים,9.00,ליטר,false,6,22.90,2.5444,true,1,428574
7290110115418,false,קוקה קולה זירו שישיי,החברה המרכזית לייצור,IL,קולה ZERO שישיות 1.5 ליטר,ליטרים,9.00,ליטר,false,6,47.90,5.3222,true,1,428575
7290110115425,false,FUZE TEA לימון נענע,מבשלות בירה בינלאומי,IL,פיוזטי גרין לימון נענע 1.5 ליטר,ליטרים,1.50,ליטר,false,1,9.90,6.6000,true,1,428576
7290110115449,false,תה קר FUZE TEA מנגו,מבשלות בירה בינלאומי,IL,פיוזטי מנגו אננס 1.5 ליטר,ליטרים,1.50,ליטר,false,1,9.90,6.6000,true,1,428578
7290110115456,false,תה קר פיוזתה אפרסק 1,מבשלות בירה בינלאומי,IL,FUZE tea אפרסק 19 קל' 1.5 ליטר,ליטרים,1.50,ליטר,false,1,9.90,6.6000,true,1,428579
7290110115463,false,תה קר FUZE TEA אפרסק,מבשלות בירה בינלאומי,IL,פיוזטי אפרסק 1.5 ליטר,ליטרים,1.50,ליטר,false,1,9.90,6.6000,true,1,428580
7290110115494,false,תה קר FUZE TEA ענבים,מבשלות בירה בינלאומי,IL,פיוזטי ענבים 1.5 ליטר,ליטרים,1.50,ליטר,false,1,9.90,6.6000,true,1,428583
7290110115531,false,פאנטה ZERO תפוח 1.5,החברה המרכזית לייצור,IL,פאנטה ZERO תפוח 1.5 ליטר,ליטרים,1.50,ליטר,false,1,8.90,5.9333,true,1,428586
7290110115586,false,פריגת משקל 40% פ.סוכ,מבשלות בירה בינלאומי,IL,"פריגת משק""ל תפוזים 40% פחות סוכר 1.5 ליטר",ליטרים,1.50,ליטר,false,1,9.90,6.6000,true,1,428587
7290110115593,false,פריגת משקל 40% פ.סוכ,מבשלות בירה בינלאומי,IL,"פריגת משק""ל אשכוליות 40% פחות סוכר 1.5 ליטר",ליטרים,1.50,ליטר,false,1,9.90,6.6000,true,1,428588
7290110115616,false,ZERO פיוז טי גרין אנ,מבשלות בירה בינלאומי,IL,פיוזטי ZERO גרין אננס 1.5 ליטר,ליטרים,1.50,ליטר,false,1,9.90,6.6000,true,1,428653
7290110115623,false,ZERO פיוז טי אפרסק 1,מבשלות בירה בינלאומי,IL,פיוזטי ZERO אפרסק 1.5 ליטר,ליטרים,1.50,ליטר,false,1,9.90,6.6000,true,1,428654
7290110115654,false,ZERO פיוז טי גרין אנ,מבשלות בירה בינלאומי,IL,פיוזטי ZERO גרין אננס 0.5 ליטר,מיליליטרים,500.00,"100 מ""ל",false,1,8.50,0.0170,true,1,428652
7290110115661,false,ZERO פיוז טי אפרסק 5,מבשלות בירה בינלאומי,IL,פיוזטי ZERO אפרסק 0.5 ליטר,מיליליטרים,500.00,"100 מ""ל",false,1,8.50,0.0170,true,1,428651
7290110115777,false,מים נביעות בקבוק 1.5,נביעות,,מים נביעות בקבוק 1.5 ליטר,ליטרים,1.50,ליטר,false,1,4.20,2.8000,true,1,428681
7290110115821,false,ספרייט בקבוק 1.5 ליט,כלורוקס אוקלנד,IL,ספרייט בקבוק 1.5 ליטר,ליטרים,1.50,ליטר,false,1,8.90,5.9333,true,1,428561
7290110115838,false,ספרייט זירו בקבוק 1.,"אינסטנטה בע""מ",IL,ספרייט זירו בקבוק 1.5 ליטר,ליטרים,1.50,ליטר,false,1,8.90,5.9333,true,1,428562
7290110115845,false,קוקה קולה בקבוק  1.5,"אינסטנטה בע""מ",IL,קוקה קולה בקבוק  1.5 ליטר,ליטרים,1.50,ליטר,false,1,8.90,5.9333,true,1,428555
7290110115852,false,קוקה קולה דיאט בקבוק,תות תעשיות מזון (201,IL,קוקה קולה דיאט בקבוק  1.5 ליטר,ליטרים,1.50,ליטר,false,1,8.90,5.9333,true,1,428556
7290110115869,false,קוקה קולה זירו בקבוק,תות תעשיות מזון (201,IL,קוקה קולה זירו בקבוק 1.5 ליטר,ליטרים,1.50,ליטר,false,1,8.90,5.9333,true,1,428557
7290110115876,false,סודה קינלי 1.5 ליטר,"אינסטנטה בע""מ",IL,סודה קינלי 1.5 ליטר,ליטרים,1.50,ליטר,false,1,5.20,3.4667,true,1,428569
7290110115975,false,קוקה קולה זירו בקבוק,החברה המרכזית לייצור,IL,קוקה קולה זירו בקבוק 1 ליטר,ליטרים,1.00,ליטר,false,1,8.00,8.0000,true,1,430235
7290110116040,false,ZERO  פאנטה פירות כח,החברה המרכזית למשקאו,IL,ZERO  פאנטה פירות כחול 1.5 ליטר,ליטרים,1.50,ליטר,false,1,8.90,5.9333,true,1,434283
7290110116064,false,ZERO  פאנטה פירות יר,החברה המרכזית למשקאו,IL,ZERO,ליטרים,1.50,ליטר,false,1,8.90,5.9333,true,1,434284
7290110116125,false,סירופ בטעם פטל 750 מ,פריגת,IL,סירופ בטעם פטל 750 מל,מיליליטרים,750.00,"100 מ""ל",false,1,24.90,0.0332,true,1,435875
7290110116194,false,נביעות + לימון ליים,החברה המרכזית למשקאו,IL,נביעות + לימון ליים 0 קלוריות 1.5 ליטר,ליטרים,1.50,ליטר,false,1,9.90,6.6000,true,1,435599
7290110116217,false,נביעות +0 קלוריות אש,החברה המרכזית למשקאו,IL,נביעות +0 קלוריות אשכולית 1.5 ליטר,ליטרים,1.50,ליטר,false,1,9.90,6.6000,true,1,435598
7290110116385,false,קולה קולה  זירו סטאפ,החברה המרכזית למשקאו,IL,קולה קולה  זירו סטאפני 330 מל,מיליליטרים,330.00,"100 מ""ל",false,1,7.50,0.0227,true,1,434658
7290110320591,false,גבינה בולגרית 16% במ,תנובה,IL,פיראוס בולגרית 16% שומן במרקם מעודן,גרמים,250.00,100 גרם,false,1,22.70,0.0908,true,1,326629
7290110320683,false,משקה יופלה בטעם תות,מחלבת אלון תבור,IL,משקה יופלה בטעם תות שמינייה 856 גרם,גרמים,856.00,100 גרם,false,1,17.50,0.0204,true,1,327946
7290110320850,false,פתיתי עמק בשקית 200,"תנובה, מחלבת תל יוסף",IL,עמק פתיתים 28% שומן 200 גרם,גרמים,200.00,100 גרם,false,1,15.50,0.0775,true,1,327957
7290110320867,false,פתיתי עמק למאפים 28%,"תנובה, מחלבת תל יוסף",IL,עמק פתיתים 28% שומן 500 גרם,גרמים,500.00,100 גרם,false,1,34.90,0.0698,true,1,401211
7290110320935,false,פרוסות מוצרלה 150 גר,תנובה מחלבת תל יוסף,IL,תנובה פרוסות מוצרלה 20% שומן 150 גרם,גרמים,150.00,100 גרם,false,1,17.40,0.1160,true,1,327687
7290110321031,false,GO יוגורט יופלה שומן,"תנובה, מחלבת אלון תב",IL,GO יוגורט יופלה שומן 20 וחלבון 200 גרם,גרמים,200.00,100 גרם,false,1,5.90,0.0295,true,1,327679
7290110321048,false,יוגורט יופלה GO במתי,תנובה,IL,יוגורט יופלה GO במתיקות מעודנת 200 גרם,גרמים,200.00,100 גרם,false,1,5.90,0.0295,true,1,327680
7290110321277,false,קוטג בקטנה 5% 100 גר,"תנובה, מחלבת אלון תב",IL,תנובה קוטג' 5% בקטנה 100 גרם,גרמים,100.00,100 גרם,false,1,2.70,0.0270,true,1,328453
7290110321284,false,קוטג בקטנה 9% 100 גר,"תנובה, מחלבת אלון תב",IL,תנובה קוטג' 9% בקטנה 100 גרם,גרמים,100.00,100 גרם,false,1,2.70,0.0270,true,1,328454
7290110321680,false,יוגורט יופלה GO תות,מחלבת אלון תבור,IL,יוגורט עם תות בתוספת חלבוני חלב,גרמים,200.00,100 גרם,false,1,5.90,0.0295,true,1,329551
7290110321697,false,יוגורט יופלה GO אפרס,מיוצר עי קונדיטוריית,IL,יוגורט עם אפרסק בתוספת חלבוני חלב,גרמים,200.00,100 גרם,false,1,5.90,0.0295,true,1,329552
7290110321703,false,יוגורט יופלה GO פירו,מיוצר עי קונדיטוריית,IL,יוגורט עם פירות יער מועשר בחלבון,גרמים,200.00,100 גרם,false,1,5.90,0.0295,true,1,344319
7290110322014,false,טופו טבעי 300 גרם,שוורצקוף& הנקל דיסלד,IL,טופו טבעי 300 גרם,גרמים,300.00,100 גרם,false,1,12.50,0.0417,true,1,344719
7290110322021,false,טופו בזיליקום 300 גר,סוי מג'ק,IL,טופו בטעם בזיליקום,גרמים,300.00,100 גרם,false,1,12.50,0.0417,true,1,344718
7290110322038,false,טופו פקנטי 300 גרם,סוי מג'ק,IL,טופו פקנטי 300 גרם,גרמים,300.00,100 גרם,false,1,12.50,0.0417,true,1,344717
7290110322946,true,יופלה טיוב יוגורט במ,תנובה בעמ,IL,יופלה טיוב יוגורט במרקם חלק בטעם תות בננ,גרמים,350.00,100 גרם,false,1,12.50,0.0357,true,1,346803
7290110323066,true,משקה יוגורט מועשר בח,תנובה בעמ,IL,משקה יוגורט GO 20מועשר בחלבון בננה ואפר,מיליליטרים,236.00,"100 מ""ל",false,1,6.50,0.0275,true,1,346805
7290110323073,false,משקה יוגורט  יופלה G,תנובה בעמ,IL,משקה יוגורט  יופלה GO 20 מועשר בחלבון תו,מיליליטרים,236.00,"100 מ""ל",false,1,6.50,0.0275,true,1,346806
7290110323301,false,גבינה צהובה טל העמק,תנובה,IL,גבינה צהובה טל העמק 32% שומן 200 גרם,גרמים,200.00,100 גרם,false,1,18.90,0.0945,true,1,347510
7290110323585,true,יוגורט עם דובדבן מופ,תנובה בעמ,IL,יוגורט עם דובדבן מופחת קולוריות GO200גרם,גרמים,200.00,100 גרם,false,1,5.90,0.0295,true,1,347149
7290110323592,true,יוגורט עם אפרסק מופח,תנובה בעמ,IL,יוגורט עם אפרסק מופחת קולוריות GO200גרם,גרמים,200.00,100 גרם,false,1,5.90,0.0295,true,1,347150
7290110323714,false,משקה קוקוס שקדים תנו,תנובה בעמ,IL,משקה קוקוס שקדים תנובה 1 ליטר,ליטרים,1.00,ליטר,false,1,12.90,12.9000,true,1,347767
7290110324070,false,גבינת חלומי מחלב בקר,"תנובה בע""מ",IL,גבינת חלומי מחלב בקר 22% שומן 200 גרם,גרמים,200.00,100 גרם,false,1,20.90,0.1045,true,1,432827
7290110324711,false,ממרח סויה 9% בטעם טב,"תנובה בע""מ",IL,ממרח סויה 9% בטעם טבעי,גרמים,250.00,100 גרם,false,1,9.50,0.0380,true,1,349440
7290110324728,false,ממרח סויה 9% עם שום,"תנובה בע""מ",IL,ממרח סויה 9% עם שום שמיר,גרמים,250.00,100 גרם,false,1,9.50,0.0380,true,1,349441
7290110324841,false,מעדן שקדים עם שוקולד,תנובה בעמ,IL,מעדן שקדים עם שוקולד מריר אלטרנטיב 125גר,גרמים,125.00,100 גרם,false,1,4.30,0.0344,true,1,352272
7290110324858,false,מעדן שקדים בטעם אגוז,תנובה בעמ,IL,מעדן שקדים בטעם אגוזי לוז אלטרנטיב 125 ג,גרמים,125.00,100 גרם,false,1,4.30,0.0344,true,1,352273
7290110324872,false,גבינת גלבוע 5% שומן,תנובה,IL,גבינת גלבוע 5% שומן 200 גרם,גרמים,200.00,100 גרם,false,1,18.90,0.0945,true,1,352622
7290110324926,false,משקה סויה ללא תוספת,"תנובה בע""מ",IL,משקה סויה ללא תוספת סוכר  1 ליטר,ליטרים,1.00,ליטר,false,1,11.50,11.5000,true,1,352282
7290110325114,false,משקה יוגורטGO לייט ת,"תנובה בע""מ",IL,משקה יוגורטGO לייט תות בננה 250 מל,מיליליטרים,250.00,"100 מ""ל",false,1,6.50,0.0260,true,1,350480
7290110325169,false,פרוסות גאודה 170 גרם,תנובה,IL,פרוסות גאודה קולקשיין  170 גרם,גרמים,170.00,100 גרם,false,1,22.90,0.1347,true,1,354148
7290110325305,false,מעדן סויהGO 20 גרם ח,"תנובה בע""מ",IL,מעדן סויהGO 20 גרם חלבון במתיקות מעודנת 200גרם,גרמים,200.00,100 גרם,false,1,5.90,0.0295,true,1,352276
7290110325312,false,מעדן סויה GO 20 גרם,"תנובה בע""מ",IL,מעדן סויה GO 20 גרם חלבון בטעם תות  200גרם,גרמים,200.00,100 גרם,false,1,5.90,0.0295,true,1,352275
7290110325619,false,משקה שיבולת שועל  1ל,"תנובה בע""מ",IL,משקה שיבולת שועל  1ליטר,ליטרים,1.00,ליטר,false,1,12.90,12.9000,true,1,353275
7290110325701,false,צזיקי יווני  פיראוס,גוד פוד פרודקטס S.p,IL,צזיקי יווני  פיראוס 9% על בסיס יוגורט,גרמים,250.00,100 גרם,false,1,12.50,0.0500,true,1,353607
7290110325879,false,פתיתי גאודה 200 גרם,תנובה,IL,פתיתי גאודה 200 גרם,גרמים,200.00,100 גרם,false,1,18.90,0.0945,true,1,434946
7290110325893,false,תנובה GO אייס קפה 34,"תנובה בע""מ",IL,תנובה GO אייס קפה 340 מל,מיליליטרים,340.00,"100 מ""ל",false,1,8.50,0.0250,true,1,353280
7290110326210,false,יופלה און טופ פצפוצי,מחלבת אלון תבור,IL,יופלה און טופ פצפוצים 157 גרם,גרמים,157.00,100 גרם,false,1,4.90,0.0312,true,1,354150
7290110326227,false,יופלה און טופ קורנפל,מחלבת אלון תבור,IL,יופלה און טופ קורנפלקס  157 גרם,גרמים,157.00,100 גרם,false,1,4.90,0.0312,true,1,354152
7290110326234,false,יופלה און טופ כוכבים,מחלבת אלון תבור,IL,יופלה און טופ כוכבים 157 גרם,גרמים,157.00,100 גרם,false,1,4.90,0.0312,true,1,354151
7290110326333,false,פרוסות גבינה סקנדינב,פ.פ.ח. שאביט,IL,פרוסות גבינה סקנדינבית קולקשיין 170 גרם,גרמים,200.00,100 גרם,false,1,18.90,0.0945,true,1,356923
7290110326449,false,חמאה השף הלבן   250,אמרלנד,DE,השף הלבן חמאה 250 גרם,גרמים,250.00,100 גרם,false,1,9.90,0.0396,true,1,356919
7290110326999,false,משקה חלב  עם שוקולד,תנובה,IL,"YOLO משקה חלב  עם שוקולד קלאסי 340מ""ל",מיליליטרים,340.00,"100 מ""ל",false,1,6.90,0.0203,true,1,355970
7290110327033,false,משקהמועשר בחלבון במת,תנובה בעמ,IL,משקהמועשר בחלבון במתיקות מופחתת GO,לא מנהל יחידת מידה,0.00,לא מנהל יחידת מידה,false,1,12.90,0.0000,true,1,356553
7290110327316,false,גבינה לבנה 5% בתוספת,תנובה בעמ,IL,גבינה לבנה 5% בתוספת פריכיות  139 גרם,גרמים,139.00,100 גרם,false,1,5.90,0.0424,true,1,360289
7290110327514,false,משקה שיבולת שועל  אל,תנובה,IL,משקה שיבולת שועל  אלטרנטיב אגוזי לוז 1 ל,ליטרים,1.00,ליטר,false,1,12.90,12.9000,true,1,428212
7290110327798,false,חטיף חלבון גו בטעם ש,מנדלז סי.אר. פרודקשן,US,GO חטיף חלבון  בטעם שוקולד 60 גרם,גרמים,60.00,100 גרם,false,1,12.90,0.2150,true,1,360257
7290110327804,false,חטיף חלבון גו בצק עו,מנדלז סי.אר. פרודקשן,US,GO חטיף חלבון  בטעם בצק עוגיות 60 גרם,גרמים,60.00,100 גרם,false,1,12.90,0.2150,true,1,360258
7290110327811,false,חטיף חלבון גו קוקוס,מנדלז סי.אר. פרודקשן,US,GO חטיף חלבון עם קוקוס 60 גרם,גרמים,60.00,100 גרם,false,1,12.90,0.2150,true,1,360259
7290110327828,false,חטיף חלבון גו חמאת ב,מנדלז סי.אר. פרודקשן,US,GO חטיף חלבון עם חמאת בוטנים 60 גרם,גרמים,60.00,100 גרם,false,1,12.90,0.2150,true,1,360260
7290110328016,false,משקה סויה מועשר בחלב,סוי מג'ק,IL,"משקה סויה מועשר בחלבון בטעם אגוזי לוז 250 מ""ל",מיליליטרים,250.00,"100 מ""ל",false,1,6.50,0.0260,true,1,359052
7290110328146,false,פתיתים בסגנון גאודה,"קבוצת מיבל, מיפה א.ג",CH,פתיתים בסגנון גאודה  אלטרנטיב  200 גרם,גרמים,200.00,100 גרם,false,1,23.90,0.1195,true,1,359749
7290110328221,false,יוגורט תנובה נטול לק,תנובה בעמ,IL,יוגורט תנובה נטול לקטוז 3% 200 גרם,גרמים,200.00,100 גרם,false,1,3.90,0.0195,true,1,358935
7290110328436,false,פלח גאודה עיזים בטעם,"תנובה בע""מ",IL,פלח גאודה עיזים בטעם מעודן  29% קולקשיין,גרמים,150.00,100 גרם,false,1,23.90,0.1593,true,1,433692
7290110328474,false,פלח פרמגיאנו רגיאנו,מנדלז סי.אר. פרודקשן,IT,פלח פרמגיאנו רגיאנו קולקשיין 150 גרם,גרמים,150.00,100 גרם,false,1,29.90,0.1993,true,1,359755
7290110328481,false,פתיתי פרמגאנו רגיאנו,ברטינלי גיאני א.,IT,פתיתי פרמגאנו רגיאנו קולקשיין 100 גרם,גרמים,100.00,100 גרם,false,1,15.90,0.1590,true,1,359756
7290110328504,false,מיקס גבינות מוצרלה ס,"תנובה בע""מ",IL,מיקס גבינות מוצרלה סקנדינבית וגאודה השף,גרמים,300.00,100 גרם,false,1,27.90,0.0930,true,1,359757
7290110328511,false,פתיתי טל העמק 32% 20,תנובה,IL,פתיתי טל העמק 32% 200גרם,גרמים,200.00,100 גרם,false,1,17.90,0.0895,true,1,360626
7290110328580,false,יוגורט תנובה 5% 200,"תנובה בע""מ",IL,יוגורט תנובה 5% 200 גרם,גרמים,200.00,100 גרם,false,1,3.20,0.0160,true,1,428213
7290110328610,false,משקה אורז ושקדים ברי,תנובה בעמ,IL,משקה אורז ושקדים בריסטה אלטרנטיב 1 ליטר,ליטרים,1.00,ליטר,false,1,12.90,12.9000,true,1,434617
7290110328627,false,יוגורט GO סמיך 0% בנ,תנובה בעמ,IL,יוגורט GO סמיך 0% בננה קרמל 200 גרם,גרמים,200.00,100 גרם,false,1,5.90,0.0295,true,1,360294
7290110328764,false,יוגורט GO סמיך 0% תו,תנובה בעמ,IL,יוגורט GO סמיך 0% תות 200 גרם,גרמים,200.00,100 גרם,false,1,5.90,0.0295,true,1,360293
7290110328771,false,יוגורט GO סמיך 0% פ.,תנובה בעמ,IL,יוגורט GO סמיך 0% פ. יער 200 גרם,גרמים,200.00,100 גרם,false,1,5.90,0.0295,true,1,360292
7290110328788,false,יוגורט GO סמיך 0% אפ,תנובה בעמ,IL,יוגורט GO סמיך 0% אפרסק 200 גרם,גרמים,200.00,100 גרם,false,1,5.90,0.0295,true,1,360291
7290110328887,false,חלב 3% מהדרין 1 ליטר,תנובה,IL,חלב 3% מהדרין 1 ליטר פיקוח בבקבוק,ליטרים,1.00,ליטר,false,1,6.23,6.2300,true,1,429216
7290110328955,false,קוביות גבינת עזים בש,דודוני תעשיית החלב ה,GR,קוביות גבינת עזים בשמן פיראוס 350 גרם,גרמים,350.00,100 גרם,false,1,27.90,0.0797,true,1,429714
7290110329136,false,מעדן חלב גו בטעם שוק,"תנובה בע""מ",IL,מעדן חלב גו בטעם שוקולד 12 חלבון 120גרם,גרמים,120.00,100 גרם,false,1,4.80,0.0400,true,1,428214
7290110329143,false,מעדן חלב גו בטעם וני,"תנובה בע""מ",IL,מעדן חלב גו בטעם וניל  12 חלבון  120גרם,גרמים,120.00,100 גרם,false,1,4.80,0.0400,true,1,428215
7290110329211,false,מאגדת דיאט יופלה 0%,"תנובה בע""מ",IL,מאגדת דיאט יופלה 0% תות אפרסק*8,קילוגרמים,1.20,"ק""ג",false,1,27.90,23.2500,true,1,428217
7290110329266,false,יוגורט תנובה מחלב עי,תנובה,IL,יוגורט תנובה מחלב עיזים  140 גרם,גרמים,140.00,100 גרם,false,1,5.90,0.0421,true,1,427630
7290110329273,false,יוגורט תנובה מחלב עי,תנובה,IL,יוגורט תנובה מחלב עיזים   750 גרם,גרמים,750.00,100 גרם,false,1,20.90,0.0279,true,1,427631
7290110329303,false,פרוסות בטעם צהובה קל,תנובה,IL,פרוסות בטעם צהובה קלאסית אלטרנטיב 200 גר,גרמים,200.00,100 גרם,false,1,21.90,0.1095,true,1,428218
7290110329686,false,משקה חלב GO בטעם עוג,מיוצר עי קונדיטוריית,IL,משקה חלב GO בטעם עוגיות 340 מל,מיליליטרים,340.00,"100 מ""ל",false,1,8.50,0.0250,true,1,428219
7290110329709,false,יוגורט תנובה 0% 200,"תנובה בע""מ",IL,יוגורט תנובה 0% 200 גרם,גרמים,200.00,100 גרם,false,1,3.20,0.0160,true,1,428221
7290110329716,false,משקה חלב עם קפה קפוצ,"תנובה בע""מ",IL,"משקה חלב עם קפה קפוצינו 230  מ""ל",מיליליטרים,230.00,"100 מ""ל",false,1,7.90,0.0343,true,1,430288
7290110329723,false,משקה חלב עם קפה לאטה,"תנובה בע""מ",IL,"משקה חלב עם קפה לאטה 230 מ""ל",מיליליטרים,230.00,"100 מ""ל",false,1,7.90,0.0343,true,1,430289
7290110329730,false,משקה חלב עם קפה  שוק,"תנובה בע""מ",IL,"משקה חלב עם קפה  שוקולד  230 מ""ל",מיליליטרים,230.00,"100 מ""ל",false,1,7.90,0.0343,true,1,430290
7290110329792,false,סויה אלטרנטיב  ביו א,"תנובה בע""מ",IL,סויה אלטרנטיב  ביו אפרסק150 גרם,גרמים,150.00,100 גרם,false,1,4.50,0.0300,true,1,428725
7290110329808,false,סויה אלטרנטיב  ביו ת,"תנובה בע""מ",IL,סויה אלטרנטיב  ביו תות 150 גרם,גרמים,150.00,100 גרם,false,1,4.90,0.0327,true,1,428724
7290110329815,false,סויה אלטרנטיב  ביו מ,"תנובה בע""מ",IL,סויה אלטרנטיב  ביו מתיקות מעודנת150 גרם,גרמים,150.00,100 גרם,false,1,4.90,0.0327,true,1,428723
7290110329822,false,סויה אלטרנטיב  ביו פ,"תנובה בע""מ",IL,סויה אלטרנטיב  ביו פירות יער   150 גרם,גרמים,150.00,100 גרם,false,1,4.90,0.0327,true,1,428702
7290110329839,false,פרוסות צהובה בטעם זי,"תנובה בע""מ",IL,פרוסות צהובה בטעם זיתים אלטרנטיב  200 גר,גרמים,200.00,100 גרם,false,1,21.90,0.1095,true,1,428222
7290110329846,false,סויה אלטרנטיב  ביו ט,"תנובה בע""מ",IL,סויה אלטרנטיב  ביו טבעי150 גרם,גרמים,150.00,100 גרם,false,1,4.90,0.0327,true,1,428726
7290110329914,false,מאגדת משקה שיבולת שו,תנובה בעמ,IL,מאגדת משקה שיבולת שועל ושקדים ביו אלטרנט,גרמים,600.00,100 גרם,false,6,18.90,0.0315,true,1,428965
7290110472016,false,כבל 2 מטר - TYPE C,,,כבל 2 מטר - TYPE C,יחידה,1.00,יחידה,false,1,39.90,39.9000,true,1,352313
7290110472474,false,מתאם קיר TYPE C,,,מתאם קיר TYPE C,יחידה,1.00,יחידה,false,1,54.90,54.9000,true,1,351995
7290110476267,false,מטען קיר מאושר אפל 2,,,מטען קיר מאושר אפל 2,יחידה,1.00,יחידה,false,1,119.00,119.0000,true,1,358922
7290110552220,false,דנונה פרו 20 חלבון,"שטראוס בריאות בע""מ",IL,'דנונה פרו 20גר' ללא סוכר תות,גרמים,200.00,100 גרם,false,1,5.90,0.0295,true,1,428804
7290110552237,false,דנונה פרו 20 חלבון,"שטראוס בריאות בע""מ",IL,דנונה פרו 20גר' ללא סוכר אפרסק מנגו,גרמים,200.00,100 גרם,false,1,5.90,0.0295,true,1,428805
7290110552398,false,דנונה WOW פיסטוק  15,"שטראוס בריאות בע""מ",IL,דנונה WOW פיסטוק,גרמים,150.00,100 גרם,false,1,4.90,0.0327,true,1,429788
7290110552411,false,משקה קפה קר בטעם קרמ,אנסטל מילק kg,AT,משקה קפה קר בטעם קרמל,מיליליטרים,230.00,"100 מ""ל",false,1,7.90,0.0343,true,1,429789
7290110553012,false,קפה פלטינום קלאסיק כ,שטראוס קפה בי.וי.,IL,מארז פלטינום קלאסיק וריפיל פסח 202,גרמים,250.00,100 גרם,false,1,27.90,0.1116,true,1,429659
7290110553173,false,אנרג`י פריכיות בטעם,שטראוס גרופ,IL,אנרג`י פריכיות בטעם קרמל 40 גרם,מיליליטרים,40.00,"100 מ""ל",false,1,7.90,0.1975,true,1,434679
7290110553180,false,אנרג`י פריכיות בטעם,שטראוס גרופ,IL,אנרג`י פריכיות בטעם תפוח קינמון 40 גרם,מיליליטרים,40.00,"100 מ""ל",false,1,7.90,0.1975,true,1,434680
7290110553623,false,ציטוס קראנץ צדר חלפי,שטראוס,IL,ציטוס קראנץ צדר חלפיניו 80 גרם,גרמים,80.00,100 גרם,false,1,4.90,0.0613,true,1,434772
7290110554125,false,נודלס סצואן חריף דלי,שטראוס,IL,נודלס סצואן חריף דלישס 350גרם,גרמים,350.00,100 גרם,false,1,26.90,0.0769,true,1,429227
7290110554453,false,בינז אייס קופי לאטה,מונסטרלנד לולף,DE,"בינז אייס קופי לאטה מוקה 250 מ""ל",מיליליטרים,250.00,"100 מ""ל",false,1,9.90,0.0396,true,1,434242
7290110554507,false,קפה טורקי תימני 100,שטראוס,IL,קפה טורקי תימני 100 גרם,גרמים,100.00,100 גרם,false,1,8.90,0.0890,true,1,434244
7290110554699,false,קפסולות קפה אספרסו ע,שטראוס קפה בי.וי.,IL,קפסולות קפה אספרסו עולה 50 גרם,גרמים,50.00,100 גרם,false,1,16.90,0.3380,true,1,434664
7290110554705,false,קפסולות קפה אספרסו י,שטראוס קפה בי.וי.,IL,קפסולות קפה אספרסו יוניקו 50 גרם,גרמים,50.00,100 גרם,false,1,16.90,0.3380,true,1,434663
7290110556242,false,שוקולד פרה מריר 100,"שטראוס גרופ בע""מ.",IL,שוקולד פרה מריר 100 גרם,גרמים,100.00,100 גרם,false,1,5.90,0.0590,true,1,435575
7290110557102,false,מעדן חלב עם שוקולד פ,"שטראוס גרופ בע""מ",IL,מעדן חלב עם שוקולד מועשר בחלבון,גרמים,150.00,100 גרם,false,1,5.00,0.0333,true,1,427603
7290110557133,false,מעדן הגולן וניל 125,"שטראוס בריאות בע""מ",IL,מעדן הגולן וניל,גרמים,125.00,100 גרם,false,1,3.20,0.0256,true,1,427856
7290110557393,false,מארז מילקי שלוק  איי,"שטראוס גרופ בע""מ",IL,מארז מילקי שלוק  אייס קפה 276 מל,מיליליטרים,276.00,"100 מ""ל",false,1,9.50,0.0344,true,1,434395
7290110558222,false,WOW  דנונה בנופי 150,שטראוס,IL,WOW  דנונה בנופי 150 גרם,גרמים,150.00,100 גרם,false,1,4.90,0.0327,true,1,434399
7290110558253,false,דנונה ריפרש בננה אננ,שטראוס,IL,"דנונה ריפרש בננה אננס וציה 250מ""ל",מיליליטרים,250.00,"100 מ""ל",false,1,5.90,0.0236,true,1,434091
7290110558284,false,דנונה ביו מולטי 200,שטראוס,IL,דנונה ביו מולטי 200 גרם,מיליליטרים,200.00,"100 מ""ל",false,1,4.50,0.0225,true,1,434394
7290110558314,false,דנונה פרו 20 גרםללא,שטראוס,IL,דנונה פרו 20 גרםללא סוכר בטעם פיסטוק,גרמים,200.00,100 גרם,false,1,5.90,0.0295,true,1,434400
7290110559038,false,מילקשייק שוקו עם סיר,שטראוס,IL,מילקשייק שוקו עם סירופ שוקולד 300 מל,מיליליטרים,300.00,"100 מ""ל",false,1,7.90,0.0263,true,1,434392
7290110559045,false,מילקשייק וניל עם סיר,שטראוס,IL,מילקשייק וניל עם סירופ שוקולד 300 מל,מיליליטרים,300.00,"100 מ""ל",false,1,7.90,0.0263,true,1,434393
7290110559939,false,נתחי סויה בסגנון שוו,אוכל ביתי ניר עציון,IL,נתחי סויה בסגנון שווארמה ומגדרה דלישס  3,גרמים,350.00,100 גרם,false,1,26.90,0.0769,true,1,429796
7290110560300,false,פריכיות משולשות-פלפל,פרח,IL,פריכיות משולשות- פלפל שחור,גרמים,30.00,100 גרם,false,1,5.90,0.1967,true,1,346871
7290110560317,false,פריכיות משולשות- מלח,פרח,IL,פריכיות משולשות- מלח ים,גרמים,30.00,100 גרם,false,1,5.90,0.1967,true,1,346872
7290110560324,false,פריכיות משולשות אפונ,פרח,IL,פריכיות משולשות- אפונה ירוקה,גרמים,30.00,100 גרם,false,1,5.90,0.1967,true,1,346873
7290110561352,false,יוגורט דנונה דל לקטו,"שטראוס בריאות בע""מ",IL,דנונה דל לקטוז בתוספת סידן,גרמים,200.00,100 גרם,false,1,3.70,0.0185,true,1,339345
7290110563431,false,משקה קפה קר   קלאסי,אנסטל מילק kg,AT,משקה קפה קר בסגנון קלאסי 1.6%,מיליליטרים,230.00,"100 מ""ל",false,1,7.90,0.0343,true,1,347944
7290110563448,false,משקה קפה קר  מעודן 1,אנסטל מילק kg,AT,משקה קפה קר בסגנון מעודן 1.6%,מיליליטרים,230.00,"100 מ""ל",false,1,7.90,0.0343,true,1,347945
7290110563462,false,חלב בבקבוק נטול לקטו,מחלבת יטבתה,IL,חלב בבקבוק נטול לקטוז 2%,ליטרים,1.00,ליטר,false,1,8.20,8.2000,true,1,348331
7290110564742,false,משקה קפה קר   חזק 1.,אנסטל מילק kg,AT,משקה קפה קר בסגנון חזק -חדש,מיליליטרים,230.00,"100 מ""ל",false,1,7.90,0.0343,true,1,347946
7290110565527,false,דנונה פרו 20 גרם חלב,"שטראוס בריאות בע""מ",IL,דנונה פרו 20 גר 1.5% שומן,גרמים,200.00,100 גרם,false,1,5.90,0.0295,true,1,328457
7290110566579,false,דבש לחיץ יד מרדכי  2,מכוורת יד מרדכי שטרא,IL,דבש בקבוק לחיץ 200 גרם,גרמים,200.00,100 גרם,false,1,12.90,0.0645,true,1,350027
7290110566975,false,דנונה פרו 20גרם תות,"שטראוס בריאות בע""מ",IL,דנונה פרו 20 גר תות 0% שומן,גרמים,200.00,100 גרם,false,1,5.90,0.0295,true,1,329683
7290110570224,false,משקה קפה קר בטעם עוג,תנובה,IL,משקה קפה קר בטעם עוגיות 230מל,מיליליטרים,230.00,"100 מ""ל",false,1,7.90,0.0343,true,1,434390
7290110571382,false,מעדן חלב בטעם וניל פ,"שטראוס בריאות בע""מ",IL,מעדן חלב בטעם וניל מועשר בחלבון,גרמים,150.00,100 גרם,false,1,5.00,0.0333,true,1,429797
7290110576318,false,מארז שלישיית שוקולד,שטראוס,IL,מארז שלישיית אגוז לבן 3*100 גרם,גרמים,300.00,100 גרם,false,3,27.90,0.0930,true,1,435730
7290110576356,false,ספלנדיד שוקולד מריר,קימ'ס גריפלנן,BE,ספלנדיד שוקולד מריר פרו 64%,גרמים,100.00,100 גרם,false,1,8.90,0.0890,true,1,435756
7290110576363,false,ספלנדיד שוקולד מריר,קימ'ס גריפלנן,BE,ספלנדיד שוקולד מריר אוגנדה 80%,גרמים,100.00,100 גרם,false,1,8.90,0.0890,true,1,435755
7290110576370,false,מארז שלישיית שוקולד,שטראוס,IL,מארז שלישיית שוקולד  אגוז מריר 100 גרם,גרמים,300.00,100 גרם,false,3,27.90,0.0930,true,1,435731
7290110576387,false,מארז שלישיית שוקולד,שטראוס,IL,מארז שלישיית שוקולד אגוז חלב 100 גרם,גרמים,300.00,100 גרם,false,3,27.90,0.0930,true,1,435729
7290110576752,false,ספלנדיד מריר 70% 100,קימס,BE,ספלנדיד מריר 70% 100 גרם,גרמים,100.00,100 גרם,false,1,9.90,0.0990,true,1,436032
7290110576776,false,ספלנדיד מריר 85% 100,קימס,BE,ספלנדיד מריר 85% 100 גרם,גרמים,100.00,100 גרם,false,1,9.90,0.0990,true,1,436033
7290110577308,false,מארז  יד מרדכי כל הט,יד מרדכי,IL,מארז  יד מרדכי כל הטוב שבטבע,יחידה,1.00,יחידה,false,1,79.90,79.9000,true,1,435569
7290111079122,false,כוס זכוכית כפולה לב,,,כוס זכוכית כפולה לב,יחידה,1.00,יחידה,false,1,59.90,59.9000,true,1,417520
7290111340178,true,מטליות לניקוי כללי ב,עלבד משואות יצחק בעמ,IL,מטליות לניקוי כללי ב,Unknown,0.00,Unknown,false,1,13.90,0.0000,true,1,409738
7290111340185,true,מטליות לניקוי רצפה ב,עלבד משואות יצחק בעמ,IL,ניקול מטליות לחות לניקוי הרצפה 10 יחידות,Unknown,0.00,Unknown,false,1,13.90,0.0000,true,1,409739
7290111342059,false,ניקול מטליות מיקרופי,סנו,IL,ניקול מטליות לחות אנטיבקטריאלי,לא מנהל יחידת מידה,0.00,לא מנהל יחידת מידה,false,1,13.90,0.0000,true,1,353667
7290111343117,false,קלינקס לושן סופט זוג,קימברלי,IL,קלינקס טישו לושן סופט פק זוגות - 140 דף,לא מנהל יחידת מידה,0.00,לא מנהל יחידת מידה,false,1,13.90,0.0000,true,1,357482
7290111344206,false,האגיס מגבונים לחים מ,קימברלי,IL,מגבוני האגיס נטורל קייר מבושם 4*64,לא מנהל יחידת מידה,0.00,לא מנהל יחידת מידה,false,1,18.90,0.0000,true,1,428283
7290111345777,false,תחבושת קוטקס כותנה ל,,CN,תחבושת קוטקס כותנה לילה 16 יחידות,לא מנהל יחידת מידה,0.00,לא מנהל יחידת מידה,false,1,15.90,0.0000,true,1,429655
7290111345814,false,נייר טואלט לילי נטור,קימברלי,IL,נייר טואלט לילי נטורל קר 30 גלילים,יחידה,1.00,יחידה,false,1,34.90,34.9000,true,1,428769
7290111346088,false,נייר טואלט מולט  30,,,נייר טואלט מולט  30 גלילים,יחידה,1.00,יחידה,false,1,27.90,27.9000,true,1,434791
7290111346293,false,מגבת נייר ניקול שישי,חוגלה,IL,מגבת נייר ניקול שישייה מהדורה,יחידה,6.00,יחידה,false,1,12.90,2.1500,true,1,434188
7290111350047,false,תמרים מגולענים קלית,טעמי הגליל,IL,תמרים מגולענים קלית גת  500 גרם,גרמים,500.00,100 גרם,false,1,13.90,0.0278,true,1,402188
7290111350665,false,דבש לחיץ 350 גרם,חקלאות עין חרוד מאוח,IL,קליית גת דבש לחיץ טהור מפרחי בר 350 גרם,גרמים,350.00,100 גרם,false,1,27.90,0.0797,true,1,418628
7290111350672,false,דבש קליית גת  700 גר,חקלאות עין חרוד מאוח,IL,קליית גת דבש טהור מפרחי בר 700 גרם,גרמים,700.00,100 גרם,false,1,36.90,0.0527,true,1,418629
7290111350719,false,נאצוס הוטפופ מסעדות,פופז,US,נאצוס הוטפופ מסעדות 332 גרם,גרמים,332.00,100 גרם,false,1,14.90,0.0449,true,1,348664
7290111350726,false,נאצוס הוטפופ מקסיקני,פופז,US,נאצוס הוטפופ מקסיקני 332 גרם,גרמים,332.00,100 גרם,false,1,14.90,0.0449,true,1,348663
7290111351280,false,תערובת אגוזים קלויים,קליית גת,IL,תערובת אגוזים קלויים ללא מלח 150 ג,גרמים,150.00,100 גרם,false,1,19.90,0.1327,true,1,348125
7290111351334,false,תמר מגהול 650 גרם,הדקלאים אגודת שיתופי,IL,קליית גת תמר מג'הול טבעי 650 גרם,גרמים,650.00,100 גרם,false,1,26.90,0.0414,true,1,420774
7290111352935,false,יוגטה טופי 600 גר,סאדאט,TR,טופי יוגטה ממולא 600 גרם,גרמים,600.00,100 גרם,false,1,12.90,0.0215,true,1,424242
7290111352973,false,קוביות חמוצות 220 גר,סאדאט,TR,קוביות חמוצות ממולאות בטעם פירות,גרמים,220.00,100 גרם,false,1,8.90,0.0405,true,1,424241
7290111563492,false,מטבוחה חריפה צבר 400,סלטי צבר,IL,סלטי צבר מטבוחה חריפה מרובע 6*400גרם,גרמים,400.00,100 גרם,false,1,13.60,0.0340,true,1,329533
7290111564291,false,פריכיות דקות עם קינו,PT,IL,פיטנס פריכיות דקות עם קינואה 12*120גרם,גרמים,120.00,100 גרם,false,1,10.90,0.0908,true,1,327178
7290111564666,false,כדורי בשר טבעול מן ה,טבעול,IL,כדורי בשר טבעול מן הצומח 500 גרם,גרמים,500.00,100 גרם,false,1,32.90,0.0658,true,1,329172
7290111564727,false,קרמוגית במילוי קרם א,"אסם השקעות בע""מ",IL,אסם קרמוגית במילוי קרם אגוזים12*200ג חדש,גרמים,200.00,100 גרם,false,1,11.90,0.0595,true,1,328815
7290111564956,false,ביסלי במבה מיקס 200,פרו מן יו פתרונות אר,IL,ביסלי במבה מיקס 18*200גרם,גרמים,200.00,100 גרם,false,1,9.90,0.0495,true,1,327555
7290111565038,false,לה קרמריה וניל קוקיל,המאפיה של הרמן,IL,לה קרמריה וניל קוקילידה בדצ6*1.4ליטר חדש,ליטרים,1.40,ליטר,false,1,21.90,15.6429,true,1,339434
7290111565502,false,גלידה סנדויץ אוריאו,ג'נרל מילס סאן אדריא,IT,אוראו סנדביץ'אימפלס24*80ג12359343,גרמים,80.00,100 גרם,false,1,10.50,0.1313,true,1,328878
7290111566103,false,פלאפל טבעול מרכיבים,טבעול,IL,פלאפל טבעול מרכיבים ביתיים בלבד 590 גרם,גרמים,590.00,100 גרם,false,1,32.90,0.0558,true,1,329176
7290111566127,false,גלידה אוראו סנדביץ מ,Eskigel S.R.L,IT,אוראו מאגדת סנדביץ 8 6*33ג 12364441,גרמים,198.00,100 גרם,false,1,27.60,0.1394,true,1,328876
7290111566240,false,שניצל דק טבעול בטעם,טבעול,IL,טבעול שניצל דק בטעם צילי חריף 8*564גרם,גרמים,564.00,100 גרם,false,1,32.90,0.0583,true,1,329182
7290111566271,false,חטיפי תירס טבעול 657,טבעול,IL,טבעול חטיפי תירס 6*657גרם,גרמים,657.00,100 גרם,false,1,32.90,0.0501,true,1,329170
7290111566318,false,שניצל דק טבעול מן הצ,טבעול,IL,טבעול שניצל דק מן הצומח 8*564גרם,גרמים,564.00,100 גרם,false,1,32.90,0.0583,true,1,329183
7290111566332,false,נקניקיות וינר טבעול,טבעול,IL,נקניקיות וינר טבעול צמחוניות 680 גרם,גרמים,680.00,100 גרם,false,1,32.90,0.0484,true,1,329174
7290111566547,false,חזה בגריל טבעול צמחו,טבעול,IL,טבעול חזה בגריל צמחוני 6*560גרם,גרמים,560.00,100 גרם,false,1,32.90,0.0587,true,1,329169
7290111566561,false,שניצל ברוקולי טבעול,טבעול,IL,טבעול שניצל ברוקולי 99 קלוריות 6*560ג,גרמים,560.00,100 גרם,false,1,31.90,0.0570,true,1,329181
7290111566585,false,שניצל צמחוני טבעול 9,טבעול,IL,טבעול שניצל צמחוני 99 קלוריות 6*650גרם,גרמים,650.00,100 גרם,false,1,32.90,0.0506,true,1,329184
7290111566660,false,טבעול קציצות עדשים,טבעול,IL,טבעול קציצות עדשים כתומות 6*530גרם,גרמים,530.00,100 גרם,false,1,32.90,0.0621,true,1,329177
7290111566714,false,טבעול המבורגר צמחוני,טבעול,IL,טבעול המבורגר צמחוני 99,גרמים,600.00,100 גרם,false,1,32.90,0.0548,true,1,329168
7290111566752,false,שניצל תירס טבעול 99,טבעול,IL,טבעול שניצל תירס 99 קלוריות 6*693גרם,גרמים,693.00,100 גרם,false,1,32.90,0.0475,true,1,329185
7290111566776,false,נקניקיות קוקטייל טבע,טבעול,IL,טבעול נקניקיות קוקטייל צמחוניות6*680גרם,גרמים,680.00,100 גרם,false,1,32.90,0.0484,true,1,329175
7290111568107,false,אסם פלוס מסולסלים עת,זארה,IT,אסם פלוס מסולסלים עתיר סיבים 16*400גרם,גרמים,400.00,100 גרם,false,1,6.90,0.0173,true,1,348611
7290111568206,false,ביסלי פארטי מיקס 150,פרו מן יו פתרונות אר,IL,ביסלי פארטי מיקס 24*150גרם,גרמים,150.00,100 גרם,false,1,8.90,0.0593,true,1,329712
7290111568275,false,נודלס אטריות אורז רח,תאי פרזידנט,TH,אסם נודלס אטריות אורז רחבות 16*300גרם,גרמים,300.00,100 גרם,false,1,9.90,0.0330,true,1,344290
7290111930911,false,חטיף פוף לבבות קלאסי,מנה,IL,מנה חטיף פוף קלאסי לבבות 40 גרם,גרמים,40.00,100 גרם,false,1,3.50,0.0875,true,1,328048
7290111930928,false,חטיף פוף לבבות גריל,מנה,IL,מנה חטיף פוף גריל לבבות 40 גרם,גרמים,40.00,100 גרם,false,1,3.50,0.0875,true,1,328049
7290111933561,false,תערובת ציפוי נאגטס מ,טסט וסנט קו.לטד,TH,תערובת ציפוי נאגטס מסטרשף 250,גרמים,250.00,100 גרם,false,1,7.90,0.0316,true,1,427720
7290111936296,true,פלמוליב ארומה סנסייש,COLGATE ($) -PALMOLI,TR,פלמוליב ארומה סנסיישן מסאז 750,Unknown,0.00,Unknown,false,1,21.90,0.0000,true,1,420249
7290112004963,false,פיניש אולטימייט קפסו,רקיט בנקיזר,PL,פיניש אולטימייט קפסולות למדיח 25 יח,יחידה,25.00,יחידה,false,1,39.90,1.5960,true,1,435767
7290112330352,false,דנונה פרו 20גרם וניל,"שטראוס בריאות בע""מ",IL,דנונה פרו 20 גר וניל 0% שומן,גרמים,200.00,100 גרם,false,1,5.90,0.0295,true,1,349078
7290112330390,false,דנונה פרו 20גרם פירו,"שטראוס בריאות בע""מ",IL,דנונה פרו 20 גר פירות יער 0% שומן,גרמים,200.00,100 גרם,false,1,5.90,0.0295,true,1,349079
7290112330970,false,שייק חלבון מי גבינה,מחלבת יטבתה,IL,"שייק חלבון מי גבינה עם פירות יער 350 מ""ל",מיליליטרים,350.00,"100 מ""ל",false,1,7.50,0.0214,true,1,347763
7290112330987,false,שייק חלבון מי גבינה,מחלבת יטבתה,IL,שייק חלבון מי גבינה עם אפרסק ומנגו 350 מ,מיליליטרים,350.00,"100 מ""ל",false,1,7.50,0.0214,true,1,347762
7290112330994,false,שייק חלבון מי בינה ע,מחלבת יטבתה,IL,שייק חלבון מי גבינה עם אפרסק דאבל זירו,מיליליטרים,350.00,"100 מ""ל",false,1,7.50,0.0214,true,1,433255
7290112332585,false,פרכיות משולשות תפוא,פרח,IL,"פריכיות משולשות-סלק לל""ג",גרמים,30.00,100 גרם,false,1,5.90,0.1967,true,1,349444
7290112332691,false,עוגיית קרם פסק זמן א,הגביע מוצרי ופלים בע,IL,פינוקיות קרם פסק זמן,גרמים,200.00,100 גרם,false,1,11.90,0.0595,true,1,349555
7290112332899,false,בזוקה פופים קלאסי 58,אסקום קונפקשיין,DE,בזוקה פופים קלאסי 58 ג,גרמים,58.00,100 גרם,false,1,9.90,0.1707,true,1,349557
7290112334749,false,קפה טורקי עלית 200גר,שטראוס קפה בי.וי,IL,עלית טורקי שקית 200 ג 10% תוספת,גרמים,200.00,100 גרם,false,1,15.90,0.0795,true,1,432876
7290112335487,false,פריכיות טעימות קצח ו,פרח תעשיות,IL,פריכיות טעימות קצח ודגנים 135 גרם,גרמים,135.00,100 גרם,false,1,13.90,0.1030,true,1,349072
7290112335494,false,פריכיות טעימות פוטטו,פרח,IL,פריכיות טעימות פוטטוס,גרמים,135.00,100 גרם,false,1,13.90,0.1030,true,1,349074
7290112335500,false,פריכיות טעימות חלבון,פרח,IL,פריכיות טעימות חלבון,גרמים,135.00,100 גרם,false,1,13.90,0.1030,true,1,349075
7290112336637,false,סוכריות ללס תות אוכמ,מיישקו,PL,סוכריות ללס יוגורט תות אוכמניות,גרמים,80.00,100 גרם,false,1,8.90,0.1113,true,1,353226
7290112336644,false,סוכריות ללס לימון 80,מיישקו,PL,סוכריות ללס לימון 80 ג חדש,גרמים,80.00,100 גרם,false,1,8.90,0.1113,true,1,353227
7290112336712,false,דנונה פרו 21   0%  2,"שטראוס בריאות בע""מ",IL,דנונה פרו 21 גר 0% שומן,גרמים,200.00,100 גרם,false,1,5.90,0.0295,true,1,348340
7290112337474,false,סוכריות ללס פטל לימו,מיישקו,PL,סוכריות ללס פטל לימון  80 גר,גרמים,80.00,100 גרם,false,1,8.90,0.1113,true,1,353229
7290112337481,false,סוכריות ללס קפוצינו,מיישקו,PL,סוכריות ללס קפוצ'ינו 80 גר' אריזה חדשה,גרמים,80.00,100 גרם,false,1,8.90,0.1113,true,1,353230
7290112338877,false,סקי תות 125 גרם,"שטראוס בריאות בע""מ",IL,סקי תות,גרמים,125.00,100 גרם,false,1,3.90,0.0312,true,1,347513
7290112339867,true,גמדים סקוויז  תות 10,שטראוס,IL,גמדים סקוויז  תות 100 גרם,גרמים,100.00,100 גרם,false,1,5.70,0.0570,true,1,356185
7290112339874,true,גמדים סקוויז תות בננ,שטראוס,IL,גמדים סקוויז תות בננה 100,גרמים,100.00,100 גרם,false,1,5.70,0.0570,true,1,356186
7290112340122,false,פריכיות טעימות 3 דגנ,פרח תעשיות,IL,פריכיות טעימות 3 דגנים 135 גרם,גרמים,135.00,100 גרם,false,1,13.90,0.1030,true,1,349076
7290112340276,false,עוגיית קרם קפה נמס,הגביע מוצרי ופלים בע,IL,פינוקיות קרם קפה נמס,גרמים,200.00,100 גרם,false,1,11.90,0.0595,true,1,349564
7290112340900,false,קפה טורקי האג 200 גר,שטראוס קפה בי.וי,IL,קפה טורקי האג 200 גרם,גרמים,200.00,100 גרם,false,1,29.90,0.1495,true,1,424681
7290112341679,false,אקטיביה  3% 200גרם,"שטראוס בריאות בע""מ",IL,אקטיביה  3% 200ג',גרמים,200.00,100 גרם,false,1,4.20,0.0210,true,1,351422
7290112341686,false,מארז אקטיביה 3% שמינ,"שטראוס בריאות בע""מ",IL,מארז אקטיביה 3% 150ג',גרמים,1200.00,100 גרם,false,1,19.90,0.0166,true,1,421761
7290112342195,false,תפוציפס  מקלות 200 ג,"שטראוס פריטו ליי בע""",IL,תפו מקלות טבעי 200 גר 15 יח,גרמים,200.00,100 גרם,false,1,9.90,0.0495,true,1,352910
7290112342621,false,שוקו  יוטבתה בבקבוק,מחלבת יטבתה,IL,"שוקו 350 מ""ל",מיליליטרים,350.00,"100 מ""ל",false,1,6.50,0.0186,true,1,430329
7290112343420,false,יטבתה פרו ארוחת בוקר,מחלבת יטבתה,IL,"יטבתה פרו ארוחת בוקר 350 מל לל""ג",מיליליטרים,350.00,"100 מ""ל",false,1,7.40,0.0211,true,1,352462
7290112343499,false,ציטוס פאף 55 גרם,"שטראוס פריטו ליי בע""",IL,צ'יטוס PUFFS בטעם גבינה 55 ג 48 יח,גרמים,55.00,100 גרם,false,1,4.90,0.0891,true,1,427797
7290112343512,false,ציטוס פאף 160 גרם,"שטראוס פריטו ליי בע""",IL,צ'יטוס PUFFS בטעם גבינה 160 ג 9 יח,גרמים,160.00,100 גרם,false,1,9.90,0.0619,true,1,427798
7290112344724,false,מילקי בטעם שוקולד בל,"שטראוס גרופ בע""מ",IL,מילקי בטעם שוקולד בלונדי,גרמים,170.00,100 גרם,false,1,3.50,0.0206,true,1,352459
7290112344755,false,מלקי מופחת 26%סוכר 1,"שטראוס גרופ בע""מ",IL,מילקי עם 26% פחות סוכר,גרמים,135.00,100 גרם,false,1,3.00,0.0222,true,1,358178
7290112344786,false,קפה פלטינום קלאסיק 2,שטראוס קפה בי.וי.,IL,פלטינום קלאסיק 200 גרם,גרמים,200.00,100 גרם,false,1,27.90,0.1395,true,1,353609
7290112347008,false,גמדים ארוחת בוקר תות,"שטראוס בריאות בע""מ",IL,גמדים ארוחת בוקר תות סקוויז,גרמים,100.00,100 גרם,false,1,5.70,0.0570,true,1,352454
7290112348043,false,סלט חציל במיונז דליק,שטראוס,IL,סלט חציל במיונז דליקטס 250 גרם,גרמים,250.00,100 גרם,false,1,11.90,0.0476,true,1,358749
7290112349606,false,דניאלה תות בננה88גרם,"שטראוס בריאות בע""מ",IL,דניאלה תות בננה,גרמים,88.00,100 גרם,false,1,4.40,0.0500,true,1,428808
7290112349675,false,גמדים ארוחת בוקר וני,מיוצר עי קונדיטוריית,IL,גמדים ארוחת בוקר וניל סקוויז,גרמים,100.00,100 גרם,false,1,5.70,0.0570,true,1,352455
7290112349699,false,פסאטה מחית עגבניות ח,"אינסטנטה בע""מ",IT,פסאטה - מחית עגבניות חלקה 350 ג',גרמים,350.00,100 גרם,false,1,12.90,0.0369,true,1,353499
7290112349705,false,רוטב עגבניות קלאסי פ,"אינסטנטה בע""מ",IT,כשלפ פומודורו-רוטב קלאסי לפסטה 350ג,גרמים,350.00,100 גרם,false,1,12.90,0.0369,true,1,353497
7290112349750,false,רוטב עגבניות לפיצה 3,יד מרדכי,IL,רוטב עגבניות לפיצה 350 גרם,גרמים,350.00,100 גרם,false,1,12.90,0.0369,true,1,428092
7290112350312,false,קפסולות אספרסו 15 שט,שטראוס קפה בי.וי,IL,כשלפ קפסולות 15 למכונות NESPRESSO,גרמים,50.00,100 גרם,false,1,16.90,0.3380,true,1,356474
7290112353566,false,סלט טחינה דליקטס 250,שטראוס,IL,סלט טחינה דליקטס 250 גרם,גרמים,250.00,100 גרם,false,1,11.90,0.0476,true,1,358751
7290112353887,false,משקה קפה קר בטעם אגו,האי נאם סי או אל.טי.,AT,"משקה קפה קר בטעם אגוזים 230 מ""ל",מיליליטרים,230.00,"100 מ""ל",false,1,7.90,0.0343,true,1,434628
7290112354174,false,פסטה רוזה דלישס 280ג,"טרופיקל דגיל בע""מ אז",IT,פסטה רוזה דלישס 280גרם,גרמים,280.00,100 גרם,false,1,24.90,0.0889,true,1,427894
7290112354204,false,ספגטי עגבניות  דלישס,"טרופיקל דגיל בע""מ אז",IT,ספגטי עגבניות  דלישס 280 גרם,גרמים,280.00,100 גרם,false,1,24.90,0.0889,true,1,427896
7290112354211,false,פיצה מרגריטה  דלישס,סקרלינפיצה אס. אר. א,IT,דלישס פיצה מרגריטה,גרמים,400.00,100 גרם,false,1,26.90,0.0672,true,1,427897
7290112354235,false,ברקטה פיצה דלישס 300,סקרלינפיצה אס. אר. א,IT,ברקטה פיצה דלישס 300 גרם,גרמים,300.00,100 גרם,false,1,26.90,0.0897,true,1,427898
7290112354747,false,דנונה בר בננה עם קור,"שטראוס בריאות בע""מ",IL,דנונה בר בננה עם קורנפלקס,גרמים,172.00,100 גרם,false,1,4.80,0.0279,true,1,356926
7290112355027,false,דנונה פרו20 גרם חלבו,"שטראוס בריאות בע""מ",IL,דנונה פרו 20 גרם בטעם קרמל מלוח,גרמים,200.00,100 גרם,false,1,5.90,0.0295,true,1,358176
7290112355102,false,גמדים פאוץ סלט פירות,"שטראוס בריאות בע""מ",IL,סקוויז גמדים לדרך סלט פירות 100 גרם,גרמים,100.00,100 גרם,false,1,5.70,0.0570,true,1,358432
7290112358004,false,פסק זמן קראנץ 32גרם,שולן צ'יקולטה גידה ס,TR,פסק זמן קראנץ' 32 גר,גרמים,32.00,100 גרם,false,1,5.90,0.1844,true,1,357710
7290112358127,false,דנונה פרו 20גרם עם מ,"שטראוס בריאות בע""מ",IL,דנונה פרו 20 גר עם מגנזיום,גרמים,200.00,100 גרם,false,1,6.50,0.0325,true,1,357351
7290112358219,false,רוטב צילי מתוק 300 ג,אף.סי תבליני בגליל ב,IL,רוטב צילי מתוק 300 גר יד מרדכי,גרמים,300.00,100 גרם,false,1,14.90,0.0497,true,1,356264
7290112358431,false,עד חצות דאבל 200 גרם,ביסקוויטס טור ד'אלבו,FR,עד חצות דאבל 200 גרם,גרמים,200.00,100 גרם,false,1,14.90,0.0745,true,1,360159
7290112359353,false,קפה טורקי אלדין 200,שטראוס,IL,קפה טורקי אלדין 200 גרם,גרמים,200.00,100 גרם,false,1,22.90,0.1145,true,1,428986
7290112490032,true,מרק נמס בכוס תירס 43,יוניליוור ישראל מזון,IL,קנור נמס בכוס מרק תירס 45 גרם,גרמים,43.00,100 גרם,false,1,7.50,0.1744,true,1,346005
7290112490209,true,נמס בכוס עגבניות קרו,יוניליוור ישראל מזון,IL,נמס בכוס עגבניות קרוטונים ר.טבעי 64 גרם,גרמים,64.00,100 גרם,false,1,7.50,0.1172,true,1,346008
7290112490230,true,נמס בכוס אפונה ר.טבע,יוניליוור ישראל מזון,IL,נמס בכוס מרק אפונה - 100% רכיבים טבעיים,גרמים,50.00,100 גרם,false,1,7.50,0.1500,true,1,346009
7290112490650,false,קונפיטורה תות שדה778,קונפיטורות לה-ארדניי,BE,778 קונפיטורת תות שדה 340 גרם,גרמים,340.00,100 גרם,false,1,13.90,0.0409,true,1,345694
7290112490667,false,קונפיטורה משמשים 778,,BE,778 קונפיטורת משמש 340 גרם,גרמים,340.00,100 גרם,false,1,15.90,0.0468,true,1,345698
7290112490674,false,קונפיטורה דובדבנים 7,,BE,778 קונפיטורת דובדבנים 340 גרם,גרמים,340.00,100 גרם,false,1,13.90,0.0409,true,1,345695
7290112490698,false,קונפיטורה תות שדה לי,,BE,קונפיטורה תות שדה לייט 300 גרם,גרמים,300.00,100 גרם,false,1,14.90,0.0497,true,1,345955
7290112490728,false,מרק עשיר ירקות עם בו,יוניליוור ישראל מזון,IL,מרק עשיר ירקות עם בורגול100%רכיבים טבעיי,גרמים,104.00,100 גרם,false,1,12.90,0.1240,true,1,346045
7290112490735,true,מרק עשיר עגבניות עם,יוניליוור ישראל מזון,IL,מרק עשיר עגבניות עם פסטה – 100% רכיבים ט,גרמים,105.00,100 גרם,false,1,12.90,0.1229,true,1,346011
7290112490742,true,מרק עשיר פטריות עם ג,יוניליוור ישראל מזון,IL,מרק עשיר פטריות עם גריסים – 100% רכיבים,גרמים,104.00,100 גרם,false,1,12.90,0.1240,true,1,346012
7290112490896,true,קנור רוטב צילי חריף,יניליוור ישראל מזון,IL,קנור רוטב צילי חריף 370  גרם,גרמים,370.00,100 גרם,false,1,12.90,0.0349,true,1,418696
7290112491527,true,קנור רוטב טריאקי שומ,יוניליוור ישראל מזון,IL,קנור  רוטב טריאקי שומשום 310 גרם,גרמים,310.00,100 גרם,false,1,13.90,0.0448,true,1,418700
7290112491701,false,בררנפלקס חיטה מלאה ו,יוניליוור ישראל מזון,IL,ברנפלקס חיטה מלאה ושיבולת שועל מלאה375,גרמים,375.00,100 גרם,false,1,25.90,0.0691,true,1,348768
7290112491770,false,בייגלה דקים עם מלח י,בייגל את בייגל מזון,IL,בייגלה דקים עם מלח ים,גרמים,0.00,100 גרם,false,1,11.90,0.0000,true,1,347588
7290112492449,false,פינוק שמפו לשיער רגי,יוניליוור ישראל טיפו,IL,PINUK שמפו 2IN1 700 ML,מיליליטרים,700.00,"100 מ""ל",false,1,12.90,0.0184,true,1,354800
7290112492456,false,פינוק שמפו לשיער יבש,יוניליוור ישראל טיפו,IL,PINUK שמפו 2IN1 700 ML,מיליליטרים,700.00,"100 מ""ל",false,1,12.90,0.0184,true,1,354801
7290112492531,true,פינוק מרכך שיער רגיל,יוניליוור ישראל טיפו,IL,PINUK מרכך 700 ML,מיליליטרים,700.00,"100 מ""ל",false,1,12.90,0.0184,true,1,352799
7290112492548,true,פינוק מרכך שיער יבש,יוניליוור ישראל טיפו,IL,PINUK מרכך שיער 700 ML,מיליליטרים,700.00,"100 מ""ל",false,1,12.90,0.0184,true,1,352800
7290112492593,true,פינוק תחליב רחצה בני,יוניליוור ישראל טיפו,IL,PINUK סבון נוזלי 700 ML,גרמים,700.00,100 גרם,false,1,12.90,0.0184,true,1,352802
7290112492609,true,פינוק תחליב רחצה לבנ,יוניליוור ישראל טיפו,IL,PINUK סבון נוזלי 700 ML,מיליליטרים,700.00,"100 מ""ל",false,1,12.90,0.0184,true,1,352803
7290112492999,false,קנור מרק טעם עוף 400,יוניליוור ישראל מזון,IL,קנור מרק טעם עוף 400 גרם,גרמים,400.00,100 גרם,false,1,17.50,0.0438,true,1,352715
7290112493293,true,קנור מרק נמס בכוס יר,יוניליוור ישראל מזון,IL,קנור מרק נמס בכוס ירקות 44גרם - 100% רכי,גרמים,44.00,100 גרם,false,1,7.50,0.1705,true,1,350512
7290112493316,true,מרק היום אפונה קנור,יוניליוור ישראל מזון,IL,מרק היום אפונה קנור  117גרם  100% רכיבים,גרמים,117.00,100 גרם,false,1,12.90,0.1103,true,1,350513
7290112493903,false,ננסים בדצ מעדן קפוא,"מיוצר ע""י גלידת שטרא",IL,"מאגדת ננסים בטעמים תות, לימון, קולה ומשמש",גרמים,87.00,100 גרם,false,1,9.90,0.1138,true,1,350206
7290112493934,false,גלידה קרמיסימו וניל,"גלידת שטראוס בע""מ",IL,גלידה קרמיסימו וניל צרפתי 1.33 ליטר,ליטרים,1.33,ליטר,false,1,23.90,17.9699,true,1,353099
7290112494221,false,קליק שקית ביסקוויט 6,יוניליוור ישראל מזון,IL,קליק שקית ביסקוויט 65 גרם,גרמים,65.00,100 גרם,false,1,7.90,0.1215,true,1,351680
7290112494238,false,קליק שקית  כדורים חל,יוניליוור ישראל מזון,IL,קליק שקית  כדורים חלב 65גר,גרמים,65.00,100 גרם,false,1,7.90,0.1215,true,1,351683
7290112494276,false,קליק שקית  כריות 65,יוניליוור ישראל מזון,IL,קליק  קליק כריות 65 גרם,גרמים,65.00,100 גרם,false,1,7.90,0.1215,true,1,351684
7290112494283,false,קליק שקית  מעורב חום,יוניליוור ישראל מזון,IL,קליק   חום לבן 65 גרם,גרמים,65.00,100 גרם,false,1,7.90,0.1215,true,1,351682
7290112494313,false,קליק שקית קורנפלקס 6,יוניליוור ישראל מזון,IL,קליק שקית קורנפלקס 65גר,גרמים,65.00,100 גרם,false,1,7.90,0.1215,true,1,351687
7290112494344,false,קורנפלקס תלמה 850  ג,יוניליוור שפע ישראל,IL,תלמה קורנפלקס של אלופים דגני בוקר 850 גרם,גרמים,850.00,100 גרם,false,1,21.90,0.0258,true,1,353944
7290112494351,false,קורנפלקס תלמה 850 גר,יוניליוור שפע ישראל,IL,קורנפלקס תלמה 850 גרם בדצ,גרמים,850.00,100 גרם,false,1,21.90,0.0258,true,1,353945
7290112494382,false,קנור פירה ביתי 260 ג,יוניליוור ישראל מזון,IL,פירה בטעם ביתי מוכן ברגע קנור,גרמים,260.00,100 גרם,false,1,14.90,0.0573,true,1,352501
7290112494610,false,קנור רוטב עגבניות פי,קונסורזיו קאסאלאסקו,IT,KNORR רטבים לפסטה 415 GR,גרמים,415.00,100 גרם,false,1,14.90,0.0359,true,1,352301
7290112494795,false,בדין גל לכביסה לבנה,זוהר דליה,IL,בדין גל לכביסה לבנה וצבעונית בניחוח בדי,ליטרים,2.50,ליטר,false,1,27.90,11.1600,true,1,351775
7290112494801,false,בדין גל לכביסה לבנה,זוהר דליה,IL,בדין גל לכביסה לבנה וצבעונית בניחוח בדי,ליטרים,2.50,ליטר,false,1,27.90,11.1600,true,1,351774
7290112494993,false,כריות וניל 686 גרם,יוניליוור שפע ישראל,IL,תלמה דגני בוקר כריות וניל 686 גרם,גרמים,686.00,100 גרם,false,1,29.90,0.0436,true,1,351736
7290112495006,false,כריות נוגט 686 גרם,יוניליוור שפע ישראל,IL,כריות נוגט 686 גרם,גרמים,686.00,100 גרם,false,1,29.90,0.0436,true,1,351738
7290112495020,false,כריות צוקולדה 686 גר,יוניליוור שפע ישראל,IL,תלמה דגני בוקר כריות צ'וקולדה 686 גרם,גרמים,686.00,100 גרם,false,1,29.90,0.0436,true,1,421948
7290112495037,false,קוקומן כדורים 375 גר,יוניליוור שפע ישראל,IL,קוקומן כדורים 375 גרם,גרמים,375.00,100 גרם,false,1,22.90,0.0611,true,1,351740
7290112495044,false,קוקומן פיצפוצים 375,יוניליור שפע ישראל ב,IL,קוקומן פיצפוצים 375 גרם,גרמים,375.00,100 גרם,false,1,22.90,0.0611,true,1,351741
7290112495105,false,נשנושים חטיף אפוי בט,בייגל את בייגל מזון,IL,נשנושים חטיף אפוי בטעם שמנת בצל 260 גרם,גרמים,260.00,100 גרם,false,1,14.90,0.0573,true,1,351881
7290112495112,false,נשנושים חטיף אפוי בט,בייגל את בייגל מזון,IL,נשנושים חטיף אפוי בטעם זעתר 260 גרם,גרמים,260.00,100 גרם,false,1,14.90,0.0573,true,1,351880
7290112495143,false,נשנושי קרקר קוקטייל,בייגל את בייגל מזון,IL,נשנושי קרקר קוקטייל מלוח 300 גרם,גרמים,300.00,100 גרם,false,1,15.50,0.0517,true,1,422038
7290112495150,false,נשנושי קרקר עיגולים,בייגל את בייגל מזון,IL,נשנושי קרקר עיגולים מלוחים 300 גרם,גרמים,300.00,100 גרם,false,1,15.50,0.0517,true,1,351882
7290112495167,false,נשנושי קרקר משולשי ש,בייגל את בייגל מזון,IL,נשנושי קרקר משולשי שומשום 300 גרם,גרמים,300.00,100 גרם,false,1,15.50,0.0517,true,1,351877
7290112495174,false,נשנושי קרקר קוקטייל,בייגל את בייגל מזון,IL,נשנושי קרקר קוקטייל שומשום 300 גרם,גרמים,300.00,100 גרם,false,1,15.50,0.0517,true,1,422039
7290112495228,false,קורנפלקס בנגיעות דבש,יוניליוור שפע ישראל,IL,תלמה קורנפלקס דבש 448 גרם,גרמים,448.00,100 גרם,false,1,18.90,0.0422,true,1,421949
7290112495235,false,קורנפלקס בטעם וניל 4,יוניליוור שפע ישראל,IL,תלמה קורנפלקס של אלופים וניל 448 גרם,גרמים,448.00,100 גרם,false,1,18.90,0.0422,true,1,351743
7290112495433,false,תלמה דליפקאן 400 גרם,יוניליור שפע ישראל ב,IL,תלמה דליפקאן 400 גרם,גרמים,400.00,100 גרם,false,1,25.90,0.0647,true,1,350473
7290112495488,false,קורנפלקס פתיתי תירס,"מולינו ניקולי S.p.A,",IT,תלמה קורנפלקס ללא גלוטן 500 גרם,גרמים,500.00,100 גרם,false,1,22.90,0.0458,true,1,358913
7290112495754,false,הלמנס אלף האיים  305,יוניליוור ישראל מזון,IL,הלמנ'ס רוטב אלף האיים 305 גרם,גרמים,305.00,100 גרם,false,1,12.90,0.0423,true,1,353122
7290112495761,false,הלמנס אלף האיים לייט,יוניליוור ישראל מזון,IL,הלמנ'ס רוטב אלף האיים לייט 305 גרם,גרמים,305.00,100 גרם,false,1,12.90,0.0423,true,1,353123
7290112495785,false,הלמנס רוטב שום 300 ג,יוניליוור ישראל מזון,IL,הלמנ'ס רוטב שום 300 גרם,גרמים,300.00,100 גרם,false,1,12.90,0.0430,true,1,353124
7290112495792,false,הלמנס רוטב שום לייט,יוניליוור ישראל מזון,IL,הלמנ'ס רוטב שום לייט 300 גרם,גרמים,300.00,100 גרם,false,1,12.90,0.0430,true,1,430066
7290112495808,false,הלמנס רוטב חרדל ודבש,יוניליוור ישראל מזון,IL,הלמנ'ס רוטב חרדל ודבש 305 מל,גרמים,305.00,100 גרם,false,1,12.90,0.0423,true,1,354686
7290112495815,false,הלמנס רוטב חרדל ודבש,יוניליוור ישראל מזון,IL,הלמנ'ס רוטב חרדל ודבש לייט 305 גרם,גרמים,305.00,100 גרם,false,1,12.90,0.0423,true,1,354687
7290112495822,false,כריות בלאק 686 גרם,יוניליוור שפע ישראל,IL,תלמה דגני בוקר כריות בלאק 686 גרם,גרמים,686.00,100 גרם,false,1,29.90,0.0436,true,1,353291
7290112496027,false,אפיכל סירופ בטעם שוק,יוניליוור ישראל מזון,IL,EFICOL קינוחים שונים 580 GR,גרמים,580.00,100 גרם,false,1,15.50,0.0267,true,1,353174
7290112496034,false,אפיכל סירופ בטעם מיי,יוניליוור ישראל מזון,IL,EFICOL קינוחים שונים 580 GR,גרמים,580.00,100 גרם,false,1,15.50,0.0267,true,1,353173
7290112496287,false,פתית ציפס עם בטטה בט,JLM גלובל פודס37 דרך,GB,פתית פתית צ'יפס בטטה בטעם טבעי 21 גר',גרמים,0.00,100 גרם,false,1,4.90,0.0000,true,1,356241
7290112496294,false,פתית ציפס עם אפונה י,JLM גלובל פודס37 דרך,GB,פתית ציפס עם אפונה ירוקה וצהובה 22 גרם,גרמים,0.00,100 גרם,false,1,4.90,0.0000,true,1,356240
7290112496430,false,נמס בכוס אקסטרה מרק,יוניליוור ישראל מזון,IL,נמס בכוס אקסטרה מרק עגבניות 37 גרם,גרמים,37.00,100 גרם,false,1,4.50,0.1216,true,1,427964
7290112496447,false,נמס בכוס טעם עוף אקס,יוניליוור ישראל מזון,IL,קנור נמס בכוס אקסטרה מרק טעם עוף עם אטריות 27 גרם,גרמים,27.00,100 גרם,false,1,4.50,0.1667,true,1,427965
7290112497000,false,סיף פנטסטיק ניקוי כל,"זוהר דליה, קיבוץ דלי",IL,סיף פנטסטיק ניקוי כללי בניחוח לימון 1 ליטר,ליטרים,1.00,ליטר,false,1,13.90,13.9000,true,1,433215
7290112497123,false,סחלב להכנה 2 שקיות ב,יוניליוור ישראל מזון,IL,קנור סחלב 112 גרם,גרמים,112.00,100 גרם,false,1,12.90,0.1152,true,1,357951
7290112497932,false,נשנושים שמנת בצל 60,"דרך השוקולד 1, צפת 1",IL,בייגל בייגל נשנושים חטיף אפוי בטעם שמנת בצל 60 גרם,גרמים,60.00,100 גרם,false,1,4.90,0.0817,true,1,358532
7290112498052,false,פתית ציפס בטטה מארז,JLM גלובל פודס37 דרך,GB,"פתית פתית צ'יפס עם בטטה מארז 4 יחידות, 84 גרם",גרמים,0.00,100 גרם,false,1,15.90,0.0000,true,1,427286
7290112498281,false,פינוק אל סבון לידיים,קוסטר אירוסול ולף סנ,TR,פינוק אל סבון לידיים בתוספת שמן קוקוס 950 מל,מיליליטרים,950.00,"100 מ""ל",false,1,12.90,0.0136,true,1,427755
7290112498526,false,פתית ציפס בטטה סגולה,JLM גלובל פודס37 דרך,GB,פתית ציפס בטטה סגולה 22 גרם,גרמים,22.00,100 גרם,false,1,4.90,0.2227,true,1,428032
7290112498915,false,מאגדת מגנום שוקולד ש,"מיוצר ע""י גלידת שטרא",IL,מגנום מאגדת מיני מגנום שקדים מובחרים 5 יחידות,גרמים,250.00,100 גרם,false,1,29.90,0.1196,true,1,360457
7290112498922,false,מאגדת מגנום שוקולד ל,"מיוצר ע""י גלידת שטרא",IL,מגנום מאגדת מיני מגנום לבן 5 יחידות,גרמים,250.00,100 גרם,false,1,29.90,0.1196,true,1,360458
7290112498946,false,ארטיק ילדים קשת בענן,"צר ע""י גלידת שטראוס",IL,"מקס ארטיק קשת בענן בטעמי תות, וניל ומרשמלו 47 גרם",גרמים,47.00,100 גרם,false,1,5.90,0.1255,true,1,429119
7290112499097,false,מאגדת מיני מגנום מרי,"מיוצר ע""י גלידת שטרא",IL,מגנום  מאגדת מיני מגנום מריר 5 יחידות,גרמים,240.00,100 גרם,false,1,29.90,0.1246,true,1,429120
7290112499103,false,קורנטו קליק וניל עוג,"צר ע""י גלידת שטראוס",IL,קורנטו  טילון קליק בטעם וניל עוגיות 72 גרם,גרמים,72.00,100 גרם,false,1,7.90,0.1097,true,1,429280
7290112499127,false,שלגון שמנת בטעם וניל,"מיוצר ע""י גלידת שטרא",IL,מגנום  שלגון גלידה שוקולד לבן ותות 77 גרם,גרמים,77.00,100 גרם,false,1,10.90,0.1416,true,1,429117
7290112499141,false,סולרו וניל ותפוח ירו,שטראוס גרופ גלידות,IL,סולרו  שלגון בטעם וניל ותפוח ירוק,גרמים,74.00,100 גרם,false,1,9.90,0.1338,true,1,429279
7290112499196,false,קרמיסימו החלב של הקו,שטראוס גרופ גלידות,IL,קרמיסימו החלב של הקורנפלקס 1.33 ליטר,ליטרים,1.33,ליטר,false,1,23.90,17.9699,true,1,434428
7290112499639,false,טילון סופר מגנום וני,"מיוצר ע""י גלידת שטרא",IL,קורנטו מגנום טילון וניל צ'יפ שוקולד 110 גרם,גרמים,110.00,100 גרם,false,1,9.90,0.0900,true,1,353111
7290112499646,false,קורנטו סופר פקאן 108,"מיוצר ע""י גלידת שטרא",IL,קורנטו טילון קורנטו סופר פקאן 108 גרם,גרמים,108.00,100 גרם,false,1,9.90,0.0917,true,1,354474
7290112499677,false,מגנום שוקולד לבן 85,"מיוצר ע""י גלידת שטרא",IL,מגנום  שלגון שוקולד לבן 85 גרם,גרמים,85.00,100 גרם,false,1,10.90,0.1282,true,1,353105
7290112499813,false,אסקימו אבטיח75 גרם,"גלידת שטראוס בע""מ, ר",IL,אסקימו אבטיח75 גרם,גרמים,75.00,100 גרם,false,1,2.90,0.0387,true,1,430354
7290112499837,false,מגנום דואט שוקולד עם,"גלידות שטראוס בע""מ,",IL,Magnum יחידתיות 134 ML,גרמים,90.00,100 גרם,false,1,10.90,0.1211,true,1,353106
7290112499844,false,מיני מגנום דואט שוקו,"רחוב החרושת 1, עכו",IL,מגנום מאגדת מיני מגנום דואט שוקולד נוגט 5 יחידות,גרמים,310.00,100 גרם,false,1,29.90,0.0965,true,1,353104
7290112499851,false,מגנום חטיף בטעם בראו,"גלידת שטראוס בע""מ, ר",IL,Magnum יחידתיות 80 ML,גרמים,58.00,100 גרם,false,1,9.90,0.1707,true,1,355602
7290112499929,false,מגנום שוקולד 85 גרם,"מיוצר ע""י גלידת שטרא",IL,מגנום  שלגון מגנום שוקולד 85 גרם,גרמים,85.00,100 גרם,false,1,10.90,0.1282,true,1,353107
7290112499936,false,מגנום שקדים 85 גרם,"מיוצר ע""י גלידת שטרא",IL,מגנום  שלגון מגנום שקדים 85 גרם,גרמים,85.00,100 גרם,false,1,10.90,0.1282,true,1,353108
7290112499943,false,מיני מגנום קלאסיק שו,"גלידות שטראוס בע""מ,",IL,מיני מגנום קלאסיק שוקולד  250 גרם,גרמים,250.00,100 גרם,false,1,29.90,0.1196,true,1,353103
7290112960856,false,טילון אקסטרים מטבע ש,שוורצקוף& הנקל דיסלד,IL,נסטל.אקסטרים ליבת ריבת חלב ומטבע 18*115ג,גרמים,128.00,100 גרם,false,1,10.50,0.0820,true,1,432705
7290112961143,false,טבעול נתחי בשר צמחונ,טבעול תעשיות מזון בע,IL,טבעול נתחי בשר צמחוניים 470גרם,גרמים,470.00,100 גרם,false,1,32.90,0.0700,true,1,347481
7290112961266,false,אסם בייגלה כפיות פיז,אסם,IL,אסם בייגלה כפיות פיזור איטלקי 12*300גרם,גרמים,300.00,100 גרם,false,1,11.90,0.0397,true,1,420374
7290112961327,false,אסם בייגלה כפיות פיז,אסם,IL,אסם בייגלה כפיות פיזור כפרי 12*300גרם,גרמים,300.00,100 גרם,false,1,11.90,0.0397,true,1,420375
7290112961372,false,פיטנס חטיפי פריכיות,"פרח תעשיות מזון בע""מ",IL,פיטנס חטיפי פריכיות דקות קינמון12*60ג,גרמים,60.00,100 גרם,false,1,8.90,0.1483,true,1,347473
7290112961464,false,פיטנס חטיפי פריכיות,"פרח תעשיות מזון בע""מ",IL,פיטנס חטיפי פריכיות דקות מתובלות 12*60ג,גרמים,60.00,100 גרם,false,1,8.90,0.1483,true,1,347472
7290112962003,false,שלגון בשומן צמחי טעם,שוורצקוף& הנקל דיסלד,IL,קראנץ וניל עוגיות 28*90גרם,לא מנהל יחידת מידה,0.00,לא מנהל יחידת מידה,false,1,10.50,0.0000,true,1,347572
7290112962287,false,שווארמה טבעונית טבע,טבעול תעשיות מזון בע,IL,שווארמה טבעונית טבעול כשלפ  450גרם,גרמים,450.00,100 גרם,false,1,32.90,0.0731,true,1,353292
7290112962546,false,לה פרוטה מאג מלון תפ,שוורצקוף& הנקל דיסלד,IL,לה פרוטה מאגדת מלון תפוח 8 5*70גרם,גרמים,4.00,100 גרם,false,1,24.90,6.2250,true,1,347570
7290112962751,false,אוראו שלגון אימפלס 6,שוורצקוף& הנקל דיסלד,IL,אוראו שלגון אימפלס 20*65גרם,גרמים,65.00,100 גרם,false,1,11.50,0.1769,true,1,348135
7290112963529,false,מאגדת אקסטרים שוקו ו,שוורצקוף& הנקל דיסלד,IL,אקסטרים שוקו וניל פרווה מאח.5 6*74ג,לא מנהל יחידת מידה,0.00,לא מנהל יחידת מידה,false,1,32.90,0.0000,true,1,348136
7290112963918,false,פיטנס קרקר דק רוזמרי,אסם,IL,פיטנס קרקר דק רוזמרין 12*140גרם,גרמים,140.00,100 גרם,false,1,12.90,0.0921,true,1,349765
7290112964410,false,אסם רוטב אלף האיים ח,אסם,IL,אסם רוטב אלף האיים חדש לסלט 9*290גרם,גרמים,290.00,100 גרם,false,1,11.90,0.0410,true,1,349455
7290112964434,false,אסם רוטב קיסר חדש לס,אסם,IL,אסם רוטב קיסר חדש לסלט 9*295גרם,גרמים,295.00,100 גרם,false,1,11.90,0.0403,true,1,349456
7290112964564,false,אסם רוטב אלף האיים ל,אסם,IL,אסם רוטב אלף האיים לייט לסלט חדש 9*310ג,גרמים,295.00,100 גרם,false,1,11.90,0.0403,true,1,349460
7290112964588,false,רוטב לפאד תאי אסם 29,"אסם השקעות בע""מ",IL,אסם רוטב לפאד תאי 9*290 מל,מיליליטרים,290.00,"100 מ""ל",false,1,13.90,0.0479,true,1,349101
7290112964724,false,טבעול המבורגר טבעוני,טבעול תעשיות מזון בע,IL,טבעול המבורגר טבעוני 6*580גרם,גרמים,580.00,100 גרם,false,1,32.90,0.0567,true,1,349768
7290112965165,true,מרק נמס פטריות   34,אסם,IL,אסם זוג מרק נמס פטריות בדצ14*48גרם,גרמים,34.00,100 גרם,false,1,5.90,0.1735,true,1,350520
7290112965240,true,מרק נמס עגבניות   *,אסם,IL,אסם זוג מרק נמס עגבניות בדצ 12*60גרם,גרמים,88.00,100 גרם,false,1,5.90,0.0670,true,1,350523
7290112965264,true,מרק נמס אפונה   *30,אסם,IL,מרק נמס אפונה   *30גרם זוג,גרמים,60.00,100 גרם,false,1,5.90,0.0983,true,1,350524
7290112965301,true,מרק טעם עוף    38גר,אסם,IL,אסם זוג מרק נמס טעם עוף בדצ 10*52גרם,גרמים,38.00,100 גרם,false,1,5.90,0.1553,true,1,350526
7290112965363,false,טבעול קציצות קינואה,טבעול תעשיות מזון בע,IL,טבעול קציצת קינואה וברוקולי 2019 6*525ג,גרמים,525.00,100 גרם,false,1,32.90,0.0627,true,1,352293
7290112965660,false,פיטנס חטיף מולטיגריי,"אסם השקעות בע""מ",IL,פיטנס חטיף מולטיגריין מלח פלפל 25גרם,גרמים,25.00,100 גרם,false,1,5.50,0.2200,true,1,357794
7290112965684,false,פיטנס חטיף מולטיגריי,"אסם השקעות בע""מ",IL,פיטנס חטיף מולטיגריין עשבי תיבול  25גרם,גרמים,25.00,100 גרם,false,1,5.50,0.2200,true,1,357795
7290112965981,false,טבעול גורמה ארוחת דג,"בוקון בע""מ",IT,טבעול גורמה ארוחת דגנים  450 גרם,גרמים,450.00,100 גרם,false,1,33.90,0.0753,true,1,429063
7290112966001,false,טבעול גורמה ארוחת יר,טבעול (מקבוצת אסם הש,IT,טבעול גורמה ארוחת ירוקים   450 גרם,גרמים,450.00,100 גרם,false,1,33.90,0.0753,true,1,429064
7290112966094,false,עוגת  הבית תפוז מופח,"אסם השקעות בע""מ",IL,הבית עוגת תפוז מופחתת סוכר 8*400גרם,גרמים,400.00,100 גרם,false,1,15.90,0.0398,true,1,422730
7290112966247,false,לחמית כוסמין 200 גרם,אסם יקנעם,IL,לחמית כוסמין 200 גרם,גרמים,200.00,100 גרם,false,1,10.90,0.0545,true,1,424316
7290112966766,false,צבר טחינה בלאדי חציל,צבר,IL,צבר טחינה בלאדי חציל עגבניות ושום6*350ג,גרמים,350.00,100 גרם,false,1,16.90,0.0483,true,1,351405
7290112966780,false,צבר טחינה בלאדי עם ח,צבר,IL,צבר טחינה בלאדי עם חציל קלוי 6*350גרם,גרמים,350.00,100 גרם,false,1,16.90,0.0483,true,1,351403
7290112966803,false,אסם פודינג אינסטנט ש,"אסם השקעות בע""מ",IL,אסם פודינג אינסטנט שוקולד  88 גרם,גרמים,88.00,100 גרם,false,1,5.90,0.0670,true,1,352641
7290112966841,false,אסם פודינג בטעם שוקו,"אסם השקעות בע""מ",IL,אסם פודינג בטעם שוקולד מריר  90גרם,גרמים,90.00,100 גרם,false,1,5.90,0.0656,true,1,352642
7290112967114,false,פיטנס חטיפי פריכיות,"פרח תעשיות מזון בע""מ",IL,פיטנס חטיפי פריכיות קטניות ופלפל 60 גר,גרמים,60.00,100 גרם,false,1,8.90,0.1483,true,1,355892
7290112967381,false,פיטנס חטיפי פריכיות,"פרח תעשיות מזון בע""מ",IL,פיטנס חטיפי פריכיות קטניות ומלח ים 60 ג,גרמים,60.00,100 גרם,false,1,8.90,0.1483,true,1,355891
7290112967572,false,אסם רוטב ברביקיו 290,אסם,IL,אסם רוטב ברביקיו 9*290מל חדש,מיליליטרים,290.00,"100 מ""ל",false,1,12.90,0.0445,true,1,352640
7290112967848,false,אסם גלי תות שדה מופח,"אסם השקעות בע""מ",IL,אסם גלי תות שדה מופחת סוכר68גרם,גרמים,68.00,100 גרם,false,1,6.90,0.1015,true,1,352652
7290112968203,false,סלט טחינה בלאדי צבר,צבר,IL,סלט טחינה בלאדי צבר 250גרם,גרמים,250.00,100 גרם,false,1,10.90,0.0436,true,1,353619
7290112968340,false,צבר חומוס גרוס גס גס,צבר,IL,צבר חומוס גרוס גס גס  400גרם,גרמים,400.00,100 גרם,false,1,14.90,0.0373,true,1,353909
7290112968401,false,צבר חומוס גרגרים רכי,צבר,IL,צבר חומוס גרגרים רכים  400גרם,גרמים,400.00,100 גרם,false,1,14.90,0.0373,true,1,353911
7290112968685,false,צבר חומוס גרגרים בתט,צבר,IL,צבר חומוס גרגרים בתטבילה  400גרם,גרמים,400.00,100 גרם,false,1,14.90,0.0373,true,1,353912
7290112968807,false,פיטנס קרקר דק סלק 14,מפעל אסם יקנעם,IL,פיטנס קרקר דק סלק 12*140גרם,גרמים,140.00,100 גרם,false,1,12.90,0.0921,true,1,356610
7290112968821,false,פיטנס קרקר דק בטטה 1,מפעל אסם יקנעם,IL,פיטנס קרקר דק בטטה 12*140גרם,גרמים,140.00,100 גרם,false,1,12.90,0.0921,true,1,356611
7290113158672,false,כוס זכוכית כפולה 350,,,כוס זכוכית כפולה 350,יחידה,1.00,יחידה,false,1,49.90,49.9000,true,1,357407
7290113192171,false,מיקס אגוזים שקדים וח,דין שיווק,IL,מיקס אגוזים שקדים וחמוציות 150 גרם,גרמים,150.00,100 גרם,false,1,14.90,0.0993,true,1,361580
7290113192300,true,חרוזית מושחר בית הש,בית השיטה,IL,חרוזית מושחר בית השיטה   275גר,יחידה,0.00,יחידה,false,1,10.90,0.0000,true,1,352847
7290113192317,true,טבעות זיתים מושחרים,בית השיטה,IL,טבעות זיתים מושחרים בית השיטה   280גר,גרמים,280.00,100 גרם,false,1,12.90,0.0461,true,1,422458
7290113192324,true,זית ירוק  בית השיטה,בית-השיטה עסיס תעשיו,IL,זית ירוק  בית השיטה  340גר,גרמים,340.00,100 גרם,false,1,9.80,0.0288,true,1,352849
7290113192331,true,זית ירוק גדול בית ה,בית-השיטה עסיס תעשיו,IL,זית ירוק גדול בית השיטה 340גר,גרמים,0.00,100 גרם,false,1,11.90,0.0000,true,1,352850
7290113192348,true,זית ירוק ט.שום בית ה,בית-השיטה עסיס תעשיו,IL,זית ירוק ט.שום בית השיטה 340גר,Unknown,0.00,Unknown,false,1,10.90,0.0000,true,1,422459
7290113192355,true,חרוזית ירוק בית השיט,בית-השיטה עסיס תעשיו,IL,חרוזית ירוק בית השיטה   275גר,גרמים,275.00,100 גרם,false,1,11.90,0.0433,true,1,352852
7290113192362,true,טבעות זיתים ירק בית,בית-השיטה עסיס תעשיו,IL,טבעות זיתים ירק בית השיטה 280גר,גרמים,280.00,100 גרם,false,1,11.90,0.0425,true,1,422460
7290113192379,true,זיתים ירוקים מבוקעים,"בית-השיטה תעשיות בע""",IL,זיתים ירוקים מבוקעים  בית השיטה 340גר,גרמים,340.00,100 גרם,false,1,9.90,0.0291,true,1,352854
7290113192386,true,זית סורי מבוקע בית,בית-השיטה עסיס תעשיו,IL,זית סורי מבוקע בית השיטה  340גר,גרמים,340.00,100 גרם,false,1,11.90,0.0350,true,1,430064
7290113192393,true,קוקטייל זיתים בית ה,בית-השיטה עסיס תעשיו,IL,קוקטייל זיתים בית השיטה 336גר,גרמים,336.00,100 גרם,false,1,12.90,0.0384,true,1,352856
7290113192478,true,מלפפונים במלח 10-12,בית-השיטה עסיס תעשיו,IL,מלפפונים במלח 10-12 בית השיטה 320גר,גרמים,320.00,100 גרם,false,1,9.50,0.0297,true,1,352864
7290113192485,true,מלפפונים בחומץ 10-12,בית-השיטה עסיס תעשיו,IL,מלפפונים בחומץ 10-12בית השיטה  290גר,גרמים,290.00,100 גרם,false,1,9.50,0.0328,true,1,352865
7290113192492,true,מלפפונים בחומץ 17-13,בית-השיטה עסיס תעשיו,IL,מלפפונים בחומץ 17-13בית השיטה  290גר,גרמים,290.00,100 גרם,false,1,11.90,0.0410,true,1,352866
7290113192508,true,מלפפונים במלח 17-13ב,בית-השיטה עסיס תעשיו,IL,מלפפונים במלח 17-13בית השיטה  320גר,גרמים,320.00,100 גרם,false,1,11.90,0.0372,true,1,352867
7290113192515,true,מלפפונים במלח 18 -25,בית-השיטה עסיס תעשיו,IL,מלפפונים במלח 18 -25בית השיטה  320גר,גרמים,0.00,100 גרם,false,1,12.90,0.0000,true,1,352868
7290113192522,true,מלפפונים בחומץ בית ה,בית-השיטה עסיס תעשיו,IL,מלפפונים בחומץ בית השיטה 18-25 290גר,גרמים,290.00,100 גרם,false,1,12.90,0.0445,true,1,352869
7290113192539,true,מלפפונים במלח  7-9 ב,בית-השיטה עסיס תעשיו,IL,מלפפונים במלח  7-9 בית השיטה 320גר,גרמים,320.00,100 גרם,false,1,6.90,0.0216,true,1,352870
7290113192546,true,מלפפונים בחומץ 7-9 ב,בית-השיטה עסיס תעשיו,IL,מלפפונים בחומץ 7-9 בית השיטה 290גר,גרמים,290.00,100 גרם,false,1,6.90,0.0238,true,1,352871
7290113192553,true,מלפפונים באלדי 13-17,בית-השיטה עסיס תעשיו,IL,ב.הש.מלפ.מלח.בלדי א2 13-17 12*320ג חדש,גרמים,320.00,100 גרם,false,1,10.90,0.0341,true,1,433033
7290113192560,true,פלפל שיפקה בית השיטה,בית-השיטה עסיס תעשיו,IL,פלפל שיפקה בית השיטה  230גר,גרמים,230.00,100 גרם,false,1,7.50,0.0326,true,1,352873
7290113192577,true,כרוב כבוש בית השיטה,"בית-השיטה תעשיות בע""",IL,כרוב כבוש בית השיטה 430גר,גרמים,430.00,100 גרם,false,1,8.50,0.0198,true,1,352874
7290113192881,false,טורטיה חיטה מופחתת ק,דין שיווק,IL,טורטיה חיטה מופחתת קלוריות 270 גרם,גרמים,270.00,100 גרם,false,1,9.90,0.0367,true,1,428148
7290113193031,false,זית חרוזית קלמטה בית,"בית השיטה תעשיות בע""",IL,זית חרוזית קלמטה בית השיטה 275גרם,גרמים,275.00,100 גרם,false,1,14.90,0.0542,true,1,355317
7290113193888,false,חצילים מוחמצים בית ה,"בית השיטה תעשיות בע""",IL,חצילים מוחמצים בית השיטה 320גרם,גרמים,320.00,100 גרם,false,1,11.90,0.0372,true,1,425442
7290113196490,false,פריכיות כוסמת ציה 15,זן - בר,IL,פריכיות כוסמת ציה 150 גרם במליחות עדינה,גרמים,150.00,100 גרם,false,1,11.90,0.0793,true,1,428328
7290113196506,false,פריכיות כוסמת 150 גר,זן - בר,IL,פריכיות כוסמת 150 גרם ללא מלח,גרמים,150.00,100 גרם,false,1,11.90,0.0793,true,1,428326
7290113196513,false,פריכיות כוסמת שקדים,זן - בר,IL,פריכיות כוסמת שקדים 150 גרם במליחות עדינה,גרמים,150.00,100 גרם,false,1,11.90,0.0793,true,1,428329
7290113196520,false,פריכיות כוסמין 150 ג,זן - בר,IL,פריכיות כוסמין 150 גרם ללא מלח,גרמים,150.00,100 גרם,false,1,11.90,0.0793,true,1,428327
7290113198029,false,פקאן מצופה חלבה 150ג,דין שיווק,IL,פקאן מצופה חלבה 150גרם,גרמים,150.00,100 גרם,false,1,14.90,0.0993,true,1,427564
7290113198036,false,פקאן מצופה  בטעם קרמ,"דין שיווק וקליה בע""מ",IL,פקאן מצופה  בטעם קרמל 150 גרם,גרמים,150.00,100 גרם,false,1,14.90,0.0993,true,1,427592
7290113198043,false,פקאן מצופה שוקולד וע,דין שיווק,IL,פקאן מצופה שוקולד ועוגיות 150גרם,גרמים,150.00,100 גרם,false,1,14.90,0.0993,true,1,427566
7290113198050,false,פקאן מצופה בייגלה מל,דין שיווק,IL,פקאן מצופה בייגלה מלוח 150גרם,גרמים,150.00,100 גרם,false,1,14.90,0.0993,true,1,427565
7290113198067,false,פקאן מצופה שוקולד לב,"דין שיווק וקליה בע""מ",IL,פקאן מצופה שוקולד לבן 150 גרם,גרמים,150.00,100 גרם,false,1,14.90,0.0993,true,1,427591
7290113198074,false,פקאן מצופה שוקולד שי,דין שיווק,IL,פקאן מצופה שוקולד שיש 150גרם,גרמים,150.00,100 גרם,false,1,14.90,0.0993,true,1,427567
7290113198562,false,סוכריות גומי בטעם תו,טופ גלוב,IL,סוכריות גומי בטעם תות שדה 200גרם,גרמים,200.00,100 גרם,false,1,9.90,0.0495,true,1,427721
7290113198579,false,סוכריות גומי דובונים,טופ גלוב,IL,סוכריות גומי דובונים 200 גרם,גרמים,200.00,100 גרם,false,1,9.90,0.0495,true,1,427722
7290113198586,false,סוכריות גומי מצופות,טופ גלוב,IL,סוכריות גומי מצופות סוכר בטעם אפרסק 200 גרם,גרמים,200.00,100 גרם,false,1,9.90,0.0495,true,1,427723
7290113198609,false,סוכריות גומי נחשים 2,טופ גלוב,IL,סוכריות גומי נחשים 200 גרם,גרמים,200.00,100 גרם,false,1,9.90,0.0495,true,1,427725
7290113199842,false,מגש אירוח סוכריות גו,דין שיווק,IL,מגש אירוח סוכריות גומי 700 גרם,גרמים,700.00,100 גרם,false,1,32.90,0.0470,true,1,429500
7290113199897,false,סוכריות חמצוצים בטעם,דין שיווק,IL,סוכריות חמצוצים בטעם תות שדה 180 גרם,גרמים,180.00,100 גרם,false,1,9.90,0.0550,true,1,429498
7290113199927,false,סוכריות חמצוצים בטעמ,דין שיווק,IL,סוכריות חמצוצים בטעמי פירות 180 גרם,גרמים,180.00,100 גרם,false,1,9.90,0.0550,true,1,429289
7290113300248,false,פאוצ נתחוני לה קט עם,יו פי אף,FR,פאוצ נתחוני לה קט עם עוף בגלי,גרמים,85.00,100 גרם,false,1,4.90,0.0576,true,1,435322
7290113452848,false,קטי גומי אבטיח 200 ג,טופגם,IL,קטי גומי אבטיח 200 גרם,גרמים,200.00,100 גרם,false,1,10.90,0.0545,true,1,434534
7290113452855,false,סוכריות גומי יין ארו,טופגם,IL,סוכריות גומי יין ארוז 200 גרם,גרמים,200.00,100 גרם,false,1,10.90,0.0545,true,1,428208
7290113452862,false,סוכריות גומי נחש מוב,טופגם,IL,סוכריות גומי נחש מוברק ארוז 200 גרם,גרמים,200.00,100 גרם,false,1,10.90,0.0545,true,1,428150
7290113452886,false,סוכריות גומי נחש חמו,טופגם,IL,סוכריות גומי נחש חמוץ ארוז 200 גרם,גרמים,200.00,100 גרם,false,1,10.90,0.0545,true,1,428153
7290113452916,false,סוכריות גומי קולה קט,טופגם,IL,סוכריות גומי קולה קטן ארוז 200 גרם,גרמים,200.00,100 גרם,false,1,10.90,0.0545,true,1,428149
7290113452923,false,סוכריות גומי לב אפרס,טופגם,IL,סוכריות גומי לב אפרסק ארוז 200 גרם,גרמים,200.00,100 גרם,false,1,10.90,0.0545,true,1,428209
7290113452930,false,סוכריות גומי דובי מו,טופגם,IL,סוכריות גומי דובי מוברק ארוז 200 גרם,גרמים,200.00,100 גרם,false,1,10.90,0.0545,true,1,428152
7290113452985,false,קטי תות ממולא 150 גר,טופגם,IL,קטי תות ממולא 150 גרם,גרמים,150.00,100 גרם,false,1,10.90,0.0727,true,1,434535
7290113453050,false,סוכריות גומי תות קטן,טופגם,IL,סוכריות גומי תות קטן מסוכר 200 גרם,גרמים,200.00,100 גרם,false,1,10.90,0.0545,true,1,428211
7290114310215,false,שמנת מתוקה טרה 38%,מילקו תעשיות בעמ,IL,"שמנת מתוקה 38% 250 מ""ל בבקבוק - בד""צ",מיליליטרים,250.00,"100 מ""ל",false,1,6.47,0.0259,true,1,354750
7290114310222,false,חלב מועשר בסידן וויט,מילקו תעשיות בעמ,IL,חלב מועשר בסידן וויטמין D טרה 3% 1.5 ל',ליטרים,1.50,ליטר,false,1,11.90,7.9333,true,1,357228
7290114310239,false,חלב נטול לקטוז 1.5 ל,מילקו תעשיות בעמ,IL,חלב נטול לקטוז מועשר בויטמיןD טרה 2% 1.5,ליטרים,1.50,ליטר,false,1,11.90,7.9333,true,1,357229
7290114310352,false,מולר עם תפוח ופטל 6%,טרה,IL,Muller HEAVEN תפוח פטל,גרמים,120.00,100 גרם,false,1,5.90,0.0492,true,1,360981
7290114310482,false,גבינה צהובה נעם מעוש,מילקו תעשיות בעמ,IL,נעם בטעמים-מעושן 200 גרם,גרמים,200.00,100 גרם,false,1,23.90,0.1195,true,1,360420
7290114310550,false,פטה עיזים מעודנת 5%מ,משק צוריאל,IL,בולגרית עיזים מעודנת 16% בגביע - 200 גר',גרמים,200.00,100 גרם,false,1,24.90,0.1245,true,1,360415
7290114310567,false,לאבנה עיזים 5% צוריא,משק צוריאל,IL,לאבנה עיזים 5% 200 גרם,גרמים,200.00,100 גרם,false,1,15.90,0.0795,true,1,360418
7290114310628,false,משקה  וניל עוגיות טר,מילקו תעשיות בעמ,IL,משקה חלב וניל עוגיות 1 ליטר,ליטרים,1.00,ליטר,false,1,13.90,13.9000,true,1,360663
7290114310673,false,לאבנה 9%  טרה 250 גר,טרה,IL,לאבנה 9% 250 גרם,גרמים,250.00,100 גרם,false,1,12.90,0.0516,true,1,359762
7290114310895,false,מארז 1/8 סימפלי פרוט,טרה,IL,מאגדת שמינייה סימפלי 1.5% שומן מנגו ותות,גרמים,1200.00,100 גרם,false,1,30.90,0.0257,true,1,427859
7290114310901,false,גבינה לבנה 5% 250 גר,טרה,IL,גבינה לבנה 250 גרם 5% ווסטהיים,גרמים,250.00,100 גרם,false,1,4.98,0.0199,true,1,433924
7290114310963,false,יוגורט עיזים בדלי 3.,משק צוריאל,IL,יוגורט עיזים בדלי 3.7% 500 גרם,גרמים,500.00,100 גרם,false,1,15.90,0.0318,true,1,428306
7290114311052,false,מולר סימפלי פרוט מנד,מילקו תעשיות בעמ,IL,מולר סימפלי פרוט מנדרינה 0% 150גרם,גרמים,150.00,100 גרם,false,1,5.20,0.0347,true,1,429300
7290114311069,false,מולר לייט  אקטיב וני,טרה,IL,Muller Active יוגורט BIO מועשר חלבון,גרמים,200.00,100 גרם,false,1,5.90,0.0295,true,1,429293
7290114311076,false,חמאת מולר צהובה עם ש,טרה,IL,חמאת מולר צהובה עם שום 200 גרם,גרמים,200.00,100 גרם,false,1,11.90,0.0595,true,1,434274
7290114311106,false,מולר נטורל 1.7% גרנו,טרה,IL,מולר נטורל + 1.7% שומן בתוספת גרנולה וסירופ סילאן,גרמים,177.00,100 גרם,false,1,6.90,0.0390,true,1,428865
7290114311151,false,מה עז גבינת עיזים  ע,משק צוריאל,IL,"משק צוריאל מה-עז מחלב עיזים, כמהין 9% שומן 150 גרם",גרמים,150.00,100 גרם,false,1,26.90,0.1793,true,1,429799
7290114311182,false,תום עיזים צוריאל  15,מילקו תעשיות בעמ,IL,תום עיזים 150 גרם 28%,גרמים,150.00,100 גרם,false,1,26.90,0.1793,true,1,429802
7290114311458,false,Dחלב 3% מועשר וויטמי,טרה,IL,D,ליטרים,1.00,ליטר,false,1,7.90,7.9000,true,1,435733
7290114311496,false,חלב מועשר 1% טרה1 לי,טרה,IL,חלב מועשר 1% טרה1 ליטר,ליטרים,1.00,ליטר,false,1,7.90,7.9000,true,1,435732
7290114600750,false,חטיף אפוי עם פיקורינ,ויטה ויגור,IT,חטיף אפוי עם פיקורינו קו קווים 150 גרם,גרמים,150.00,100 גרם,false,1,11.90,0.0793,true,1,424314
7290114600767,false,חטיף אפוי עם זיתים ו,ויטה ויגור,IT,חטיף אפוי עם זיתים ועגבניות קו קווים150ג,גרמים,150.00,100 גרם,false,1,11.90,0.0793,true,1,355896
7290114603041,false,גרנולה פרי אגוזים בו,"אפקט טבעי בע""מ",IL,גרנולה פרי אגוזים בוטנים קוקוס חלבון300ג,גרמים,300.00,100 גרם,false,1,14.90,0.0497,true,1,358194
7290114603515,false,רוטב קארי אדום מאסטר,תאי סופרים,TH,מאסטר שף רוטב קארי אדום 340 גרם,גרמים,340.00,100 גרם,false,1,14.90,0.0438,true,1,357479
7290114603522,false,רוטב קארי ירוק מאסטר,תאי סופרים,TH,מאסטר שף רוטב קארי ירוק 340 גרם,גרמים,340.00,100 גרם,false,1,14.90,0.0438,true,1,357480
7290114604871,false,מאסטר שף קוסקוס בינו,דוידוביץ,IL,מאסטר שף קוסקוס בינוני 350 גרם,גרמים,350.00,100 גרם,false,1,6.90,0.0197,true,1,358353
7290114604895,false,מאסטר שף ממרח ספייסי,Remia,NL,מאסטר שף ממרח ספייסי לחיץ 446 גר,גרמים,446.00,100 גרם,false,1,13.90,0.0312,true,1,427040
7290114606530,false,מאסטר שף רוטב מיונז,Remia,NL,מאסטר שף רוטב מיונז וקטשופ 515 גר,גרמים,515.00,100 גרם,false,1,13.90,0.0270,true,1,427043
7290114606547,false,מאסטר שף מיונז פטריו,Remia,NL,מאסטר שף מיונז פטריות כמהין 242 גרם,גרמים,242.00,100 גרם,false,1,13.90,0.0574,true,1,427042
7290114606592,false,מאסטר שף סויה מסורתי,מסוונג רונרוג בעמ,TH,מאסטר שף רוטב סויה מסורתי 620 מל,מיליליטרים,620.00,"100 מ""ל",false,1,15.90,0.0256,true,1,427106
7290114606608,false,מאסטר שף סויה  דל נת,מסוונג רונרוג בעמ,TH,מאסטר שף רוטב סויה מופחת נתרן 620 מל,מיליליטרים,620.00,"100 מ""ל",false,1,15.90,0.0256,true,1,427105
7290114607391,false,משחת שיניים לילדים ב,CP UK,MX,"משחת שיניים לילדים בטעם פירות ברבי, 75 מ""ל",מיליליטרים,75.00,"100 מ""ל",false,1,15.90,0.2120,true,1,427751
7290114608695,false,מיונז עם וואסבי מאסט,רמיה סי.וי,NL,מיונז עם וואסבי מאסטר שף 241 גרם,גרמים,241.00,100 גרם,false,1,13.90,0.0577,true,1,427979
7290114720625,false,מטען נייד למוצרי USB,,,מטען נייד למוצרי USB,יחידה,1.00,יחידה,false,1,79.90,79.9000,true,1,356811
7290115073676,false,מסכות מנתח שחורות 50,מ.פאנג,CN,מסכות מנתח שחורות 50 יח שמחה זה אנחנו,יחידה,1.00,יחידה,false,1,9.90,9.9000,true,1,356399
7290115180251,false,יחידות טבק לחימום אמ,פיליפ מוריס,,יחידות טבק לחימום אמבר PP חפיסה,יחידה,1.00,יחידה,false,1,27.90,27.9000,false,1,433563
7290115180268,false,יחידות טבק לחימום צה,פיליפ מוריס,IL,יחידות טבק לחימום צהוב PP בודד,יחידה,1.00,יחידה,false,1,27.90,27.9000,true,1,433507
7290115180275,false,יחידות טבק לחימום טו,פיליפ מוריס,IL,יחידות טבק לחימום טורקיז PP בודד,יחידה,1.00,יחידה,false,1,27.90,27.9000,true,1,433508
7290115180282,false,יחידות טבק לחימום בר,פיליפ מוריס,IL,יחידות טבק לחימום ברונז PP בודד,יחידה,1.00,יחידה,false,1,27.90,27.9000,true,1,433509
7290115180688,false,יחידות טבק לחימום סג,,,יחידות טבק לחימום סגול PPבודד,יחידה,1.00,יחידה,false,1,27.90,27.9000,false,1,433481
7290115181500,false,הייטס לגונה סוויפט P,פיליפ מוריס,,הייטס לגונה סוויפט PP בודד,יחידה,1.00,יחידה,false,10,27.90,27.9000,false,1,428920
7290115181531,false,PP טבק היטס טיק  חפי,פיליפ מוריס,RO,PP טבק היטס טיק  חפיסה,יחידה,1.00,יחידה,false,1,27.90,27.9000,true,1,429752
7290115190014,false,סיגריות PPמרלבורו רד,פיליפ מוריס,,סיגריות PPמרלבורו רד חפיסה,יחידה,1.00,יחידה,false,1,36.70,36.7000,false,1,357176
7290115190052,false,סיגריות מרלבורו פליי,פיליפ מוריס,,סיגריות מרלבורו פלייבור מיקסPP חפיסה בוד,יחידה,1.00,יחידה,false,1,36.70,36.7000,false,1,433409
7290115190076,false,סיגריות מרלבורו גולד,פיליפ מוריס,,סיגריות מרלבורו גולד  100בודד,יחידה,1.00,יחידה,false,1,36.70,36.7000,false,1,357842
7290115190090,false,סיגריות מרלבורו גולד,פיליפ מוריס,,סיגריות מרלבורו גולדPP חפיסה,יחידה,1.00,יחידה,false,1,36.70,36.7000,false,1,357150
7290115190137,false,סיגריות מרלבורו פיין,פיליפ מוריס,,סיגריות מרלבורו פיין טאץPP חפיסה,יחידה,1.00,יחידה,false,1,32.90,32.9000,false,1,357172
7290115190151,false,סיגריות מרלבורו טאץP,פיליפ מוריס,,סיגריות מרלבורו טאץPP חפיסה,יחידה,1.00,יחידה,false,1,32.90,32.9000,false,1,357164
7290115190175,false,סיגריות פרלמנט סופר,פיליפ מוריס,,סיגריות פרלמנט סופר סלימסPP חפיסה בודד,יחידה,1.00,יחידה,false,1,41.70,41.7000,false,1,433408
7290115190199,false,פרלמנט נייט 100PP חפ,פיליפ מוריס,,פרלמנט נייט 100PP חפיסה,יחידה,1.00,יחידה,false,1,41.70,41.7000,false,1,359988
7290115190212,false,סיגריות פרלמנט בלו 1,פיליפ מוריס,,סיגריות פרלמנט בלו 100PPחפיסה,יחידה,1.00,יחידה,false,1,41.70,41.7000,false,1,357154
7290115190236,false,סיגריות פרלמנט בלוPP,פיליפ מוריס,,סיגריות פרלמנט בלוPP חפיסה,יחידה,1.00,יחידה,false,1,41.70,41.7000,false,1,357152
7290115190250,false,סיגריות פרלמנט נייטP,פיליפ מוריס,,סיגריות פרלמנט נייטPP חפיסה בודד,יחידה,1.00,יחידה,false,1,41.70,41.7000,false,1,357007
7290115190274,false,סיגריות פרלמנט סילבר,פיליפ מוריס,,סיגריות פרלמנט סילברPP חפיסה,יחידה,1.00,יחידה,false,1,41.70,41.7000,false,1,433440
7290115190335,false,ל.מ בלו 100PP חפיסה,פיליפ מוריס,,ל.מ בלו 100PP חפיסה,יחידה,1.00,יחידה,false,1,32.20,32.2000,false,1,360120
7290115190359,false,סיגריות ל.מ בלוPP חפ,פיליפ מוריס,,סיגריות ל.מ בלוPP חפיסה בודד,יחידה,1.00,יחידה,false,1,32.20,32.2000,false,1,357003
7290115190373,false,סיגריות ל.מ. קפסולהP,פיליפ מוריס,,סיגריות ל.מ. קפסולהPP חפיסה,יחידה,1.00,יחידה,false,1,32.20,32.2000,false,1,433441
7290115190397,false,ל.מ רדPP חפיסה בודד,פיליפ מוריס,,ל.מ רדPP חפיסה בודד סיגריות,יחידה,1.00,יחידה,false,1,32.20,32.2000,false,1,356998
7290115190410,false,סיגריות ל.מ סילברPP,פיליפ מוריס,,סיגריות ל.מ סילברPP חפיסה,יחידה,1.00,יחידה,false,1,32.20,32.2000,false,1,433433
7290115190434,false,סיגריות ל.מ וייבPP ח,פיליפ מוריס,IL,סיגריות ל.מ וייבPP חפיסה בודד,יחידה,1.00,יחידה,false,1,32.20,32.2000,false,1,433410
7290115190458,false,סיגריות נקסט אדג בוד,פיליפ מוריס,,סיגריות נקסט אדג בודד,יחידה,1.00,יחידה,false,1,25.00,25.0000,false,1,357723
7290115190472,false,סיגריות נקסט פיין אד,פיליפ מוריס,,סיגריות נקסט פיין אדגPP חפיסה,יחידה,1.00,יחידה,false,1,25.00,25.0000,false,1,433542
7290115190496,false,סיגריות נקסט פיין 10,פיליפ מוריס,IL,סיגריות נקסט פיין 100PP חפיסה,יחידה,1.00,יחידה,false,1,31.20,31.2000,false,1,359031
7290115190519,false,סיגריות נקסט פיין חפ,פיליפ מוריס,,סיגריות נקסט פיין חפיסה,יחידה,1.00,יחידה,false,1,31.20,31.2000,false,1,357158
7290115190533,false,סיגריות נקסט ריסס 10,פיליפ מוריס,,סיגריות נקסט ריסס 100בודד,יחידה,1.00,יחידה,false,1,26.00,26.0000,false,1,433513
7290115190557,false,סיגריות נקסט ריסס קצ,פיליפ מוריס,,סיגריות נקסט ריסס קצרPP חפיסה,יחידה,1.00,יחידה,false,1,26.00,26.0000,false,1,433435
7290115190571,false,סיגריות נקסט לילךPP,פיליפ מוריס,,סיגריות נקסט לילךPP חפיסה בודד,יחידה,1.00,יחידה,false,1,31.20,31.2000,false,1,357000
7290115190595,false,סיגריות נקסט אוריגינ,פיליפ מוריס,,סיגריות נקסט אוריגינלPP חפיסה,יחידה,1.00,יחידה,false,1,31.20,31.2000,false,1,357148
7290115190618,false,טבק מרלבורו רדPP חפי,,,טבק מרלבורו רדPP חפיסה,יחידה,1.00,יחידה,false,1,82.40,82.4000,true,1,433559
7290115190632,false,טבק  מרלבורו גולד חפ,פיליפ מוריס,,טבק  מרלבורו גולד חפיסה 30 גרם,גרמים,30.00,100 גרם,false,1,82.40,2.7467,false,1,433544
7290115190656,false,טבק נקסט פייןPP  חפי,פיליפ מוריס,,טבק נקסט פייןPP  חפיסה,יחידה,1.00,יחידה,false,1,87.30,87.3000,true,1,433527
7290115190731,false,טבק צסטרפילד אוריגינ,,,טבק צסטרפילד אוריגינל 30PP חפיסה,יחידה,1.00,יחידה,false,1,69.00,69.0000,true,1,433445
7290115190892,false,סיגריות מרלבורו פיוז,פיליפ מוריס,IL,סיגריות מרלבורו פיוזן קפסולה בודד,יחידה,1.00,יחידה,false,1,27.00,27.0000,false,1,433827
7290115190960,false,מרלבורו טאץ אדום פאק,פיליפ מוריס,TR,מרלבורו טאץ אדום פאקט,יחידה,10.00,יחידה,false,10,290.00,29.0000,false,1,434540
7290115190977,false,מרלבורו טאץ אדום חפי,פיליפ מוריס,TR,מרלבורו טאץ אדום חפיסה,יחידה,20.00,יחידה,false,1,29.00,1.4500,false,1,434539
7290115191073,false,נקסט ריץ ריסס חפיסה,פיליפ מוריס,RS,נקסט ריץ ריסס חפיסה,יחידה,1.00,יחידה,false,1,29.20,29.2000,true,1,436035
7290115200003,false,אסם פתי בר פינוקי ונ,DR GERARD,PL,אסם פתי בר פינוקי וניל 220 גרם,גרמים,220.00,100 גרם,false,1,11.90,0.0541,true,1,356255
7290115200676,false,קרמוגית קרמל מלוח200,הגביע מוצרי וופלים ב,IL,קרמוגית קרמל מלוח200 גרם,גרמים,200.00,100 גרם,false,1,11.90,0.0595,true,1,358956
7290115201451,false,טבעול גורמה לביבות ב,טבעול,IL,טבעול גורמה לביבות בטטה קארי 455גרם,גרמים,455.00,100 גרם,false,1,33.90,0.0745,true,1,434595
7290115201475,false,טבעול גורמה לביבות כ,טבעול,IL,טבעול גורמה לביבות כרישה  434גרם,גרמים,455.00,100 גרם,false,1,33.90,0.0745,true,1,434596
7290115201703,false,בסלי ברביקיו 200גרם,"אסם השקעות בע""מ",IL,בסלי ברביקיו 200גרם,גרמים,200.00,100 גרם,false,1,7.90,0.0395,true,1,357621
7290115201727,false,בסלי בצל 200גרם,"אסם השקעות בע""מ",IL,בסלי בצל 200גרם,גרמים,200.00,100 גרם,false,1,7.90,0.0395,true,1,357620
7290115202236,false,טבעול טופו קרנצים 47,טבעול,IL,טבעול טופו קרנצים 470גרם,גרמים,470.00,100 גרם,false,1,32.90,0.0700,true,1,360637
7290115202434,false,צבר חומוס עם זעתר 37,מפעל צבר,IL,צבר חומוס עם זעתר 375 גרם,גרמים,375.00,100 גרם,false,1,12.90,0.0344,true,1,359302
7290115202687,false,צבר חומוס עם חריף 37,מפעל צבר,IL,צבר חומוס עם חריף 375 גרם,גרמים,375.00,100 גרם,false,1,12.90,0.0344,true,1,359303
7290115202939,false,מנה חמה רייס נודלס ע,מיוצר עי קונדיטוריית,TH,מנה חמה רייס נודלס עוף פטריות 50 גרם,גרמים,50.00,100 גרם,false,1,8.90,0.1780,true,1,428284
7290115202953,false,מנה חמה רייס נודלס ק,מיוצר עי קונדיטוריית,TH,מנה חמה רייס נודלס קארי צהוב 55 גרם,גרמים,50.00,100 גרם,false,1,8.90,0.1780,true,1,428286
7290115203134,false,פופקו פופקורן במבה 8,"אסם השקעות בע""מ",IL,פופקו פופקורן במבה 80 גרם,גרמים,80.00,100 גרם,false,1,5.90,0.0738,true,1,360467
7290115203172,false,במבה פרו 80גרם,אסם,IL,במבה פרו 80גרם,גרמים,80.00,100 גרם,false,1,5.90,0.0738,true,1,434773
7290115203486,false,פירורית בטעם ביסלי,קיבוץ עינת,IL,פירורית בטעם ביסלי גריל אסם 200 גרם,גרמים,200.00,100 גרם,false,1,5.90,0.0295,true,1,360097
7290115204056,false,אסם קטשופ פחות 56% ס,אסם,IL,אסם קטשופ פחות 56% סוכר 690 גרם,גרמים,690.00,100 גרם,false,1,11.90,0.0172,true,1,358982
7290115205176,false,פיטנס קרקר דק כפרי 1,אסם יקנעם,IL,פיטנס קרקר דק כפרי 150 גרם,גרמים,150.00,100 גרם,false,1,12.90,0.0860,true,1,428924
7290115205312,false,קרקר דק פיטנס זיתים,"אסם השקעות בע""מ",IL,קרקר דק פיטנס זיתים 140 גרם,גרמים,140.00,100 גרם,false,1,12.90,0.0921,true,1,429757
7290115205527,false,פיטנס חטיף מולטגריין,פיטנס,IL,פיטנס חטיף מולטגריין עם עדשים 25 גרם,גרמים,25.00,100 גרם,false,1,5.50,0.2200,true,1,434259
7290115205541,false,פיטנס חטיף מולטיגריי,פיטנס,IL,פיטנס חטיף מולטיגריין עם חומוס 25 גרם,גרמים,25.00,100 גרם,false,1,5.50,0.2200,true,1,434260
7290115205978,false,אסם פתי בר אצבעות שו,"ד""ר ג'רארד בע""מ",PL,אסם פתי בר אצבעות שוקולד 180גרם,גרמים,180.00,100 גרם,false,1,11.90,0.0661,true,1,429226
7290115206135,false,טבעול גורמה ארוחת קי,טבעול (מקבוצת אסם הש,IT,טבעול גורמה ארוחת קינואה  450 גרם,גרמים,450.00,100 גרם,false,1,33.90,0.0753,true,1,429065
7290115206852,false,ביסלי ציזי סטיקס חדש,אסם,IL,ביסלי ציזי סטיקס חדש 70גרם,גרמים,70.00,100 גרם,false,1,4.90,0.0700,true,1,434631
7290115206890,false,ביסלי המבורגר חדש 70,אסם,IL,ביסלי המבורגר חדש 70גרם,גרמים,70.00,100 גרם,false,1,4.90,0.0700,true,1,434632
7290115207347,false,אינסטנט פודינג פירו,"אסם השקעות בע""מ",IL,אינסטנט פודינג פירות יער 80גרם,גרמים,80.00,100 גרם,false,1,5.90,0.0738,true,1,429809
7290115207361,false,אסם פתי בר פיסטוק 50,אסם השקעות,IL,אסם פתי בר פיסטוק 12*500גרם,גרמים,500.00,100 גרם,false,1,14.90,0.0298,true,1,429867
7290115207507,false,צבר סלט טורקי 360גרם,מפעל צבר,IL,צבר סלט טורקי 360גרם,גרמים,360.00,100 גרם,false,1,17.90,0.0497,true,1,428866
7290115207774,false,טבעול המבורגר פטריות,טבעול,IL,טבעול המבורגר פטריות 480גרם,גרמים,480.00,100 גרם,false,1,32.90,0.0685,true,1,434597
7290115207941,false,סירופ ויטמינציק אננס,בית-השיטה עסיס תעשיו,IL,סירופ ויטמינציק אננס 1 ליטר,ליטרים,1.00,ליטר,false,1,23.90,23.9000,true,1,429003
7290115207989,false,סירופ ויטמינציק לימו,בית-השיטה עסיס תעשיו,IL,סירופ ויטמינציק לימון 1 ליטר,ליטרים,1.00,ליטר,false,1,23.90,23.9000,true,1,429005
7290115208009,false,סירופ ויטמינציק ענבי,בית-השיטה עסיס תעשיו,IL,סירופ ויטמינציק ענבים 1 ליטר,ליטרים,1.00,ליטר,false,1,23.90,23.9000,true,1,429006
7290115208047,false,סירופ ויטמינציק פטל,בית-השיטה עסיס תעשיו,IL,סירופ ויטמינציק פטל 1 ליטר,ליטרים,1.00,ליטר,false,1,23.90,23.9000,true,1,429004
7290115208061,false,ויטמינציק תפוח 1 ליט,בית השיטה עסיס תעשיו,IL,ויטמינציק תפוח 1 ליטר,ליטרים,1.00,ליטר,false,1,23.90,23.9000,true,1,429007
7290115208597,false,אסם קרמוגית מיניס קר,אסם,IL,אסם קרמוגית מיניס קרמל מלוח 200 גרם,גרמים,200.00,100 גרם,false,1,11.90,0.0595,true,1,434629
7290115208801,false,לחמית דבש ואגוזים 19,אסם,IL,לחמית דבש ואגוזים 190 גרם,גרמים,190.00,100 גרם,false,1,10.90,0.0574,true,1,435854
7290115209174,false,במבה אורירית 60גרם,אסם,IL,במבה אורירית 60גרם,גרמים,60.00,100 גרם,false,1,4.90,0.0817,true,1,434774
7290115209198,false,במבה אורירית 80גרם,אסם השקעות בעמ,IL,במבה אורירית 80גרם,גרמים,80.00,100 גרם,false,1,7.90,0.0988,true,1,435738
7290115252484,false,פאי פצוחים 400גרם,פתפותים,IL,פאי פצוחים 400גרם,גרמים,400.00,100 גרם,false,1,44.90,0.1122,true,1,360450
7290115252491,false,פאי שקדים 400גרם,פתפותים,IL,פאי שקדים 400גרם,גרמים,400.00,100 גרם,false,1,44.90,0.1122,true,1,360449
7290115252552,false,פאי אגוזים טבעוני 40,פתפותים,IL,פאי אגוזים טבעוני 400גרם,גרמים,400.00,100 גרם,false,1,44.90,0.1122,true,1,360451
7290115670691,false,גרנולה  אנרגי פירות,אמקו ספול אס. אר.או,CZ,גרנולה פירות יער 400 גרם,גרמים,400.00,100 גרם,false,1,15.90,0.0398,true,1,428908
7290115670707,false,גרנולה אנרגי  שוקולד,אמקו ספול אס. אר.או,CZ,גרנולה שוקולד ואגוזים 400 גרם,גרמים,400.00,100 גרם,false,1,15.90,0.0398,true,1,428907
7290115671346,false,מיני פינוקיות טופי ק,הגביע מוצרי ופלים בע,IL,מיני פינוקיות טופי קרמל מלוח 180 ג',גרמים,180.00,100 גרם,false,1,11.90,0.0661,true,1,361189
7290115675696,false,קוואקר אגוזים 375 גר,שטראוס,IL,קוואקר אגוזים 375 גרם  Cruesli,גרמים,375.00,100 גרם,false,1,20.90,0.0557,true,1,360973
7290115675702,false,קוואקר פירות 375 גרם,שטראוס,IL,קוואקר פירות 375 גרם  Cruesli,גרמים,375.00,100 גרם,false,1,20.90,0.0557,true,1,360974
7290115676037,false,דנונה ריפרש תות דומד,"שטראוס בריאות בע""מ",IL,דנונה ריפרש תות דומדמניות,מיליליטרים,250.00,"100 מ""ל",false,1,5.90,0.0236,true,1,360303
7290115676051,false,משקה אקטיביה עם שש מ,"שטראוס בריאות בע""מ",IL,"משקה אקטיביה עם ש""ש מתיקות מעודנת",מיליליטרים,265.00,"100 מ""ל",false,1,5.90,0.0223,true,1,427862
7290115676082,false,משקה דנונה פרו 20 תו,"שטראוס בריאות בע""מ.",IL,משקה דנונה פרו 20 תות,מיליליטרים,255.00,"100 מ""ל",false,1,6.90,0.0271,true,1,360305
7290115676099,false,משקה דנונה פרו 20 ונ,"שטראוס בריאות בע""מ.",IL,משקה דנונה פרו 20 וניל,מיליליטרים,255.00,"100 מ""ל",false,1,6.90,0.0271,true,1,360304
7290115676990,false,תפוציפס מלח חומץ 50,"שטראוס פריטו ליי בע""",IL,תפו SALT & VINEGAR י50 גר 48 יח,גרמים,50.00,100 גרם,false,1,3.90,0.0780,true,1,359640
7290115677089,false,קונפיטורה יד מרדכי ת,"ב.א מזון בע""מ",IL,קונפיטורה יד מרדכי תפוח וקינמון 340 גר,גרמים,340.00,100 גרם,false,1,14.90,0.0438,true,1,360984
7290115677362,false,נודלס טריאקי  דליש,"טרופיקל דגיל בע""מ אז",IL,נודלס טריאקי  דלישס 350גרם,גרמים,350.00,100 גרם,false,1,26.90,0.0769,true,1,427900
7290115677409,false,אורז קארי צהוב דלישס,שטראוס,IL,אורז קארי צהוב דלישס 350גרם,גרמים,350.00,100 גרם,false,1,26.90,0.0769,true,1,429228
7290115677423,false,אורז קארי ירוק חריף,"טרופיקל דגיל בע""מ אז",IL,דלישס    אורז קארי ירוק חריף,גרמים,350.00,100 גרם,false,1,26.90,0.0769,true,1,427903
7290115678222,false,דנונה יווני  1.040,שטראוס,IL,דנונה יווני  1.040   שמינייה,קילוגרמים,1.04,"ק""ג",false,1,26.90,25.8654,true,1,428922
7290115678376,false,מעדן הגולן שוקולד  1,"שטראוס בריאות בע""מ",IL,מעדן הגולן שוקולד,גרמים,125.00,100 גרם,false,1,3.20,0.0256,true,1,427444
7290115679878,false,פיצה מבצק עם סלק דלי,"טרופיקל דגיל בע""מ אז",IT,דלישס   פיצה סלק 320 גרם,גרמים,320.00,100 גרם,false,1,29.90,0.0934,true,1,427906
7290115679885,false,פיצה מבצק עם כרובית,"טרופיקל דגיל בע""מ אז",IT,דלישס פיצה כרובית 320 גרם,גרמים,320.00,100 גרם,false,1,29.90,0.0934,true,1,427907
7290116530109,false,קליק חטיף נוגט בציפו,"משווק ע""י: יוניליוור",IL,קליק חטיף נוגט מצופה שוקולד לבן 35 גרם,גרמים,35.00,100 גרם,false,1,5.90,0.1686,true,1,360843
7290116530185,false,דגני בוקר דלישקד קרמ,יוניליוור שפע ישראל,IL,תלמה דגני בוקר דלישקד קרמל מלוח 400 גרם,גרמים,400.00,100 גרם,false,1,25.90,0.0647,true,1,427667
7290116530888,false,בדין ג`ל לכביסה פינו,"זוהר דליה, קיבוץ דלי",IL,בדין ג'ל כביסה בניחוח פינוק כחול 2.5 ליטר,קילוגרמים,2.50,"ק""ג",false,1,27.90,11.1600,true,1,360921
7290116531045,false,דליפקאן כשלפ 350 גרם,"מולינו ניקולי S.p.A,",IT,דליפקאן כשלפ 350 גרם,גרמים,350.00,100 גרם,false,1,21.90,0.0626,true,1,429142
7290116531069,false,קנור אבקת מרק בצל רכ,יוניליוור ישראל מזון,IL,קנור  מרק בצל 100% רכיבים טבעיים 225 גרם,גרמים,235.00,100 גרם,false,1,18.90,0.0804,true,1,428772
7290116531076,false,קנור אבקת מרק פטריות,יוניליוור ישראל מזון,IL,קנור  מרק פטריות 100% רכיבים טבעיים 225 גרם,גרמים,235.00,100 גרם,false,1,18.90,0.0804,true,1,428773
7290116531083,false,ברנפלקס טעם דבש עם ש,יוניליוור שפע ישראל,IL,ברנפלקס טעם דבש עם שקדים 400גרם,גרמים,400.00,100 גרם,false,1,25.90,0.0647,true,1,428403
7290116531090,false,דגדג במליחות מעודנת,"דרך השוקולד 1, צפת 1",IL,דגדג במליחות מעודנת 250 גרם,גרמים,250.00,100 גרם,false,1,10.90,0.0436,true,1,428774
7290116531281,false,קליק מיקס 65 גרם,יוניליוור ישראל מזון,IL,קליק  קליק מיקס 65 גרם,גרמים,65.00,100 גרם,false,1,7.90,0.1215,true,1,428258
7290116531311,false,חטיף קליק בלאק&וויט,יוניליוור,IL,חטיף קליק בלאק&וויט בציפוי שוקולד לבן,גרמים,35.00,100 גרם,false,1,5.90,0.1686,true,1,434147
7290116531328,false,חטיף קליק בלאק&וויט,יוניליוור,IL,חטיף קליק בלאק&וויט בציפוי שוקולד חלב,גרמים,35.00,100 גרם,false,1,5.90,0.1686,true,1,434146
7290116531496,false,דגני קינמונים 375 גר,יוניליוור,IL,דגני קינמונים 375 גרם,גרמים,375.00,100 גרם,false,1,22.90,0.0611,true,1,435740
7290116531649,false,פינוק שמפו בניחוח תפ,יוניליוור ישראל טיפו,IL,פינוק  שמפו בניחוח תפוח 700 מל,מיליליטרים,700.00,"100 מ""ל",false,1,12.90,0.0184,true,1,428037
7290116531762,false,בדין דפי מרכך למייבש,,US,בדין דפי מרכך למייבש ורוד 40 יחידות,יחידה,1.00,יחידה,false,1,18.90,18.9000,true,1,430117
7290116531830,false,כריות קינמון 686גרם,יוניליוור שפע ישראל,IL,תלמה כריות  קינמון 686 גרם,גרמים,686.00,100 גרם,false,1,29.90,0.0436,true,1,428405
7290116531885,false,ממרח טבעוני ויגן 500,יוניליוור HPC,TR,ממרח טבעוני ויגן 500גרם,גרמים,500.00,100 גרם,false,1,14.90,0.0298,true,1,434893
7290116531939,false,גלידונית תות שדה 638,"גלידת שטראוס בע""מ, ר",IL,קרמיסימו גלידונית גלידה בטעם תות שדה 60 יחידות,גרמים,638.00,100 גרם,false,1,39.90,0.0625,true,1,429277
7290116532462,false,פיינט קליק שוקולד בנ,"גלידת שטראוס בע""מ, ר",IL,פיינט קליק שוקולד בננה,מיליליטרים,520.00,"100 מ""ל",false,1,22.90,0.0440,true,1,429953
7290116532479,false,פיינט קליק שוקולד לב,"גלידת שטראוס בע""מ, ר",IL,"פיינט קליק שוקולד לבן קרם עוגיות 520 מ""ל",מיליליטרים,520.00,"100 מ""ל",false,1,22.90,0.0440,true,1,429952
7290116532486,false,פיינט קליק וניל קרמל,"גלידת שטראוס בע""מ, ר",IL,פיינט קליק וניל קרמל מלוח,מיליליטרים,520.00,"100 מ""ל",false,1,22.90,0.0440,true,1,429954
7290116532585,false,ברנפלקס קרנצים  דבש,יוניליוור,IL,ברנפלקס קרנצים  דבש וקינמון  375גרם,גרמים,375.00,100 גרם,false,1,24.90,0.0664,true,1,435739
7290116930015,false,GO  חטיף חלבון קרמל,תנובה,IL,GO  חטיף חלבון קרמל מלוח חמאת בוטנים 60ג,גרמים,60.00,100 גרם,false,1,12.90,0.2150,true,1,430286
7290116930022,false,GO חטיף חלבון בטעם ק,תנובה,IL,GO חטיף חלבון בטעם קרם עוגיות 60גרם,גרמים,60.00,100 גרם,false,1,12.90,0.2150,true,1,430287
7290116930282,false,ארוחה בקטנה לאבנה עם,תנובה,IL,ארוחה בקטנה לאבנה עם קרקרים 150 גרם,גרמים,150.00,100 גרם,false,1,7.50,0.0500,true,1,434649
7290116930435,false,יוגורט גו סמיך 0% דו,"תנובה בע""מ",IL,יוגורט גו סמיך 0% דובדבן,גרמים,150.00,100 גרם,false,1,5.90,0.0393,true,1,429810
7290116930442,false,SHAKE יופלה בננה מנג,תנובה בעמ,IL,SHAKE יופלה בננה מנגו תפוז גזר וציה 230,מיליליטרים,230.00,"100 מ""ל",false,1,8.90,0.0387,true,1,434379
7290116930459,false,SHAKE יופלה בננה אננ,תנובה,IL,SHAKE יופלה בננה אננס וקוקוס 230 מל,מיליליטרים,230.00,"100 מ""ל",false,1,8.90,0.0387,true,1,434382
7290116930466,false,SHAKE יופלה מנגו בננ,תנובה,IL,SHAKE יופלה מנגו בננה פסיפלורה והל 230 מ,מיליליטרים,230.00,"100 מ""ל",false,1,8.90,0.0387,true,1,434381
7290116930480,false,SHAKE יופלה בננה קיו,תנובה,IL,SHAKE יופלה בננה קיווי תפוח 230 מל,מיליליטרים,230.00,"100 מ""ל",false,1,8.90,0.0387,true,1,434380
7290116930497,false,פלח גבינה כחולה קולק,פיקוס דה אירופה ס.ל.,ES,פלח גבינה כחולה קולקשיין 100  גרם,גרמים,100.00,100 גרם,false,1,15.90,0.1590,true,1,429715
7290116930565,false,משקה תה קר עם חלב בט,תנובה בעמ,IL,משקה תה קר עם חלב בטעם צאי מסאלה 230מל,מיליליטרים,230.00,"100 מ""ל",false,1,6.90,0.0300,true,1,434388
7290116930626,false,ארוחה בקטנה ציזיקי ע,תנובה,IL,ארוחה בקטנה ציזיקי עם קרקרים 150 גרם,גרמים,150.00,100 גרם,false,1,7.50,0.0500,true,1,434650
7290116930640,false,יולו שוקולד חלב עם ש,תנובה,IL,יולו שוקולד חלב עם שברי בייגלה 120 גרם,גרמים,120.00,100 גרם,false,1,5.50,0.0458,true,1,434384
7290116930701,false,GOמעדן חלב בטעם קרמל,תנובה,IL,GOמעדן חלב בטעם קרמל מלוח  120גרם,גרמים,120.00,100 גרם,false,1,4.80,0.0400,true,1,434383
7290116930725,false,BIO מעדן  סויה קוקוס,תנובה,IL,מעדן  סויה BIO קוקוס אלטרנטיב   150 גרם,גרמים,150.00,100 גרם,false,1,4.90,0.0327,true,1,435055
7290116931074,false,גבינה צהובה טל העמק,תנובה,IL,גבינה צהובה טל העמק 32% 300 גרם,גרמים,300.00,100 גרם,false,1,25.90,0.0863,true,1,435522
7290116931081,false,מעדן סויה בטעם טופי,תנובה,IL,מעדן סויה בטעם טופי קרמל 125 גרם,גרמים,125.00,100 גרם,false,1,3.90,0.0312,true,1,435054
7290117261354,false,גבינת ריקוטה יורו 20,באלבן גידה סנאי,TR,גבינת ריקוטה יורו 200 גרם 5%שומן,גרמים,200.00,100 גרם,false,1,10.90,0.0545,true,1,434238
7290117261378,false,גבינת קשקבל לייט 8%,באלבן גידה סנאי,TR,גבינת קשקבל לייט 8% יורו  250גרם,גרמים,250.00,100 גרם,false,1,15.90,0.0636,true,1,434239
7290117261385,false,גבינת פטה לייט  8% י,באלבן גידה סנאי,TR,גבינת פטה לייט  8% יורו  500גרם,גרמים,500.00,100 גרם,false,1,27.90,0.0558,true,1,434240
7290117261705,false,חמאת עיזים יורו 200,באלבן גידה סנאי,TR,חמאת עיזים יורו 200 גרם,גרמים,200.00,100 גרם,false,1,13.90,0.0695,true,1,434237
7290117380192,false,פוף חטיף קראנץ גריל,מנה,IL,פוף חטיף קראנץ גריל 60 גרם,גרמים,60.00,100 גרם,false,1,3.50,0.0583,true,1,428886
7290117380208,false,פוף חטיף קראנץ חמוץ,מנה,IL,פוף חטיף קראנץ חמוץ חריף 60 גרם,גרמים,60.00,100 גרם,false,1,3.50,0.0583,true,1,428887
7290117380215,false,פוף חטיף קראנץ טאקו,מנה,IL,פוף חטיף קראנץ טאקו 60 גרם,גרמים,60.00,100 גרם,false,1,3.50,0.0583,true,1,428888
7290117380864,false,סלים דליס  עוגות ברא,הלמה הלום,NL,סלים דליס  עוגות בראוניס אישיות שוקולד 1,גרמים,120.00,100 גרם,false,1,13.90,0.1158,true,1,434087
7290117380871,false,סלים דליס  עוגות ברא,הלמה הלום,NL,סלים דליס  עוגות בראוניס אישיות אוכמניות 120גרם,גרמים,120.00,100 גרם,false,1,13.90,0.1158,true,1,434088
7290117382318,false,חטיף  סלים דליס פרו,andros snc,IT,חטיף  סלים דליס פרו  מצופה שוקולד מריר 6,גרמים,60.00,100 גרם,false,1,12.90,0.2150,true,1,434653
7290117382325,false,חטיף  סלים דליס פרו,andros snc,IT,חטיף  סלים דליס פרו  מצופה שוקולד חלב  6,גרמים,60.00,100 גרם,false,1,12.90,0.2150,true,1,434652
7290117382332,false,חטיף  סלים דליס פרו,andros snc,IT,חטיף  סלים דליס פרו  מצופה שוקולד עוגיות,גרמים,60.00,100 גרם,false,1,12.90,0.2150,true,1,434654
7296150000028,false,עלי גפן ממולאים באור,אקמר,,עלי גפן ממולאים באורז 425 גרם,גרמים,425.00,100 גרם,false,1,10.90,0.0256,true,1,288255
7297488098152,false,קמח חומוס דגש 500 גר,אף. סי תבליני הגליל,IL,דוכן גן שמואל קמח חומוס 500 גרם,גרמים,500.00,100 גרם,false,1,16.90,0.0338,true,1,302254
7297488098169,false,קמח תירס ללא גלוטן 5,תבליני העליון 2007 ב,IL,קמח תירס ללא גלוטן 500 גרם,גרמים,500.00,100 גרם,false,1,9.80,0.0196,true,1,301528
7297488098176,false,קמח סויה ללא גלוטן ד,אף.סי. תבליני הגליל,IL,דוכן גן שמואל קמח סויה 500 גרם,גרמים,500.00,100 גרם,false,1,10.50,0.0210,true,1,339330
7297488098183,false,קמח אורז ללא גלוטן 5,תבליני העליון 2007 ב,IL,דוכן גן שמואל קמח אורז 500 גרם,גרמים,500.00,100 גרם,false,1,11.90,0.0238,true,1,304471
7297488098190,false,קמח אורז מלא ללא גלו,אף.סי תבליני בגליל ב,IL,דוכן גן שמואל קמח אורז מלא 500 גרם,גרמים,500.00,100 גרם,false,1,14.90,0.0298,true,1,339331
7297488098213,false,קמח קינואה ללא גלוטן,תבליני העליון 2007 ב,IL,דוכן גן שמואל קמח קינואה 500 גרם,גרמים,500.00,100 גרם,false,1,27.90,0.0558,true,1,339332
7297488098220,false,קמח תפוח אדמה ללא גל,תבליני העליון 2007 ב,IL,דוכן גן שמואל קמח תפוחי אדמה 500 גרם,גרמים,500.00,100 גרם,false,1,11.90,0.0238,true,1,339333
7297488098282,false,אבקת מרק בטעם עוף 50,אף.סי. תבליני הגליל,IL,בריאות וטבע אבקת מרק בטעם עוף 500 גרם,גרמים,500.00,100 גרם,false,1,21.90,0.0438,true,1,304472
7297488098299,false,קמח טפיוקה ללא גלוטן,אף סי תבליני הגליל ב,IL,דוכן גן שמואל קמח טפיוקה 500 גרם,גרמים,500.00,100 גרם,false,1,8.90,0.0178,true,1,304473
7297488098398,true,קסנטאן - גן 300 גרם,אף.סי תבליני הגליל ב,IL,קסנטאן - גן 300 גרם,גרמים,300.00,100 גרם,false,1,35.90,0.1197,true,1,337587
7297488099753,false,עוגיות בטעם שוקולד ו,תגלית הטעם,IL,עוגיות בטעם שוקולד וקוקוס 250 גרם,גרמים,250.00,100 גרם,false,1,27.90,0.1116,true,1,328924
7297488099760,true,עוגיות בטעם חלבה 250,תגלית הטעם,IL,בריאות וטבע עוגיות מובחרות עם חלווה 250 גרם,גרמים,250.00,100 גרם,false,1,27.90,0.1116,true,1,337589
7297488099890,false,משו משו פרוסות בסגנו,"טרופיקל דגיל בע""מ אז",IL,פרוסות בסגנון קלאסי 9% 200 גרם,גרמים,200.00,100 גרם,false,1,19.90,0.0995,true,1,325876
7297488099906,false,משו משו פרוסות בסגנו,"טרופיקל דגיל בע""מ אז",IL,פרוסות בסגנון קלאסי 18% 200 גרם,גרמים,200.00,100 גרם,false,1,19.90,0.0995,true,1,325878
7297488099951,false,משו משו מלוחה 5% 250,"טרופיקל דגיל בע""מ אז",IL,מלוחה 5% מרכיבים צמחיים 250 גרם,גרמים,250.00,100 גרם,false,1,19.90,0.0796,true,1,325877
7297488099968,false,משו משו מלוחה 16% 25,"טרופיקל דגיל בע""מ אז",IL,מלוחה 16% מרכיבים צמחיים 250 גרם,גרמים,250.00,100 גרם,false,1,19.90,0.0796,true,1,325879
7297488199590,false,"פצפוצי אורז לל""ג 450",תירפז בעמ,IL,פצפוצי אורז לבן תפוח,גרמים,450.00,100 גרם,false,1,23.90,0.0531,true,1,328921
7297488199682,false,קמח כוסמת דגש,תבליני העליון 2007 ב,IL,דוכן גן שמואל קמח קינואה 500 גרם,גרמים,500.00,100 גרם,false,1,15.90,0.0318,true,1,323904
7297603017365,false,מאג סבתא רגע של קפה,,,מאג סבתא רגע של קפה,יחידה,1.00,יחידה,false,1,12.90,12.9000,true,1,428792
7297603017396,false,בול סבתא רגע של פינו,,,בול סבתא רגע של פינו,יחידה,1.00,יחידה,false,1,14.90,14.9000,true,1,428795
7312040017683,false,וודקה אבסולוט בקבוק,חברת אבסולוט,SE,"אבסולוט וודקה, 700 מ''ל",מיליליטרים,700.00,"100 מ""ל",false,1,69.90,0.0999,true,1,307912
7394376123337,false,משקה שיבולת שועל אור,טרנסומס פוד איי.בי,SE,משקה שיבולת שועל אורגני אוטלי  1 ליטר,ליטרים,1.00,ליטר,false,1,14.90,14.9000,true,1,355887
7394376615825,false,אוטלי משקה שבולת שוע,,SE,אוטלי משקה שבולת שועל מועשר 1 ליטר,ליטרים,1.00,ליטר,false,1,14.90,14.9000,true,1,355886
7394376615832,false,משקה שיבולת שועל בטע,,SE,משקה שיבולת שועל בטעם שוקולד אוטלי 1 לי,ליטרים,1.00,ליטר,false,1,15.90,15.9000,true,1,355885
7394376616778,false,משקה שיבולת שועל  לה,,SE,משקה שיבולת שועל  להקצפה בריסטה  אוטלי 1,ליטרים,1.00,ליטר,false,1,15.90,15.9000,true,1,355884
7394376620294,false,משקה שיבולת שועל וני,איי אם פי אס איי תעש,NL,משקה שיבולת שועל וניל אוטלי 1 ליטר,ליטרים,1.00,ליטר,false,1,15.90,15.9000,true,1,435741
7441000720599,false,לבבות דקל פח 400 גרם,פלמיטוס סיימה,,לבבות דקל פח 400 גרם,גרמים,400.00,100 גרם,false,1,14.90,0.0373,true,1,325339
7441000720605,false,לבבות דקל בצנצנת 410,אינקופלמיטו אס. אי,EC,לה קימה שימורי לבבות דקל שלמים 410 גרם,גרמים,410.00,100 גרם,false,1,18.90,0.0461,true,1,325340
7465603183636,false,סיגר פרינסיפס נטורל,,DO,סיגר פרינסיפס נטורל בודד,יחידה,1.00,יחידה,false,1,11.90,11.9000,false,1,434429
7500162900000,false,בירה סול בודד בקבוק,היינקן,NL,"סול ח""פ 330 בקבוק בודד",מיליליטרים,330.00,"100 מ""ל",false,1,9.90,0.0300,true,1,354754
7501013101348,false,גומקס מנגו בקבוק 473,חומקס קומר קומרסאליז,MX,"גומקס מנגו בקבוק 473 מ""ל",מיליליטרים,473.00,"100 מ""ל",false,1,8.50,0.0180,true,1,351029
7501013101355,false,גומקס אפרסק בקבוק 47,חומקס קומר קומרסאליז,MX,"ג'ומקס אפרסק בקבוק 473 מ""ל תריסר",מיליליטרים,473.00,"100 מ""ל",false,1,8.50,0.0180,true,1,351028
7501013101393,false,גומקס אננס בקבוק 473,חומקס קומר קומרסאליז,MX,"ג'ומקס אננס  בקבוק 473 מ""ל תריסר",מיליליטרים,473.00,"100 מ""ל",false,1,8.50,0.0180,true,1,351027
7501013122039,false,גומקס מיץ מנגו קרטונ,חומקס קומר קומרסאליז,MX,ג'ומקס מנגו קרטונית  ליטר תריסר,ליטרים,1.00,ליטר,false,1,9.90,9.9000,true,1,351024
7501013122053,false,גומקס מיץ אפרסק קרטו,חומקס קומר קומרסאליז,MX,ג'ומקס אפרסק קרטונית  ליטר תריסר,ליטרים,1.00,ליטר,false,1,9.90,9.9000,true,1,351023
7501013122114,false,גומקס מיץ אננס קרטונ,חומקס קומר קומרסאליז,MX,ג'ומקס אננס קרטונית  ליטר תריסר,ליטרים,1.00,ליטר,false,1,9.90,9.9000,true,1,351022
7501013122190,false,גומקס מיץ תפוחים קרט,חומקס קומר קומרסאליז,MX,ג'ומקס  תפוחים קרטונית ליטר  תריסר,ליטרים,1.00,ליטר,false,1,9.90,9.9000,true,1,351026
7501013122992,false,גומקס מיץ קוקוס אננס,חומקס קומר קומרסאליז,MX,ג'ומקס קוקוס אננס קרטונית  ליטר תריסר,ליטרים,1.00,ליטר,false,1,9.90,9.9000,true,1,351025
7501049936945,false,שישיית בירה סול 330,היינקן,NL,"בירה סול שישייה (6X330 מ""ל)",ליטרים,1.98,ליטר,false,1,36.90,18.6364,true,1,354753
7501064191398,false,שישיית בירה קורונה ב,קריניציה ויטמינה אס,MX,בשישיית בירה קורונה אקסטרה 2.13 ל',ליטרים,2.13,ליטר,false,6,39.90,18.7324,true,1,348985
7503012779306,false,סירופ אגבה כחולה – נ,נוטריגבאס דה מקסיקו,MX,נטור פוד סירופ אגבה כחולה אורגני 330 גרם,גרמים,330.00,100 גרם,false,1,19.90,0.0603,true,1,304510
7503012779405,false,סירופ אגבה כחולה 660,נוטריאגבס דה מקסיקו,MX,סירופ אגבה כחולה אורגני 660 גרם,גרמים,660.00,100 גרם,false,1,30.90,0.0468,true,1,326568
7610100034084,false,מיונז טומי 265 גרם,נסטלה שוויץ ס.א,,טומי מיונז אמיתי מביצי חופש 265 גרם,גרמים,265.00,100 גרם,false,1,16.90,0.0638,true,1,325596
7610113000175,false,בקרדי מוחיטו 700מל,בקרדי מרטיני,DE,בקרדי מוחיטו 700מל,מיליליטרים,700.00,"100 מ""ל",false,1,79.90,0.1141,true,1,348661
7610113011652,false,בקרדי בריזר תפוח 275,בקרדי בעמ,BE,"בריזר - משקה כוהלי מוגז בטעם תפוח 275 מ""ל",מיליליטרים,275.00,"100 מ""ל",false,1,14.90,0.0542,true,1,355704
7610113013250,false,פחית בקרדי מוחיטו 25,בקרדי מרטיני,BE,פחית בקרדי מוחיטו 250 מל,מיליליטרים,250.00,"100 מ""ל",false,1,14.90,0.0596,true,1,360846
7610400014649,false,שוקולד לינדור חלב 10,לינדט ושפרונגלי,,שוקולד לינדור חלב 100 גרם,גרמים,100.00,100 גרם,false,1,17.50,0.1750,true,1,284343
7610400068369,false,שוקולד לינדור אגוזים,לינדט ושפרונגלי,,לינדט לינדור שוקולד חלב שוויצרי ואגוזים 100 גר',גרמים,100.00,100 גרם,false,1,17.50,0.1750,true,1,296423
7610400068505,false,בונבוניירה לינדור מי,לינדט ושפרונגלי,,בונבוניירה לינדור מילק 200 גרם,גרמים,200.00,100 גרם,false,1,34.90,0.1745,true,1,296878
7610400068529,false,בונבוניירה לינדור קו,לינדט ושפרונגלי,,בונבוניירה לינדור קורנה 200 גרם,גרמים,200.00,100 גרם,false,1,34.90,0.1745,true,1,292644
7610400074155,false,שוקולד לינדור מריר 6,"לינדט ושפרונגלי, CH-",,שוקולד לינדור מריר 60%  100 גרם,גרמים,100.00,100 גרם,false,1,17.50,0.1750,true,1,296424
7610400091060,false,שוקולד לינדט אקסלנס,לינדט ושפרונגלי,,שוקולד לינדט אקסלנס תפוז 100 גרם,גרמים,100.00,100 גרם,false,1,14.90,0.1490,true,1,354993
7613030979647,false,דגני בוקר טריקס 480,סי. פי. צ'ילה,IL,טריקס 12*480גרם 2018,גרמים,480.00,100 גרם,false,1,26.90,0.0560,true,1,329527
7613032045753,false,דגני פיטנס שוקולד 37,סי. פי. צרפת,FR,פיטנס שוקולד 16*375גרם 2017,גרמים,375.00,100 גרם,false,1,21.90,0.0584,true,1,294402
7613033548192,false,דגני בוקר פיטנס שוקו,סי. פי. צרפת,FR,פיטנס שוקולד מריר 16*375גרם 2017,גרמים,375.00,100 גרם,false,1,21.90,0.0584,true,1,302503
7613033635571,false,ONE חתול סטרילייז סל,פורינה,US,ONE חתול סטרילייז סלמון800גרם,גרמים,800.00,100 גרם,false,1,34.90,0.0436,true,1,351636
7613034146656,false,ONE מיני אקטיב בקר 1,פורינה,US,ONE מיני אקטיב בקר 1.5קג,קילוגרמים,1.50,"ק""ג",false,1,51.90,34.6000,true,1,351644
7613035378643,false,דנטלייף גזע גדול142ג,פורינה,US,דנטלייף גזע גדול142גרם,גרמים,142.00,100 גרם,false,1,14.90,0.1049,true,1,427960
7613035618794,false,ONE   חתול בוגר עוף,פורינה,US,ONE  3קג חתול בוגר עוף,קילוגרמים,3.00,"ק""ג",false,1,114.90,38.3000,true,1,351637
7613035807778,false,רוטב עגבניות לבולונז,נסטלה ספרד,ES,פרפקטו רוטב עגבניות לבולונז 6*400גרם,גרמים,400.00,100 גרם,false,1,10.90,0.0273,true,1,323584
7613035809109,false,רוטב עגבניות ובזיליק,נסטלה ספרד,ES,פרפקטו רוטב עגבניות ובזיליקום 6*400גרם,גרמים,400.00,100 גרם,false,1,10.90,0.0273,true,1,323587
7613035809857,false,רוטב עגבניות לפסטה פ,נסטלה ספרד,ES,פרפקטו רוטב עגבניות לפסטה ולבישול 6*400ג,גרמים,400.00,100 גרם,false,1,10.90,0.0273,true,1,323585
7613036280327,false,פחית פרייה גוס א דוב,נסטלה ווטרס ספלאי,FR,פרייבה אנד ג'וס אפרסק דובדבן פחית,מיליליטרים,250.00,"100 מ""ל",false,1,8.50,0.0340,true,1,433498
7613036286008,false,פחית פרייה גוס א מנג,נסטלה ווטרס ספלאי,FR,"משקה אננס מנגו מוגז - פחית 250 מ""ל",מיליליטרים,250.00,"100 מ""ל",false,1,8.50,0.0340,true,1,433497
7613036520492,false,פרפקטו רוטב עגבניות,ביוטוני ספרד,ES,פרפקטו רוטב עגבניות לפיצה 6*400גרם,גרמים,400.00,100 גרם,false,1,10.90,0.0273,true,1,425690
7613036576734,false,חמישייה קרחוני שרבט,פרונרי איבריה ס.ל,ES,נסטלה חמשושים חדש 18*60גרם,גרמים,60.00,100 גרם,false,1,7.90,0.1317,true,1,345553
7613036880534,false,גרבר מחית מרק ירקות,נסטלה פולסקה אס.איי,PL,גרבר מחית מרק ירקות מעורבים 12*190גרם,גרמים,190.00,100 גרם,false,1,6.90,0.0363,true,1,353402
7613036976732,false,פאוץ פריסקיז סלומון,יו פי אף,FR,פאוץ פריסקיז סלומון 85גר,גרמים,85.00,100 גרם,false,1,4.90,0.0576,true,1,435365
7613037012200,false,גרבר מחית תפוח מנגו,כלורוקס אוקלנד,ES,גרבר מחית תפוח מנגו גזר פאוץ 16*90גרם,גרמים,90.00,100 גרם,false,1,6.90,0.0767,true,1,357798
7613037276091,false,נסטלה מיקס מיני אריז,SPI SAS,FR,נסטלה מיקס מיני אריזות דגני בוקר *200גרם,גרמים,200.00,100 גרם,false,1,19.90,0.0995,true,1,349464
7613037686906,false,פיטנס שקדים ודבש 14*,סי. פי. צרפת,FR,פיטנס שקדים ודבש 14*355גרם N9LEM 2019,גרמים,355.00,100 גרם,false,1,21.90,0.0617,true,1,353496
7613038268262,false,דגני האני נאט ציריוס,סי. פי. צרפת,FR,דגני האני נאט ציריוס מופחת סוכר 410ג N9L,גרמים,410.00,100 גרם,false,1,21.90,0.0534,true,1,353297
7613038451954,false,דגני קראנץ שוקולד מו,סי. פי. צרפת,FR,דגני קראנץ שוקולד מופחת סוכר 410ג N9LEM,גרמים,410.00,100 גרם,false,1,21.90,0.0534,true,1,353298
7613039547731,false,גרבר מחית תפוח משמש,כלורוקס אוקלנד,ES,"גרבר מחית תפוח משמש פאוץ, 90 גרם",גרמים,90.00,100 גרם,false,1,6.90,0.0767,true,1,361222
7613039771174,false,טבעול סנשיונל טחון צ,"טבעול צ'כיה בע""מ",IL,טבעול סנשיונל טחון צמחוני 400גרם,גרמים,400.00,100 גרם,false,1,34.90,0.0872,true,1,357233
7613039880807,false,גרבר מחית תפוח גזר כ,,ES,גרבר מחית תפוח גזר כשלפ 190 גרם,גרמים,190.00,100 גרם,false,1,6.90,0.0363,true,1,429604
7613039881965,false,גרבר מחית גזר תפוח מ,,ES,גרבר מחית גזר תפוח מנגו כשלפ 190 גרם,גרמים,190.00,100 גרם,false,1,6.90,0.0363,true,1,429605
7613287155832,false,גרבר מחית תפוחי עץ 1,כלורוקס אוקלנד,ES,גרבר מחית תפוח פאוץ 90 גרם,גרמים,90.00,100 גרם,false,1,6.90,0.0767,true,1,361220
7613287181411,false,ויטמינציק סלט פירות,"נסטלה ספרד ס.א, מפעל",ES,"ויטמינציק סלט פירות, 110 גרם",גרמים,110.00,100 גרם,false,1,5.90,0.0536,true,1,361215
7613287182326,false,ויטמינציק פאוץ בננה,"נסטלה ספרד ס.א, מפעל",ES,ויטמינציק פאוץ בננה תפוח כשלפ 110 גרם,גרמים,110.00,100 גרם,false,1,5.90,0.0536,true,1,361212
7613287182425,false,ויטמינציק תפוח בננה,"נסטלה ספרד ס.א, מפעל",ES,"ויטמינציק תפוח בננה ותות, 110 גרם",גרמים,110.00,100 גרם,false,1,5.90,0.0536,true,1,361213
7613287182456,false,ויטמינציק פאוץ אגס ת,"נסטלה ספרד ס.א, מפעל",ES,ויטמינציק פאוץ אגס תפוח ובננה כשלפ 110 ג,גרמים,110.00,100 גרם,false,1,5.90,0.0536,true,1,361214
7613287325822,false,רוטב מיקס לחיץ 295 ג,אסם,PL,רוטב מיקס לחיץ 295 גרם,גרמים,295.00,100 גרם,false,1,14.90,0.0505,true,1,427975
7613287325853,false,רוטב ספייסי איולי לח,נסטלה פולין,PL,רוטב ספייסי איולי לחיץ 295 גרם,גרמים,295.00,100 גרם,false,1,14.90,0.0505,true,1,427974
7613287325952,false,רוטב ברביקיו אסם לחי,דפטונה פולין,PL,רוטב ברביקיו אסם לחיץ 295 גרם,גרמים,295.00,100 גרם,false,1,14.90,0.0505,true,1,427978
7613287325983,false,רוטב סלסה אסם לחיץ 2,דפטונה פולין,PL,רוטב סלסה אסם לחיץ 295 גרם,גרמים,295.00,100 גרם,false,1,14.90,0.0505,true,1,427977
7613287394323,false,דגני מולטי צירייס נ,CPU,GB,דגני מולטי צירייס נסטלה 600גרם,גרמים,600.00,100 גרם,false,1,26.90,0.0448,true,1,359765
7613287476494,false,מיונז אסם לחיץ 295 ג,נסטלה פולין,PL,מיונז אסם לחיץ 295 גרם,גרמים,295.00,100 גרם,false,1,14.90,0.0505,true,1,427976
7613287476678,false,סינימיניס צורוס  360,נסטלה אוונקה,PT,סינימיניס צורוס  360גרם,גרמים,360.00,100 גרם,false,1,26.90,0.0747,true,1,361054
7613287821348,false,נתחוני עוף טבעוני סנ,"טבעול צ'כיה בע""מ",CZ,נתחוני עוף טבעוני סנסשיונל 350גרם,גרמים,350.00,100 גרם,false,1,34.90,0.0997,true,1,427656
7616500553460,false,פריי שוקולד מריר תפו,פריי,CH,פריי שוקולד מריר תפוז 100 גרם,גרמים,100.00,100 גרם,false,1,9.90,0.0990,true,1,340512
7616500647251,false,פריי 180 ג אגוזים,פריי,CH,פריי שוקולד חלב אגוז 180 גרם,גרמים,180.00,100 גרם,false,1,14.90,0.0828,true,1,337725
7616500666092,false,פריי חלב פיסטוק 200,פריי,CH,פריי חלב פיסטוק 200 גרם,גרמים,200.00,100 גרם,false,1,14.90,0.0745,true,1,434148
7622010001858,false,עוגיות אוראו ממולאות,פי אר ג'יי אס אי מנד,UA,עוגיות אוראו ממולאות קרם וניל 176 גר',גרמים,176.00,100 גרם,false,1,9.90,0.0563,true,1,321297
7622201120931,false,מילקה אוראו לבן 100ג,מונדלז אוקראינה,UA,מילקה אוראו לבן 100גרם,גרמים,100.00,100 גרם,false,1,6.90,0.0690,true,1,429309
7622201127206,false,ממרח שוקולד מילקה  3,"נטרה מלה אנ.וי,",BE,ממרח שוקולד מילקה 350 גרם,גרמים,350.00,100 גרם,false,1,17.90,0.0511,true,1,360553
7622201127367,false,מילקה אוריאו מיניס ל,פי.אר.ג'יי.אס.סי מונ,UA,מילקה אוראו מיניס לבן 153 גרם,גרמים,153.00,100 גרם,false,1,16.90,0.1105,true,1,359320
7622201127398,false,מילקה אוריאו מיניס א,פי.אר.ג'יי.אס.סי מונ,UA,מילקה אוראו מיניס אורגינל 153 גרם,גרמים,153.00,100 גרם,false,1,16.90,0.1105,true,1,359319
7622201137052,false,מילקה מיני קוקיז 110,מונדלז אספנה גלטאס פ,ES,מילקה מיני קוקיז 110 גרם,גרמים,110.00,100 גרם,false,1,8.90,0.0809,true,1,359318
7622201400972,false,ממרח שוקולד מילקה 60,"נטרה מלה אנ.וי,",BE,ממרח שוקולד מילקה 600 גרם,גרמים,600.00,100 גרם,false,1,24.90,0.0415,true,1,427219
7622201401900,false,עוגיות מילקה סנסיישן,מונדלז פולסקה פרודקש,PL,עוגיות מילקה סנסיישן אוראו 156 גרם,גרמים,156.00,100 גרם,false,1,13.90,0.0891,true,1,357541
7622201502515,false,מילקה קוקי לופ 132 ג,גיורי קייקס קייאפטי,HU,מילקה קוקי לופ 132 גרם,גרמים,132.00,100 גרם,false,1,13.90,0.1053,true,1,428262
7622201801809,false,שוקולד חלב אגוזים מי,מנדלז דויצ'לנד סנקס,DE,מילקה שוקוד חלב עם אגוזי לוז 100 גרם,גרמים,100.00,100 גרם,false,1,6.90,0.0690,true,1,360901
7622201802363,false,שוקולד חלב אגוז וצימ,מנדלז דויצ'לנד סנקס,DE,מילקה שוקולד חלב עם צימוקים ואגוזים 100 גר',גרמים,100.00,100 גרם,false,1,6.90,0.0690,true,1,360900
7622201802394,false,שוקולד חלב מילקה 100,מנדלז דויצ'לנד סנקס,DE,מילקה חלב מסרונים 100 גרם,גרמים,100.00,100 גרם,false,1,6.90,0.0690,true,1,360899
7622201809188,false,מילקה ביסקויט 150 גר,מונדלז פרנס ביסקוויט,FR,מילקה ביסקויט 150 גרם,גרמים,150.00,100 גרם,false,1,14.90,0.0993,true,1,359245
7622201813390,false,מילקה וואפל במילוי ק,מונדליז סי.אר. ביסקו,,מילקה וואפל במילוי קרם קקאו 150 גרם,גרמים,150.00,100 גרם,false,1,16.90,0.1127,true,1,359244
7622201819170,false,מילקה דארק שקדים 85,מונדלז דויטשלנד סנאק,DE,מילקה דארק שקדים 85 גרם חדש,גרמים,85.00,100 גרם,false,1,8.50,0.1000,true,1,428263
7622201819408,false,מילקה דארק קרמל 85 ג,מונדלז דויטשלנד סנאק,DE,מילקה דארק קרמל 85 גרם חדש,גרמים,85.00,100 גרם,false,1,8.50,0.1000,true,1,428264
7622210078131,false,מילקה דיים 100 גרם ח,מנדלז דויצ'לנד סנקס,DE,מילקה שוקולד חלב עם דיים 100 גר',גרמים,100.00,100 גרם,false,1,6.90,0.0690,true,1,327129
7622210163899,false,מילקה שוקולד חלב עם,מונדלז דויצ'לנד סנקס,DE,מילקה שוקולד חלב עם עדשים 100 גר',גרמים,100.00,100 גרם,false,1,6.90,0.0690,true,1,319239
7622210453327,false,עוגיות מילקה סנסיישן,מנדלז פולסקה פרודקשן,PL,עוגיות מילקה סנסיישן 156 גרם,גרמים,156.00,100 גרם,false,1,13.90,0.0891,true,1,420881
7622210637994,false,אוראו ביס קראנצי אור,מונדלז אספניה ג'לאטס,ES,אוראו קראנצ'י בייטס מצופים 110 גרם,גרמים,110.00,100 גרם,false,1,8.90,0.0809,true,1,358545
7622210638021,false,אוראו ביס קראנצי בצי,מונדלז אספניה ג'לאטס,ES,אוראו קראנצ'י בייטס מצופים 110 גרם,גרמים,110.00,100 גרם,false,1,8.90,0.0809,true,1,358546
7622210640062,false,גבינת  פילדלפיה עם פ,מונדלייז,DE,גבינת  פילדלפיה עם פלפל חלפיניו וירוק 17,גרמים,175.00,100 גרם,false,1,14.90,0.0851,true,1,426446
7622210693266,false,מילקה אגוזים שלמים 2,מונדלז אוסטרייך פרוד,AT,שוקולד חלב מילקה  עם אגוזי לוז שלמים 270 גרם,גרמים,270.00,100 גרם,false,1,17.90,0.0663,true,1,420882
7622210826053,false,ט שוקולד מילקה אוראו,גיאורי קאקסז קייאףטי,HU,שוקולד מילקה אוראו סנדביץ 92 גרם,גרמים,92.00,100 גרם,false,1,6.90,0.0750,true,1,358118
7622210835338,false,עוגיות אוראו בראוניז,מנדלז אספנה גאלטס פר,ES,אוראו בראוני 176 גרם,גרמים,176.00,100 גרם,false,1,9.90,0.0563,true,1,344231
7622300200237,false,מילקה שוקולד חלב 250,מונדליז אוסטרייך פרו,AT,מילקה שוקולד חלב 250 גר',גרמים,250.00,100 גרם,false,1,12.90,0.0516,true,1,303767
7622300270506,false,עוגיות שיבולת שועל מ,מונדלז פולסקה פרודקש,PL,עוגיות שיבולת שועל מצופות 168 גרם,גרמים,168.00,100 גרם,false,1,13.90,0.0827,true,1,302465
7622300340285,false,פילדלפיה 22% שומן 17,מונדלז דויצ'לנד פרוד,DE,גבינת שמנת 21% שומן,גרמים,175.00,100 גרם,false,1,14.90,0.0851,true,1,339894
7622300340292,false,פילדלפיה מופחת שומן,מונדלז דויצ'לנד פרוד,DE,גבינת שמנת מופחתת שומן 11% שומן,גרמים,175.00,100 גרם,false,1,14.90,0.0851,true,1,339895
7622300356767,false,עוגיות שוקולד ציפס ע,מונדלז פולסקה פרודקש,PL,מילקה עוגיות שוקולד ציפס 168 גרם,גרמים,168.00,100 גרם,false,1,13.90,0.0827,true,1,299738
7622300489427,false,עוגיות אוראו פאדג שו,מנדלז אספנה גאלטס פר,ES,עוגיות אוראו בציפוי בטעם שוקולד לבן 246 גר',גרמים,246.00,100 גרם,false,1,17.90,0.0728,true,1,319152
7622300495046,false,שוקולד חלב אקסטרא קק,מנדלז דויצ'לנד סנקס,DE,מילקה שוקולד חלב עם אקסטרה קקאו 100 גרם,גרמים,100.00,100 גרם,false,1,7.50,0.0750,true,1,431496
7622300503079,false,ביסקוויט מצופה שוקול,מונדלז פולסקה פרודקש,PL,מילקה מו עוגיות ביסקוויט בציפוי שוקולד 200 גר',גרמים,200.00,100 גרם,false,1,13.90,0.0695,true,1,302089
7622300617820,false,שוקולד חלב אוראו מיל,מנדלז דויצ'לנד סנקס,DE,שוקולד חלב אוראו מילקה 100 גרם,גרמים,100.00,100 גרם,false,1,6.90,0.0690,true,1,306443
7622300756413,false,פילדלפיה 20% שומן עם,מונדלז דויצ'לנד פרוד,DE,פילדלפיה גבינת שמנת עם עשבי תיבול 20% שומן 175 גרם,גרמים,175.00,100 גרם,false,1,14.90,0.0851,true,1,339896
7622300761363,false,עוגיות אוראו מיני קר,פי.טי. מונדלז אינדונ,ID,אוראו מיני כוסות בטעם שוקולד 61.3 גרם,גרמים,67.00,100 גרם,false,1,6.90,0.1030,true,1,316079
7622400005190,false,שוקולד חלב חום לבן מ,מנדלז דויצ'לנד סנקס,DE,מילקה שוקולד חלב עם שוקולד לבן 100 גרם,גרמים,100.00,100 גרם,false,1,6.90,0.0690,true,1,297213
7630477891592,false,סטארבקס קפסולות האוס,נסטלה נספרסו,CH,סטארבקס קפסולות האוס בלנד 57 גרם,גרמים,57.00,100 גרם,false,1,21.90,0.3842,true,1,360928
7630477891639,false,סטארבקס קפסולות ורונ,נסטלה נספרסו,CH,סטארבקס קפסולות ורונה 55 גרם,גרמים,55.00,100 גרם,false,1,21.90,0.3982,true,1,360930
7630477891714,false,סטארבקס קפסולות אספר,נסטלה נספרסו,CH,סטארבקס קפסולות אספרסו 57 גרם,גרמים,57.00,100 גרם,false,1,21.90,0.3842,true,1,360929
7630477891738,false,סטארבקס קפסולות אספר,נסטלה נספרסו,CH,סטארבקס קפסולות אספרסו בלונד 53 גרם,גרמים,53.00,100 גרם,false,1,21.90,0.4132,true,1,360927
7640175743451,false,פחית גין בומביי   טו,בקרדי מרטיני,BE,פחית גין בומביי   טוניק 250 מל,מיליליטרים,250.00,"100 מ""ל",false,1,14.90,0.0596,true,1,360847
7702018271788,false,Gillette Clear Gel A,פרוקטר אנד גמבל,PL,Gillette Clear Gel AP Deo Stick Triumph,ליטרים,70.00,ליטר,false,1,16.90,0.2414,true,1,307162
7702018462032,false,גילט מאך 3 רביעיות ס,פרוקטור אנד גמבל,DE,גילט מאך 3 רביעיות סטארט,יחידה,1.00,יחידה,false,1,29.90,29.9000,true,1,352373
7702018471423,false,גילט פיוזן רביעיות ס,פרןקטר אנד גמבל ברלי,PL,גילט פיוזן רביעיות ללא טרימר,יחידה,1.00,יחידה,false,1,39.90,39.9000,true,1,352374
7702174067942,false,סוכריות יוגטה מיקס פ,קומסטיבלס,CO,סוכריות יוגטה מיקס פירות 135 ג,גרמים,135.00,100 גרם,false,1,6.90,0.0511,true,1,382431
7790480000166,false,תה גרבה la tranquera,,,תה גרבה la tranquera   500 ג סוס ירוק,גרמים,500.00,100 גרם,false,1,23.90,0.0478,true,1,422772
7790480000371,true,תה גרבה 500 גרם La T,,,תה גרבה 500 גרם La T,לא מנהל יחידת מידה,0.00,לא מנהל יחידת מידה,false,1,23.90,0.0000,true,1,397913
7792860006218,false,סוכריות לקקן בייבי ד,לריטייר,AR,"סוכריות בייבי דול, 24 גרם",גרמים,20.00,100 גרם,false,1,2.60,0.1300,true,1,284360
7793046004059,true,קינוח חבושים מתוק 70,,,קינוח חבושים מתוק 70,גרמים,700.00,100 גרם,false,1,24.90,0.0356,true,1,410465
7798141877829,false,גאטו נגרו פינו גריגי,,AR,גאטו נגרו פינו גריגיו 750 מל,מיליליטרים,750.00,"100 מ""ל",false,1,36.90,0.0492,true,1,428051
7798141877836,false,גאטו נגרו סוביניון ב,,AR,גאטו נגרו סוביניון בלאן  750 מל,מיליליטרים,750.00,"100 מ""ל",false,1,36.90,0.0492,true,1,428052
7891024179482,false,שטיפת פה אופטיק וייט,קולגייט- פלמוליב,PL,קולגייט מי פה אופטיק וייט 500 מל,מיליליטרים,500.00,"100 מ""ל",false,1,31.90,0.0638,true,1,306649
8000040001106,false,"קמפרי 700 מ""ל",קמפרי,,"קמפרי 700 מ""ל",מיליליטרים,700.00,"100 מ""ל",false,1,109.90,0.1570,true,1,313367
8000040500012,false,וויילד טרקי 81 בורבו,קמפרי,,"וויילד טרקי 81 בורבון 700 מ""ל",מיליליטרים,700.00,"100 מ""ל",false,1,134.90,0.1927,true,1,399927
8000070010680,false,קפסולות אספרסו ויגור,לוואצה,IT,קפסולות אספרסו ויגורוסו 55 גרם,גרמים,55.00,100 גרם,false,1,16.90,0.3073,true,1,434432
8000070012783,false,קפה לווצה אורו 250 ג,קפה לוואצה,IT,קפה לווצה אורו 250 גרם,גרמים,250.00,100 גרם,false,1,42.90,0.1716,true,1,286034
8000070081000,false,קפסולות קפה הרמוניקו,לוואצה,IT,קפסולות קפה הרמוניקו 50 גרם,גרמים,50.00,100 גרם,false,1,16.90,0.3380,true,1,434433
8000070081017,false,קפסולות דיצו  50 גרם,לוואצה,IT,קפסולות דיצו  50 גרם,גרמים,50.00,100 גרם,false,1,16.90,0.3380,true,1,434434
8000070081109,false,קפסולות קפה ריקו נטו,לוואצה,IT,קפסולות קפה ריקו נטול קפאין 50 גרם,גרמים,50.00,100 גרם,false,1,16.90,0.3380,true,1,434435
8000193000452,false,אורז ריזוטו קמפיני 1,,,אורז ריזוטו קמפיני 1 קג,קילוגרמים,1.00,"ק""ג",false,1,22.90,22.9000,true,1,410503
8000215204219,false,משקה אורז אורגני ויט,אלינור,IT,משקה אורז אורגני 1 ליטר,ליטרים,1.00,ליטר,false,1,13.90,13.9000,true,1,299739
8000215204240,false,משקה שקדים ואורז אור,אלינור,IT,משקה שקדים ואורז אורגני 1 ליטר,ליטרים,1.00,ליטר,false,1,13.90,13.9000,true,1,299740
8000215204264,false,משקה אורז אורגני ויט,אלינור,IT,ויטריז משקה אורז אישי 200 מל,מיליליטרים,200.00,"100 מ""ל",false,1,4.50,0.0225,true,1,323711
8000215204271,false,משקה אורז ושקדים ויט,"נטורפוד בע""מ",IT,"משקה אורז ושקדים ויטריז 200 מ""ל",מיליליטרים,200.00,"100 מ""ל",false,1,4.50,0.0225,true,1,314419
8000215204363,false,VITASIמשקה קוקוס אור,אלינור,IT,VITASIמשקה קוקוס אורגני 1 ליטר,ליטרים,1.00,ליטר,false,1,16.90,16.9000,true,1,360428
8000215204370,false,תחליף שמנת צמחי לביש,ויטריז,IT,תחליף שמנת צמחי לבישול אורגני ויטריז 200,מיליליטרים,200.00,"100 מ""ל",false,1,6.50,0.0325,true,1,324239
8000215204387,true,רוטב בשמל צמחי לבישו,ויטריז,IT,רוטב בשמל צמחי אורגני,מיליליטרים,500.00,"100 מ""ל",false,1,13.50,0.0270,true,1,337802
8000215204394,false,משקה אגוזי לוז ואורז,אלינור,US,משקה אגוזי לוז ואורז אורגני 1 ליטר,ליטרים,1.00,ליטר,false,1,17.90,17.9000,true,1,312651
8000215204561,false,משקה שקדים אורגני VI,אלינור,IT,ויטאסי משקה שקדים אורגני 1 ליטר,ליטרים,1.00,ליטר,false,1,16.90,16.9000,true,1,347079
8000215204653,false,ויטסי - משקה סויה או,אלינור,IT,ויטאסי משקה סויה אורגני,ליטרים,1.00,ליטר,false,1,11.90,11.9000,true,1,351666
8000215204677,false,ויטריז משקה שיבולת ש,אלינור,IT,משקה שיבולת שועל אורגני בריסטה 1 ליטר,ליטרים,1.00,ליטר,false,1,13.90,13.9000,true,1,428880
8000350001186,false,וישנזי מבחר עוגיות ב,Vicenzi S.p.A.,IT,וישנזי מבחר עוגיות במילואים וטעמים שונים 300 ג VIC,גרמים,300.00,100 גרם,false,1,19.90,0.0663,true,1,434590
8000350003821,false,וישנזי עוגיות שקדים,Vicenzi S.p.A.,IT,וישנזי עוגיות שקדים קנטונציני 225 ג VICENZI,גרמים,225.00,100 גרם,false,1,18.90,0.0840,true,1,434589
8000350004491,false,וישנזי עוגיות ביס פר,Vicenzi S.p.A.,IT,וישנזי עוגיות ביס פריכות עם קרם חלבי 125 ג VICENZI,גרמים,125.00,100 גרם,false,1,10.90,0.0872,true,1,434583
8000350004781,false,וישנזי עוגיות ביס פר,Vicenzi S.p.A.,IT,וישנזי עוגיות ביס פריכות עם קרם שוקולד 125 ג VICEN,גרמים,125.00,100 גרם,false,1,10.90,0.0872,true,1,434584
8000350007393,false,וישנזי עוגיות במילוי,Vicenzi S.p.A.,IT,וישנזי עוגיות במילוי קרם וניל 150 ג VICENZI,גרמים,150.00,100 גרם,false,1,11.90,0.0793,true,1,434586
8000380003723,false,ופל גרנד פטיסרי אגוז,א. לואקר,IT,לואקר גרנד פטיסרי אגוז 100 גרם,גרמים,100.00,100 גרם,false,1,12.90,0.1290,true,1,284377
8000380003761,false,ופל גרנד פטיסרי קוקו,א. לואקר,IT,לואקר גרנד פטיסרי קוקוס 100 גרם,גרמים,100.00,100 גרם,false,1,12.90,0.1290,true,1,284378
8000380004669,false,ופל סנדויץ קקאו לואק,"א. לואקר, קונפקט ג'י",AT,ופל סנדויץ קקאו לואקר 200 גרם,גרמים,200.00,100 גרם,false,1,14.90,0.0745,true,1,296912
8000380004676,false,ופל סנדויץ קרם וניל,"א. לואקר, קונפקט ג'י",AT,ופל סנדויץ קרם וניל לואקר 200 גרם,גרמים,200.00,100 גרם,false,1,14.90,0.0745,true,1,284379
8000380004911,false,ופל קואדרטיני אגוז 2,א. לואקר,AT,קוארדטיני אגוז 250 גר',גרמים,250.00,100 גרם,false,1,14.90,0.0596,true,1,284380
8000380004966,false,ופל קואדרטיני קקאו 2,א. לואקר,AT,קוארדטיני שוקולד 250 גר',גרמים,250.00,100 גרם,false,1,14.90,0.0596,true,1,284381
8000380007219,false,ופל אגוזים לואקר 175,א. לואקר,AT,לואקר קלאסיק אגוז 175 גרם,גרמים,175.00,100 גרם,false,1,10.90,0.0623,true,1,284382
8000380007257,false,ופל מצופה שוקולד גרד,קריניציה ויטמינה אס,IT,לואקר גרנדה אגוז 200 גר',גרמים,200.00,100 גרם,false,1,14.90,0.0745,true,1,284383
8000380007264,false,ופל קקאו לואקר 175 ג,קריניציה ויטמינה אס,AT,לואקר קלאסיק קקאו 175 גרם,גרמים,175.00,100 גרם,false,1,10.90,0.0623,true,1,285536
8000380106028,false,טורטינה אורגינל שישי,קריניציה ויטמינה אס,IT,טורטינה 1/6 חדש,גרמים,125.00,100 גרם,false,1,22.90,0.1832,true,1,293102
8000380144044,false,ופל שוקולד גרדנה 200,לואקר,IT,וופל במילוי קרם שוקולד מצופה שוקולד חלב,גרמים,200.00,100 גרם,false,1,14.90,0.0745,true,1,293104
8000380148035,false,גרנד פטיסרי מריר,קריניציה ויטמינה אס,IT,לואקר גרנד פטיסרי מריר 100 גרם,גרמים,100.00,100 גרם,false,1,12.90,0.1290,true,1,376307
8000380153442,false,ופל אגוז לואקר 90 גר,לואקר,,ופל אגוז לואקר 90 גרם,גרמים,90.00,100 גרם,false,1,7.90,0.0878,true,1,307082
8000380153466,false,ופל שוקולד לואקר 90,קריניציה ויטמינה אס,IT,ופל שוקולד לואקר 90 גרם,גרמים,90.00,100 גרם,false,1,7.90,0.0878,true,1,307067
8000380180721,false,ופל לואקר קלאסיק שוק,קריניציה ויטמינה אס,AT,לואקר קלאסיק שוקו-חלב 175 גרם,גרמים,175.00,100 גרם,false,1,10.90,0.0623,true,1,321498
8000380180837,false,גרנד פטיסרי במילוי ק,"אינסטנטה בע""מ",IT,גרנד פטיסרי במילוי קרם קוקוס ובציפוי שוק,גרמים,100.00,100 גרם,false,1,12.90,0.1290,true,1,397751
8000380187119,false,עוגיות לואקר אגוזי ל,לואקר,AT,עוגיות לואקר אגוזי לוז,גרמים,100.00,100 גרם,false,1,15.90,0.1590,true,1,357246
8000380187249,false,עוגיות לואקר שקדים,לואקר,AT,עוגיות לואקר שקדים  100גרם,גרמים,100.00,100 גרם,false,1,15.90,0.1590,true,1,357247
8000380187300,false,עוגיות לואקר פתיתי ש,לואקר,AT,עוגיות לואקר פתיתי שלג 120גרם,גרמים,120.00,100 גרם,false,1,15.90,0.1325,true,1,357248
8000380192588,false,קואדרטיני דאבל שוקול,קריניציה ויטמינה אס,AT,קוארדטיני אגוז 250 גר',גרמים,250.00,100 גרם,false,1,14.90,0.0596,true,1,349057
8000380205400,false,קוואדרטיני חמאת בוטנ,לואקר,IT,קוואדרטיני חמאת בוטנים 250 גרם,גרמים,250.00,100 גרם,false,1,14.90,0.0596,true,1,434426
8000380205523,false,לואקר חמאת בוטנים 17,לואקר,IT,לואקר חמאת בוטנים 175 גרם,גרמים,175.00,100 גרם,false,1,10.90,0.0623,true,1,434425
8000500009673,false,בונבוניירה רושר 300,פררו,IT,בונבוניירה רושר 300 גרם,גרמים,300.00,100 גרם,false,1,49.90,0.1663,true,1,289659
8000500011461,false,בונבונייה רושר 525 ג,פררו,DE,בונבונייה רושר 525 גרם,גרמים,525.00,100 גרם,false,1,64.90,0.1236,true,1,421999
8000500023624,false,קינדר הפי היפו קקאו,קדבורי,DE,קינדר הפי היפו קקאו 105 גר,גרמים,102.00,100 גרם,false,1,13.90,0.1363,true,1,293177
8000500023976,false,בונבוניירה רפאלו 150,פררו,PL,כדור וופל בציפוי קוקוס פריך במילוי קרם ושקד שלם,גרמים,150.00,100 גרם,false,1,18.90,0.1260,true,1,284384
8000500026731,false,ביצי הפתעה מצופה שוק,קדבורי,IT,ביצת הפתעה  קינדר שלישייה,גרמים,64.00,100 גרם,false,1,15.90,0.2484,true,1,284385
8000500029350,false,קינדר בואנו קלאסי של,פררו,PL,קינדר בואנו קלאסי שלישייה 129 גרם,גרמים,129.00,100 גרם,false,1,12.90,0.1000,true,1,430698
8000500037874,false,בונבוניירה רושר אריז,פררו,IT,בונבוניירה רושר אריזה דקורטיבית 200 גרם,גרמים,200.00,100 גרם,false,1,27.90,0.1395,true,1,284388
8000500071083,false,שוקולד קינדר אריזה ד,קדבורי,IT,אצבעות שוקולד קינדר 200 גר,גרמים,200.00,100 גרם,false,1,10.90,0.0545,true,1,284389
8000500094976,false,בונב.רושה קונוס 212,פררו,IT,בונב.רושה קונוס 212 גרם,גרמים,212.00,100 גרם,false,1,38.90,0.1835,true,1,361201
8000500121436,false,קינדר בואנו לבן שליש,פררו,PL,קינדר בואנו לבן שלישייה,גרמים,129.00,100 גרם,false,1,12.90,0.1000,true,1,431342
8000500160466,false,פררו רושה מארז חג,גוד פוד פרודקטס S.p,IT,פררו רושה מארז חג,גרמים,75.00,100 גרם,false,1,14.90,0.1987,true,1,401462
8000500227848,true,נוטלה בי רדי שישיה 1,קדבורי,IT,נוטלה בי רדי שישיה 132 גרם,גרמים,132.00,100 גרם,false,1,12.50,0.0947,true,1,344214
8000500247150,true,פררו קולקשיין 172  ג,קדבורי,DE,פררו קולקשיין 172  גרי,גרמים,172.00,100 גרם,false,1,27.90,0.1622,true,1,361202
8000500247167,false,פררו קולקשין269 גרם,פררו,DE,בונבוניירה פררו קולקשין 269  גרם,גרמים,269.00,100 גרם,false,1,49.90,0.1855,true,1,400708
8000500249352,false,חטיפי בואנו מיני מיק,קדבורי,PL,קינדר בואנו מיני מיקס,גרמים,205.00,100 גרם,false,1,20.90,0.1020,true,1,327997
8000500256213,false,שוקולד קינדר מיני 12,קדבורי,IT,קינדר שוקולד מיני 120 גרם,גרמים,120.00,100 גרם,false,1,11.90,0.0992,true,1,422822
8000500267103,true,קינדר דליס עשיריה,קדבורי,IT,קינדר דליס עוגת ספוג קקאו במילוי חלבי 390 גרם,גרמים,390.00,100 גרם,false,1,19.90,0.0510,true,1,327185
8000500269169,false,קינדר קארדס חמישיה 1,פררו,IT,קינדר קארדס חמישיה 128 גרם,גרמים,128.00,100 גרם,false,1,13.90,0.1086,true,1,435647
8000500386941,false,ממרח אגוזי לוז  עם ק,קדבורי,IT,ממרח אגוזי לוז  עם קקאו נוטלה  900גרם,גרמים,900.00,100 גרם,false,1,33.90,0.0377,true,1,430082
8000698307575,false,בונ גואיל 235 ג FELE,SORINI-Holding Dolci,IT,בונ גואיל 235 ג FELETTI,גרמים,235.00,100 גרם,false,1,54.90,0.2336,true,1,361434
8000698463295,false,בונ אלודי 250 ג FELE,"H.D.I (SORINI, FELET",IT,בונ אלודי 250 ג FELETTI,גרמים,250.00,100 גרם,false,1,64.90,0.2596,true,1,426396
8000700000050,false,סבון מוצק לבן  דאב ר,יוניליוור גרמניה (מנ,DE,סבון מוצק לבן  דאב רביעייה,גרמים,400.00,100 גרם,false,1,13.90,0.0348,true,1,284390
8000786100231,false,LA GRANפולנטה אינסטנ,דה צקו,IT,"LA GRANפולנטה אינסטנט להכנה מהירה 1 ק""ג",קילוגרמים,1.00,"ק""ג",false,1,22.90,22.9000,true,1,434236
8000920704967,false,גלידה שורטי צאנקי מא,מוצרי איכות אמריקאיי,,"גלידה שורטי צאנקי מאנקי 150 מ""ל",מיליליטרים,150.00,"100 מ""ל",false,1,10.90,0.0727,true,1,430932
8000920704998,false,גלידה שורטי בצק עוגי,מוצרי איכות אמריקאיי,IL,בצק עוגיות 150 מ'ל - שורטי,מיליליטרים,150.00,"100 מ""ל",false,1,8.90,0.0593,true,1,430934
8001010062844,false,"חומץ בלסמי 500 מ""ל P","איי, בי, אינבוו",IT,פונטי חומץ בלסמי ממודנה 500 מל,מיליליטרים,500.00,"100 מ""ל",false,1,15.90,0.0318,true,1,430062
8001090016003,true,פיירי טב למדיח 84 יח,פרוקטר אנד גמבל,BE,פיירי אוריגינל קפסולות למדיח כלים 84 יחידות,Unknown,0.00,Unknown,false,1,54.90,0.0000,true,1,410529
8001090222756,true,הרבל אסנסס מרכך שמן,פרוקטר אנד גמבל,FR,הרבל אסנסס מרכך שמן מורינגה,Unknown,0.00,Unknown,false,1,24.90,0.0000,true,1,421258
8001090222848,true,הרבל אסנסס שמפו שיקו,פרוקטר אנד גמבל,FR,"הרבל אסנסס שמפו שיקום שמן ארגן 400 מ""ל",Unknown,0.00,Unknown,false,1,24.90,0.0000,true,1,421259
8001090222879,true,הרבל אסנסס מרכך שיקו,פרוקטר אנד גמבל,FR,הרבל אסנסס מרכך שיקום שמן ארגן,Unknown,0.00,Unknown,false,1,24.90,0.0000,true,1,421260
8001090336354,false,פמפרס בייבי דריי מיד,פרוקטר אנד גמבל,DE,פמפרס בייבי דריי מידה 2 46 יחידות,לא מנהל יחידת מידה,0.00,לא מנהל יחידת מידה,false,1,35.90,0.0000,true,1,352834
8001090336408,false,פמפרס בייבי דריי מיד,פרוקטר אנד גמבל,DE,פמפרס בייבי דריי מידה 3 38 יחידות,לא מנהל יחידת מידה,0.00,לא מנהל יחידת מידה,false,1,35.90,0.0000,true,1,352835
8001090336446,false,פמפרס בייבי דריי מיד,פרוקטר אנד גמבל,DE,פמפרס בייבי דריי מידה 4 34 יחידות,לא מנהל יחידת מידה,0.00,לא מנהל יחידת מידה,false,1,35.90,0.0000,true,1,352836
8001090510419,false,נוזל כלים פיירי הדרי,פרוקטר,GB,נוזל כלים פיירי הדרים כתום 450 מל,מיליליטרים,450.00,"100 מ""ל",false,1,8.90,0.0198,true,1,435856
8001090721099,false,אריאל קפסולות לכביסה,פרוקטר אנד גמבל,FR,אריאל קפסולות 27 יח,יחידה,1.00,יחידה,false,1,34.90,34.9000,true,1,419623
8001090721129,false,אריאל קפסולות לכביסה,פרוקטר אנד גמבל,FR,אריאל קפסולות לכביסה צבעונית,יחידה,1.00,יחידה,false,1,34.90,34.9000,true,1,418996
8001090810083,false,פנטן קונדישנר נוסחה,פרוקטר אנד גמבל,RO,"פנטן קונדישנר נוסחה קלאסית 500 מ""ל",מיליליטרים,500.00,"100 מ""ל",false,1,17.90,0.0358,true,1,345649
8001090810205,false,פנטן שמפו נוסחה קלאס,פרוקטר אנד גמבל,RO,"פנטן שמפו הנוסחה הקלאסית 500 מ""ל",מיליליטרים,500.00,"100 מ""ל",false,1,17.90,0.0358,true,1,345648
8001090810403,false,פנטן שמפו למגע רך כמ,פרוקטר אנד גמבל,RO,פנטן שמפו למגע רך כמשי 500 מל,מיליליטרים,500.00,"100 מ""ל",false,1,17.90,0.0358,true,1,345646
8001090833167,false,אריאל גל כביסה ניחוח,פרוקטור אנד גמבל,FR,אריאל ג'ל כביסה ניחוח הרים 2.365 ליטר,ליטרים,2.37,ליטר,false,1,32.90,13.8819,true,1,346988
8001090891273,false,לנור כדוריות הבושם ב,פרוקטר אנד גמבל,US,לנור כדוריות הבושם בניחוח סחלב 210 גרם,גרמים,210.00,100 גרם,false,1,29.90,0.1424,true,1,356788
8001090988768,false,פנטן שמפו הזנת קרטין,פרוקטר אנד גמבל,,"פנטן שמפו הזנת קרטין 500 מ""ל",מיליליטרים,500.00,"100 מ""ל",false,1,17.90,0.0358,true,1,345656
8001090988881,false,פנטן קונדישנר למגע ר,פרוקטר אנד גמבל,,"פנטן קונדישנר למגע רך כמשי 500 מ""ל",מיליליטרים,500.00,"100 מ""ל",false,1,17.90,0.0358,true,1,345647
8001090989000,false,פנטן מרכך הזנת קרטין,פרוקטר אנד גמבל,,"פנטן מרכך הזנת קרטין 500 מ""ל",מיליליטרים,500.00,"100 מ""ל",false,1,17.90,0.0358,true,1,345657
8001160001786,false,משקה גטורייד ספורט כ,סאן בנדטו אס פי איי,IT,"משקה גטורייד בטעם פטל ,מופחת קלוריות.",מיליליטרים,500.00,"100 מ""ל",false,1,10.90,0.0218,true,1,305821
8001160001892,false,משקה גטורייד ספורט ת,פפסיקו בוואדג' איטלי,IT,גטורייד ספורט תפוז אדום בקבוק 500 תריסר,מיליליטרים,500.00,"100 מ""ל",false,1,10.90,0.0218,true,1,305822
8001250110015,false,לזניה דה צקו 500 גרם,דה צקו,IT,לזניה דה צקו 500 גרם,גרמים,500.00,100 גרם,false,1,15.90,0.0318,true,1,430076
8001250120243,false,פסטה ריגטוני,יושלם,,פסטה ריגטוני 500 גרם,גרמים,500.00,100 גרם,false,1,10.90,0.0218,true,1,371091
8001250120410,false,פסטה פנה 500 גרם דה,DE CECCO,IT,פסטה פנה 500 גרם דה צקו,גרמים,500.00,100 גרם,false,1,10.90,0.0218,true,1,430068
8001250121295,false,פסטה קלמרטה 129 דה צ,דה צקו,IT,פסטה קלמרטה 129 דה צקו 500 גרם,גרמים,500.00,100 גרם,false,1,16.90,0.0338,true,1,434109
8001250152015,false,פפרדלה 500 גרם 201 D,DE CECCO,IT,פפרדלה 500 גרם 201 DE CECCO,גרמים,500.00,100 גרם,false,1,12.90,0.0258,true,1,430060
8001250152336,false,פסטה פטוציני 500 גרם,,,פסטה פטוציני 500 גרם דה צקו,גרמים,500.00,100 גרם,false,1,12.90,0.0258,true,1,430069
8001250201034,false,פטוציני ביצים 250 גר,DE CECCO,IT,פטוציני ביצים 250 גרם 103 DE CECCO,גרמים,250.00,100 גרם,false,1,10.90,0.0436,true,1,430061
8001250250018,false,EXTRA VIRGIN CLASSIC,VIRGINIAS INDUSTRIAS,IT,EXTRA VIRGIN CLASSICO שמן זית כחול 750,מיליליטרים,750.00,"100 מ""ל",false,1,39.90,0.0532,true,1,429138
8001250861764,false,DE CECCO קמח דורום 1,דה צקו,IT,"DE CECCO קמח דורום 1 ק""ג",קילוגרמים,1.00,"ק""ג",false,1,15.90,15.9000,true,1,434235
8001505000160,true,מעדן דובדבנים אורגני,ריג'וני דה אסיאגו,IT,פיור די פרוטה מעדן דובדבנים 250 גרם,גרמים,250.00,100 גרם,false,1,20.90,0.0836,true,1,410543
8001505000177,true,מעדן משמש אורגני ללא,ריג'וני דה אסיאגו,IT,אורגניכ פארמינג מעדן משמש 250 גרם,גרמים,250.00,100 גרם,false,1,20.90,0.0836,true,1,410544
8001505000184,false,מעדן אוכמניות אורגני,ריג'וני דה אסיאגו,IT,אורגניכ פארמינג מעדן אוכמניות 260 גרם,גרמים,250.00,100 גרם,false,1,20.90,0.0836,true,1,387899
8001505000283,false,מעדן פטל אורגני ללא,ריג'וני דה אסיאגו,IT,מעדן פטל אורגני 250 גרם,גרמים,250.00,100 גרם,false,1,20.90,0.0836,true,1,387898
8001505000306,true,מעדן פירות יער אורגנ,ריג'וני דה אסיאגו,IT,אורגניכ פארמינג מעדן פירות יער 250 גרם,גרמים,250.00,100 גרם,false,1,20.90,0.0836,true,1,410545
8001505000313,false,ממרח אגוזי לוז אורגנ,ריג'וני דה אסינו,IT,נוקיולטה ממרח אגוזי לוז אורגני 270 גרם,גרמים,270.00,100 גרם,false,1,21.90,0.0811,true,1,311809
8001505000320,false,מעדן תותים ותותי בר,ריג'וני דה אסיאגו,IT,אורגניכ פארמינג מעדן תותים ותותי בר 250 גרם,גרמים,250.00,100 גרם,false,1,20.90,0.0836,true,1,311808
8001505000498,true,מעדן לימון אורגני,ריג'וני דה אסיאגו,IT,מעדן לימון אורגני 250 גרם,גרמים,250.00,100 גרם,false,1,20.90,0.0836,true,1,410546
8001505000573,true,מעדן דומדמניות אורגנ,ריג'וני דה אסיאגו,IT,מעדן דומדמניות אורגני 270 גרם,גרמים,270.00,100 גרם,false,1,20.90,0.0774,true,1,410547
8001505000580,true,מעדן אפרסק אורגני,ריג'וני דה אסיאגו,IT,מעדן אפרסק אורגני 250 גרם,גרמים,250.00,100 גרם,false,1,20.90,0.0836,true,1,410548
8001505001105,true,ממרח אגוזי לוז אורגנ,ריג'וני דה אסינו,IT,נוקיולטה ממרח אגוזי לוז אורגני 270 גרם,גרמים,270.00,100 גרם,false,1,21.90,0.0811,true,1,337849
8001505001785,false,נוציולטה ביאנקה ממרח,ריג'וני דה אסינו,IT,ממרח 30% אגוזי לוז,גרמים,270.00,100 גרם,false,1,21.90,0.0811,true,1,421878
8001505002041,true,מעדן חושחש אורגני 25,ריג'וני דה אסיאגו,IT,מעדן חושחש אורגני 260 גרם,גרמים,250.00,100 גרם,false,1,20.90,0.0836,true,1,420651
8001505002850,false,ממרח אגוזי לוז אורגנ,ריג'וני דה אסינו,IT,ממרח אגוזי לוז אורגני,גרמים,700.00,100 גרם,false,1,49.90,0.0713,true,1,430054
8001561101252,false,פילה טונה וונטרסקה ב,,,פילה טונה וונטרסקה בשמן זית 125 גר,גרמים,125.00,100 גרם,false,1,45.90,0.3672,true,1,430324
8001561301706,false,CALIPO  נתחי טונה בש,קליפו קונסרב,IT,CALIPO  נתחי טונה בשמן זית   160גרם,גרמים,160.00,100 גרם,false,1,18.90,0.1181,true,1,431397
8001620019160,false,סן בנדטו אפרסק 400 מ,טמפו,IL,"סן בנדטו אפרסק 400 מ""ל",מיליליטרים,400.00,"100 מ""ל",false,1,8.50,0.0213,true,1,435501
8001620019177,false,סן בנדטו ענבים 400 מ,טמפו,IL,"סן בנדטו ענבים 400 מ""ל",מיליליטרים,400.00,"100 מ""ל",false,1,8.50,0.0213,true,1,435502
8001841019291,false,קפסולות גל לכביסה 3,פרוקטר אנד גמבל,FR,כביסה,לא מנהל יחידת מידה,0.00,לא מנהל יחידת מידה,false,1,19.90,0.0000,true,1,348394
8001841237657,false,מגן תחתון אולוויז פר,פרוקטר & גמבל,DE,מגן תחתון אולוויז פרש נורמל 72 יח,יחידה,72.00,יחידה,false,1,18.90,0.2625,true,1,434788
8001841625188,false,פיירי פלטינום לימון,פרוקטר אנד גמבל,GB,"פיירי פלטינום לימון החדש 515 מ""ל",מיליליטרים,515.00,"100 מ""ל",false,1,9.90,0.0192,true,1,354651
8001841669465,false,אריאל קפסולות 24 יח,פרוקטר אנד גמבל,FR,אריאל קפסולות 24 יח' בניחוח לנור,יחידה,1.00,יחידה,false,1,34.90,34.9000,true,1,360601
8001841716312,false,שולדרס גל רחצה ושמפו,"פרוקטר אנד גמבל, צרפ",FR,"שולדרס ג'ל רחצה ושמפו ספורט 360 מ""ל",מיליליטרים,360.00,"100 מ""ל",false,1,19.90,0.0553,true,1,361067
8001841722481,false,מגן תחתון אולוויז פר,פרוקטר & גמבל,DE,מגן תחתון אולוויז פרש נורמל 54 יח,יחידה,54.00,יחידה,false,1,14.90,0.2759,true,1,434789
8001841958460,false,פיירי טבליות למדיח 4,פרוקטר אנד גמבל,BE,פיירי אוריגינל קפסולות למדיח כלים 48 יחידות,לא מנהל יחידת מידה,0.00,לא מנהל יחידת מידה,false,1,39.90,0.0000,true,1,427457
8001841960081,false,פיירי טבליות למדיח פ,פרוקטר אנד גמבל,BE,פיירי פלטינום טבליות לניקוי כלים במדיח 37 יחידות,לא מנהל יחידת מידה,0.00,לא מנהל יחידת מידה,false,1,39.90,0.0000,true,1,427458
8002230000012,false,ליקר אפרול בקבוק 1 ל,קמפרי,,ליקר אפרול בקבוק 1 ליטר,ליטרים,1.00,ליטר,false,1,114.90,114.9000,true,1,326879
8002267014662,true,צוקטה ביצי שוקולד הו,ואל קור קורסניני אס,IT,צ'וקטה מארז 3 יח' ביצת שוקולד חלב ברבי 60 גרם,גרמים,60.00,100 גרם,false,1,12.90,0.2150,true,1,410602
8002267014945,true,צוקטה ביצי שוקולד בר,ואל קור קורסניני אס,IT,צ'וקטה מארז 3 יח' ביצת שוקולד חלב מכוניות 60 גרם,גרמים,60.00,100 גרם,false,1,12.90,0.2150,true,1,413046
8002270846472,false,סן פלגרינו פלאסטיק ב,סן פלגרינו,IT,"סן פלגרינו מוגז פלסטיק 500 מ""ל 24 יחידות",מיליליטרים,500.00,"100 מ""ל",false,1,6.20,0.0124,true,1,306696
8002270866524,false,סן פלגרינו מים,San Pellegrino Terme,IT,סן פלגרינו 1 ליטר בקבוק פלסטיק,ליטרים,1.00,ליטר,false,1,9.60,9.6000,true,1,384001
8002920016903,false,LADORIA עגבניות מרוס,,IT,LADORIA עגבניות מרוסקות  שלישיה 400גרם,גרמים,400.00,100 גרם,false,3,15.90,0.0398,true,1,429276
8002960103199,false,רוטב פסטה מנו פומודו,מנורה,IT,רוטב פסטה מנו פומודורינה בצנצנת 370 גרם,גרמים,370.00,100 גרם,false,1,13.90,0.0376,true,1,430334
8002960103205,false,רוטב פסטה מנו ארביאט,מנורה,IT,רוטב פסטה מנו ארביאטה בצנצנת 370 גרם,גרמים,370.00,100 גרם,false,1,13.90,0.0376,true,1,430333
8002960103212,false,רוטב לשקשוקה בצנצנת,מנורה,IT,רוטב לשקשוקה בצנצנת 370 גרם,גרמים,370.00,100 גרם,false,1,13.90,0.0376,true,1,430335
8003007800484,false,פסטה צוקה טעמים 500,,IT,פסטה צוקה טעמים 500 גרם,גרמים,500.00,100 גרם,false,1,14.90,0.0298,true,1,430127
8003007800712,false,פסטה פיורי פרחים 4 ט,,IT,פסטה פיורי פרחים 4 טעמים 500 גרם,גרמים,500.00,100 גרם,false,1,14.90,0.0298,true,1,430128
8003007800842,false,פסטה קונקיליוני צבעו,,IT,פסטה קונקיליוני צבעוני 500 גרם,גרמים,500.00,100 גרם,false,1,14.90,0.0298,true,1,430129
8003007810001,false,פסטה פנטה 4 טעמים 50,,IT,פסטה פנטה 4 טעמים 500 גרם,גרמים,500.00,100 גרם,false,1,14.90,0.0298,true,1,430130
8003007816683,false,פסטה ארמוניקה 4 טעמי,,IT,פסטה ארמוניקה 4 טעמים 500 גרם,גרמים,500.00,100 גרם,false,1,14.90,0.0298,true,1,430133
8003007817918,false,פסטה לומקוני 4 טעמים,,IT,פסטה לומקוני 4 טעמים 500 גרם,גרמים,500.00,100 גרם,false,1,14.90,0.0298,true,1,430131
8003007825661,false,פסטה פנטזיה חצי מטר,,IT,פסטה פנטזיה חצי מטר 1 קג,קילוגרמים,1.00,"ק""ג",false,1,39.90,39.9000,true,1,430121
8003207997854,false,‎פ‎‎כשל‎  ‎קיאנטי‎ ‎,‎פאבולינו,IT,‎פ‎‎כשל‎  ‎קיאנטי‎ ‎פאבולינו‎,מיליליטרים,750.00,"100 מ""ל",false,1,39.90,0.0532,true,1,430231
8003207997861,false,‎פ‎‎כשל‎  ‎רוסו‎  ‎ט,‎פאבולינו,IT,‎פ‎‎כשל‎  ‎רוסו‎  ‎טוסקנה‎  ‎פאבולינו‎,מיליליטרים,750.00,"100 מ""ל",false,1,49.90,0.0665,true,1,430232
8003207997878,false,יין גובאני קיאנטי קש,יקב,IT,יין גובאני קיאנטי קש 750מל,מיליליטרים,750.00,"100 מ""ל",false,1,79.90,0.1065,true,1,430405
8003340091280,false,בונבוניירה לינדור 60,לינדוט ושופרונגלי אי,IT,לינדט לינדור כדורי שוקולד מריר 200 ג',גרמים,200.00,100 גרם,false,1,34.90,0.1745,true,1,296879
8003753158617,false,קפסולות ILLY אספרסו,ג'ייקובס דאו אגרבטס,FR,קפסולות קפה לונגו,גרמים,57.00,100 גרם,false,1,19.90,0.3491,true,1,353924
8003753158648,false,קפסולות אספרסו אינטנ,ג'ייקובס דאו אגרבטס,FR,קפסולות קפה אינטנסו,גרמים,57.00,100 גרם,false,1,19.90,0.3491,true,1,353922
8004030022010,false,טונה אינסלטיסימי ירק,"בולטון אלימנטרי בע""מ",IT,ריו מר ירקות גינה עם טונה 160 גרם,גרמים,160.00,100 גרם,false,1,18.50,0.1156,true,1,320359
8004030026018,false,טונה אינסלטיסימי מקס,"בולטון אלימנטרי בע""מ",IT,ריו מרה ירקות בנוסח מקסיקני עם טונה 160 גרם,גרמים,160.00,100 גרם,false,1,18.50,0.1156,true,1,320358
8004030044005,false,טונה בשמן זית ריו מר,"בולטון אלימנטרי בע""מ",IT,ריו מר נתחי טונה בהירה בשמן זית 160 גרם,גרמים,160.00,100 גרם,false,1,18.50,0.1156,true,1,284415
8004030081024,false,טונה בשמן זית שום ופ,"בולטון אלימנטרי בע""מ",IT,ריו מר נתחי טונה בהירה בשמן זית ופלפל 160 גרם,גרמים,160.00,100 גרם,false,1,18.50,0.1156,true,1,284416
8004030102033,false,ריו מרה טונה בשמן עם,בולטון אלימנטרי,IT,ריו מרה טונה בשמן עם לימון ופלפל 80*3 ג,גרמים,240.00,100 גרם,false,3,27.90,0.1162,true,1,347956
8004030344938,false,טונה בשמן ריו מרה מא,"בולטון אלימנטרי בע""מ",IT,ריו מרה נתחי טונה בהירה בשמן זית 240 גרם,גרמים,240.00,100 גרם,false,1,27.90,0.1162,true,1,324234
8004030845046,false,טונה ריו מרה ירקות ו,בולטון אלימנטרי,IT,טונה ריו מרה ירקות ו אינסלטיסימי 160 גרם,גרמים,160.00,100 גרם,false,1,18.50,0.1156,true,1,349346
8004030860001,false,טונה ריו מרה אינסלטי,"בולטון אלימנטרי בע""מ",IT,ריו מר ירקות עם קוסקוס וטונה 160 גרם,גרמים,160.00,100 גרם,false,1,18.50,0.1156,true,1,324087
8004123004893,true,Basso-שמן מתובל בטעם,באסו,IT,Basso-שמן מתובל בטעם פטריות כמהין 250 מל,מיליליטרים,250.00,"100 מ""ל",false,1,29.90,0.1196,true,1,418527
8004690050507,false,פסטה איטלקית פטוציני,למוליזנה,IT,פסטה איטלקית פטוציני 500 גרם LM,גרמים,500.00,100 גרם,false,1,8.90,0.0178,true,1,350832
8004690051573,false,ספגטי למוליזנה,למוליזנה,IT,ספגטי למוליזנה 500 גרם,גרמים,500.00,100 גרם,false,1,8.90,0.0178,true,1,312700
8004690052044,false,פסטה פנה למוליזנה,למוליזנה,IT,פסטה איטלקית פנה זיטי ריגטה 500 גרם LM,גרמים,500.00,100 גרם,false,1,8.90,0.0178,true,1,312701
8004690052846,false,פסטה פוסילי למוליזנה,למוליזנה,IT,פסטה איטלקית פוזילי 500 גרם LM,גרמים,500.00,100 גרם,false,1,8.90,0.0178,true,1,312702
8004690053195,false,למוליזנה ריגאטוני,למוליזנה,IT,פסטה איטלקית ריגטוני 500 גרם LM,גרמים,500.00,100 גרם,false,1,8.90,0.0178,true,1,312703
8004690053225,false,פסטה איטלקית מזי ריג,למוליזנה,IT,פסטה איטלקית מזי ריגטוני 500 גרם LM,גרמים,500.00,100 גרם,false,1,8.90,0.0178,true,1,350831
8004690055601,false,פסטה איטלקית צינסי 5,למוליזנה,IT,פסטה איטלקית צינסי 500 גרם LM,גרמים,500.00,100 גרם,false,1,7.90,0.0158,true,1,421315
8004690057308,false,פסטה איטלקית רדיאטור,למוליזנה,IT,פסטה איטלקית רדיאטורי 500 גרם LM,גרמים,500.00,100 גרם,false,1,8.90,0.0178,true,1,350834
8004690058008,false,פסטה איטלקית גמלי 50,למוליזנה,IT,פסטה איטלקית גמלי 500 גרם LM,גרמים,500.00,100 גרם,false,1,8.90,0.0178,true,1,350828
8004690106600,false,למוליזנה פארפאליה,למוליזנה,IT,פסטה איטלקית פרפאלה 500 גרם LM,גרמים,500.00,100 גרם,false,1,8.90,0.0178,true,1,313127
8004690470022,false,פסטה ספגטי  ללג LM ג,למוליזנה,IT,פסטה ספגטי  ללג LM גרם401,גרמים,400.00,100 גרם,false,1,12.90,0.0323,true,1,430075
8004690470039,false,פסטה פנה  ללג LM גרם,למוליזנה,IT,פסטה פנה  ללג LM גרם400,גרמים,400.00,100 גרם,false,1,12.90,0.0323,true,1,357060
8004708018987,false,מלח ורוד הימלאיה מטח,יושלם,,מלח ורוד הימלאיה מטחנה 90 גרם,Unknown,0.00,Unknown,false,1,11.90,0.0000,true,1,376825
8004708036516,false,אורגנו ים תיכוני מטח,יושלם,,אורגנו ים תיכוני מטחנה 35 גר,Unknown,0.00,Unknown,false,1,15.00,0.0000,true,1,385553
8004800000064,false,לאגו גלילי ופל במילו,לאגו,IT,לאגו גלילי ופל במילוי קרם קקאו בציפוי שו,גרמים,100.00,100 גרם,false,1,12.90,0.1290,true,1,435648
8004800000071,false,לאגו גלילי ופל במילו,לאגו,IT,לאגו גלילי ופל במילוי קרם אגוזי לוז בציפ,גרמים,100.00,100 גרם,false,1,12.90,0.1290,true,1,435649
8004800004802,false,לאגו גלילי ופל מילוי,לאגו,IT,לאגו גלילי ופל מילוי קרם דומדמניות ציפוי,גרמים,100.00,100 גרם,false,1,12.90,0.1290,true,1,435650
8004800004819,false,לאגו וופל מצופה שוקו,לאגו,IT,לאגו וופל מצופה שוקו חלב קרם פסיפלורה וא,גרמים,110.00,100 גרם,false,1,12.90,0.1173,true,1,435651
8004800004826,false,לאגו פלאסיר וופלים ב,לאגו,IT,לאגו פלאסיר וופלים במילוי קרם קוקוס בציפ,גרמים,98.00,100 גרם,false,1,12.90,0.1316,true,1,435652
8004800005502,false,לאגו מיני רול גלילי,לאגו,IT,לאגו מיני רול גלילי ופל במילוי קרם קקאו,גרמים,125.00,100 גרם,false,1,11.90,0.0952,true,1,435653
8004800005519,false,לאגו מיני רול גלילי,לאגו,IT,לאגו מיני רול גלילי ופל במילוי קרם אגוזי,גרמים,125.00,100 גרם,false,1,11.90,0.0952,true,1,435654
8004800005526,false,לאגו מיני רול גלילי,לאגו,IT,לאגו מיני רול גלילי ופל במילוי קרם קוקוס,גרמים,125.00,100 גרם,false,1,11.90,0.0952,true,1,435655
8005110001413,false,רסק עגבניות  זוג280,"איי, בי, אינבוו",IT,MUTTI רסק עגבניות מארז זוג 140X2 גרם,גרמים,280.00,100 גרם,false,1,8.90,0.0318,true,1,352307
8005110002243,false,רכז עגבניות בשפורפרת,Mutti,IT,רכז עגבניות בשפורפרת  Doppio MUTTI   185,גרמים,185.00,100 גרם,false,1,7.50,0.0405,true,1,356767
8005110170300,false,שלישיית עגבניות מרוס,Mutti,IT,שלישיית עגבניות מרוסקות 400 גר MUTTI,גרמים,400.00,100 גרם,false,1,17.90,0.0447,true,1,323028
8005110171215,false,עגבניות חתוכות MUTTI,Mutti,IT,קוביות עגבניות מקולפות במיץ,גרמים,690.00,100 גרם,false,1,14.90,0.0216,true,1,329293
8005110191015,false,רסק עגבניות ובזיליקו,Mutti,IT,מחית עגבניות קלה עם בזיליקום בתוספת מלח,גרמים,700.00,100 גרם,false,1,14.90,0.0213,true,1,345257
8005110200014,false,רכז עגבניות 210 גרםm,"איי, בי, אינבוו",IT,רסק עגבניות בתוספת מלח 22Bx ללא תוספת סוכר,גרמים,210.00,100 גרם,false,1,7.90,0.0376,true,1,323559
8005110550508,true,שימורי עגבניות שרי,,,שימורי עגבניות שרי,Unknown,0.00,Unknown,false,1,9.90,0.0000,true,1,337961
8005110551253,false,רוטב לפיצה MUTTI 400,Mutti,IT,רוטב לפיצה 400 גרם MUTTI,גרמים,400.00,100 גרם,false,1,8.90,0.0223,true,1,355043
8005360002185,false,רוטב עגבניות בזיליקו,לה קונסרבה דלה נונה,IT,רוטב עגבניות אורגני עם בזיליקום 350 גרם,גרמים,350.00,100 גרם,false,1,12.50,0.0357,true,1,347085
8005360004622,false,רוטב עגבניות אורגני,לה קונסרבה דלה נונה,IT,רוטב עגבניות אורגני ראגו של ירקות וסויה 350 גרם,גרמים,350.00,100 גרם,false,1,12.90,0.0369,true,1,347292
8005360004639,false,רוטב עגבניות אורגני,לה קונסרבה דלה נונה,IT,רוטב עגבניות אורגני עם פלפלים 350 גרם,גרמים,350.00,100 גרם,false,1,12.50,0.0357,true,1,347087
8005469951452,false,ממרח אנשובי איטלקי 6,בנדטו סקלייה סרל,IT,SCALIA-ממרח אנשובי איטלקי 60 גרם,גרמים,60.00,100 גרם,false,1,13.90,0.2317,true,1,431558
8005469981602,false,פילה אנשובי איטלקי ש,,,פילה אנשובי איטלקי שמן חמניות 75 גרם,גרמים,75.00,100 גרם,false,1,15.90,0.2120,true,1,320084
8006050090239,false,חומץ בלסמי ממודנה מא,מאצטי אוריגינל,IT,מאצטי אורגינל חומץ בלסמי ממודנה 500 מל,מיליליטרים,500.00,"100 מ""ל",false,1,27.90,0.0558,true,1,430048
8006227001372,false,סמנצאטו לחם מחמצת לב,רו. מאר ס.ר.ל,IT,סמנצאטו לחם מחמצת לבן משמן זית 400 גרם ל,גרמים,250.00,100 גרם,false,1,18.90,0.0756,true,1,427952
8006227001389,false,סמנצאטו לחם מחמצת קמ,רו. מאר ס.ר.ל,IT,סמנצאטו לחם מחמצת קמח לבן משמן זית 400 ג,גרמים,250.00,100 גרם,false,1,18.90,0.0756,true,1,427953
8006423310339,false,סוריני חלב 1 קג,הולדינג דולסיירה,IT,סוריני חלב 1 קג,קילוגרמים,1.00,"ק""ג",false,1,59.90,59.9000,true,1,414863
8006423461055,false,בקבוק שוקולד סורינטה,SORINI-Holding Dolci,IT,בקבוק שוקולד סורינטה 280 גרם,גרמים,280.00,100 גרם,false,1,41.90,0.1496,true,1,418612
8006423461987,false,בונבונירה סילין SORI,הולדינג דולסיירה,IT,בונבונירה סילין SORIN,גרמים,300.00,100 גרם,false,1,42.90,0.1430,true,1,410697
8006423462397,false,בונ לב מיוחד 475 ג,"H.D.I (SORINI, FELET",IT,בונ לב מיוחד 475 ג  SORINI,גרמים,475.00,100 גרם,false,1,69.90,0.1472,true,1,426397
8006423464889,true,בונ פח מניפה 400ג,,,בונ פח מניפה 400ג,Unknown,0.00,Unknown,false,1,69.90,0.0000,true,1,410698
8006423466388,false,בונ תיק גליטר זהב/ כ,SORINI-Holding Dolci,IT,בונ תיק גליטר זהב/ כסף 150 ג SORINI,גרמים,150.00,100 גרם,false,1,41.90,0.2793,true,1,361432
8006423468801,true,SORINI TIFFI,,,SORINI TIFFI,Unknown,0.00,Unknown,false,1,34.90,0.0000,true,1,414866
8006540019672,false,נוזל כלים פיירי פלטי,פרוקטר & גמבל,GB,נוזל כלים פיירי פלטינום 700 מל,מיליליטרים,700.00,"100 מ""ל",false,1,11.90,0.0170,true,1,435603
8006540112823,false,לנור מרכך מרוכז אוקי,פרוקטר אנד גמבל,US,לנור מרכך מרוכז בניחוח האוקיינוס 900 מל,מיליליטרים,900.00,"100 מ""ל",false,1,14.90,0.0166,true,1,360602
8006540425930,false,אריאל קפסולות לכביסה,פרוקטר & גמבל,FR,אריאל קפסולות לכביסה לכמים קשים 24 יחיד,לא מנהל יחידת מידה,0.00,לא מנהל יחידת מידה,false,1,34.90,0.0000,true,1,428593
8006540592434,true,תחבושות אולוויז נורמ,פרוקטר,DE,תחבושות אולוויז נורמל פלוס 28 יח,יחידה,28.00,יחידה,false,1,18.90,0.6750,true,1,434317
8006540592496,false,תחבושות אולוייז כפול,פרוקטר,DE,תחבושות אולוייז כפול לילה 20,יחידה,20.00,יחידה,false,1,18.90,0.9450,true,1,434292
8007178120310,false,"חומץ בלסמי ג""קובזי 5",פטורייה ג'יאקובאזי ס,IT,"חומץ בלסמי ממודנה 500 מ""ל",מיליליטרים,500.00,"100 מ""ל",false,1,21.90,0.0438,true,1,284426
8007178223547,false,קרם בלסמי מצומצם 250,פטורייה ג'יאקובאזי ס,IT,קרם בלסמי מצומצם  ממודנה 250 מל,מיליליטרים,250.00,"100 מ""ל",false,1,24.90,0.0996,true,1,392488
8007270999012,false,שמן גרעיני ענבים 1 ל,קוסטה דיאורו,IT,קוסטה דיאורו שמן גרעיני ענבים 1 ליטר,ליטרים,1.00,ליטר,false,1,39.90,39.9000,true,1,326657
8008245004847,false,ממרח אגוזי לוז וקקאו,נאטקו,IT,מובנפיק ממרח שוקולד ואגוזי לוז 300 גרם,גרמים,300.00,100 גרם,false,1,15.90,0.0530,true,1,359511
8008245004861,false,ממרח אגוזי לוז עם חל,יבואן ומשווק: ש. שסט,IT,מובנפיק ממרח חלב עם אגוזי לוז 300 גרם,גרמים,300.00,100 גרם,false,1,15.90,0.0530,true,1,359512
8008660210014,false,מאנז גאסר מעדן ריבה,מנז' אנד גאסר ס.פ.א,IT,מעדן משמש מנז אנד גאסר,גרמים,300.00,100 גרם,false,1,15.90,0.0530,true,1,321710
8008660210021,false,מאנז גאסר מעדן ריבה,מנז' אנד גאסר ס.פ.א,IT,מנז אנד גאסר מעדן דובדבן 320 גרם,גרמים,300.00,100 גרם,false,1,15.90,0.0530,true,1,321711
8008660210038,false,מאנס גאסר מעדן ריבה,מנז' אנד גאסר ס.פ.א,IT,מאנס גאסר מעדן ריבה תות שדה 300 גרם,גרמים,300.00,100 גרם,false,1,15.90,0.0530,true,1,321708
8008660210045,false,מאנז גאסר מעדן ריבה,"מנז' אנד גאסר ס.פ.א,",IT,"מנז אנד גאסר, מעדן פירות יער 300 גרם",גרמים,300.00,100 גרם,false,1,15.90,0.0530,true,1,321709
8008698002049,false,קרקרים עגולים ללא גל,דר שר,IT,קרקר ללא גלוטן ללא לקטוז,גרמים,175.00,100 גרם,false,1,23.90,0.1366,true,1,311817
8008698002599,false,לחם הבית פרוס ללא גל,דר שר,DE,לחם הבית פרוס ללא גלוטן  שר 240גרם,גרמים,240.00,100 גרם,false,1,22.90,0.0954,true,1,435631
8008698003503,false,קרקר אפוי ללא גלוטן,"דר שר ס.ר.ל פוסטל, א",IT,"ליב, קרקר ללא גלוטן",גרמים,210.00,100 גרם,false,1,25.90,0.1233,true,1,304623
8008698004630,false,עוגיות ממולאות קקאו,דר שר ס.ר.ל,DE,עוגיות ממולאות קקאו 250 גרםschar,גרמים,250.00,100 גרם,false,1,29.90,0.1196,true,1,381544
8008698005231,false,עוגיות שוקולד שר ללג,ליב,IT,עוגיות שוקולד שר ללג 165גרם,גרמים,165.00,100 גרם,false,1,22.90,0.1388,true,1,355299
8008698005347,false,ביסקוטי שוקולד שר לל,ליב,IT,ביסקוטי שוקולד שר ללג 150גרם,גרמים,150.00,100 גרם,false,1,17.90,0.1193,true,1,355300
8008698008157,false,עוגיות ממולאות קרם ו,דר שר ס.ר.ל פוסטל,IT,עוגיות ממולאות קרם וניל ללא גלוטן 100 גר,גרמים,100.00,100 גרם,false,1,13.90,0.1390,true,1,304625
8008698010358,false,מיקס תערובת קמחים לא,דר שר,IT,תערובת על בסיס קמח אורז להכנת מאפה 500 גרם,גרמים,500.00,100 גרם,false,1,17.90,0.0358,true,1,399004
8008698012857,false,ביסקוויט פתיבר חמאה,דר שר,IT,ביסקוויט ללא גלוטן 165 גרם,גרמים,165.00,100 גרם,false,1,18.90,0.1145,true,1,324610
8008698013021,false,עוגיות שוקולד ציפס פ,דר שר,IT,עוגיות ללא גלוטן עם שבבי שוקולד מריר,גרמים,100.00,100 גרם,false,1,13.90,0.1390,true,1,324611
8008698024065,false,"פאן בלנקו לחם לל""ג 2",schar,IT,"פאן בלנקו לחם לל""ג 250 גרם שר",גרמים,250.00,100 גרם,false,1,18.90,0.0756,true,1,347493
8008698024140,false,פאן מולטי גראנו 250,schar,IT,פאן מולטי גראנו 250 גרם שר,גרמים,250.00,100 גרם,false,1,18.90,0.0756,true,1,347494
8009149000119,false,"קמח תירס פולנטה 1 ק""",פוקולוקו,,"קמח תירס פולנטה 1 ק""ג",קילוגרמים,1.00,"ק""ג",false,1,14.90,14.9000,true,1,430027
8009915004150,false,ביסקוויט מקמח תירס ש,מולינו דה פירו,IT,ביסקוויט מקמח תירס שוקולד ואגוזים250 גרם,גרמים,250.00,100 גרם,false,1,17.90,0.0716,true,1,432401
8009915004167,false,ביסקוויט מקמח תירס ב,מולים די פיירו ס.פ.א,IT,ביסקוויט מקמח תירס בטעם קוקוס250 גרם,גרמים,250.00,100 גרם,false,1,17.90,0.0716,true,1,432402
8009915008905,false,מיני גריסיני ללג  שמ,מולינו דה פירו,,מיני גריסיני ללג  שמן זית 250 גרם,גרמים,250.00,100 גרם,false,1,17.90,0.0716,true,1,435511
8009915008912,false,מיני גריסיני ללג זרע,מולינו דה פירו,,מיני גריסיני ללג זרעי ציה ושומשום 250 ג,גרמים,250.00,100 גרם,false,1,17.90,0.0716,true,1,435510
8009915008950,false,מיני גריסני ללג עם ר,מולינו דה פירו,,מיני גריסני ללג עם רוזמרין 250 גרם,גרמים,250.00,100 גרם,false,1,17.90,0.0716,true,1,435509
8010024006010,false,חמאת שקדים 100% השקד,נטורפוד בעמ,IT,חמאת שקדים,גרמים,350.00,100 גרם,false,1,39.90,0.1140,true,1,324829
8013108003509,false,בונ כרית מיקס שוקולד,CAFFAREL,IT,בונ כרית מיקס שוקולדים 160 ג CAFFAREL,גרמים,160.00,100 גרם,false,1,28.90,0.1806,true,1,426387
8013108003547,false,בונ קורנט נוציולאטו,CAFFAREL,IT,בונ קורנט נוציולאטו 165 ג CAFFAREL,גרמים,165.00,100 גרם,false,1,28.90,0.1752,true,1,426388
8016867002646,true,מגן תחתון ארוך במיוח,,IT,מגן תחתון ארוך במיוחד,Unknown,0.00,Unknown,false,1,19.90,0.0000,true,1,410793
8016867008945,false,מגן תחתון 24 באריזת,,IT,מגן תחתון 24 באריזת תפזורת,לא מנהל יחידת מידה,0.00,לא מנהל יחידת מידה,false,1,19.90,0.0000,true,1,377027
8016867009935,false,תחבושות דקות לזרימה,,IT,תחבושות דקות עם כנפיים לספיגה מוגברת.,לא מנהל יחידת מידה,0.00,לא מנהל יחידת מידה,false,1,29.90,0.0000,true,1,377033
8016867009942,false,תחבושות דקות לזרימה,,IT,תחבושות דקות עם כנפיים,לא מנהל יחידת מידה,0.00,לא מנהל יחידת מידה,false,1,29.90,0.0000,true,1,377032
8017938005122,false,חומץ תפוחים אורגני,מריה לוצ'יה מלצ'יורי,IT,חומץ תפוחים אורגני 750 מל,מיליליטרים,750.00,"100 מ""ל",false,1,19.90,0.0265,true,1,311816
8017938005764,false,מיץ תפוחים אורגני נט,לוצ'ה מריה,IT,נטור פוד מיץ תפוחים אורגני 100% טבעי 1 ליטר,ליטרים,1.00,ליטר,false,1,22.20,22.2000,true,1,319877
8019428009108,false,מעדן שיבולת שועל אור,דה ברידג' ס.ר.ל,IT,מעדן שיבולת שועל אורגני -וניל 130*2 ג,גרמים,260.00,100 גרם,false,1,10.90,0.0419,true,1,434672
8022470213386,true,דרגה שקד חלב 500 ג,,,דרגה שקד חלב 500 ג,Unknown,0.00,Unknown,false,1,35.90,0.0000,true,1,410834
8022470213393,true,דרגה שקד מריר 500 ג,,,דרגה שקד מריר 500 ג,Unknown,0.00,Unknown,false,1,35.90,0.0000,true,1,410835
8022470213423,true,דרג לוז מריר 500ג,,,דרג לוז מריר 500ג,Unknown,0.00,Unknown,false,1,35.90,0.0000,true,1,410837
8022470213478,true,דרגה דודבן חלב 500ג,,,דרגה דודבן חלב 500ג,Unknown,0.00,Unknown,false,1,35.90,0.0000,true,1,410838
8022470213485,true,דרגה דובדבן מריר 500,,,דרגה דובדבן מריר 500,Unknown,0.00,Unknown,false,1,35.90,0.0000,true,1,410839
8022470213515,true,דרגה צימוק מריר 500ג,,,דרגה צימוק מריר 500ג,Unknown,0.00,Unknown,false,1,29.90,0.0000,true,1,410840
8022470213546,true,דרגה בוטן מריר 500ג,,,דרגה בוטן מריר 500ג,Unknown,0.00,Unknown,false,1,29.90,0.0000,true,1,414879
8022470221329,true,דרגה אגוזי לוז בשוקו,,,דרגה אגוזי לוז בשוקו,Unknown,0.00,Unknown,false,1,35.90,0.0000,true,1,410841
8022470226348,false,MAX דרגה פקאן מריר 5,ITALIANA CONFETTI,BE,MAX דרגה פקאן מריר 500 ג PRISCO,גרמים,500.00,100 גרם,false,1,39.90,0.0798,true,1,426395
8022470226379,false,MAX דרגה קשיו מריר 5,ITALIANA CONFETTI,BE,MAX דרגה קשיו מריר 500 ג PRISCO,גרמים,500.00,100 גרם,false,1,35.90,0.0718,true,1,433647
8022470226386,false,MAX דרגה קשיו לבן 50,ITALIANA CONFETTI,BE,MAX דרגה קשיו לבן 500 ג PRISCO,גרמים,500.00,100 גרם,false,1,35.90,0.0718,true,1,433648
8022470226478,true,דרזה לבן קליפות תפוז,,,דרזה לבן קליפות תפוז,Unknown,0.00,Unknown,false,1,29.90,0.0000,true,1,414880
8022470242201,false,MAX PRISCOדרגה חמוצי,ITALIANA CONFETTI,IT,MAX PRISCOדרגה חמוציות מריר 500גרם,גרמים,500.00,100 גרם,false,1,29.90,0.0598,true,1,433938
8022470242959,false,MAX דרגה שומשום חלב,ITALIANA CONFETTI,IT,MAX דרגה שומשום חלב 500 ג PRISCO,גרמים,500.00,100 גרם,false,1,29.90,0.0598,true,1,426391
8022470245066,false,MAX PRISCOדרגה דגנים,ITALIANA CONFETTI,IT,MAX PRISCOדרגה דגנים תות שדה  500גרם,גרמים,500.00,100 גרם,false,1,29.90,0.0598,true,1,433939
8022470245493,false,MAX PRISCOדרגה קוקוס,ITALIANA CONFETTI,IT,MAX PRISCOדרגה קוקוס בשוקולד חלב500גר,גרמים,500.00,100 גרם,false,1,29.90,0.0598,true,1,433941
8022470245561,false,MAX PRISCOדרגה גינגר,ITALIANA CONFETTI,IT,MAX PRISCOדרגה גינגר בשוקולד מריר 500גר,גרמים,500.00,100 גרם,false,1,29.90,0.0598,true,1,433940
8022470253115,false,MAX PRIדרגה אגוז מלך,ITALIANA CONFETTI,IT,MAX PRIדרגה אגוז מלך שוקולד חלב500גרם,גרמים,500.00,100 גרם,false,1,35.90,0.0718,true,1,433943
8022470253122,false,MAX PRIדרגה אגוז מלך,ITALIANA CONFETTI,IT,MAX PRIדרגה אגוז מלך שוקולד מריר 500גרם,גרמים,500.00,100 גרם,false,1,35.90,0.0718,true,1,433942
8022470253139,false,MAX PRIדרגה אגוז מלך,ITALIANA CONFETTI,IT,MAX PRIדרגה אגוז מלך שוקולד לבן500גרם,גרמים,500.00,100 גרם,false,1,35.90,0.0718,true,1,433944
8023492000091,true,סטיק גנדויה חלב אגוז,,,סטיק גנדויה חלב אגוז,Unknown,0.00,Unknown,false,1,15.90,0.0000,true,1,410849
8023492000237,false,סטיק נוגט טורונה עם,Dg3 dolciaria,IT,סטיק נוגט טורונה עם שקדים ופיסטוקים 150 ג DG3,גרמים,150.00,100 גרם,false,1,15.90,0.1060,true,1,434561
8023492000336,true,סטיק שוקולד מריר אגו,,,סטיק שוקולד מריר אגו,Unknown,0.00,Unknown,false,1,15.90,0.0000,true,1,410850
8023492004327,false,סטיק נוגט טורונה עם,Dg3 dolciaria,IT,סטיק נוגט טורונה עם אגוזי לוז 150 ג DG3,גרמים,150.00,100 גרם,false,1,15.90,0.1060,true,1,434560
8023492004341,false,סטיק גיאנדויה חלב עם,Dg3 dolciaria,IT,סטיק גיאנדויה חלב עם פיסטוקים ושקדים 150 ג DG3,גרמים,150.00,100 גרם,false,1,15.90,0.1060,true,1,434565
8023492004495,false,טב שוק חלב עם אגוזי,Dg3 dolciaria,IT,טב שוק חלב עם אגוזי לוז 225 ג DG3,גרמים,225.00,100 גרם,false,1,13.90,0.0618,true,1,434556
8023492004501,false,טב שוק מריר עם אגוזי,Dg3 dolciaria,IT,טב שוק מריר עם אגוזי לוז 225 ג DG3,גרמים,225.00,100 גרם,false,1,13.90,0.0618,true,1,434557
8023492004518,false,טב שוק מריר עם שקדים,Dg3 dolciaria,IT,טב שוק מריר עם שקדים  225 ג DG3,גרמים,225.00,100 גרם,false,1,13.90,0.0618,true,1,434559
8023492004525,false,טב שוק מריר עם חמוצי,Dg3 dolciaria,IT,טב שוק מריר עם חמוציות 225 ג DG3,גרמים,225.00,100 גרם,false,1,13.90,0.0618,true,1,434558
8024985000062,false,מחית תפוח עץ אורגני,נטורה נובה,IT,נטורה נובה מחית תפוח 100% אורגני 200 גרם,גרמים,200.00,100 גרם,false,1,10.90,0.0545,true,1,314681
8024985000079,false,מחית תפוח משמש אורגנ,נטורה נובה,IT,נטור נובה ביו מחית תפוח משמש 100% אורגני 200 גרם,גרמים,200.00,100 גרם,false,1,10.90,0.0545,true,1,314682
8024985000086,false,מחית תפוח בננה אורגנ,נטורה נובה,IT,נטורה נובה מחית תפוח בננה 100% אורגני 200 גרם,גרמים,200.00,100 גרם,false,1,10.90,0.0545,true,1,311823
8024985000093,false,מחית תפוח שזיף אורגנ,נטורה נובה,IT,מחית תפוח שזיף  100% אורגני,גרמים,200.00,100 גרם,false,1,10.90,0.0545,true,1,314683
8024985000109,false,מחית אוכמניות אורגני,נטורה נובה,IT,נטור נובה ביו מחית אגס 100% טבעי 200 גרם,גרמים,200.00,100 גרם,false,1,10.90,0.0545,true,1,311824
8024985000116,false,מחית אגס אורגני זוג,נטורה נובה,IT,נטורה נובה מחית תפוח אוכמניות 100% אורגני 200 גרם,גרמים,200.00,100 גרם,false,1,10.90,0.0545,true,1,311825
8024985002783,true,מחית סמוזי גזר דלעת,נטורה נובה,IT,מחית סמוזי גזר דלעת 100 גרם,גרמים,100.00,100 גרם,false,1,5.90,0.0590,true,1,339335
8024985002912,false,סמוזי תפוח אגס בטטה,נטורה נובה,IT,סמוזי תפוח אגס בטטה אורגני נטורה 100 גרם,גרמים,100.00,100 גרם,false,1,5.90,0.0590,true,1,346105
8024985002943,false,נטורה נובה סמוזי תפו,נטורה נובה,IT,סמוצ'י תפוח אננס קוקוס אורגניים,גרמים,100.00,100 גרם,false,1,5.90,0.0590,true,1,349778
8024985002950,false,נטורה נובה סמוזי שזי,נטורה נובה,IT,סמוצ'י תפוח בננה תרד אורגניים,גרמים,100.00,100 גרם,false,1,5.90,0.0590,true,1,349777
8024985002967,false,נטורה נובה סמוזי בננ,נטורה נובה,IT,סמוצ'י תפוח בננה תרד אורגניים,גרמים,100.00,100 גרם,false,1,5.90,0.0590,true,1,349779
8024985003988,false,מחית סמוזי תפוח בננה,נטורה נובה,IT,סמוצ'י תפוח בננה אורגניים 100 גרם,גרמים,100.00,100 גרם,false,1,5.90,0.0590,true,1,319016
8024985004282,true,סמוזי אגס - רביעייה,נטורה נובה,IT,נטורה נובה מארז סמוצ'י אגסים אורגניים 400 גרם,גרמים,400.00,100 גרם,false,1,21.90,0.0547,true,1,338161
8024985004305,false,סמוזי תפוח - רביעייה,נטורה נובה,IT,נטורה נובה מארז סמוצ'י תפוחים אורגניים 400 גרם,גרמים,400.00,100 גרם,false,1,21.90,0.0547,true,1,338163
8024985005234,false,מחית סמוזי תפוח אפרס,נטורה נובה,IT,סמוצ'י תפוח אפרסק מנגו אורגניים 100 גרם,גרמים,100.00,100 גרם,false,1,5.90,0.0590,true,1,323466
8024985005302,true,נטורה נובה  סמוזי תפ,נטורה נובה,IT,סמוצ'י תפוח רימון פטל אוכמניות ואסאי 120 גרם,גרמים,120.00,100 גרם,false,1,6.90,0.0575,true,1,338166
8024985006309,false,נטורה נובה סמוזי מנג,נטורה נובה,IT,נטורה נובה סמוזי מנגו רביעייה 400 גרם,גרמים,400.00,100 גרם,false,1,21.90,0.0547,true,1,349776
8024985006408,false,פרולה סמוזי מנגו 90ג,נטורה נובה,IT,סמוצ'י מנגו 100% פרי בלבד,גרמים,90.00,100 גרם,false,1,6.20,0.0689,true,1,360429
8024985006415,false,פרולה סמוזי בננה 90ג,נטורה נובה,IT,סמוצ'י בננה 100% פרי בלבד,גרמים,90.00,100 גרם,false,1,6.20,0.0689,true,1,360430
8024985008037,false,מחית סמוזי תפוח נטור,נטורה נובה,IT,סמוצ'י תפוחים אורגניים 100 גרם,גרמים,100.00,100 גרם,false,1,6.20,0.0620,true,1,314680
8024985008044,false,מחית סמוזי אגס נטורה,נטורה נובה,IT,סמוצ'י אגסים אורגניים 100 גרם,גרמים,100.00,100 גרם,false,1,6.20,0.0620,true,1,314679
8024985008051,false,מחית סמוזי פירות אדו,נטורה נובה,IT,סמוצ'י פירות אדומים אורגניים 100 גרם,גרמים,100.00,100 גרם,false,1,6.20,0.0620,true,1,314678
8024985011204,false,נטורה נובה  סמוזי תפ,נטורה נובה,IT,נטורה נובה  סמוצ'י תפוח תות בננה אורגניים 100 גרם,גרמים,350.00,100 גרם,false,1,5.90,0.0169,true,1,429613
8032804430440,false,איטריות כוסמת ללא גל,מולינו אנדריאני,IT,אטריות כוסמת אורגניות,גרמים,400.00,100 גרם,false,1,19.90,0.0497,true,1,410860
8032804430501,false,פסטה מקמח אפונה ירוק,מולינו אנדריאני,IT,פסטה מקמח אפונה ירוקה פליסיה 250 גרם,גרמים,250.00,100 גרם,false,1,14.90,0.0596,true,1,326566
8032804430846,false,פליסיה פוזילי חומוס,אנדריאני,IT,100% חומוס אורגני בצורת אטריות 250 גרם,גרמים,250.00,100 גרם,false,1,15.90,0.0636,true,1,349788
8032804430914,false,פליסיה - פנה שיבולת,מולינו אנדריאני,IT,אטריות אורגניות על בסיס שיבולת שועל,גרמים,340.00,100 גרם,false,1,17.90,0.0526,true,1,351667
8032804431287,true,ספגטי אורז מלא-פליסי,מולינו אנדריאני,IT,ספגטי אורז מלא-פליסי,Unknown,0.00,Unknown,false,1,15.90,0.0000,true,1,410865
8032804432017,true,פסטה פוזילי כוסמת לל,מולינו אנדריאני,IT,פליסיה אטריות כוסמת אורגניות 340 גרם,גרמים,340.00,100 גרם,false,1,14.90,0.0438,true,1,430046
8032804432024,true,לזניה אורז תירס אורג,מולינו אנדריאני,IT,לזניה אורז תירס אורגני 250 גרם,גרמים,250.00,100 גרם,false,1,19.90,0.0796,true,1,338185
8032804432031,true,פסטה פנה אורז מלא או,מולינו אנדריאני,IT,אטריות אורז מלא אורגניות ללא גלוטן 340 גרם,גרמים,340.00,100 גרם,false,1,13.90,0.0409,true,1,339336
8032804435636,true,פסטה פוזילי 4 דגנים,מולינו אנדריאני,IT,פסטה פוזילי 4 דגנים ללא גלוטן 340 גרם,גרמים,340.00,100 גרם,false,1,13.90,0.0409,true,1,339337
8032817240319,false,רוטב עגבניות שרי 330,מנורה,IT,רוטב עגבניות שרי 330 גרם,גרמים,370.00,100 גרם,false,1,13.90,0.0376,true,1,430336
8032880800243,false,פיקניק הפתעה 50 גרם,"אינסטנטה בע""מ",IT,ממרח קקאו עם אגוזי לוז בתוספת מקלות אפויים והפתעה,גרמים,50.00,100 גרם,false,1,10.50,0.2100,true,1,293052
8033020445973,false,"קמח\ Antigrumi  1 ק""",PIVETTI,IT,"קמח\ Antigrumi  1 ק""ג PIVETTI",קילוגרמים,1.00,"ק""ג",false,1,7.90,7.9000,true,1,352309
8033020445980,false,קמח לפסטה 1 pasta fr,PIVETTI,IT,"קמח לפסטה 1 pasta fresca ק""ג 00 PIVETTI",קילוגרמים,1.00,"ק""ג",false,1,12.90,12.9000,true,1,352312
8033020445997,false,קמח איטלקי ללחמים 1,PIVETTI,IT,"קמח איטלקי ללחמים 1 ק""ג 0 PIVETTI",קילוגרמים,1.00,"ק""ג",false,1,11.50,11.5000,true,1,352311
8033020446000,false,קמח איטלקי לפיצה ופו,PIVETTI,IT,"קמח איטלקי לפיצה ופוקצה 1 ק""ג 00 PIVETTI",קילוגרמים,1.00,"ק""ג",false,1,10.90,10.9000,true,1,352310
8033102690062,false,וישנזי עוגיות במילוי,Vicenzi S.p.A.,IT,וישנזי עוגיות במילוי קרם שוקולד 150 ג VICENZI,גרמים,150.00,100 גרם,false,1,11.90,0.0793,true,1,434587
8033102690079,false,וישנזי עוגיות במילוי,Vicenzi S.p.A.,IT,וישנזי עוגיות במילוי קרם אגוזי לוז 150 ג VICENZI,גרמים,150.00,100 גרם,false,1,11.90,0.0793,true,1,434585
8033102690086,false,וישנזי עוגיות במילוי,Vicenzi S.p.A.,IT,וישנזי עוגיות במילוי קרם לימון  150 ג VICENZI GRIS,גרמים,150.00,100 גרם,false,1,11.90,0.0793,true,1,434588
8033275522368,false,"יין קיאנטי 750 מ""ל",סרסטר,IT,קיאנטי,מיליליטרים,750.00,"100 מ""ל",false,1,49.90,0.0665,true,1,352330
8076800195019,false,ספגטי             1,ברילה גי.אי.אר פרטלי,IT,ברילה קפליני ספגטי מס' 1 500 גרם,גרמים,500.00,100 גרם,false,1,6.90,0.0138,true,1,288769
8076800195033,false,ספגטי ברילה מס 3  50,ברילה גי.אי.אר פרטלי,IT,ברילה ספגטי מספר 3 500 גרם,גרמים,500.00,100 גרם,false,1,6.90,0.0138,true,1,284498
8076800195057,false,פסטה ברילה ספגטיני מ,ברילה גי.אי.אר פרטלי,IT,ברילה ספגטי מס' 5 500 גרם,גרמים,500.00,100 גרם,false,1,6.90,0.0138,true,1,284499
8076800195132,false,פסטה ברילה בבטה,ברילה גי.אי.אר פרטלי,IT,ברילה ספגטי בבטה מספר 13,גרמים,500.00,100 גרם,false,1,6.90,0.0138,true,1,284500
8076802085738,false,פסטה ברילה פנה רגטה,ברילה גי.אי.אר פרטלי,IT,ברילה פסטה פתיתים -פנה רגטה 500 גרם,גרמים,500.00,100 גרם,false,1,6.90,0.0138,true,1,284503
8076802085837,false,פסטה ברילה טורטיליונ,"ש. שסטוביץ בע""מ",IT,פסטה ברילה טורטיליוני מס 83 500 גרם,גרמים,500.00,100 גרם,false,1,6.90,0.0138,true,1,284504
8076802085936,false,פסטה ברילה קונציליה,ברילה גי.אי.אר פרטלי,IT,ברילה פסטה פתיתים - קונצילה ריגטה 500 גרם,גרמים,500.00,100 גרם,false,1,6.90,0.0138,true,1,284506
8076802085981,false,פסטה ברילה פוזילי מס,ברילה גי.אי.אר פרטלי,IT,ברילה פסטה פתיתים פוזילי 500 גרם,גרמים,500.00,100 גרם,false,1,6.90,0.0138,true,1,284507
8076808050440,true,ברילה מקרוני 44,גי. אי. אר. פרטלי ס.,IT,פסטה מקרוני 500 גרם,Unknown,0.00,Unknown,false,1,6.90,0.0000,true,1,413054
8076808060654,false,פסטה ברילה פרפלה מס,ברילה גי.אי.אר פרטלי,IT,ברילה פסטה פתיתים פרפלה 500 גרם,גרמים,500.00,100 גרם,false,1,6.90,0.0138,true,1,284508
8076808070882,false,פסטה ברילה קנלוני מס,פאסטיפיקו ריגו אס.אר,IT,פסטה ברילה קנלוני מס 88 250 גרם,גרמים,250.00,100 גרם,false,1,14.90,0.0596,true,1,284509
8076808150072,false,ספגטי ברילה מס 7 500,ברילה גי.אי.אר פרטלי,IT,ברילה ספגטי מספר 7 500 גרם,גרמים,500.00,100 גרם,false,1,6.90,0.0138,true,1,284510
8076809512268,false,פסטה ברילה גירנדולה,ברילה גי.אי.אר פרטלי,IT,ברילה פסטה פתיתים- גירנדולה 500 גרם,גרמים,500.00,100 גרם,false,1,6.90,0.0138,true,1,284511
8076809513395,false,רוטב פסטה ברילה פומו,ברילה גי.אי.אר פרטלי,IT,ברילה רוטב עגבניות קלאסי 400 גרם,גרמים,400.00,100 גרם,false,1,13.90,0.0348,true,1,284513
8076809513654,false,בסיס רוטב ברילה עגבנ,ברילה גי.אי.אר פרטלי,IT,ברילה רוטב בסיס לפסטה בולונז 400 גרם,גרמים,400.00,100 גרם,false,1,13.90,0.0348,true,1,288770
8076809513692,false,רוטב פסטה ברילה נפול,ברילה גי.אי.אר פרטלי,IT,ברילה רוטב עגבניות עם ירקות שורש לפסטה 400 גרם,גרמים,400.00,100 גרם,false,1,13.90,0.0348,true,1,284514
8076809513739,false,רוטב פסטה ברילה בזיל,ברילה גי.אי.אר פרטלי,IT,ברילה רוטב עגבניות עם בזיליקום לפסטה 400 גרם,גרמים,400.00,100 גרם,false,1,13.90,0.0348,true,1,290994
8076809514774,false,פסטה ברילה פרפנדלה,ברילה גי.אי.אר פרטלי,IT,ברילה פסטה פפרדלה ביצים 250 גרם,גרמים,250.00,100 גרם,false,1,17.90,0.0716,true,1,284516
8076809523561,false,רוטב פסטה ברילה בטעם,ברילה גי.אי.אר פרטלי,IT,ברילה רוטב טוסקנה לפסטה 400 גרם,גרמים,400.00,100 גרם,false,1,13.90,0.0348,true,1,296146
8076809523714,false,פסטה ברילה טליאטלה 5,"ש. שסטוביץ בע""מ",IT,פסטה ברילה טליאטלה 500 גרם,גרמים,500.00,100 גרם,false,1,24.90,0.0498,true,1,288842
8076809523738,false,לזניה ברילה,ברילה גי.אי.אר פרטלי,IT,500 גרם לזניה ברילה,גרמים,500.00,100 גרם,false,1,23.90,0.0478,true,1,286259
8076809529419,false,ספגטי ברילה חיטה מלא,ברילה גי. אי. אר פרט,IT,ספגטי מחיטה מלאה 500 גרם,גרמים,500.00,100 גרם,false,1,13.90,0.0278,true,1,291184
8076809529433,false,פסטה ברילה פנה רגטה,"ש. שסטוביץ בע""מ",IT,פסטה ברילה פנה רגטה מחיטה מלאה 500 גרם,גרמים,500.00,100 גרם,false,1,13.90,0.0278,true,1,291185
8076809545457,false,פסטה צינורות ללא גלו,"ש. שסטוביץ בע""מ",IT,ללא גלוטן - אריזה חדשה,גרמים,400.00,100 גרם,false,1,14.90,0.0373,true,1,319539
8076809547956,false,פסטה ברילה קיפרי 500,ברילה סורג,IT,פסטה ברילה קיפרי 500 גרם,גרמים,500.00,100 גרם,false,1,6.90,0.0138,true,1,354281
8358110076302,false,כוסות לחיים,"איטיליאן פוד, אס.פי.",IL,הנמל כוס לחיים 40 יח' 1oz,גרמים,0.00,100 גרם,false,1,9.90,0.0000,true,1,368195
8410076600622,false,קראנצי שבבי שוקולד,ג'נרל מילס סאן אדריא,ES,קראנצי שבבי שוקולד מריר 210 גר,גרמים,210.00,100 גרם,false,1,14.90,0.0710,true,1,311323
8410076610379,false,מאג חטיף פרוטאין בוט,סריילטו ספיין פודס,ES,מאג חטיף פרוטאין בוטנים ושבבי שוקולד120,גרמים,120.00,100 גרם,false,1,17.90,0.1492,true,1,322202
8410076610386,false,מאגדת חטיף פרוטאין ב,סריילטו ספיין פודס,ES,נייטשר ואלי פרוטאין בוטנים בטעם קרמל מלוח,גרמים,120.00,100 גרם,false,1,17.90,0.1492,true,1,322616
8410076610492,false,"חטיפי גרנולה צ""ואי ב",סראלטו,,נייטשר ואלי צ'ואי בוטנים בציפוי עם חמאת בטנים,גרמים,150.00,100 גרם,false,1,14.90,0.0993,true,1,324122
8410076801067,false,חטיף נייטצר ואלי דבש,סאן אדריאן,ES,חטיף נייטצר ואלי דבש 21 גרם,גרמים,21.00,100 גרם,false,1,2.90,0.1381,true,1,434691
8410076801074,false,חטיף נייטצר ואלי שוק,סאן אדריאן,ES,חטיף נייטצר ואלי שוקולד  21 גרם,גרמים,21.00,100 גרם,false,1,2.90,0.1381,true,1,434692
8410104039134,false,פיניש ניקוי וחידוש,רקיט בנקיזר,PL,"מנקה מדיח כלים פיניש 250 מ""ל",מיליליטרים,250.00,"100 מ""ל",false,1,14.90,0.0596,true,1,284597
8410104045111,false,פיניש מלח למדיח,מלח הארץ,IL,פיניש מלח למדיח כלים 2 קג,קילוגרמים,2.00,"ק""ג",false,1,14.90,7.4500,true,1,284599
8410109003178,false,VALORשוקולד מריר ללס,VALOR,ES,VALORשוקולד מריר ללס עם שקדים 150גרם,גרמים,150.00,100 גרם,false,1,19.90,0.1327,true,1,361407
8410109003208,false,VALORשוקולד חלב ללס,VALOR,ES,VALORשוקולד חלב ללס עם שקדים 150גרם,גרמים,150.00,100 גרם,false,1,19.90,0.1327,true,1,361406
8410109050882,false,VALOR שוקולד מריר 70,LAVDAS,GR,VALOR שוקולד מריר 70% קקאו ללס 100גרם,גרמים,100.00,100 גרם,false,1,13.90,0.1390,true,1,361396
8410109056532,false,VALOR שוקולד מריר מי,LAVDAS,ES,VALOR שוקולד מריר מילוי טרפלס ללס 100גרם,גרמים,100.00,100 גרם,false,1,13.90,0.1390,true,1,361397
8410109109825,false,שוקולד מריר עם חתיכו,LAVDAS,GR,שוקולד מריר עם חתיכות תפוז ללס 100גרם,גרמים,100.00,100 גרם,false,1,13.90,0.1390,true,1,361394
8410109109832,false,VALOR שוקולד מריר 85,LAVDAS,GR,VALOR שוקולד מריר 85% קקאו ללס 100גרם,גרמים,100.00,100 גרם,false,1,13.90,0.1390,true,1,361395
8410179100043,false,BORGES שמן זית כתית,פוד טים,ES,"BORGES שמן זית כתית מעולה 750  מ""ל",מיליליטרים,750.00,"100 מ""ל",false,1,36.90,0.0492,true,1,338241
8410182420114,false,בצלצלי פנינה בחומץ 3,דליסיאס,,בצלצלי פנינה בחומץ 370 גרם,גרמים,370.00,100 גרם,false,1,11.90,0.0322,true,1,299008
8410743700297,false,קאווה ברוט פרלדה750,PERGALE,ES,"קאווה ברוט פרלדה750 מ""ל",מיליליטרים,750.00,"100 מ""ל",false,1,39.90,0.0532,true,1,374384
8410743700303,false,קאווה פרלד החצי יבש,PERGALE,ES,"קאווה פרלד החצי יבש 750 מ""ל",מיליליטרים,750.00,"100 מ""ל",false,1,39.90,0.0532,true,1,374385
8410793262936,false,בירה אסטרייה דאם דאו,"סי סי דאם, אס.אל, בר",ES,"דאורה דאם ללא גלוטן בקבוק בודד 330 מ""ל",מיליליטרים,330.00,"100 מ""ל",false,1,13.90,0.0421,true,1,304968
8411277063049,false,קאווה גום סרה ברוט מ,ג'אום סרה,,"קאווה גום סרה ברוט מבעבע 750 מ""ל",מיליליטרים,750.00,"100 מ""ל",false,1,29.90,0.0399,true,1,378477
8411277205654,false,קאווה גום סרה זהב 75,ג'אום סרה,,"קאווה גום סרה זהב 750 מ""ל",מיליליטרים,750.00,"100 מ""ל",false,1,29.90,0.0399,true,1,401617
8411277350118,false,קאווה גום סרה חצי יב,ג'אום סרה,,"קאווה גום סרה חצי יבש 750 מ""ל",מיליליטרים,750.00,"100 מ""ל",false,1,29.90,0.0399,true,1,378478
8411320234006,false,נתחי טונה לבנה בשמן,אורטיז,ES,נתחי טונה לבנה בשמן זית (פחית) 112 גרם,גרמים,112.00,100 גרם,false,1,19.90,0.1777,true,1,430055
8412168002529,false,עראק מחייה 13 בטעם ל,מנדלז סי.אר. פרודקשן,ES,מחייה 13 משקה אלכוהולי בטעם לימונים 700 מל,מיליליטרים,700.00,"100 מ""ל",false,1,54.90,0.0784,true,1,322968
8412168008903,false,מחייה 13 בטעם אשכולי,מנדלז סי.אר. פרודקשן,ES,מחייה 13 משקה כוהלי בטעם אשכולית אדומה 700 מל,מיליליטרים,700.00,"100 מ""ל",false,1,54.90,0.0784,true,1,322967
8413376022965,true,גבינת עיזים רכה 110,הנסיך- מפעל לייצור ט,ES,"וילי פוד גבינת עיזים רכה 29% שומן, 110 גרם",גרמים,110.00,100 גרם,false,1,18.90,0.1718,true,1,402459
8420708012822,false,קשקבל צאן בשלה 200 ג,מיוצר עי קונדיטוריית,ES,קשקבל צאן בשלה 200 גר נני,גרמים,200.00,100 גרם,false,1,27.90,0.1395,true,1,314863
8423207206488,false,חטיף דגנים סלים דליס,ביסנצ'ורי אס.אל.יו,ES,חטיף דגנים סלים דליס שוקולד חלב 120  גרם,גרמים,120.00,100 גרם,false,1,13.90,0.1158,true,1,314065
8423207206495,false,חטיף דגנים סלים דליס,ביסנצ'ורי אס.אל.יו,ES,חטיף דגנים סלים דליס שוקולד מריר 120 גרם,גרמים,120.00,100 גרם,false,1,13.90,0.1158,true,1,314066
8423207208680,false,חטיף דגנים סלים דליס,ביסנצ'ורי אס.אל.יו,ES,סלים דליס קידס חטיף דגנים מצופה שוקולד חלב 120 גר',גרמים,182.00,100 גרם,false,1,13.90,0.0764,true,1,320812
8423207208703,false,סלים דליס מריר כשלפ,ביסנצ'ורי אס.אל.יו,ES,סלים דליס חטיף דגנים שוקולד מריר 120 גרם,גרמים,182.00,100 גרם,false,1,13.90,0.0764,true,1,320814
8423371002312,false,סאליסול פיצוחים בפחי,סאליסול,ES,סאליסול פיצוחים בפחית בוטנים צילי 150 ג,גרמים,150.00,100 גרם,false,1,9.90,0.0660,true,1,428244
8423371002725,false,בוטנים  קוקטייל מיקס,,ES,סאליסול משפחתי קוקטיל מיקס,גרמים,100.00,100 גרם,false,1,9.90,0.0990,true,1,355205
8423371002749,false,פיצוחים בפחית בוטנים,סאליסול,ES,סאליסול משפחתי בוטנים ושקדים מקורמלים,גרמים,135.00,100 גרם,false,1,9.90,0.0733,true,1,424008
8423371005085,false,בוטנים מיקס פיקנטי ס,,ES,סאליסול טו גו מיקס פיקנטי,גרמים,100.00,100 גרם,false,1,9.90,0.0990,true,1,355207
8423371007089,false,בוטנים מלוחים בדבש ס,,ES,סאליסול משפחתי בוטנים עם דבש ומלח,גרמים,150.00,100 גרם,false,1,9.90,0.0660,true,1,355208
8425206000272,false,סירופ ריבת חלב מרבה,קארו,ES,סירופ ריבת חלב מרבה,גרמים,550.00,100 גרם,false,1,18.90,0.0344,true,1,433968
8434165466333,false,מיני קרקרים עגולים ק,קאויקיולי,ES,מיני קרקרים עגולים קואטרה 350 גרם,גרמים,350.00,100 גרם,false,1,9.90,0.0283,true,1,434787
8435495807605,false,תינוקלין מרכך כביסה,מולינו ניקולי s.p.a,TR,תינוקלין מרכך כביסה מרוכז 1 ליטר,ליטרים,1.00,ליטר,false,1,19.90,19.9000,true,1,422673
8435495807636,false,תינוקלין גל כביסה הי,בלו סאן,TR,תינוקלין גל כביסה היפואלרגני 2 ליטר,ליטרים,2.00,ליטר,false,1,34.90,17.4500,true,1,422676
8593868006014,false,בירה בלו מון פחית 50,"איי, בי, אינבוו",CZ,"בירה בלומון 5.4% כוהל בפחית 500 מ""ל",מיליליטרים,500.00,"100 מ""ל",false,1,12.90,0.0258,true,1,358686
8594404115115,false,בירה פילזנר אורקוול,פילזן,CZ,"בירה פילזנר אורקוול פחית 500 מ""ל",מיליליטרים,500.00,"100 מ""ל",false,1,11.90,0.0238,true,1,328581
8595134503302,false,פילטר 6 ארוך,,,פילטר 6 ארוך,Unknown,0.00,Unknown,false,1,0.00,0.0000,false,1,435749
8595134503975,false,נייר בינוני כולל פיל,,,נייר בינוני כולל פילטר,לא מנהל יחידת מידה,0.00,לא מנהל יחידת מידה,false,1,6.00,0.0000,false,1,435752
8606018615827,false,פיינט אוראו 480גרם,נסטלה,IL,פיינט אוראו 480גרם,גרמים,480.00,100 גרם,false,1,22.90,0.0477,true,1,429412
8606018615841,false,פיינט מילקה וניל ליב,נסטלה,IL,פיינט מילקה וניל ליבת שוקולד 480גרם,גרמים,480.00,100 גרם,false,1,22.90,0.0477,true,1,429413
8606018615865,false,פיינט מילקה קרמל ליב,נסטלה,IL,פיינט מילקה קרמל ליבת שוקולד 480גרם,גרמים,480.00,100 גרם,false,1,22.90,0.0477,true,1,429414
8606109023593,false,מיץ פרוויטה תפוחי עץ,,IL,מיץ פרוויטה תפוחי עץ ואגסים 750 מל,מיליליטרים,750.00,"100 מ""ל",false,1,11.90,0.0159,true,1,355943
8606109023609,false,מיץ פרוויטה תפוחי עץ,,IL,מיץ פרוויטה תפוחי עץ ודובדבנים  750 מל,מיליליטרים,750.00,"100 מ""ל",false,1,11.90,0.0159,true,1,355944
8606109023623,false,מיץ פרוויטה תפוחי עץ,,IL,מיץ פרוויטה תפוחי עץ ולימון ליים 750 מל,מיליליטרים,750.00,"100 מ""ל",false,1,11.90,0.0159,true,1,355946
8606109023647,false,מיץ פרוויטה סלק ותפו,,IL,מיץ פרוויטה סלק ותפוחי עץ 750 מל,מיליליטרים,750.00,"100 מ""ל",false,1,13.90,0.0185,true,1,355947
8682151530081,false,בונ מבחר שוקולדים יר,EGK  GIDA ITHALAT IH,TR,בונ מבחר שוקולדים ירקרקה 405 ג FOREVA,גרמים,405.00,100 גרם,false,1,69.90,0.1726,true,1,434593
8682151530241,false,בונ אדומה נפוליטנים,EGK  GIDA ITHALAT IH,TR,בונ אדומה נפוליטנים שוקולדים חלב ומריר 465 ג FOREV,גרמים,465.00,100 גרם,false,1,64.90,0.1396,true,1,434594
8683130008355,false,מיונז הלמנס שום לחיץ,יוניליוור ישראל שיוו,TR,הלמנס מיונז עם שום 400 גרם,גרמים,400.00,100 גרם,false,1,15.90,0.0398,true,1,428041
8683130008935,false,הלמנס קטשיונז 425 גר,יוניליוור ישראל שיוו,TR,הלמנס  ממרח קטשיונז 425 גרם,גרמים,425.00,100 גרם,false,1,15.90,0.0374,true,1,428883
8683130012666,false,מגנום דאבל לבן עוגיו,"מיוצר ע""י יונילוור ס",TR,מגנום   דאבל לבן עוגיות 74 גרם,גרמים,74.00,100 גרם,false,1,10.90,0.1473,true,1,429278
8690504081913,false,עוגיות טינס מצופה שו,"אולקר ביסקווי סנאי,",TR,עוגיות טינס מצופה שוקולד חלב 150 גרם,גרמים,150.00,100 גרם,false,1,10.90,0.0727,true,1,329469
8690504081920,false,טינס מצופה שוקולד מר,"אולקר ביסקווי סנאי,",TR,טינס מצופה שוקולד מריר 150 גרם,גרמים,150.00,100 גרם,false,1,10.90,0.0727,true,1,329468
8690504081937,false,טינס חלב וקפוצינו,"אולקר ביסקווי סנאי,",TR,טינס חלב וקפוצינו,גרמים,150.00,100 גרם,false,1,10.90,0.0727,true,1,329470
8690504153740,false,שוקולד מריר במילוי ק,ביסקוט ביסקווי סילבר,TR,שוקולד מריר במילוי קרם בטעם גנאש שוקולד מריר,גרמים,86.00,100 גרם,false,1,13.90,0.1616,true,1,345157
8690504153849,false,שוקולד חלב במילוי קר,"אולקר מקבוצת פלאדיס,",TR,שוקולד חלב במילוי קרם בטעם פרלין אגוזים,גרמים,86.00,100 גרם,false,1,13.90,0.1616,true,1,345158
8690504156543,false,שוקולד חלב מעולה ממו,ביסקוט ביסקווי סילבר,TR,טבלת שוקולד חלב מעולה,גרמים,86.00,100 גרם,false,1,13.90,0.1616,true,1,349359
8690637007705,false,שלגון מסטיגם 80 גרם,"מיוצר ע""י יוניליוור",TR,שלגון מסטיגם 80 גרם,גרמים,80.00,100 גרם,false,1,5.90,0.0738,true,1,430358
8690637073373,false,תה ארל גריי טעם ברגמ,,TR,"תה ליפטון תה שחור ארל גריי 2 גרם, 25 יחידות",גרמים,50.00,100 גרם,false,1,8.80,0.1760,true,1,295332
8690637505614,false,בדין אקסטרא מרכך פינ,יוניליוור סנאיי וי ט,TR,"בדין אקסטרא מרכך פינוק קוקוס 960 מ""ל",מיליליטרים,960.00,"100 מ""ל",false,1,19.90,0.0207,true,1,427434
8690637555084,false,מרכך כביסה בדין אקסט,יוניליוור סנאיי וי,TR,בדין מרכך כביסה אקסטרה פריחת התפוז,מיליליטרים,960.00,"100 מ""ל",false,1,19.90,0.0207,true,1,297875
8690637835643,false,תה ירוק לואיזה ולימו,יוניליוור,TR,תה ליפטון תה ירוק לואיזה ולימונית 30 גרם,גרמים,30.00,100 גרם,false,1,16.90,0.5633,true,1,327710
8690637842382,false,מגנום וניל פירות יער,"מיוצר ע""י יונילוור ס",TR,מגנום  שלגון דאבל פרי יער 76 גרם,גרמים,85.00,100 גרם,false,1,10.90,0.1282,true,1,329036
8690637842399,false,מאגדת מיני מגנום 1/6,יוניליוור סנאי וי סי,TR,מאגדת מיני מגנום 1/6 329 גרם דאבל פרי יע,גרמים,379.00,100 גרם,false,1,29.90,0.0789,true,1,329037
8690637858734,false,"אקונומיקה פנטסטיק ג""",יונילוור טורקיה,TR,"אקונומיקה פנטסטיק ג""ל 750 מ""ל",מיליליטרים,750.00,"100 מ""ל",false,1,10.90,0.0145,true,1,432597
8690637871085,true,הלמנס רוטב ברביקיו 2,יוניליוור גידה סאנ.,TR,הלמנס רוטב ברביקיו 285 גר,גרמים,285.00,100 גרם,false,1,13.90,0.0488,true,1,350531
8690637871245,true,הלמנס מיונז אמיתי לח,יוניליוור גידה סאנ.,TR,הלמנס מיונז אמיתי לחיץ 395 גר,גרמים,395.00,100 גרם,false,1,13.90,0.0352,true,1,350533
8690637890666,false,מגנום דאבל פיסטוק מא,יוניליוור סנאיי וי ט,TR,מאגדת מיני מגנום 1/6 329 גרם דאבל פיסטוק,גרמים,282.00,100 גרם,false,1,29.90,0.1060,true,1,348668
8690637946301,false,מרכך כביסה בדין אקסט,יוניליוור סנאיי וי ט,TR,Badin מרכך כביסה 960 ML,מיליליטרים,960.00,"100 מ""ל",false,1,19.90,0.0207,true,1,354797
8690637971310,false,מרכך בדין אקסטרה יער,יוניליוור סנאיי וי ט,TR,בדין אקסטרה מרכך כביסה יערת הדבש 960 מל,מיליליטרים,960.00,"100 מ""ל",false,1,19.90,0.0207,true,1,425730
8690637989612,false,מגנום מיני דאבל דולצ,יונילוור סנאיי וי טי,TR,מגנום מאגדת מיני מגנום דאבל דולצ'ה גולד 6 יחידות,גרמים,246.00,100 גרם,false,1,29.90,0.1215,true,1,359347
8690637989629,false,מגנום דאבל דולצה גול,יוניליוור,TR,מגנום שלגון מגנום דאבל דולצ'ה גולד 63 גרם,גרמים,63.00,100 גרם,false,1,10.90,0.1730,true,1,359348
8690766156367,false,טבלאת שוקולד גודאייב,"אולקר מקבוצת פלאדיס,",TR,טבלת שוקולד חלב מעולה,גרמים,90.00,100 גרם,false,1,14.90,0.1656,true,1,354139
8690766156374,false,טבלאת שוקולד מריר 72,"אולקר מקבוצת פלאדיס,",TR,טבלת שוקולד מריר מעולה 72% מוצקי קקאו,גרמים,90.00,100 גרם,false,1,14.90,0.1656,true,1,354142
8690766156381,false,טבלאת שוקולד גודאייב,"אולקר מקבוצת פלאדיס,",TR,טבלת שוקולד מריר מעולה 90% מוצקי קקאו,גרמים,90.00,100 גרם,false,1,14.90,0.1656,true,1,354140
8690766156398,false,שוקולד חלב מעולה בתו,"אולקר מקבוצת פלאדיס,",TR,שוקולד חלב מעולה בתוספת שברי שקדים קלויי,גרמים,90.00,100 גרם,false,1,14.90,0.1656,true,1,356239
8690766156404,false,שוקולד מריר מעולה בט,גודייבה,TR,שוקולד מריר מעולה בטעם תפוז אדום,גרמים,90.00,100 גרם,false,1,14.90,0.1656,true,1,356238
8690766156411,false,טבלאת שוקולד גודאייב,"אולקר מקבוצת פלאדיס,",TR,טבלאת שוקולד גודאייבה מריר בטעם פלפל 90,גרמים,90.00,100 גרם,false,1,14.90,0.1656,true,1,354141
8690777203012,false,פלפל ירוק כבוש לא חר,יוליניבר,TR,פלפל ירוק כבוש לא חריף 600 גרם,גרמים,600.00,100 גרם,false,1,12.90,0.0215,true,1,297593
8690777204071,false,פלפל חריף 640גרם SER,יוליניבר,TR,פלפל חריף 640גרם SERA,גרמים,640.00,100 גרם,false,1,12.90,0.0202,true,1,297594
8690777221405,false,פלפלים אדומים קלויים,יוליניבר,TR,סרה פלפלים אדומים קלויים על האש 650 גרם,גרמים,650.00,100 גרם,false,1,12.90,0.0198,true,1,297595
8691530924670,false,סירופ רימונים נטורסא,רמירז,,סירופ רימונים נטורסאן 345 גרם,גרמים,345.00,100 גרם,false,1,19.90,0.0577,true,1,304990
8693495052931,false,קולגייט זוג מברשות 3,CP UK,CN,קולגייט זוג מברשות 360 אדוונס,מטרים,1.00,מטר,false,1,33.90,33.9000,true,1,350889
8694686405857,false,מיטו מזון לחתול 1 קג,,TR,מיטו מזון לחתול 1 קג,קילוגרמים,1.00,"ק""ג",false,1,22.00,22.0000,true,1,435488
8695543006668,false,גבינת רסטה 200 גרם,גידה,TR,גבינת רסטה 200 גרם,גרמים,200.00,100 גרם,false,1,22.90,0.1145,true,1,352241
8697418280111,false,"עלי טורטייה 25 ס""מ 8",רמירז,,"עלי טורטייה 25 ס""מ 840 גרם",גרמים,840.00,100 גרם,false,1,27.60,0.0329,true,1,290899
8697418280128,false,"עלי טורטייה  20 ס""מ",רמירז,,"עלי טורטייה  20 ס""מ 540 גרם",גרמים,540.00,100 גרם,false,1,22.70,0.0420,true,1,291207
8697418280173,false,עלי טורטייה מחיטה מל,פרינסס גידה,TR,"עלי טורטייה מחיטה מלאה 25 ס""מ 840 גרם",גרמים,840.00,100 גרם,false,1,27.60,0.0329,true,1,294279
8697418280180,false,"עלי טורטייה 15 ס""מ 3",פרינסס,,"עלי טורטייה 15 ס""מ 360 גרם",גרמים,360.00,100 גרם,false,1,18.60,0.0517,true,1,302599
8697418280333,false,שערות קדאיף 500 גרם,פרנסס און וה,TR,שערות קדאיף 500 גרם,גרמים,500.00,100 גרם,false,1,22.90,0.0458,true,1,314377
8697418280487,false,עלי טורטייה עם קמח ת,פצקה אזורו,TR,עלי טורטייה עם קמח תירס,גרמים,540.00,100 גרם,false,1,21.90,0.0406,true,1,423106
8697530910743,false,סיגריות פאל מל כחול,BAT,,סיגריות פאל מל כחול חפיסה בודד,יחידה,1.00,יחידה,false,1,31.40,31.4000,false,1,293444
8697530910750,false,סיגריות פאל מל כחול,BAT,,סיגריות פאל מל כחול ארוך חפיסה בודד,יחידה,0.00,יחידה,false,1,31.40,0.0000,false,1,293445
8697530910781,false,סיגריות פאל מל אדום,BAT,,סיגריות פאל מל אדום חפיסה בודד,יחידה,1.00,יחידה,false,1,31.40,31.4000,false,1,293446
8697530911276,false,סיגריות קנט קצר חפיס,BAT,,סיגריות קנט קצר חפיסה בודד,יחידה,1.00,יחידה,false,1,38.40,38.4000,false,1,431112
8710447231807,false,סיף תרסיס לניקוי מטב,יוניליוור,GB,סיף תרסיס לניקוי מטבח 450 מל,ליטרים,450.00,ליטר,false,1,12.90,0.0287,true,1,434308
8710502060021,false,מרבה פטיסרי עוגיות מ,מרבה,NL,מרבה פטיסרי עוגיות מאפין רכות 200 גרם,גרמים,200.00,100 גרם,false,1,11.90,0.0595,true,1,434781
8710502064814,false,עוגיות שוקו ציפס רך,בנקטבקריי מרבה בי.וי,NL,מרבה עוגיות שוקולד צ'יפס במרקם רך 175 גרם,גרמים,225.00,100 גרם,false,1,9.90,0.0440,true,1,392763
8710502100864,false,מרבה פטיסרי עוגיות ד,מרבה,NL,מרבה פטיסרי עוגיות דאבל שוקולד 200 גרם,גרמים,200.00,100 גרם,false,1,11.90,0.0595,true,1,434780
8710502139017,false,עוגיות שוקולד ציפס ט,בנקטבקריי מרבה בי.וי,NL,עוגיות טריפל שוקולד ציפס מרבה 180 גרם,גרמים,180.00,100 גרם,false,1,9.90,0.0550,true,1,299717
8710502194801,false,עוגיות שוקולד ציפס פ,בנקטבקריי מרבה בי.וי,NL,מרבה עוגיות שוקולד צ'יפס במרקם רך עם פירות יער,גרמים,175.00,100 גרם,false,1,9.90,0.0566,true,1,322517
8710502231018,false,מיני עוגיות מרבה ש צ,"מרבה בע""מ",NL,מיני עוגיות מרבה ש ציפס 175 גרם,גרמים,175.00,100 גרם,false,1,9.90,0.0566,true,1,430367
8710502279010,false,מרבה עוגיות מצופות ש,"מרבה בע""מ",NL,מרבה עוגיות שוקולד ציפס מצופות שוקולד,גרמים,175.00,100 גרם,false,1,9.90,0.0566,true,1,358252
8710502285509,false,עוגיות מרבה לימון וש,בנקטבקריי מרבה בי.וי,NL,מרבה עוגיות לימון ושוקולד צ'יפס במרקם רך 175 גרם,גרמים,175.00,100 גרם,false,1,9.90,0.0566,true,1,428067
8710502405204,false,עוגיות שוקולד ציפס מ,"מרבה בע""מ",NL,מרבה עוגיות  ממולאות קרם שוקולד,גרמים,175.00,100 גרם,false,1,9.90,0.0566,true,1,304285
8710502470028,false,עוגיות שוקולד ציפס נ,"מרבה בע""מ",NL,עוגיות שוקולד ציפס נוגטלי מרבה 160 גרם,גרמים,160.00,100 גרם,false,1,9.90,0.0619,true,1,299719
8710625282164,false,פינה קולדה קוקטייל,team products,NL,פינה קולדה קוקטייל פור 1 ליטר,ליטרים,1.00,ליטר,false,1,57.90,57.9000,true,1,387557
8711000362556,false,לור קפסולות קפה אספר,גיקובס דאו אגברטס צר,FR,לור קפסולות קפה אספרסו סונטוזו (8) 52ג',יחידה,1.00,יחידה,false,1,21.90,21.9000,true,1,421472
8711000362570,false,קפסולות קפה LOR מס 9,גיקובס דאו אגברטס צר,FR,לור קפסולות קפה אספרסו פורזה (9) 52ג',גרמים,52.00,100 גרם,false,1,21.90,0.4212,true,1,345892
8711000362631,false,קפסולות קפה LOR מס 1,גיקובס דאו אגברטס צר,FR,לור קפסולות קפה אספרסו אוניקס (12) 52ג',גרמים,52.00,100 גרם,false,1,21.90,0.4212,true,1,345890
8711000362679,false,לור קפסולות קפה אספר,ג'ייקובס דאו אגרבטס,FR,לור קפסולות אספרסו קולומביה (8) 10יח' 52ג',גרמים,52.00,100 גרם,false,1,21.90,0.4212,true,1,421473
8711000362693,false,לור קפסולות קפה אספר,"ג'ייקובס דאו אגרבטס,",FR,לור קפסולות אספרסו פפואה (7) 10יח' 52ג',גרמים,52.00,100 גרם,false,1,21.90,0.4212,true,1,421474
8711000362747,false,קפסולות קפה LOR מס 1,גיקובס דאו אגברטס צר,FR,לור קפסולות קפה אספרסו ריסטרטו (11) 52ג',גרמים,52.00,100 גרם,false,1,21.90,0.4212,true,1,345891
8711000397466,false,קפסולות LOR אספרסו נ,ג'ייקובס דאו אגברטס,FR,קפסולות LOR אספרסו נטול קופאין,לא מנהל יחידת מידה,0.00,לא מנהל יחידת מידה,false,1,21.90,0.0000,true,1,347503
8711000431108,false,לור קפסולות קפה אספר,"ג'ייקובס דאו אגרבטס,",FR,לור קפסולות אספרסו הודו (10) 10יח' 52ג',גרמים,52.00,100 גרם,false,1,21.90,0.4212,true,1,421475
8711200426034,false,חמאת בוטנים קאלווה ק,יוניקורן פיקלס,NL,חמאת בוטנים קאלווה קראנצי ללא גלוטן,גרמים,350.00,100 גרם,false,1,17.90,0.0511,true,1,421694
8711327475618,false,פיינט מגנום וניל קלא,"מפעל גלידות בווספרם,",HU,מגנום גלידת שמנת בטעם וניל 440 מל,גרמים,260.00,100 גרם,false,1,22.90,0.0881,true,1,358398
8711327475663,false,פיינט מגנום וניל שוק,"מפעל גלידות בווספרם,",HU,מגנום גלידת שמנת בטעם וניל עם שוקולד לבן 440 מל,גרמים,260.00,100 גרם,false,1,22.90,0.0881,true,1,358397
8711327475717,false,פיינט מגנום וניל שקד,"מפעל גלידות בווספרם,",HU,מגנום גלידת שמנת בטעם וניל עם שקדים 440 מל,גרמים,260.00,100 גרם,false,1,22.90,0.0881,true,1,358399
8711528211138,false,גבינה עזים הולנדית ה,הנרי ויליך,NL,גבינה עזים הולנדית גלגל1קג,קילוגרמים,1.00,"ק""ג",true,,169.00,169.0000,true,1,430376
8711528211145,false,גבינה גאודה גלגל הנר,מולינו ניקולי s.p.a,NL,גבינה גאודה גלגל במשקל1 קג,קילוגרמים,1.00,"ק""ג",true,,109.00,109.0000,true,1,430988
8712000050146,false,בירה הייניקן בקבוק 3,"מבשלת היינקן, ריטבלד",NL,"בירה היינקן 0.0 בקבוק 330 מ""ל",מיליליטרים,330.00,"100 מ""ל",false,1,6.90,0.0209,true,1,349233
8712000051099,false,בירה הייניקן שישייה,"מבשלת היינקן, ריטבלד",NL,היינקן בירה לאגר ללא אלכוהול מארז שישייה,ליטרים,1.98,ליטר,false,1,34.90,17.6263,true,1,349232
8712400802499,false,נוטרילון שלב      1,נוטרישיה קאלק,NL,נוטרילון 1  800 גרם,גרמים,800.00,100 גרם,false,1,62.90,0.0786,true,1,380050
8712400802512,false,נוטרילון שלב      2,נוטרישיה קאלק,NL,נוטרילון 2- 800 גרם,גרמים,800.00,100 גרם,false,1,62.90,0.0786,true,1,302956
8712400802536,false,נוטרילון שלב      3,נוטרישיה קאלק,NL,נוטרילון 3- 800 גרם,גרמים,800.00,100 גרם,false,1,62.90,0.0786,true,1,302957
8712561594608,false,תחליב רחצה דאב להזנה,"יוניליוור גרמניה, Gm",DE,דאב  תחליב רחצה להזנה עמוקה 750 מל,מיליליטרים,750.00,"100 מ""ל",false,1,22.90,0.0305,true,1,393635
8712561599337,false,סיף תרסיס לניקוי חדר,יוניליוור,GB,סיף תרסיס לניקוי חדרי אמבט 450 מל,ליטרים,450.00,ליטר,false,1,12.90,0.0287,true,1,434310
8712561600026,false,סיף תרסיס לניקוי רב,יוניליוור,GB,סיף תרסיס לניקוי רב תכליתי עם אקונומיקה,ליטרים,450.00,ליטר,false,1,12.90,0.0287,true,1,434311
8712561611411,false,דאב תחליב רחצה מלפפו,"יוניליוור גרמניה, Gm",DE,דאב  תחליב רחצה מלפפון ותה ירוק 750 מל,מיליליטרים,750.00,"100 מ""ל",false,1,22.90,0.0305,true,1,393983
8714443620030,false,מרק ירקות אורגני,דלקרם,NL,מרק ירקות,גרמים,200.00,100 גרם,false,1,31.90,0.1595,true,1,338523
8714599512159,false,גייקובס מגורען 190 ג,"אל.אל.סי ""גייקובס דא",RU,גייקובס מגורען 190 גרם,גרמים,190.00,100 גרם,false,1,28.90,0.1521,true,1,428987
8714599513835,true,גייקובס נטול קופאין,אל.אל.סי גייקובס דאו,DE,גייקובס נטול קופאין,לא מנהל יחידת מידה,0.00,לא מנהל יחידת מידה,false,1,28.90,0.0000,true,1,411194
8714789177229,false,מברשת שיניים אקסטרא,קולגייט פלמוליב,CN,4 מברשות שיניים קולגייט אקסטרה קלין,יחידה,1.00,יחידה,false,1,14.90,14.9000,true,1,361367
8714789218465,false,מברשת שיניים קולגייט,קולגייט פלמוליב,CN,זוג מברשות שיניים קולגייט 360 סופט,לא מנהל יחידת מידה,0.00,לא מנהל יחידת מידה,false,1,33.90,0.0000,true,1,290762
8714789303925,false,מברשת שיניים 360 זוג,קולגייט- פלמוליב,,קולגייט מב.שיניים 360 סנסטיב ז,Unknown,0.00,Unknown,false,1,33.90,0.0000,true,1,293851
8714789582764,false,אגקס לניקוי חלונות ט,"ש. שסטוביץ בע""מ",GR,"אגקס לניקוי חלונות טריגר 750 מ""ל",מיליליטרים,750.00,"100 מ""ל",false,1,15.90,0.0212,true,1,303639
8715035150300,false,רוטב סויה קיקומן ללא,קיקומן פודז יורופ בי,NL,רוטב סויה קיקומן ללא גלוטן 250 מל,מיליליטרים,250.00,"100 מ""ל",false,1,19.90,0.0796,true,1,347957
8715035520301,false,רוטב סויה ולימון פונ,קיקומן פודז יורופ בי,NL,קיקומן פונזו רוטב יפני על בסיס סויה ולימן,מיליליטרים,250.00,"100 מ""ל",false,1,19.90,0.0796,true,1,349084
8715700110141,false,מיונז אמיתי היינץ 43,ה.י.היינץ הולדינג בי,NL,SG היינץ מיונז צנצנת 460 גרם,גרמים,460.00,100 גרם,false,1,11.90,0.0259,true,1,328288
8715700110158,false,מיונז לייט היינץ 430,ה.י.היינץ הולדינג בי,NL,SG היינץ מיונז לייט צנצנת 490,גרמים,490.00,100 גרם,false,1,11.90,0.0243,true,1,328289
8715700115344,false,מתבל עגבניות היינץ 4,אייץ'. ג'יי. היינץ פ,ES,"היינץ מתבל עגבניות 460 גרם כשל""פ",גרמים,460.00,100 גרם,false,1,10.00,0.0217,true,1,325127
8715700419695,true,רוטב ברביקיו מתוק,ה.י.היינץ הולדינג בי,NL,היינץ רוטב ברביקיו מתוק 500 גרם,גרמים,500.00,100 גרם,false,1,17.90,0.0358,true,1,349999
8715700419732,false,מתבל עגבניות היינץ 7,ה.י. היינץ,NL,היינץ מתבל עגבניות 700 גרם,גרמים,700.00,100 גרם,false,1,9.90,0.0141,true,1,311944
8715700421322,true,רוטב ברביקיו צילי,ה.י היינץ הולדינג בי,NL,היינץ רוטב ברביקיו צ'ילי 490 גרם,יחידה,1.00,יחידה,false,1,17.90,17.9000,true,1,349998
8715700422381,false,מיונז אמיתי היינץ 42,ה.י.היינץ מנופקרצ'ינ,ES,היינץ מיונז  420 גרם,גרמים,420.00,100 גרם,false,1,0.00,0.0000,true,1,435527
8715700422473,false,מיונז היינץ ללא חומר,ה.י.היינץ,NL,היינץ ממרח לחיץ ללא חומרים משמרים,גרמים,395.00,100 גרם,false,1,15.90,0.0403,true,1,399227
8715700423906,false,מתבל עגבניות 50% פחו,ה.י.היינץ,NL,היינץ מתבל עגבניות 50/50 550 גרם,גרמים,555.00,100 גרם,false,1,9.90,0.0178,true,1,329717
8717163647240,false,דאודורנט ספריי AXE ש,ארנסט. רחוב קומבינצק,TR,אקס  דאודורנט ספריי גוף שוקולד 150 מל,מיליליטרים,150.00,"100 מ""ל",false,1,13.90,0.0927,true,1,349340
8717163658314,true,תחליב רחצה דאב sensi,יוניליוור גרמניה Gmb,DE,תחליב רחצה דאב sensitive skin עם מים מיס,Unknown,0.00,Unknown,false,1,17.90,0.0000,true,1,349145
8717163842676,false,תחליב רחצה דאב חימר,יוניליוור גרמניה Gmb,DE,DOVE ג'ל רחצה 500 ML,מיליליטרים,500.00,"100 מ""ל",false,1,17.90,0.0358,true,1,353016
8717677336616,false,שוקולד מריר עם שקדים,אלפרד ריטר,NL,שוקולד מריר עם שקדים ומלח טוניס,גרמים,180.00,100 גרם,false,1,19.90,0.1106,true,1,428913
8717677336630,false,שוקולד חלב עם שקדים,אלפרד ריטר,NL,שוקולד חלב עם שקדים ודבש טוניס,גרמים,180.00,100 גרם,false,1,19.90,0.1106,true,1,428911
8717677336654,false,שוקולד חלב מעולה עם,,NL,שוקולד חלב מעולה עם שברי קרמל מלוח 180 ג,גרמים,180.00,100 גרם,false,1,19.90,0.1106,true,1,435657
8717677336661,false,שוקולד מריר 70% 180,אלפרד ריטר,NL,טוניס' שוקולונלי - שוקולד מריר מעולה 70%,גרמים,180.00,100 גרם,false,1,19.90,0.1106,true,1,428912
8717677338436,false,שוקולד חלב עם אגוזי,אלפרד ריטר,NL,שוקולד חלב עם אגוזי לוז קצוצים טוניס,גרמים,180.00,100 גרם,false,1,19.90,0.1106,true,1,428910
8718951079205,true,מ.שיניים קולגייט סנס,קולגייט פלמוליב,PL,קולגייט סנסיטיב פרו רליף ר.א.פ 75 מל,Unknown,0.00,Unknown,false,1,25.90,0.0000,true,1,411217
8718951159808,true,קולגייט 360 שלישיה,קולגייט - פלמוליב,CN,3 מברשות שיניים,Unknown,0.00,Unknown,false,1,33.90,0.0000,true,1,416508
8718951160897,false,אקונומיקה אגקס עוצמת,קולגייט פלמוליב,GR,אג'קס ספריי אקנומיקה מנקה מחטא 500 מל,מיליליטרים,500.00,"100 מ""ל",false,1,12.90,0.0258,true,1,326952
8718951236790,false,משחת שיניים קולגייט,Colgate (Euro)-Palmo,PL,טוטל קלין,מיליליטרים,100.00,"100 מ""ל",false,1,17.90,0.1790,true,1,348866
8718951264618,false,קולגייט אופטיק וייט,קולגייט-פלמוליב,PL,"קולגייט אופטיק וייט פחם פעיל 75 מ""ל",מיליליטרים,75.00,"100 מ""ל",false,1,27.90,0.3720,true,1,354655
8718951312722,false,משחת שיניים קולגייט,קולגייט פלמוליב,PL,משחת שיניים קולגייט מקסווייט 100 מל,מיליליטרים,100.00,"100 מ""ל",false,1,11.90,0.1190,true,1,434314
8718951313576,false,משחת שיניים קולגייט,קולגייט פלמוליב,PL,משחת שיניים קולגייט מקס פרש כחול 100 מל,מיליליטרים,100.00,"100 מ""ל",false,1,11.90,0.1190,true,1,434315
8718951319806,false,פלמוליב לגבר גל רחצה,CP UK,TR,פלמוליב לגבר גל רחצה ושמפו פיור ארקטיק,מיליליטרים,750.00,"100 מ""ל",false,1,21.90,0.0292,true,1,422716
8718951382718,false,פלמוליב גל רחצה חימר,CP UK,TR,"פלמוליב גל רחצה חימר התחדשות 750 מ""ל",מיליליטרים,750.00,"100 מ""ל",false,1,21.90,0.0292,true,1,425046
8718951409798,false,קולגייט מברשת מקס וו,"ש. שסטוביץ בע""מ",CN,קולגייט מברשת מקס וויט פחם זוג,יחידה,1.00,יחידה,false,1,24.90,24.9000,true,1,427138
8719200998018,false,מרגרינה בטעם חמאה מח,"מיוצר ע""י יוניליוור",IL,מרגרינה בטעם חמאה מחמאה 200 גרם,גרמים,200.00,100 גרם,false,1,4.90,0.0245,true,1,280563
8719200998094,false,מזולה מרגרינה בטעם ט,"מיוצר ע""י יוניליוור",IL,מזולה מרגרינה בטעם טבעי ללא  מלח לאפייה,גרמים,200.00,100 גרם,false,1,6.60,0.0330,true,1,353097
8719987148675,false,כלי הגשה עגול קוטר 9,,,כלי הגשה עגול קוטר 9,יחידה,1.00,יחידה,false,1,11.90,11.9000,true,1,435956
8720181114489,false,ספריי אקס שחור 150 מ,יוניליוור,GB,"ספריי אקס שחור 150 מ""ל",מיליליטרים,150.00,"100 מ""ל",false,1,13.90,0.0927,true,1,434401
8720182050137,false,סיף תרסיס לניקוי מטב,יוניליוור,GB,סיף תרסיס לניקוי מטבח 450 מל,ליטרים,450.00,ליטר,false,1,12.90,0.0287,true,1,434316
8723400782544,false,מנטוס תפזורת בשקית מ,פרפטי ואן מלה,NL,מנטוס סוכריות לעיסה בטעם מנטה 160 גרם,לא מנהל יחידת מידה,0.00,לא מנהל יחידת מידה,false,1,12.90,0.0000,true,1,417380
8801055707966,false,נסקפה טייסטר צויס בר,לוטה נסטלה קוריאה,,נסקפה טייסטרס צ'ויס בריסטה 12*180גרם,גרמים,180.00,100 גרם,false,1,32.90,0.1828,true,1,322225
8801055708772,false,נסקפה טייסטרס צויס מ,לוטה נסטלה קוריאה,IL,טייסטרס צויס מארז 8*200ג'+50ג',גרמים,250.00,100 גרם,false,1,31.90,0.1276,true,1,353210
8801055709427,false,קפה נמס טסטר צוייס א,לוטה נסטלה קוריאה,KR,"קפה נמס טסטר צוייס אלטה ריקה, 100 גרם",גרמים,100.00,100 גרם,false,1,25.90,0.2590,true,1,361217
8801055709434,false,קפה נמס טסטר צוייס ק,לוטה נסטלה קוריאה,KR,קפה נמס טסטר צוייס קולומביה100 גרם,גרמים,100.00,100 גרם,false,1,25.90,0.2590,true,1,361216
8802241131664,true,חטיף אצות ים,,,חטיף אצות ים,גרמים,195.00,100 גרם,false,1,22.90,0.1174,true,1,400188
8802241132821,false,חטיף אצות 3 יח,"מאן גו'ן פוד בע""מ",,חטיף אצות 3 יח,גרמים,14.00,100 גרם,false,1,9.90,0.7071,true,1,328624
8850161160851,false,מי קוקוס קוקו מקס 35,טויו סייקאן קו.אל.טי,TH,"קוקו מקס 100% מי  קוקוס 350 מ""ל",מיליליטרים,350.00,"100 מ""ל",false,1,9.50,0.0271,true,1,349630
8850161166204,false,"קרם קוקוס 500 מ""ל AM",אמפווה קוקונט פרודקט,TH,"אמפווה קרם קוקוס 500 מ""ל",מיליליטרים,500.00,"100 מ""ל",false,1,11.90,0.0238,true,1,430056
8850161167041,false,חלב  קוקוס קוקו וואי,טויו טייקאן קו.אל.טי,TH,"קוקו וואי משקה קוקוס 270 מ""ל",מיליליטרים,270.00,"100 מ""ל",false,1,9.50,0.0352,true,1,349631
8850389103111,false,משקה סאפה אלוורה ענב,סאפה פובליק קומפני ל,TH,"סאפה אלוורה ענבים בקבוק 300 מ""ל",מיליליטרים,300.00,"100 מ""ל",false,1,8.50,0.0283,true,1,292828
8850389103128,false,משקה סאפה אלוורה תפו,סאפה פובליק קומפני ל,TH,"סאפה תפוח בקבוק 300 מ""ל 24 יח",מיליליטרים,300.00,"100 מ""ל",false,1,8.50,0.0283,true,1,292829
8850389103159,false,משקה ליצי עם חתיכות,סאפה פובליק קומפני ל,TH,מוגו מוגו ליצ'י עם חתיכות ג'לי קוקוס,מיליליטרים,320.00,"100 מ""ל",false,1,8.50,0.0266,true,1,429109
8850389104637,false,משקה סאפה אלוורה אפר,סאפה פובליק קומפני ל,TH,"סאפה אלוורה אפרסק בקבוק 300 מ""ל",מיליליטרים,300.00,"100 מ""ל",false,1,8.50,0.0283,true,1,297181
8850389105825,false,משקה סאפה אלוורה ענב,סאפה פובליק קומפני ל,TH,סאפה משקה אלוורה בטעם ענבים,ליטרים,1.00,ליטר,false,1,13.50,13.5000,true,1,299684
8850389105832,false,משקה סאפה אלוורה תפו,סאפה פובליק קומפני ל,TH,סאפה תפוח אלוורה בקבוק ליטר,ליטרים,1.00,ליטר,false,1,13.50,13.5000,true,1,300364
8850389105849,false,משקה סאפה אלוורה אפר,סאפה פובליק קומפני ל,TH,סאפה אפרסק אלוורה בקבוק ליטר,ליטרים,1.00,ליטר,false,1,13.50,13.5000,true,1,299685
8850389111352,false,מוגו מוגו ליצי 320 מ,סאפה פובליק קומפני ל,TH,מוגו מוגו מלון עם חתיכות ג'לי קוקוס,מיליליטרים,320.00,"100 מ""ל",false,1,8.50,0.0266,true,1,429110
8850389115312,false,משקה סאפה אלוורה מלו,סאפה פובליק קומפני ל,TH,"סאפה אלוורה מלון בקבוק 300 מ""ל",מיליליטרים,330.00,"100 מ""ל",false,1,8.50,0.0258,true,1,432290
8850389115336,false,משקה סאפה אלוורה מלו,סאפה פובליק קומפני ל,TH,סאפה משקה אלוורה בטעם מלון,ליטרים,1.00,ליטר,false,1,13.50,13.5000,true,1,329463
8850632604259,false,ממתק תות שדה בצורת מ,ג'נרל קנדי בעמ,TH,ממתק תות שדה בצורת מקלות יוגטה 50 גרם,גרמים,50.00,100 גרם,false,1,4.90,0.0980,true,1,430015
8850632604266,false,ממתק קולה בצורת מקלו,ג'נרל קנדי בעמ,TH,"יוגטה, ממתק חמוץ בצורת מקלות בטעם קולה, 50 גרם",גרמים,50.00,100 גרם,false,1,4.90,0.0980,true,1,430016
8850632604372,false,ממתק תות שדה בצורת ש,ג'נרל קנדי בעמ,TH,ממתק תות שדה בצורת שטיח יוגטה 50 גרם,גרמים,50.00,100 גרם,false,1,4.90,0.0980,true,1,430017
8851613101378,false,חלב קוקוס 250 מל,כלורוקס אוקלנד,TH,"חלב קוקוס 250 מ""ל",מיליליטרים,250.00,"100 מ""ל",false,1,9.90,0.0396,true,1,307855
8852633119039,false,אסיה רוטב דגים 300 מ,,,"אסיה רוטב דגים 300 מ""ל",מיליליטרים,300.00,"100 מ""ל",false,1,7.50,0.0250,true,1,397710
8858744800019,false,ממרח קארי ירוק 50 גר,קנוקוואן פוד פרודקטס,,ממרח קארי ירוק 50 גר,גרמים,50.00,100 גרם,false,1,4.90,0.0980,true,1,388952
8858744800057,false,ממרח טום יאם 30 גר,קנוקוואן פוד פרודקטס,,ממרח טום יאם 30 גר,גרמים,30.00,100 גרם,false,1,4.90,0.1633,true,1,388957
8858744800064,false,ממרח קארי אדום 50 גר,קנוקוואן פוד פרודקטס,,ממרח קארי אדום 50 גר,גרמים,50.00,100 גרם,false,1,4.90,0.0980,true,1,388953
8858744800088,false,ממרח קארי מסאמן 50 ג,קנוקוואן פוד פרודקטס,,ממרח קארי מסאמן 50 גר,גרמים,50.00,100 גרם,false,1,4.90,0.0980,true,1,388954
8858744800149,false,תערובת חמישה תבלינים,קנוקוואן פוד פרודקטס,,תערובת חמישה תבלינים 50 גר,גרמים,50.00,100 גרם,false,1,5.90,0.1180,true,1,431658
8888021200256,false,"סוללות אנרג""יזר  AA",יצרן: אנרג'ייזר סינג,SG,סוללת אנרג'ייזר AA,Unknown,0.00,Unknown,false,1,28.90,0.0000,true,1,289355
8888021200720,false,סוללות AAA שמיניה,יצרן: אנרג'ייזר סינג,SG,סוללת אנרג'ייזר AAA,Unknown,0.00,Unknown,false,1,28.90,0.0000,true,1,286172
8901537024014,false,אורז בסמטי מובחר דוו,הנסיך- מפעל לייצור ט,IN,אורז בסמטי 1 DAAWAT קג,קילוגרמים,1.00,"ק""ג",false,1,13.90,13.9000,true,1,297596
8901537076679,false,אורז בסמטי חום מלא ד,האי נאם סי או אל.טי.,IN,"אורז בסמטי חום מלא דאווט 1 ק""ג",קילוגרמים,1.00,"ק""ג",false,1,16.90,16.9000,true,1,417018
8901571011018,false,מברשת שיניים סנסודיי,הנקל,DE,מברשת שיניים סנסודיין שלישייה,יחידה,3.00,יחידה,false,1,12.90,4.3000,true,1,434614
8906059700385,false,טייסטל תבשיל הודי צא,טייסטל פיין פוד,IN,טייסטל תבשיל הודי צאנה מסאלה עם חומוס 3,גרמים,300.00,100 גרם,false,1,19.90,0.0663,true,1,435498
8906059700408,false,טייסטל תבשיל הודי דא,טייסטל פיין פוד,IN,טייסטל תבשיל הודי דאל מקאני עם שעועית 300 גרם,גרמים,300.00,100 גרם,false,1,19.90,0.0663,true,1,435500
8906059700507,false,טייסטל תבשיל הודי דא,טייסטל פיין פוד,IN,טייסטל תבשיל הודי דאל טדקה עם עדשים 300,גרמים,300.00,100 גרם,false,1,19.90,0.0663,true,1,435499
8994692541038,false,קונוס לגלגול 3 יחידו,,,קונוס לגלגול 3 יחידות,Unknown,0.00,Unknown,false,1,0.01,0.0000,false,1,435744
9002975393836,false,הריבו האפי קולה 70 ג,"האריבו , ג'י.אם.בי.א",AT,סוכריות גומי בטעם קולה 70 גרם,גרמים,70.00,100 גרם,false,1,6.90,0.0986,true,1,360161
9002975393843,false,הריבו גולדברס 70 גרם,"האריבו , ג'י.אם.בי.א",AT,סוכריות גומי בטעמי פירות דובונים 70 גרם,גרמים,70.00,100 גרם,false,1,6.90,0.0986,true,1,360162
9002975393850,false,הריבו וורמס 70 גרם,"האריבו , ג'י.אם.בי.א",AT,סוכריות גומי בטעמי פירות נחשים 70 גרם,גרמים,70.00,100 גרם,false,1,6.90,0.0986,true,1,360163
9005835312626,false,קלרו טבליות למדיח לל,קלרו,AT,קלרו טבליות למדיח ללא פוספטים 50 יח,מיליליטרים,1.00,"100 מ""ל",false,1,52.00,52.0000,true,1,421961
9005835312640,false,קלרו טבליות למדיח לל,קלרו,AT,קלרו טבליות למדיח ללא פוספטים 80 יח,מיליליטרים,1.00,"100 מ""ל",false,1,73.00,73.0000,true,1,421962
9044400841000,false,סוכריות פז בליסטר,פז,HU,סוכריות פז בובה,גרמים,26.00,100 גרם,false,1,12.90,0.4962,true,1,284960
9044400851672,false,סוכריות פז בובה,פז,HU,סוכריות פז בובה,גרמים,26.00,100 גרם,false,1,12.90,0.4962,true,1,429947
9120025834723,false,חטיפי אוראו מצונן 12,בובארד איטליה אס.פי.,IT,חטיפי אוראו מצונן 120גרם מאגדת,גרמים,120.00,100 גרם,false,1,14.90,0.1242,true,1,435633
9120097310583,false,חטיפי  שוקו בננה מינ,בובארד איטליה אס.פי.,IT,חטיפי  שוקו בננה מיניונים מצונן 108גרם מ,גרמים,108.00,100 גרם,false,1,14.90,0.1380,true,1,435635
9310072028743,false,טים טם מצופה שוקולד,"ארנוטס ביסקוויטס בע""",AU,טים טם מצופה שוקולד אורגינל 200 גרם,גרמים,200.00,100 גרם,false,1,19.90,0.0995,true,1,321405
9310072028750,false,טים טם מצופה שוקולד,"ארנוטס ביסקוויטס בע""",AU,טים טם דאבל 200 גר,גרמים,200.00,100 גרם,false,1,19.90,0.0995,true,1,320839
9322969000015,false,פריכיות תירס טעם טבע,ריאל פודס בעמ,AU,רילפוד- פריכיות תירס בטעם טבעי 150 גר',גרמים,150.00,100 גרם,false,1,13.90,0.0927,true,1,287310
9322969000022,false,פריכיות תירס עם סויה,ריל פודס בעמ,AU,פריכיות תירס עם סויה וזרעי פשת 150 גרם,גרמים,150.00,100 גרם,false,1,13.90,0.0927,true,1,299598
9322969000039,true,פריכיות תירס עם 4 דג,ריאל פודס בעמ,AU,פריכיות תירס עם 4 דגנים מלאים,גרמים,150.00,100 גרם,false,1,13.90,0.0927,true,1,345829
9322969000046,false,פריכיות תירס אורגניו,ריאל פודס בעמ,AU,ריל פוד פריכיות תירס עם שומשום 150 גרם,גרמים,150.00,100 גרם,false,1,13.90,0.0927,true,1,299599
9322969000053,false,פריכיות אורז מלא 150,"ריאל פודס בע""מ",AU,רילפוד- פריכיות אורז מלא 150 גר',גרמים,150.00,100 גרם,false,1,13.90,0.0927,true,1,428624
9421018071508,false,יין מד האוס 750,קוואליטי ווין,NZ,מאד האוס כשר סוביניון בלאן כשר,מיליליטרים,750.00,"100 מ""ל",false,1,54.90,0.0732,true,1,352331
9720188050109,false,טופוטי ממרח על בסיס,טופוטי ברנדס אינק.ג',IL,טופוטי - ממרח טופו בטעם גבינה - 225 גר,גרמים,225.00,100 גרם,false,1,21.90,0.0973,true,1,285036
