code,internal_code,name,manufacturer_name,manufacture_country,manufacturer_item_description,unit_qty,quantity,unit_of_measure,weighted,qty_in_package,price,unit_of_measure_price,allow_discount,status,item_id
-999,true,~מב~~צע ~מ~~ק~~ס~~~10000~,שונות /שרות,,,"י""ח",1,,false,1,0.01,0.01,false,1,
2,true,"עמלת החזרת צ ק 14ש""ח",שונות /שרות,,,"י""ח",1,,false,1,14,14,false,1,
12,true,שתיה קרה בקבוק חצי ליטר 500,החברה המרכזית להפצת משקאות בעמ,,,"י""ח",1,,false,1,6,6,false,1,
20,true,לילות סדר ישראלים,שונות /שרות,,,"י""ח",1,"י""ח",false,1,10,10,false,1,
39,true,ב  39 תו קניה,שונות /שרות,,,"י""ח",1,,false,1,10,10,false,1,
59,true,קשתית בשר לא מוכשר,ב ספק בשר קפוא,,,"ק""ג",1,,true,1,29.90,29.90,false,1,
151,true,עוף טחון טרי  {קצביה]**,ח.י. מעדני גורמה בעמ,,,"ק""ג",1,,true,1,49.90,49.90,true,1,
350,true,דג פילה מושט טרי כ-100גר,ח.י. מעדני גורמה בעמ,,,"י""ח",1,,false,1,14.90,14.90,false,1,
352,true,חסה עגולה,ביכורי השדה צפון 1994 ג.ד. בעמ,,,"י""ח",1,,false,1,6.90,6.90,false,1,
353,true,גינגר תפזורת,ביכורי השדה צפון 1994 ג.ד. בעמ,,,"ק""ג",1,,true,1,39.90,39.90,false,1,
363,true,"פרוייקט שקל לרה""ש",לפ יחד עם התקווה-עמותה לילדים,,,"י""ח",1,,false,1,1,1,false,1,
504,true,אנונה,ביכורי השדה צפון 1994 ג.ד. בעמ,,,"ק""ג",1,,true,1,24.90,24.90,true,1,
505,true,אבוקדו,ביכורי השדה צפון 1994 ג.ד. בעמ,,,"ק""ג",1,"ק""ג",true,1,9.90,9.90,true,1,
506,true,אבטיח,ביכורי השדה צפון 1994 ג.ד. בעמ,,,"ק""ג",1,"ק""ג",true,1,5.90,5.90,false,1,
507,true,אפרסק מובחר,ביכורי השדה צפון 1994 ג.ד. בעמ,,,"ק""ג",1,"ק""ג",true,1,9.90,9.90,false,1,
509,true,קסביה,ביכורי השדה צפון 1994 ג.ד. בעמ,,,"ק""ג",1,"ק""ג",true,1,15.90,15.90,false,1,
510,true,אגסים,ביכורי השדה צפון 1994 ג.ד. בעמ,,,"ק""ג",1,"ק""ג",true,1,12.90,12.90,true,1,
513,true,תאנים מארז,ביכורי השדה צפון 1994 ג.ד. בעמ,,,"ק""ג",1,,true,1,29.90,29.90,false,1,
515,true,אפרסמון,ביכורי השדה צפון 1994 ג.ד. בעמ,,,"ק""ג",1,"ק""ג",true,1,15.90,15.90,true,1,
516,true,קרמבולה,ביכורי השדה צפון 1994 ג.ד. בעמ,,,"ק""ג",1,,true,1,39.90,39.90,false,1,
522,true,אננס.,ביכורי השדה צפון 1994 ג.ד. בעמ,,,"י""ח",1,,false,1,29.90,29.90,true,1,
529,true,חזרת,ביכורי השדה צפון 1994 ג.ד. בעמ,,,"ק""ג",1,"ק""ג",true,1,39.90,39.90,false,1,
530,true,בננה.,ביכורי השדה צפון 1994 ג.ד. בעמ,,,"ק""ג",1,"ק""ג",true,1,7.90,7.90,true,1,
532,true,חבושים,ביכורי השדה צפון 1994 ג.ד. בעמ,,,"ק""ג",1,"ק""ג",true,1,24.90,24.90,false,1,
533,true,גויאבה,ביכורי השדה צפון 1994 ג.ד. בעמ,,,"ק""ג",1,"ק""ג",true,1,14.90,14.90,false,1,
534,true,סלרי ראש,ביכורי השדה צפון 1994 ג.ד. בעמ,,,"י""ח",1,,false,1,6.90,6.90,false,1,
535,true,לימון,ביכורי השדה צפון 1994 ג.ד. בעמ,,,"ק""ג",1,"ק""ג",true,1,6.90,6.90,true,1,
536,true,פמלה,ביכורי השדה צפון 1994 ג.ד. בעמ,,,"ק""ג",1,"ק""ג",true,1,7.80,7.80,false,1,
540,true,מלון,ביכורי השדה צפון 1994 ג.ד. בעמ,,,"ק""ג",1,"ק""ג",true,1,6.90,6.90,false,1,
543,true,מנגו,ביכורי השדה צפון 1994 ג.ד. בעמ,,,"ק""ג",1,"ק""ג",true,1,9.90,9.90,true,1,
545,true,נקטרינה,ביכורי השדה צפון 1994 ג.ד. בעמ,,,"ק""ג",1,"ק""ג",true,1,8.90,8.90,false,1,
546,true,פפאיה,ביכורי השדה צפון 1994 ג.ד. בעמ,,,"ק""ג",1,,true,1,19.90,19.90,false,1,
550,true,פלפל ביס מתוק,ביכורי השדה צפון 1994 ג.ד. בעמ,,,"י""ח",1,,false,1,9.90,9.90,false,1,
553,true,ענב אדום,ביכורי השדה צפון 1994 ג.ד. בעמ,,,"ק""ג",1,"ק""ג",true,1,15.90,15.90,true,1,
554,true,ענבים לבן .,ביכורי השדה צפון 1994 ג.ד. בעמ,,,"ק""ג",1,"ק""ג",true,1,22.90,22.90,false,1,
557,true,פמלית,ביכורי השדה צפון 1994 ג.ד. בעמ,,,"ק""ג",1,"ק""ג",true,1,8.90,8.90,false,1,
560,true,קלמנטינה,ביכורי השדה צפון 1994 ג.ד. בעמ,,,"ק""ג",1,"ק""ג",true,1,5.90,5.90,true,1,
561,true,עגבניות שרי מנומר שקיל,ביכורי השדה צפון 1994 ג.ד. בעמ,,,"ק""ג",1,,true,1,19.90,19.90,false,1,
563,true,קיווי.,ביכורי השדה צפון 1994 ג.ד. בעמ,,,"ק""ג",1,"ק""ג",true,1,20.90,20.90,true,1,
564,true,רימונים,ביכורי השדה צפון 1994 ג.ד. בעמ,,,"ק""ג",1,"ק""ג",true,1,7.90,7.90,true,1,
566,true,שזיף אדום.,ביכורי השדה צפון 1994 ג.ד. בעמ,,,"ק""ג",1,"ק""ג",true,1,18.90,18.90,false,1,
567,true,גזר בתפזורת,ביכורי השדה צפון 1994 ג.ד. בעמ,,,"ק""ג",1,,true,1,3.90,3.90,false,1,
569,true,שזיף שגיב,ביכורי השדה צפון 1994 ג.ד. בעמ,,,"ק""ג",1,,true,1,19.90,19.90,false,1,
575,true,תפוז תבורי.,ביכורי השדה צפון 1994 ג.ד. בעמ,,,"ק""ג",1,"ק""ג",true,1,5.90,5.90,false,1,
580,true,תפוח אנה,ביכורי השדה צפון 1994 ג.ד. בעמ,,,"ק""ג",1,"ק""ג",true,1,10.90,10.90,false,1,
581,true,תפוח יונתן,ביכורי השדה צפון 1994 ג.ד. בעמ,,,"ק""ג",1,"ק""ג",true,1,10.90,10.90,false,1,
583,true,תפוח סמיט ירוק,ביכורי השדה צפון 1994 ג.ד. בעמ,,,"ק""ג",1,"ק""ג",true,1,10.90,10.90,true,1,
585,true,תפוח חרמון,ביכורי השדה צפון 1994 ג.ד. בעמ,,,"ק""ג",1,"ק""ג",true,1,10.90,10.90,true,1,
586,true,תפוז ברשת,ביכורי השדה צפון 1994 ג.ד. בעמ,,,"ק""ג",1,,true,1,4.90,4.90,true,1,
587,true,קלמנטינה ברשת,ביכורי השדה צפון 1994 ג.ד. בעמ,,,"ק""ג",1,,true,1,5.90,5.90,false,1,
588,true,תפוח גלה,ביכורי השדה צפון 1994 ג.ד. בעמ,,,"ק""ג",1,"ק""ג",true,1,13.90,13.90,true,1,
590,true,תפוח זהוב.,ביכורי השדה צפון 1994 ג.ד. בעמ,,,"ק""ג",1,"ק""ג",true,1,10.90,10.90,true,1,
594,true,סברס,ביכורי השדה צפון 1994 ג.ד. בעמ,,,"ק""ג",1,"ק""ג",true,1,29.90,29.90,false,1,
595,true,תמר צהוב,ביכורי השדה צפון 1994 ג.ד. בעמ,,,"ק""ג",1,"ק""ג",true,1,9.90,9.90,false,1,
601,true,ארטישוק,ביכורי השדה צפון 1994 ג.ד. בעמ,,,"ק""ג",1,"ק""ג",true,1,11.90,11.90,false,1,
603,true,פטרוזיליה רגילה לא ארוז,ביכורי השדה צפון 1994 ג.ד. בעמ,,,"י""ח",1,,false,1,3.90,3.90,true,1,
604,true,נענע רגילה לא ארוז,ביכורי השדה צפון 1994 ג.ד. בעמ,,,"י""ח",1,,false,1,3.90,3.90,true,1,
605,true,בצל יבש,ביכורי השדה צפון 1994 ג.ד. בעמ,,,"ק""ג",1,"ק""ג",true,1,3.90,3.90,true,1,
606,true,בצל אדום,ביכורי השדה צפון 1994 ג.ד. בעמ,,,"ק""ג",1,"ק""ג",true,1,5.90,5.90,false,1,
607,true,בצל לבן,ביכורי השדה צפון 1994 ג.ד. בעמ,,,"ק""ג",1,,true,1,3.90,3.90,false,1,
608,true,בצל ירוק,ביכורי השדה צפון 1994 ג.ד. בעמ,,,"י""ח",1,,false,1,5.90,5.90,true,1,
612,true,בטטה,ביכורי השדה צפון 1994 ג.ד. בעמ,,,"ק""ג",1,"ק""ג",true,1,9.90,9.90,true,1,
620,true,דלעת,ביכורי השדה צפון 1994 ג.ד. בעמ,,,"ק""ג",1,"ק""ג",true,1,12.90,12.90,false,1,
622,true,דלורית,ביכורי השדה צפון 1994 ג.ד. בעמ,,,"ק""ג",1,"ק""ג",true,1,5.90,5.90,true,1,
624,true,חרשוף,ביכורי השדה צפון 1994 ג.ד. בעמ,,,"י""ח",1,,false,1,9.90,9.90,false,1,
625,true,חציל,ביכורי השדה צפון 1994 ג.ד. בעמ,,,"ק""ג",1,"ק""ג",true,1,6.90,6.90,true,1,
629,true,ירק בתפזורת,ביכורי השדה צפון 1994 ג.ד. בעמ,,,"י""ח",1,,false,1,3.90,3.90,true,1,
630,true,כרוב לבן,ביכורי השדה צפון 1994 ג.ד. בעמ,,,"ק""ג",1,"ק""ג",true,1,3.90,3.90,true,1,
631,true,פטרוזיליה לט,ביכורי השדה צפון 1994 ג.ד. בעמ,,,"י""ח",1,,false,1,5.90,5.90,false,1,
633,true,כרוב אדום,ביכורי השדה צפון 1994 ג.ד. בעמ,,,"ק""ג",1,"ק""ג",true,1,4.90,4.90,true,1,
635,true,.כרובית,ביכורי השדה צפון 1994 ג.ד. בעמ,,,"י""ח",1,"ק""ג",false,1,10.90,10.90,false,1,
636,true,שמיר רגיל לא ארוז,ביכורי השדה צפון 1994 ג.ד. בעמ,,,"י""ח",1,,false,1,3.90,3.90,true,1,
639,true,לוף ירק,ביכורי השדה צפון 1994 ג.ד. בעמ,,,"י""ח",1,"י""ח",false,1,7.90,7.90,false,1,
643,true,כוסברה רגילה לא ארוז,ביכורי השדה צפון 1994 ג.ד. בעמ,,,"י""ח",1,,false,1,3.90,3.90,true,1,
645,true,מלפפון.,ביכורי השדה צפון 1994 ג.ד. בעמ,,,"ק""ג",1,"ק""ג",true,1,5.90,5.90,false,1,
650,true,נענע,ביכורי השדה צפון 1994 ג.ד. בעמ,,,"י""ח",1,,false,1,2.90,2.90,true,1,
655,true,סלרי ראש,ביכורי השדה צפון 1994 ג.ד. בעמ,,,"י""ח",1,,false,1,6.90,6.90,false,1,
657,true,סלרי,ביכורי השדה צפון 1994 ג.ד. בעמ,,,"י""ח",1,,false,1,5.90,5.90,false,1,
658,true,סלק עלים,ביכורי השדה צפון 1994 ג.ד. בעמ,,,"י""ח",1,,false,1,6.90,6.90,false,1,
659,true,סלק אדום,ביכורי השדה צפון 1994 ג.ד. בעמ,,,"ק""ג",1,"ק""ג",true,1,3.90,3.90,true,1,
660,true,עגבניה.,ביכורי השדה צפון 1994 ג.ד. בעמ,,,"ק""ג",1,"ק""ג",true,1,5.90,5.90,true,1,
661,true,עגבניה שרי תפזורת,ביכורי השדה צפון 1994 ג.ד. בעמ,,,"ק""ג",1,,true,1,18.90,18.90,false,1,
663,true,פלפל חריף ירוק,ביכורי השדה צפון 1994 ג.ד. בעמ,,,"ק""ג",1,"ק""ג",true,1,9.90,9.90,false,1,
664,true,פלפל חריף אדום,ביכורי השדה צפון 1994 ג.ד. בעמ,,,"ק""ג",1,,true,1,9.90,9.90,false,1,
665,true,פלפל כהה,ביכורי השדה צפון 1994 ג.ד. בעמ,,,"ק""ג",1,"ק""ג",true,1,8.90,8.90,false,1,
666,true,פלפל צהוב,ביכורי השדה צפון 1994 ג.ד. בעמ,,,"ק""ג",1,"ק""ג",true,1,9.90,9.90,true,1,
667,true,גמבה אדומה,ביכורי השדה צפון 1994 ג.ד. בעמ,,,"ק""ג",1,"ק""ג",true,1,10.90,10.90,true,1,
668,true,פק צ וי,ביכורי השדה צפון 1994 ג.ד. בעמ,,,"י""ח",1,,false,1,13.90,13.90,false,1,
669,true,פלפל בהיר,ביכורי השדה צפון 1994 ג.ד. בעמ,,,"ק""ג",1,"ק""ג",true,1,8.90,8.90,false,1,
677,true,צנון שחור,ביכורי השדה צפון 1994 ג.ד. בעמ,,,"ק""ג",1,,true,1,7.90,7.90,false,1,
681,true,צ ילי אדום,ביכורי השדה צפון 1994 ג.ד. בעמ,,,"י""ח",1,,false,1,9.90,9.90,true,1,
683,true,צנונית עלים,ביכורי השדה צפון 1994 ג.ד. בעמ,,,"י""ח",1,,false,1,7.90,7.90,true,1,
684,true,זנגביל,ביכורי השדה צפון 1994 ג.ד. בעמ,,,"ק""ג",1,,true,1,29.90,29.90,false,1,
685,true,קישואים.,ביכורי השדה צפון 1994 ג.ד. בעמ,,,"ק""ג",1,"ק""ג",true,1,8.90,8.90,false,1,
687,true,קולורבי,ביכורי השדה צפון 1994 ג.ד. בעמ,,,"ק""ג",1,"ק""ג",true,1,9.90,9.90,false,1,
689,true,שום ארוז.,ביכורי השדה צפון 1994 ג.ד. בעמ,,,"י""ח",1,,false,1,7.90,7.90,true,1,
690,true,שומר,ביכורי השדה צפון 1994 ג.ד. בעמ,,,"ק""ג",1,"ק""ג",true,1,8.90,8.90,true,1,
692,true,שום טרי.,ביכורי השדה צפון 1994 ג.ד. בעמ,,,"ק""ג",1,,true,1,24.90,24.90,false,1,
698,true,תירס קלחים טרי ארוז.,ביכורי השדה צפון 1994 ג.ד. בעמ,,,"ק""ג",1,"ק""ג",true,1,9.90,9.90,true,1,
699,true,תפוח אדמה אדום.,ביכורי השדה צפון 1994 ג.ד. בעמ,,,"ק""ג",1,"ק""ג",true,1,4.90,4.90,true,1,
700,true,תפוח אדמה לבן ארוז,ביכורי השדה צפון 1994 ג.ד. בעמ,,,"ק""ג",1,"ק""ג",true,1,3.90,3.90,true,1,
701,true,ענבים מיקס,ביכורי השדה צפון 1994 ג.ד. בעמ,,,"ק""ג",1,,true,1,22.90,22.90,false,1,
702,true,"תפו""א לאפיה",ביכורי השדה צפון 1994 ג.ד. בעמ,,,"ק""ג",1,,true,1,3.90,3.90,true,1,
703,true,שום עגמי,ביכורי השדה צפון 1994 ג.ד. בעמ,,,"י""ח",1,,false,1,9.90,9.90,false,1,
704,true,שום בשק,ביכורי השדה צפון 1994 ג.ד. בעמ,,,"י""ח",1,,false,1,3.90,3.90,false,1,
716,true,פלפל כתום,ביכורי השדה צפון 1994 ג.ד. בעמ,,,"ק""ג",1,"ק""ג",true,1,9.90,9.90,true,1,
720,true,אבוקדו ברשת,ביכורי השדה צפון 1994 ג.ד. בעמ,,,"ק""ג",1,,true,1,9.90,9.90,false,1,
723,true,תפוח פינק ישראלי.,ביכורי השדה צפון 1994 ג.ד. בעמ,,,"ק""ג",1,,true,1,19.90,19.90,false,1,
734,true,קובו,ביכורי השדה צפון 1994 ג.ד. בעמ,,,"ק""ג",1,,true,1,29.90,29.90,false,1,
735,true,קישוא זוקיני,ביכורי השדה צפון 1994 ג.ד. בעמ,,,"ק""ג",1,,true,1,9.90,9.90,false,1,
770,true,פלפל שושקה,ביכורי השדה צפון 1994 ג.ד. בעמ,,,"ק""ג",1,,true,1,15.90,15.90,false,1,
821,true,תפוח פינק,ביכורי השדה צפון 1994 ג.ד. בעמ,,,"ק""ג",1,"ק""ג",true,1,19.90,19.90,false,1,
827,true,דלעת יפני שקיל,ביכורי השדה צפון 1994 ג.ד. בעמ,,,"ק""ג",1,,true,1,14.90,14.90,false,1,
853,true,זיתים מיוחדים,תאסת את אצלן בעמ,,,"ק""ג",1,,true,1,44.90,44.90,false,1,
858,true,שקד עם קליפה,פיצוחי הטיב,IL,,"י""ח",1,,true,1,34.90,34.90,false,1,
891,true,אפרסמון קרמבו.,ביכורי השדה צפון 1994 ג.ד. בעמ,,,"ק""ג",1,"ק""ג",true,1,15.90,15.90,false,1,
908,true,מיקס ענבים,ביכורי השדה צפון 1994 ג.ד. בעמ,,,"ק""ג",1,,true,1,22.90,22.90,false,1,
958,true,פטיה,ביכורי השדה צפון 1994 ג.ד. בעמ,,,"ק""ג",0,"י""ח",true,1,24.90,24.90,false,1,
985,true,פטרוזיליה,ביכורי השדה צפון 1994 ג.ד. בעמ,,,"י""ח",1,,false,1,3.90,3.90,true,1,
1452,true,גרבי בובה גברים/נשים,ליאור יבוא ושיווק מוצרי הלבשה,,,"י""ח",1,,false,1,22.90,22.90,false,1,
1527,true,גרבי בריאות,ליאור יבוא ושיווק מוצרי הלבשה,,,"י""ח",1,,false,1,21.90,21.90,false,1,
1543,true,גרב ספורט דק לי קופר,ליאור יבוא ושיווק מוצרי הלבשה,,,"י""ח",1,,false,1,19.90,19.90,false,1,
1622,true,חגורה לגינס אלדו,ליאור יבוא ושיווק מוצרי הלבשה,,,"י""ח",1,,false,1,21.90,21.90,false,1,
1663,true,תחתון לייקרה תחרה *5,ליאור יבוא ושיווק מוצרי הלבשה,,,"י""ח",1,,false,1,39.90,39.90,false,1,
1680,true,גוזיה מרופדת,ליאור יבוא ושיווק מוצרי הלבשה,,,"י""ח",1,,false,1,25.90,25.90,false,1,
1683,true,תחתון מקסי לנשים,ליאור יבוא ושיווק מוצרי הלבשה,,,"י""ח",1,,false,1,19.90,19.90,false,1,
1692,true,תחתון נשים תחרה,ליאור יבוא ושיווק מוצרי הלבשה,,,"י""ח",1,,false,1,4.90,4.90,false,1,
1717,true,סט גופיות לגבר,ליאור יבוא ושיווק מוצרי הלבשה,,,"י""ח",1,,false,1,34.90,34.90,false,1,
1719,true,טרמי לנשים,ליאור יבוא ושיווק מוצרי הלבשה,,,"י""ח",1,,false,1,18.90,18.90,false,1,
1727,true,גרב עקב בנים/בנות,ליאור יבוא ושיווק מוצרי הלבשה,,,"י""ח",1,,false,1,16.90,16.90,false,1,
1733,true,גוזיה,ליאור יבוא ושיווק מוצרי הלבשה,,,"י""ח",1,,false,1,29.90,29.90,false,1,
1747,true,חגורת עור,ליאור יבוא ושיווק מוצרי הלבשה,,,"י""ח",1,,false,1,67.90,67.90,false,1,
1864,true,תחתון קלאסי לנשים,ליאור יבוא ושיווק מוצרי הלבשה,,,"י""ח",1,,false,1,15.90,15.90,false,1,
1869,true,גרב ילדים,ליאור יבוא ושיווק מוצרי הלבשה,,,"י""ח",1,,false,1,13.80,13.80,false,1,
1871,true,גרביון פלא נשים,ליאור יבוא ושיווק מוצרי הלבשה,,,"י""ח",1,,false,1,24.90,24.90,false,1,
1962,true,לחמניה ביס,לפ רשת לחם פרנה בעמ,,,"י""ח",1,,false,1,2.50,2.50,false,1,
2937,true,תרומה וראייטי,שונות /שרות,,,"י""ח",1,,false,1,10,10,false,1,
3416,true,קוקטייל עוף טרי מקוצב,ח.י. מעדני גורמה בעמ,,,"ק""ג",1,,true,1,49.90,49.90,true,1,
3990,true,לחמניה,לפ קבוצת אלירן בעמ,,,"י""ח",1,,false,1,2.20,2.20,false,1,
4443,true,סופגניה רגילה עם ריבה.,שונות /שרות,,,"י""ח",1,,false,1,4.90,4.90,true,1,
4444,true,סופגניה פרימיום מצופות.,ג נרל מילס ישראל בעמ,,,"י""ח",1,,false,1,5.90,5.90,true,1,
5110,true,משלוח,שונות /שרות,,,"י""ח",1,,false,1,29.90,29.90,false,1,
6005,true,"עמלת חלקית 5ש""ח",שונות /שרות,,,"י""ח",1,,false,1,5,5,false,1,
6590,true,סופגניה מיני.,ג נרל מילס ישראל בעמ,,,"י""ח",55,ל  גרם,false,1,3.90,7.09,true,1,
6612,true,עגבניה שרי צבעוני יח,ביכורי השדה צפון 1994 ג.ד. בעמ,,,"י""ח",1,,false,1,12.90,12.90,false,1,
7554,true,ענבים לבן שמיטה,ביכורי השדה צפון 1994 ג.ד. בעמ,,,"ק""ג",1,,true,1,22.90,22.90,false,1,
7557,true,פומלית שמיטה,ביכורי השדה צפון 1994 ג.ד. בעמ,,,"ק""ג",1,,true,1,5.90,5.90,false,1,
7560,true,קלמנטינה שמיטה,ביכורי השדה צפון 1994 ג.ד. בעמ,,,"ק""ג",1,,true,1,5.90,5.90,false,1,
7583,true,תפוח סמיט ירוק שמיטה,ביכורי השדה צפון 1994 ג.ד. בעמ,,,"ק""ג",1,,true,1,10.90,10.90,false,1,
7716,true,פלפל כתום שמיטה,ביכורי השדה צפון 1994 ג.ד. בעמ,,,"ק""ג",1,,true,1,9.90,9.90,false,1,
18163,true,קישואים,פלאפל הגשר מרכז,,,"ק""ג",0,"ק""ג",true,1,8.90,8.90,false,1,
18381,true,פילה אמנון ברוטב קייטרינג,פלאפל הגשר מרכז,,,"ק""ג",0,"י""ח",true,1,69,69,false,1,
23977,true,יין קלאסיק מרלו ברקן.,טמפו משקאות בעמ,,,"י""ח",750,"ל  מ""ל",false,1,32.90,4.35,true,1,
24530,true,"יין אדום מתוק לקידוש של סגל 750מ""ל",טמפו משקאות בעמ,,,"י""ח",750,"ל  מ""ל",false,1,14.90,1.95,false,1,
40041,true,נתח סינטה עגל טרי**,ח.י. מעדני גורמה בעמ,,,"ק""ג",1,,true,1,129.90,129.90,true,1,
40442,true,עצמות בקר למרק  טרי**,ח.י. מעדני גורמה בעמ,,,"ק""ג",1,,true,1,19.90,19.90,false,1,
40974,true,חלב טרי דל לקטוז 1 ליטר,תנובה בעמ ***,,,"י""ח",1,ליטר,false,1,7.50,7.50,false,1,
41012,true,שניצל עגל  טרי/מצונן**,ח.י. מעדני גורמה בעמ,,,"ק""ג",1,,true,1,79.90,79.90,false,1,
41042,true,דואט למרק **,ח.י. מעדני גורמה בעמ,,,"ק""ג",1,,true,1,16.90,16.90,true,1,
41212,true,סטייק פרגיות  עוף טרי**,ח.י. מעדני גורמה בעמ,,,"ק""ג",1,,true,1,79.90,79.90,true,1,
41218,true,גרון עוף טרי  **,ח.י. מעדני גורמה בעמ,,,"ק""ג",1,,true,1,14.90,14.90,true,1,
41229,true,הודו אדום טרי  **,ח.י. מעדני גורמה בעמ,,,"ק""ג",1,,true,1,59.90,59.90,false,1,
41230,true,הודו טחון  טרי**,ח.י. מעדני גורמה בעמ,,,"ק""ג",1,,true,1,34.90,34.90,false,1,
41235,true,רצועות שוארמה  הודו**,ח.י. מעדני גורמה בעמ,,,"ק""ג",1,,true,1,74.90,74.90,false,1,
41260,true,כתף בקר טרי /מצונן חלק.,ח.י. מעדני גורמה בעמ,,,"ק""ג",1,,true,1,79.90,79.90,false,1,
41268,true,אסאדו עם עצם טרי**,ח.י. מעדני גורמה בעמ,,,"ק""ג",1,,true,1,79.90,79.90,true,1,
41269,true,גולש עגל  טרי/מצונן**,ח.י. מעדני גורמה בעמ,,,"ק""ג",1,,true,1,79.90,79.90,true,1,
41270,true,כנפית עוף **,ח.י. מעדני גורמה בעמ,,,"ק""ג",1,,true,1,21.90,21.90,true,1,
41271,true,אנטריקוט טרי/מצונן**,ח.י. מעדני גורמה בעמ,,,"ק""ג",1,,true,1,199,199,true,1,
41324,true,רוסטביף לתנור  **,ח.י. מעדני גורמה בעמ,,,קוב,1,,true,1,89.90,89.90,false,1,
41360,true,חזה בקר  טרי**,ח.י. מעדני גורמה בעמ,,,"ק""ג",1,,true,1,59.90,59.90,true,1,
41364,true,סינטה  טרי**,ח.י. מעדני גורמה בעמ,,,"ק""ג",1,,true,1,148.80,148.80,false,1,
41373,true,פילה בקר טרי **.,ח.י. מעדני גורמה בעמ,,,"ק""ג",1,,true,1,199,199,false,1,
41374,true,שפיץ  **,ח.י. מעדני גורמה בעמ,,,"ק""ג",1,,true,1,138.80,138.80,true,1,
41377,true,שייטל טרי **,ח.י. מעדני גורמה בעמ,,,"ק""ג",1,,true,1,99.90,99.90,false,1,
41379,true,שוקית כנף עוף **,ח.י. מעדני גורמה בעמ,,,"ק""ג",1,,true,1,21.90,21.90,true,1,
41390,true,חזה בקר   טרי***עם עצם,ח.י. מעדני גורמה בעמ,,,"ק""ג",1,,true,1,59.90,59.90,false,1,
41414,true,אונטריף טרי/מצונן**,ח.י. מעדני גורמה בעמ,,,"ק""ג",1,,true,1,89.90,89.90,true,1,
41447,true,פרגית עוף לתנור עם עצם טרי**,ח.י. מעדני גורמה בעמ,,,"ק""ג",1,,true,1,59.90,59.90,true,1,
41506,true,קוביות שייטל להקפצה,ח.י. מעדני גורמה בעמ,,,"ק""ג",1,,true,1,99.90,99.90,false,1,
41545,true,רצועות  חזה עוף להקפצה /טחינה**.,ח.י. מעדני גורמה בעמ,,,"ק""ג",1,,true,1,44.90,44.90,true,1,
41659,true,אסאדו בלי עצם טרי**,ח.י. מעדני גורמה בעמ,,,"ק""ג",1,,true,1,79.90,79.90,true,1,
41680,true,דנוור סטייק טרי **.,ח.י. מעדני גורמה בעמ,,,"ק""ג",1,,true,1,118,118,false,1,
41996,true,מעורב ישראלי,ח.י. מעדני גורמה בעמ,,,"ק""ג",1,,true,1,69.90,69.90,true,1,
42209,true,טחון כתף/צלעות טרי **,ח.י. מעדני גורמה בעמ,,,"ק""ג",1,,true,1,59.90,59.90,false,1,
42261,true,סטייק עם עצם  טרי**,ח.י. מעדני גורמה בעמ,,,"ק""ג",1,,true,1,119.90,119.90,false,1,
42265,true,צלי כתף  טרי/מצונן**,ח.י. מעדני גורמה בעמ,,,"ק""ג",1,,true,1,99.90,99.90,false,1,
42266,true,פילה מדומה   טרי/מצונן**,ח.י. מעדני גורמה בעמ,,,"ק""ג",1,,true,1,89.90,89.90,true,1,
42268,true,שריר  טרי/מצונן**,ח.י. מעדני גורמה בעמ,,,"ק""ג",1,"ק""ג",true,1,69.90,69.90,true,1,
42269,true,צוואר טרי/מצונן   חלק**,ח.י. מעדני גורמה בעמ,,,"ק""ג",1,"ק""ג",true,1,64.90,64.90,true,1,
46006,true,עמק שקילה  *,תנובה בעמ ***,,,"ק""ג",1000,ל  גרם,true,1,44.79,4.48,false,1,
46020,true,"גלבוע  22% שקילה}גבנ""צ{*.",תנובה בעמ ***,,,"ק""ג",1000,ל  גרם,true,1,42.58,4.26,false,1,
46501,true,טל העמק שקיל,תנובה בעמ ***,,,"ק""ג",1000,ל  גרם,true,1,61.30,6.13,false,1,
46662,true,.גבינה סקנדינבית,תנובה בעמ ***,,,"ק""ג",10,"ק""ג",true,1,79,7.90,false,1,
47027,true,גבינה  קצ`קבל(גלעד) חריץ תנובה שקיל,תנובה בעמ ***,,,"ק""ג",1000,ל  גרם,true,1,128.30,12.83,false,1,
47034,true,רוקפור(גליל) חריץ שקיל תנובה,תנובה בעמ ***,,,"ק""ג",1000,ל  גרם,true,1,126,12.60,false,1,
47485,true,בולגרית פיראוס  %24 שקיל,תנובה בעמ ***,,,"ק""ג",1,"ק""ג",true,1,61,61,false,1,
51352,true,חלב של פעם 1 ליטר,תנובה בעמ ***,,,"י""ח",1,ליטר,false,1,7.90,7.90,false,1,
51710,true,פיראוס לאבנה עם שמן זית וזעתר 263גר`,תנובה בעמ ***,,,"י""ח",263,ל  גרם,false,1,14.60,5.55,false,1,
52311,true,עמק 15% פרוס בקופסא 200גר`,תנובה בעמ ***,,,"י""ח",200,ל  גרם,false,1,16.70,8.35,true,1,
52649,true,פיראוס לאבנה 5% 500גר`,תנובה בעמ ***,,,"י""ח",500,ל  גרם,false,1,19.90,3.98,false,1,
53219,true,טל עמק 35% שקיל,תנובה בעמ ***,,,"ק""ג",0,ל  גרם,true,1,58,58,false,1,
55329,true,"יופלה משקה יוגורט טעם תות-מלון 250מ""ל",תנובה בעמ ***,,,"י""ח",250,ל  גרם,false,1,5.60,2.24,false,1,
55336,true,"יופלה משקה יוגורט טעם בננה-אפרסק 250מ""",תנובה בעמ ***,,,"י""ח",250,ל  גרם,false,1,5.70,2.28,false,1,
55893,true,חמאה 200גרם   רגיל*תנובה,תנובה בעמ ***,,,"י""ח",200,ל  גרם,false,1,7.80,3.90,false,1,
56845,true,חלב תנובה טרי הומוגני 3% 1.5  ליטר*,תנובה בעמ ***,,,"י""ח",1.50,ליטר,false,1,9.34,6.23,false,1,
56890,true,מאגדת  יופלה שמיניה דיאט 0%,תנובה בעמ ***,,,"י""ח",1.20,ליטר,false,1,32.30,26.92,false,1,
57088,true,עמק דק 200גר`,תנובה בעמ ***,,,"י""ח",200,ל  גרם,false,1,16.40,8.20,true,1,
57118,true,עמק סמי מעדניה  400גרם,תנובה בעמ ***,,,"י""ח",400,ל  גרם,false,1,23.90,5.98,false,1,
58030,true,"יופלה שטוזים מקה יוגורט תות 800 מ""ל",תנובה בעמ ***,,,"י""ח",800,"ל  מ""ל",false,1,21.10,2.64,false,1,
58047,true,"שמנת מתוקה  (38%תנובה)עם  פקק 500 מ""ל*",תנובה בעמ ***,,,"י""ח",500,"ל  מ""ל",false,1,12.94,2.59,false,1,
60316,true,פרפקטו ספגטי,קבוצת אוסם סחר-שות.מוגבלת,,,"י""ח",500,ל  גרם,false,1,8.70,1.74,false,1,
60903,true,פתיתים אפויים אורז אוסם,קבוצת אוסם סחר-שות.מוגבלת,,,"י""ח",500,ל  גרם,false,1,7.80,1.56,true,1,
61214,true,פתיתים קוסקום עם בצל 500גר`,קבוצת אוסם סחר-שות.מוגבלת,,,"י""ח",500,ל  גרם,false,1,7.90,1.58,true,1,
61450,true,פתיתים קוסקוס 3 צבעים 500גר`,קבוצת אוסם סחר-שות.מוגבלת,,,"י""ח",500,ל  גרם,false,1,7.80,1.56,true,1,
65977,true,חטיפי פריכונים תירס שומשום 80 ג`,קבוצת אוסם סחר-שות.מוגבלת,,,"י""ח",800,ל  גרם,false,1,9.30,1.16,false,1,
69715,true,חטיפי קרקר מלוח 300גר`,קבוצת אוסם סחר-שות.מוגבלת,,,"י""ח",300,ל  גרם,false,1,12.40,4.13,true,1,
74481,true,לחמית אגוזים 230גרם,קבוצת אוסם סחר-שות.מוגבלת,,,"י""ח",230,ל  גרם,false,1,9.90,4.30,true,1,
76645,true,טוסטעים חיטה מלאה 100גר`,קבוצת אוסם סחר-שות.מוגבלת,,,"י""ח",100,ל  גרם,false,1,11.70,11.70,false,1,
77253,true,לחמית כפרית עם דגנים מלאים 190 ג`,קבוצת אוסם סחר-שות.מוגבלת,,,"י""ח",190,ל  גרם,false,1,9.90,5.21,true,1,
77925,true,טוסטעים צנימים עגולים חיטה מלאה 125גר`,קבוצת אוסם סחר-שות.מוגבלת,,,"י""ח",125,ל  גרם,false,1,12.20,9.76,false,1,
90078,true,"קרטון 10יח קמח חיטה לבן  שטיבל  1ק""ג",טחנות קמח שטיבל בש בעמ,,,"י""ח",10,"י""ח",false,1,14.50,1.09,false,1,
100128,true,תות קפוא 300ג  סנפרוסט,תנובה בשר,,,"י""ח",500,ל  גרם,false,1,17.90,3.58,true,1,
103365,true,מרק ירקות  סנפרוסט 560ג,תנובה בשר,,,"י""ח",560,ל  גרם,false,1,17.90,3.20,true,1,
103488,true,ארטישוק  ירושלמי}סנפרוסט{400גר,תנובה בשר,,,"י""ח",400,ל  גרם,false,1,21.90,5.48,true,1,
103815,true,לקט להקפצה בסגנון   תאילנ}סנפרוסט {800,תנובה בשר,,,"י""ח",800,ל  גרם,false,1,24.20,3.03,true,1,
103839,true,מרק כתום   572גרם סנפרוסט,תנובה בשר,,,"י""ח",572,ל  גרם,false,1,17.90,3.13,true,1,
103846,true,מרק אפונה 572גרם סנפרוסט,תנובה בשר,,,"י""ח",572,ל  גרם,false,1,19.90,3.48,true,1,
103860,true,מרק עדשים 572גרם סנפרוסט,תנובה בשר,,,"י""ח",572,ל  גרם,false,1,17.90,3.13,true,1,
116884,true,רוטב ברביקיו-קנור  340גרם,יוניליוור ישראל שיווק בעמ,,,"י""ח",340,ל  גרם,false,1,11.90,3.50,true,1,
116945,true,רוטב סויה-קנור  340גרם,יוניליוור ישראל שיווק בעמ,,,"י""ח",340,ל  גרם,false,1,11.90,3.50,true,1,
120874,true,מיונז הלמנס לייט 424גרם,יוניליוור ישראל שיווק בעמ,,,"י""ח",424,ל  גרם,false,1,13.90,3.28,false,1,
134680,true,קימל שלם 40 גרם,תבליני טעם וריח בעמ,,,"י""ח",1,,false,1,5.90,5.90,false,1,
135465,true,"סודה טמפו 500 מ""ל 12 בק",טמפו משקאות בעמ,,,"י""ח",6,ליטר,false,1,29.90,4.38,true,1,
136158,true,פפסי מקס 1.5 ליטר,טמפו משקאות בעמ,,,"י""ח",1.50,ליטר,false,1,7.50,4.80,true,1,
136172,true,סבן אפ 1.5 ליטר.,טמפו משקאות בעמ,,,"י""ח",1.50,ליטר,false,1,7.70,4.93,true,1,
136189,true,7-UP דיאט  1.5 ליטר,טמפו משקאות בעמ,,,"י""ח",1.50,ליטר,false,1,7.20,4.60,true,1,
136240,true,סודה טמפו 1.5 ל,טמפו משקאות בעמ,,,"י""ח",1.50,ליטר,false,1,4.50,2.80,true,1,
136288,true,"סיידר תרכיז 330מ""ל בטעם תפוחים  Juicer",טמפו משקאות בעמ,,,"י""ח",330,"ל  מ""ל",false,1,13.60,4.12,false,1,
136295,true,"סיידר תרכיז 330מ""ל בטעם פטל  Juicer",טמפו משקאות בעמ,,,"י""ח",330,"ל  מ""ל",false,1,13.60,4.12,false,1,
136301,true,"סיידר תרכיז 330מ""ל בטעם ענבים  Juicer",טמפו משקאות בעמ,,,"י""ח",330,"ל  מ""ל",false,1,13.60,4.12,false,1,
136516,true,ג אמפ מנגו פסיפלורה 1.5 ליטר,טמפו משקאות בעמ,,,"י""ח",1.50,ליטר,false,1,7.50,4.80,true,1,
136523,true,ג אמפ ענבים 1.5 ליטר,טמפו משקאות בעמ,,,"י""ח",1.50,ליטר,false,1,7.50,4.80,true,1,
136561,true,ג אמפ תות בננה 1.5 ליטר,טמפו משקאות בעמ,,,"י""ח",1.50,ליטר,false,1,7.50,4.80,true,1,
136752,true,"סבן אפ דיאט, 1.5 ליטר שישייה.",טמפו משקאות בעמ,,,"י""ח",9,ליטר,false,1,38.90,4.12,true,1,
136776,true,פפסי מקס 1.5 ליטר שישיה,טמפו משקאות בעמ,,,"י""ח",9,ליטר,false,1,38.90,4.12,false,1,
136790,true,סודה 1.5 ליטר שישיה טמפו,טמפו משקאות בעמ,,,"י""ח",9,ליטר,false,1,17.90,1.79,false,1,
136868,true,סאן בנדטו שישיה 1.5 ל,טמפו משקאות בעמ,,,"י""ח",9,ליטר,false,1,19.90,2.01,false,1,
136875,true,סאן בנדטו  מוגז שישיה 1.5 ליטר,טמפו משקאות בעמ,,,"י""ח",9,ליטר,false,1,19.90,2.01,false,1,
143279,true,שמפו הוואי 700 אדום,הנקל סוד בעמ,,,"י""ח",700,"ל  מ""ל",false,1,10.90,1.56,true,1,
153469,true,קציצות עוף קלאסיות עוף טוב 600 גרם,קבוצת אוסם סחר-שות.מוגבלת,,,"י""ח",600,ל  גרם,false,1,30.90,5.15,true,1,
168173,true,ברנפלקס קראנצ`ים 375גרם,יוניליוור ישראל שיווק בעמ,,,"י""ח",500,ל  גרם,false,1,20.90,4.18,true,1,
169538,true,נמס בכוס מרק עגבניות עם קרוטונים 62  ג`ב,יוניליוור ישראל שיווק בעמ,,,"י""ח",34,ל  גרם,false,1,6.90,20.29,true,1,
169798,true,"עוגי מופחת סוכר  500 ג בד""ץ",יוניליוור ישראל שיווק בעמ,,,"י""ח",500,ל  גרם,false,1,19.90,3.98,true,1,
187853,true,נייר טואלט לילי לבן 1/40,קימברלי קלארק ישראל שיווק בעמ,,,"י""ח",40,"י""ח",false,1,45.90,1.15,true,1,
188591,true,מגני תחתון קוטקס SILK יאנג,קימברלי קלארק ישראל שיווק בעמ,,,"י""ח",1,"י""ח",false,1,22.90,22.90,true,1,
189277,true,.תבניות מלבניות גדולות ועמוקות,קימברלי קלארק ישראל שיווק בעמ,,,"י""ח",1,,false,1,11.90,11.90,false,1,
189482,true,תבנית אפייה מקרטון מרובעת,קימברלי קלארק ישראל שיווק בעמ,,,"י""ח",1,"י""ח",false,1,11.90,11.90,false,1,
189598,true,מטליות לחות חד פעמיות ניקול,קימברלי קלארק ישראל שיווק בעמ,,,"י""ח",100,ל  גרם,false,1,9.80,9.80,false,1,
189680,true,זוג מטליות לחות לרצפה,קימברלי קלארק ישראל שיווק בעמ,,,"י""ח",200,ל  גרם,false,1,21.90,10.95,false,1,
189734,true,מטליות לחות לפרקט,קימברלי קלארק ישראל שיווק בעמ,,,"י""ח",1,,false,1,10.90,10.90,false,1,
189871,true,#ניקול אשפתון פחים גדולים 55יח,קימברלי קלארק ישראל שיווק בעמ,,,"י""ח",55,"י""ח",false,1,23.90,0.43,true,1,
190198,true,מטליות לחות לניקוי נירוסטה,קימברלי קלארק ישראל שיווק בעמ,,,"י""ח",1,,false,1,9.80,9.80,false,1,
191171,true,קלינקס קולקשן זוג ניילון,קימברלי קלארק ישראל שיווק בעמ,,,"י""ח",80,"י""ח",false,1,9.90,0.12,false,1,
191225,true,האגיס ליטל בייביס שלב 2 חדש,קימברלי קלארק ישראל שיווק בעמ,,,"י""ח",1,"י""ח",false,1,31.90,31.90,false,1,
191645,true,האגיס רך נולד NB,קימברלי קלארק ישראל שיווק בעמ,,,"י""ח",1,,false,1,31.90,31.90,false,1,
192581,true,מגבות ניקול גליל כפול 6=12,קימברלי קלארק ישראל שיווק בעמ,,,"י""ח",6,"י""ח",false,1,21.90,3.65,false,1,
195216,true,נייר אפיה לתנור בשקית 50יח,קימברלי קלארק ישראל שיווק בעמ,,,"י""ח",1,"י""ח",false,1,10.90,10.90,false,1,
196763,true,שקיות אשפה  ניקול גדול,קימברלי קלארק ישראל שיווק בעמ,,,"י""ח",1,"י""ח",false,1,24.90,24.90,true,1,
197425,true,האגיס פרידום דריי שלב 3,קימברלי קלארק ישראל שיווק בעמ,,,"י""ח",54,"י""ח",false,1,45.90,0.85,true,1,
197456,true,האגיס פרידום דריי שלב 4,קימברלי קלארק ישראל שיווק בעמ,,,"י""ח",44,"י""ח",false,1,45.90,1.04,true,1,
197463,true,האגיס פרידום דריי שלב 4+,קימברלי קלארק ישראל שיווק בעמ,,,"י""ח",42,"י""ח",false,1,45.90,1.09,true,1,
197548,true,האגיס פרידום דריי שלב 5,קימברלי קלארק ישראל שיווק בעמ,,,"י""ח",38,"י""ח",false,1,45.90,1.21,true,1,
197678,true,האגיס פרידום דריי שלב  6,קימברלי קלארק ישראל שיווק בעמ,,,"י""ח",34,"י""ח",false,1,45.90,1.35,true,1,
201856,true,טיטולים פרמיום שלב 4+,קימברלי קלארק ישראל שיווק בעמ,,,"י""ח",1,"י""ח",false,1,36.90,36.90,true,1,
201870,true,טיטולים פרמיום שלב 6,קימברלי קלארק ישראל שיווק בעמ,,,"י""ח",1,"י""ח",false,1,36.90,36.90,true,1,
209012,true,חומץ 1ליטר]יכין[,זנלכל בעמ,,,"י""ח",600,"ל  מ""ל",false,1,7.90,1.32,true,1,
209371,true,שלשות תירס 6OZ,זנלכל בעמ,,,"י""ח",600,ל  גרם,false,1,16.90,2.82,false,1,
209388,true,תירס לייט 150 ג  שלישיה,זנלכל בעמ,,,"י""ח",1,,false,1,12.70,12.70,false,1,
210469,true,עגב. שלמות A2.5 יכין,זנלכל בעמ,,,"י""ח",800,"ל  מ""ל",false,1,9.90,1.24,false,1,
210896,true,רוטב בולונז לפסטה 240 גר`פלסטיק,זנלכל בעמ,,,"י""ח",240,ל  גרם,false,1,5.50,2.29,false,1,
211138,true,עיזים הולנד,א. סיימן סחר בעמ,,,"ק""ג",5,"ק""ג",true,1,99.90,19.98,false,1,
253374,true,מיני שוקולד ציפס 250גר אופנהיימר,תה ויסוצקי (ישראל)בעמ,,,"י""ח",250,ל  גרם,false,1,15.90,6.36,false,1,
253459,true,שוקולד  ציפס טעם קרמל 260גר אופניימר,תה ויסוצקי (ישראל)בעמ,,,"י""ח",260,ל  גרם,false,1,11.90,4.58,false,1,
267500,true,קליפות הדר מצופות שוקולד מריר 200גרם,דין שיווק וקליה 2021 בעמ,,,"י""ח",200,ל  גרם,false,1,11.90,5.95,false,1,
274361,true,גלידל שוקו,לפ קנדילידה בעמ,,,"י""ח",400,ל  גרם,false,1,28.99,7.25,false,1,
292007,true,K3 פיתיון גל קוטל חרקים 10ג,החב הדרומית לשיווק,,,"י""ח",10,"ל  מ""ל",false,1,44.90,449,false,1,
311869,true,וופל שוקולד ללא סוכר 180ג מן,ח.כהן סוכנות מזון ומשקאות בע,,,"י""ח",180,ל  גרם,false,1,7.90,4.39,false,1,
311876,true,"וופלים  וניל לל""ס 180גר מן",ח.כהן סוכנות מזון ומשקאות בע,,,"י""ח",200,ל  גרם,false,1,7.90,3.95,false,1,
318189,true,פסטרמה ברביקיו על האש 300גר.,מעדני יחיעם 1993 בעמ,,,"י""ח",300,ל  גרם,false,1,29.90,9.97,false,1,
319803,true,קבנוס קלאסי 125ג,מעדני יחיעם 1993 בעמ,,,"י""ח",125,ל  גרם,false,1,14.90,11.92,true,1,
319834,true,קבנוס פפרוני קלאסי 125ג,מעדני יחיעם 1993 בעמ,,,"י""ח",125,ל  גרם,false,1,14.90,11.92,true,1,
327082,true,סודה לימון ליים 1.5ליטר,טמפו משקאות בעמ,,,"י""ח",1.50,ליטר,false,1,4.50,2.80,true,1,
364261,true,סלסולי כתף בקר 120גר`,תנובה בשר,,,"י""ח",120,ל  גרם,false,1,17.90,14.92,false,1,
364278,true,סלסולי סלמי איטלקי משובח 120גר`,תנובה בשר,,,"י""ח",120,ל  גרם,false,1,17.90,14.92,false,1,
364285,true,סלסולי פסטרמה הודו 120גר`,תנובה בשר,,,"י""ח",120,ל  גרם,false,1,17.90,14.92,false,1,
364292,true,סלסולי פסטרמה גחלים 120גר`,תנובה בשר,,,"י""ח",120,ל  גרם,false,1,17.90,14.92,false,1,
369709,true,ממרח חמאה 100גרם,גבינות עמיר ניצן בעמ,,,"י""ח",100,ל  גרם,false,1,13.90,13.90,false,1,
379204,true,עינן בלי מלח,שונות /שרות,,,"י""ח",1,,false,1,4.50,4.50,false,1,
379240,true,חלה רגילה מרובעת  500 גרם *,שלמה א.אנג ל בעמ,,,"י""ח",500,ל  גרם,false,1,5.10,1.02,false,1,
379524,true,לחמניה קשר,שלמה א.אנג ל בעמ,,,"י""ח",1,,false,1,2.20,2.20,false,1,
379531,true,לחמניה קלועה מונדלך קטן מתוק,שלמה א.אנג ל בעמ,,,"י""ח",125,ל  גרם,false,1,2.90,2.32,false,1,
379944,true,"קמח אנג ל 1ק""ג",שלמה א.אנג ל בעמ,,,"י""ח",1,מארז,false,1,5.90,5.90,false,1,
415789,true,קובה בשר נבולוסיה 800  ג`יסמין,עת -רן (1996) בעמ,,,"י""ח",800,ל  גרם,false,1,39.90,4.99,false,1,
415796,true,סיגרים בשר 800  ג`יסמין,עת -רן (1996) בעמ,,,"י""ח",800,ל  גרם,false,1,45.90,5.74,false,1,
415826,true,עלי גפן ממולא 800  ג`יסמין,עת -רן (1996) בעמ,,,"י""ח",800,ל  גרם,false,1,47.90,5.99,false,1,
415932,true,קובה למרק בית יוסף,עת -רן (1996) בעמ,,,"י""ח",1,,false,1,49.90,49.90,false,1,
419374,true,מארז לנדוור טחון טורקי 3*100גרם,ש.שסטוביץ בעמ,,,"י""ח",200,ל  גרם,false,1,19.90,9.95,false,1,
446745,true,חמאה שקדים 350ג,בטר אנד דיפרנט בעמ,,,"י""ח",350,ל  גרם,false,1,44.90,12.83,false,1,
453385,true,שמרים יבשים פאקא אינסטנט שקית 500גר,"שטראוס גרופ בע""מ",,,"י""ח",500,ל  גרם,false,1,14.90,2.98,false,1,
453408,true,בצק פיצה דק ומוכן לאפיה שמרית 415גר,"שטראוס גרופ ***בע""מ",,,"י""ח",415,ל  גרם,false,1,17.90,4.31,false,1,
453415,true,בצק עלים מצונן ומוכן לאפיה שמרית 300גר,"שטראוס גרופ ***בע""מ",,,"י""ח",300,ל  גרם,false,1,15.90,5.30,false,1,
453422,true,בצק פילו מוכן לאפיה שמרית 300גר,"שטראוס גרופ ***בע""מ",,,"י""ח",300,ל  גרם,false,1,15.90,5.30,false,1,
453781,true,שמרים יבשים 125ג שמרית.,"שטראוס גרופ בע""מ",,,"י""ח",125,ל  גרם,false,1,7.50,6,false,1,
453866,true,נטורינה קוקוס  200גר,"שטראוס גרופ ***בע""מ",,,"י""ח",200,ל  גרם,false,1,8.20,4.10,false,1,
462141,true,סחוג אדום חריף זהבי  150גר`,"שטראוס גרופ ***בע""מ",,,"י""ח",150,ל  גרם,false,1,8.90,5.93,false,1,
462981,true,זחוק חריף אש 150גרם אחלה,"שטראוס גרופ ***בע""מ",,,"י""ח",150,ל  גרם,false,1,8.90,5.93,false,1,
497198,true,פיתות מארז 10יח  אסלי ברמן,י.את א. ברמן בעמ,,,"י""ח",1,,false,1,11.90,11.90,false,1,
498034,true,לחם כוסמין 100%  E-FREE,י.את א. ברמן בעמ,,,"י""ח",750,ל  גרם,false,1,15.90,2.12,false,1,
498416,true,חצי חלה מיוחד,י.את א. ברמן בעמ,,,"י""ח",1,,false,1,5,5,false,1,
518190,true,מתוק וקל סטיביה 100 שק.,מתוק וקל בעמ,,,"י""ח",25,ל  גרם,false,1,24.70,98.80,false,1,
518220,true,סוכרה דיאט 100 יח.,מתוק וקל בעמ,,,"י""ח",100,"י""ח",false,1,26.90,0.27,false,1,
518336,true,צמר גפן מתוק,מתוק וקל בעמ,,,"י""ח",25,ל  גרם,false,1,4.90,19.60,true,1,
521015,true,יין  סגל לבן,טמפו משקאות בעמ,,,"י""ח",750,"ל  מ""ל",false,1,22.90,3.01,true,1,
521022,true,יין סגל לבן חצי יבש,טמפו משקאות בעמ,,,"י""ח",750,"ל  מ""ל",false,1,22.90,3.01,true,1,
523804,true,"מלח עדין 1 ק""ג צנצנת הארץ",סוגת תעשיות בעמ,,,"י""ח",1,"ק""ג",false,1,6.90,6.90,false,1,
523811,true,"מלח גס 1 ק""ג צנצנת הארץ",סוגת תעשיות בעמ,,,"י""ח",1,"ק""ג",false,1,6.90,6.90,false,1,
524191,true,עוגיות מובחרות כעכים ריפעת,שיבולים ייצור ושיווק מאפה בעמ,,,"י""ח",400,ל  גרם,false,1,16.90,4.23,true,1,
536743,true,קריספי סטיקס תירס 500 גרם,זוגלובק שיווק בעמ,,,"י""ח",1.50,"ק""ג",false,1,14.90,9.93,true,1,
540931,true,עוגיות  400ג טעמים שונים,ציון תורגמן בעמ,,,"י""ח",400,ל  גרם,false,1,12.90,3.23,false,1,
551159,true,בשר ראש מוכשר.,נטו מלינדה סחר בעמ,,,"ק""ג",1,,true,1,79.90,79.90,false,1,
552118,true,נקניקיות מרגז 400 גרם,נטו מלינדה סחר בעמ,,,"י""ח",400,ל  גרם,false,1,20.50,5.13,false,1,
554006,true,קשקבלו  מחלבות גד שקיל,מחלבות גד,,,"ק""ג",1,,true,1,134,134,false,1,
554532,true,צפתית גד  מעודנת 5% במלח ים טבעי 200 ג,מחלבות גד,,,"י""ח",200,"ל  מ""ל",false,1,14.90,7.45,false,1,
554815,true,גבינה מוצרלה  משק}גד{,מחלבות גד,,,"ק""ג",1,,true,1,79.90,79.90,false,1,
554921,true,ריקוטה  }גד 5%  מעדנייה,מחלבות גד,,,"ק""ג",1,,true,1,56.90,56.90,true,1,
554983,true,גבינה לבנה,מחלבות גד,,,"ק""ג",1,,true,1,38.90,38.90,false,1,
555502,true,אריזת פקדון(חוק  פקדון),שונות /שרות,,,"י""ח",1,,false,1,0.30,0.30,false,1,
555503,true,פיקדון X 6,שונות /שרות,,,"י""ח",1,,false,1,1.80,1.80,false,1,
555504,true,פיקדון X 4,שונות /שרות,,,"י""ח",1,,false,1,1.20,1.20,false,1,
555509,true,פיקדון 12X,שונות /שרות,,,"י""ח",1,,false,1,3.60,3.60,false,1,
571022,true,דלעת ארוזה,רגבים עלים ירוקים בעמ,,,"ק""ג",1,,true,1,10.90,10.90,false,1,
571126,true,כמון גבינה.,מחלבות גד,,,"ק""ג",1,"ק""ג",true,1,108,108,false,1,
571294,true,גאודה מעושנת שקיל.,מחלבות גד,,,"ק""ג",1000,ל  גרם,true,1,108,10.80,false,1,
571478,true,תום עזים פרוס בית יצחק 150גר`,מחלבות גד,,,"י""ח",150,ל  גרם,false,1,39,26,false,1,
571485,true,"משקה יוגורט עזים 1 ק""ג",מחלבות גד,,,"י""ח",1,"ק""ג",false,1,21.90,21.90,false,1,
571881,true,משקה יוגורט חלב עזים 3.6%.,מחלבות גד,,,"י""ח",100,ל  גרם,false,1,12.90,12.90,false,1,
604022,true,ביצים L 12 יח*,תנובה ביצים,,,"י""ח",12,"י""ח",false,1,11.30,0.94,false,1,
630519,true,עוף טרי שלם מוכשר(קצביה)**.,ח.י. מעדני גורמה בעמ,,,"ק""ג",1,"ק""ג",true,1,19.90,19.90,false,1,
631059,true,כבד עוף  טרי(קצביה) **.,ח.י. מעדני גורמה בעמ,,,"ק""ג",1,"ק""ג",true,1,29.90,29.90,true,1,
632278,true,שניצל עוף פרימיום  נקי ודק  דק[קצביה].,ח.י. מעדני גורמה בעמ,,,"ק""ג",1,"ק""ג",true,1,49.90,49.90,true,1,
632308,true,חזה עוף חצוי נקי טרי(קצביה )**.,ח.י. מעדני גורמה בעמ,,,"ק""ג",1,,true,1,42.80,42.80,false,1,
633800,true,כנפיים פטם  עטרה]קפוא[,נטו מלינדה סחר בעמ,,,"ק""ג",1,"ק""ג",true,1,14.90,14.90,false,1,
641751,true,חזה הודו טרי נז  קצביה**,ח.י. מעדני גורמה בעמ,,,"ק""ג",1,,true,1,34.90,34.90,false,1,
642840,true,שוקיים הודו טרי**,ח.י. מעדני גורמה בעמ,,,"ק""ג",1,,true,1,29.90,29.90,false,1,
643243,true,שווארמה הודו נקבה}קצביה{**,ח.י. מעדני גורמה בעמ,,,"ק""ג",1,,true,1,74.90,74.90,false,1,
643946,true,כנף הודו   טרי}קצביה{**,ח.י. מעדני גורמה בעמ,,,"ק""ג",1,,true,1,14.90,14.90,false,1,
644356,true,גרון   הודו טרי(קצביה)**,ח.י. מעדני גורמה בעמ,,,"ק""ג",1,,true,1,32.90,32.90,false,1,
644783,true,דג סלמון קפוא מנות תנובה,תנובה בשר,,,"ק""ג",1,"ק""ג",true,1,89.90,89.90,false,1,
646299,true,פילה נסיכת נילוס 100% דג,תנובה בשר,,,"ק""ג",1,,true,1,54.90,54.90,false,1,
652542,true,דג פילה אמנון פרימיום  5-7,תנובה בשר,,,"ק""ג",1,,true,1,37.90,37.90,false,1,
652894,true,סטייק דג טונה 100% דג,תנובה בשר,,,"ק""ג",1,,true,1,44.90,44.90,false,1,
654546,true,פילה אמנון 7-9 100% דג פרמיום,תנובה בשר,,,"ק""ג",1,,true,1,35.90,35.90,false,1,
657657,true,מאפים טריים במשקל אפיה מקומית.,ג נרל מילס ישראל בעמ,,,"ק""ג",1,,true,1,44.90,44.90,true,1,
662817,true,סלמון מעושן  100גר,תנובה בשר,,,"י""ח",100,ל  גרם,false,1,19.90,19.90,false,1,
663135,true,קוביות סלמון קפוא 300ג,תנובה בשר,,,"י""ח",300,ל  גרם,false,1,29.90,9.97,false,1,
666601,true,פיקדון 0.30.,שונות /שרות,,,"י""ח",1,"י""ח",false,1,0.30,0.30,false,1,
688374,true,מי עדן בייבי שישיה 250,יפאורה שותפות מוגבלת לשיווק,,,"י""ח",1.50,ליטר,false,1,15.80,9.33,false,1,
688381,true,מי עדן שישיה 0.5 ליטר,יפאורה שותפות מוגבלת לשיווק,,,"י""ח",3,ליטר,false,1,14.90,4.37,true,1,
688428,true,מי מינרלים בודד חצי ליטר,יפאורה שותפות מוגבלת לשיווק,,,"י""ח",500,"ל  מ""ל",false,1,3,0.54,false,1,
688503,true,"מי עדן שישייה ג ים 750 מ""ל",יפאורה שותפות מוגבלת לשיווק,,,"י""ח",4.50,ליטר,false,1,16.50,3.27,false,1,
861000,true,משטח עץ,שונות /שרות,,,"י""ח",1,,false,1,7,7,false,1,
877599,true,פילה עוף פרימיום ארוז.,נטו מלינדה סחר בעמ,,,"ק""ג",1,,true,1,39.90,39.90,false,1,
961804,true,דלעת ארוזה שקיל,ביכורי השדה צפון 1994 ג.ד. בעמ,,,"ק""ג",1,,true,1,12.90,12.90,false,1,
995410,true,נבטים,ביכורי השדה צפון 1994 ג.ד. בעמ,,,"י""ח",1,,false,1,6.90,6.90,true,1,
1121238,true,קורנד ביף 180גר`,מעדני יחיעם 1993 בעמ,,,"י""ח",180,ל  גרם,false,1,23.90,13.28,false,1,
1121672,true,פסטרמה מעודנת בפפריקה   300ג,מעדני יחיעם 1993 בעמ,,,"י""ח",330,ל  גרם,false,1,20.90,6.33,false,1,
1121795,true,נקניקיות עוף חריפות 400גרם,מעדני יחיעם 1993 בעמ,,,"י""ח",400,ל  גרם,false,1,11.90,2.98,false,1,
1121849,true,פסטרמה הודו 100% חומרים טבעיים 250גרם,מעדני יחיעם 1993 בעמ,,,"י""ח",250,ל  גרם,false,1,25.90,10.36,true,1,
1121979,true,"סלמי הרץ 150מ""ל",מעדני יחיעם 1993 בעמ,,,"י""ח",150,ל  גרם,false,1,24.90,16.60,false,1,
1123041,true,בשר 5 חלק,נטו מלינדה סחר בעמ,,,"ק""ג",1,,true,1,68.90,68.90,false,1,
1135082,true,חזה עוף  חצוי קפוא  ארוז,טל-הל יסכה בעמ,,,"ק""ג",1,,true,1,35.90,35.90,false,1,
1201589,true,ביצים L 12 יח*,מ.לסר בעמ,,,"י""ח",12,"י""ח",false,1,12.05,1,false,1,
1201596,true,ביצים M 12 יח*,מ.לסר בעמ,,,"י""ח",12,"י""ח",false,1,11.15,0.93,false,1,
1201824,true,ביצים 12יח L אורגני,מ.לסר בעמ,,,"י""ח",12,"י""ח",false,1,20.90,1.74,false,1,
1201862,true,ביצים 12יח L חופש,מ.לסר בעמ,,,"י""ח",12,"י""ח",false,1,17.90,1.49,false,1,
1215705,true,חצי חלה,ג נרל מילס ישראל בעמ,,,"י""ח",1,,false,1,5,5,true,1,
1216231,true,"טחינה""אל   ארז""מלאה 500גר",סוגת תעשיות בעמ,,,"י""ח",500,ל  גרם,false,1,17.90,3.58,false,1,
1230331,true,כאמל בוקס בודד.,גלוברנדס בעמ,,,"י""ח",1,,false,1,31,31,false,1,
1230739,true,קאמל כחול בודד,גלוברנדס בעמ,,,"י""ח",1,,false,1,31,31,false,1,
1231932,true,וינסטון כחול בודד.,גלוברנדס בעמ,,,"י""ח",1,,false,1,32.50,32.50,false,1,
1246757,true,נוזל רצפות מלון בוטיק  2ליטר טאצ`,סאסאטק אגשח בעמ,,,"י""ח",2,ליטר,false,1,18.90,9.45,true,1,
1407592,true,"טחינה גולמית בארכה פי 6 סידן 1 ק""ג",קבוצת אוסם סחר-שות.מוגבלת,,,"י""ח",1,"ק""ג",false,1,24.90,24.90,false,1,
1427019,true,"מיץ תפוזים 500מ""ל סחוט בקבוק זכוכית",תנובה בעמ ***,,,"י""ח",500,"ל  מ""ל",false,1,17.50,3.44,false,1,
1427118,true,"מיץ תפוחים טבעי 500מ,ל זכוכית",תנובה בעמ ***,,,"י""ח",500,"ל  מ""ל",false,1,16.20,3.18,false,1,
1427132,true,"מיץ רימונים   טבעי 500מ,ל זכוכית",תנובה בעמ ***,,,"י""ח",500,"ל  מ""ל",false,1,21.20,4.18,false,1,
1444160,true,"שמן זית כתית מעולה מ עץ הזית 750 מ""ל.",סוגת תעשיות בעמ,,,"י""ח",750,"ל  מ""ל",false,1,34.90,4.65,false,1,
1461105,true,לחם מחמצת לבן 530גר,ג נרל מילס ישראל בעמ,,,"י""ח",530,ל  גרם,false,1,16.90,3.19,false,1,
1461112,true,לחם מחמצת דגנים 530גר,ג נרל מילס ישראל בעמ,,,"י""ח",530,ל  גרם,false,1,16.90,3.19,false,1,
1461457,true,בגט רוסטיק,ג נרל מילס ישראל בעמ,,,"י""ח",1,,false,1,7.90,7.90,true,1,
1461891,true,לחמניה יאמיס קמח מלא,ג נרל מילס ישראל בעמ,,,"י""ח",1,,false,1,2.90,2.90,false,1,
1476208,true,ברי פיקאן  משולש  משקל גד,מחלבות גד,,,"ק""ג",1,,true,1,139,139,false,1,
1482094,true,פרמזנו 200 ג ויליפוד,ג.וילי פוד אינטרנשיונל בעמ,,,"י""ח",200,ל  גרם,false,1,23.90,11.95,false,1,
1567708,true,נקניק וינר 400ג ללא,מעדני יחיעם 1993 בעמ,,,"י""ח",400,ל  גרם,false,1,11.90,2.98,false,1,
1567760,true,פסטרמה של פעם  300ג,מעדני יחיעם 1993 בעמ,,,"י""ח",300,ל  גרם,false,1,25.90,8.63,true,1,
1567906,true,פסטרמה   מעודנת 200ג,מעדני יחיעם 1993 בעמ,,,"י""ח",200,ל  גרם,false,1,12.90,6.45,false,1,
1567937,true,איטלקי מפולפל 200ג,מעדני יחיעם 1993 בעמ,,,"י""ח",200,ל  גרם,false,1,12.90,6.45,false,1,
1591505,true,סטייק דג טונה  קפוא עם עור מחנה יהודה.,נטו מלינדה סחר בעמ,,,"ק""ג",1,"ק""ג",true,1,39.90,39.90,true,1,
1591512,true,נתחי סלמון ללא עור קפוא מחנה יהודה,נטו מלינדה סחר בעמ,,,"ק""ג",1,"ק""ג",true,1,99.90,99.90,true,1,
1591529,true,פילה סלמון מנות קפוא מחנה יהודה.,נטו מלינדה סחר בעמ,,,"ק""ג",1,"ק""ג",true,1,89.90,89.90,true,1,
1591550,true,פילה אמנון ללא עור מחנה יהודה.,נטו מלינדה סחר בעמ,,,"ק""ג",1,"ק""ג",true,1,37.90,37.90,true,1,
1591567,true,פילה אמנון 100% מחנה יהודה.,נטו מלינדה סחר בעמ,,,"ק""ג",1,"ק""ג",true,1,36.90,36.90,true,1,
1591574,true,פילה אמנון 80% מחנה יהודה.,נטו מלינדה סחר בעמ,,,"ק""ג",1,"ק""ג",true,1,26.90,26.90,false,1,
1591604,true,המבורגר אנגוס מחנה יהודה 600גר,נטו מלינדה סחר בעמ,,,"י""ח",600,ל  גרם,false,1,29.90,4.98,true,1,
1591611,true,קבבוני אנגוס עגול מחנה יהודה 500גר,נטו מלינדה סחר בעמ,,,"י""ח",500,ל  גרם,false,1,29.90,5.98,true,1,
1591635,true,נקניקיות מרגז סגנון מרוקאי מחנה יהודה,נטו מלינדה סחר בעמ,,,"י""ח",500,ל  גרם,false,1,29.90,5.98,true,1,
1648995,true,שלישית קפה רגואן 3*100גר,רוני רג ואן,,,"י""ח",300,ל  גרם,false,1,19.90,6.63,false,1,
1690987,true,פילה הייק ארוז קפוא,נטו מלינדה סחר בעמ,,,"ק""ג",1,"ק""ג",true,1,49.90,49.90,false,1,
1713518,true,"רהיט 750 מ""ל ניקוי רהיטים",קומפלקס כימיקלסבעמ ~~~,,,"י""ח",750,"ל  מ""ל",false,1,15.90,2.12,false,1,
1879627,true,פילה עוף  טרי**,ח.י. מעדני גורמה בעמ,,,"ק""ג",1,,true,1,49.90,49.90,true,1,
1881040,true,"מלפפון בייבי במלח 1ק""ג",מאמא מרי בעמ,,,"י""ח",1,"ק""ג",false,1,31.90,31.90,false,1,
1881095,true,עגבניות שרי,מאמא מרי בעמ,,,"י""ח",1,"ק""ג",false,1,31.90,31.90,false,1,
1881873,true,כרוב עם חמוציות,מאמא מרי בעמ,,,"י""ח",1,"ק""ג",false,1,18.90,18.90,false,1,
1946121,true,פפריקה 400גר`,דין שיווק וקליה 2021 בעמ,,,"י""ח",400,ל  גרם,false,1,21.90,5.48,false,1,
2008989,true,קישקשים 225 יחידות הנמל,הנמל אריזות ושווק בעמ,,,"י""ח",225,"י""ח",false,1,9.90,0.04,false,1,
2026402,true,בלינצס גבינה 420גר,מוצרי איכות אמריקאיים בעמ,,,"י""ח",420,ל  גרם,false,1,15,3.57,true,1,
2043072,true,מיני פריכיות אורז חום צ. שוקול 70ג,א.ל.יצור ושיווקתבלינים בעמ,,,"י""ח",70,ל  גרם,false,1,8.90,12.71,true,1,
2043218,true,צ`יפס אורז חום מלא מלוח 60גר,א.ל.יצור ושיווקתבלינים בעמ,,,"י""ח",60,ל  גרם,false,1,6.90,11.50,true,1,
2043379,true,צ`יפס אורז חום מלא עדשים שחורות 60גר,א.ל.יצור ושיווקתבלינים בעמ,,,"י""ח",60,ל  גרם,false,1,7.90,13.17,false,1,
2065616,true,לחם שיפון גרעינים 750גר`,שלמה א.אנג ל בעמ,,,"י""ח",750,ל  גרם,false,1,12.90,1.72,false,1,
2065623,true,לחם שיפון כפרי 750גר`,שלמה א.אנג ל בעמ,,,"י""ח",750,ל  גרם,false,1,12.90,1.72,false,1,
2077268,true,מיני קציצות דג 500 גרם,נטו מלינדה סחר בעמ,,,"י""ח",500,ל  גרם,false,1,21.90,4.38,false,1,
2077725,true,סלומון נורווגי מצונן 100 גרם(נטו),נטו מלינדה סחר בעמ,,,"י""ח",100,ל  גרם,false,1,19.90,19.90,false,1,
2079217,true,לחם מחמצת   שיפון+אגוזים 650 ג`,דוידוביץ ובניו שיווק ומכירות,,,"י""ח",650,ל  גרם,false,1,15.90,2.45,false,1,
2107743,true,צפתית צוריאל מעודנת,*החברה המרכזית להפצת משקאותבעמ,,,"ק""ג",1,,true,1,49.90,49.90,false,1,
2109372,true,בורקס פילו אצבעות בולגרית 700גר`,נטו מלינדה סחר בעמ,,,"י""ח",600,ל  גרם,false,1,21.90,3.65,true,1,
2109488,true,קבב אמיתי 100% 440גרם  טיבוןויל,נטו מלינדה סחר בעמ,,,"י""ח",500,ל  גרם,false,1,21.90,4.38,true,1,
2129479,true,פיצה איטלקית דקה שלושת האופים 320גר,נטו מלינדה סחר בעמ,,,"י""ח",320,ל  גרם,false,1,16.90,5.28,true,1,
2129486,true,פיצה איטלקית דקה שלושת האופים 340גר,נטו מלינדה סחר בעמ,,,"י""ח",340,ל  גרם,false,1,16.90,4.97,false,1,
2157830,true,קוביות גולש 100% בשר  800ג,נטו מלינדה סחר בעמ,,,"י""ח",800,ל  גרם,false,1,39.90,4.99,false,1,
2157953,true,טונה  קנולה 140ג 1/4,נטו מלינדה סחר בעמ,,,"י""ח",560,ל  גרם,false,1,20.90,3.73,true,1,
2232964,true,צפוי פז טחון דק 600,נטורפוד בעמ,,,"י""ח",600,ל  גרם,false,1,25.90,4.32,false,1,
2253235,true,דורות רוטב פסטו 160גר,קבוצת אוסם סחר-שות.מוגבלת,,,"י""ח",160,ל  גרם,false,1,11.90,7.44,false,1,
2263562,true,"רוטב לימון משומר 200מ""ל",א.ל.יצור ושיווקתבלינים בעמ,,,"י""ח",200,"ל  מ""ל",false,1,6.90,3.45,false,1,
2277422,true,ריבועי בצק עלים מרודד 700ג,נטו מלינדה סחר בעמ,,,"י""ח",700,ל  גרם,false,1,19.90,2.84,true,1,
2278528,true,זוג כריות ניקוי כלים,ח.כהן סוכנות מזון ומשקאות בע,,,"י""ח",2,"י""ח",false,1,7.90,3.95,false,1,
2281405,true,סלט סלמון מעושן 160*2יח,נטו מלינדה סחר בעמ,,,"י""ח",320,ל  גרם,false,1,9.90,3.09,false,1,
2281429,true,סטייק דג טונה קפוא ללא עור,נטו מלינדה סחר בעמ,,,"ק""ג",1,"ק""ג",true,1,54.90,54.90,false,1,
2281436,true,סטייק דג טונה בהירה קפוא ללא עור,נטו מלינדה סחר בעמ,,,"ק""ג",1,,true,1,54.90,54.90,false,1,
2281498,true,מגורדת 500ג ריץ,נטו מלינדה סחר בעמ,,,"י""ח",500,ל  גרם,false,1,26.90,5.38,false,1,
2281979,true,שריר בשר  מס `8   חלק.,נטו מלינדה סחר בעמ,,,"ק""ג",1,,true,1,32.90,32.90,false,1,
2300877,true,צ`דר אנגלי לבן נטו,א. סיימן סחר בעמ,,,"ק""ג",1,,true,1,129,129,false,1,
2300884,true,צ`דר אנגלי כתום נטו.,א. סיימן סחר בעמ,,,"ק""ג",1,,true,1,129,129,false,1,
2327066,true,קונכיות בצק קפוא,נטו מלינדה סחר בעמ,,,"י""ח",500,ל  גרם,false,1,21.90,4.38,true,1,
2327073,true,בורקס גבינה 800 גרם,נטו מלינדה סחר בעמ,,,"י""ח",800,ל  גרם,false,1,24.50,3.06,true,1,
2331360,true,נביעות שישיות 500 מייל פקק ספורט,החברה המרכזית להפצת משקאות בעמ,,,"י""ח",3,ליטר,false,1,15.90,4.70,true,1,
2331476,true,"נביעות בודד בייבי 320מ""ל",החברה המרכזית להפצת משקאות בעמ,,,"י""ח",3,ליטר,false,1,3.20,0.97,false,1,
2331483,true,"נביעות שישיות בייבי 320מ""ל",החברה המרכזית להפצת משקאות בעמ,,,"י""ח",3,ליטר,false,1,13.80,4,false,1,
2331490,true,נביעות 1ליטר,החברה המרכזית להפצת משקאות בעמ,,,"י""ח",1,ליטר,false,1,3.50,3.50,true,1,
2331636,true,נביעות מוגז בודד,החברה המרכזית להפצת משקאות בעמ,,,"י""ח",1.50,ליטר,false,1,3.50,2.33,false,1,
2332329,true,פילה סלמון טרי.,דגת הארץ אגודה שיתופית,,,"ק""ג",1,,true,1,149.90,149.90,false,1,
2332350,true,.פילה אמנון טרי ארוז,דגת הארץ אגודה שיתופית,,,"ק""ג",1,,true,1,74.90,74.90,false,1,
2332398,true,דניס שלם ארוז טרי,דגת הארץ אגודה שיתופית,,,"ק""ג",1,,true,1,89,89,false,1,
2345015,true,סינטה דקדק 250גר אל גאוצו,נטו מלינדה סחר בעמ,,,"י""ח",250,ל  גרם,false,1,16.90,6.76,true,1,
2345022,true,אנטריקוט דקדק 250גר,נטו מלינדה סחר בעמ,,,"י""ח",250,ל  גרם,false,1,28.90,11.56,true,1,
2345435,true,פילה מרלוזה,נטו מלינדה סחר בעמ,,,"ק""ג",1,"ק""ג",true,1,31.90,31.90,false,1,
2370130,true,גבינת ברי צרפתית שקיל,ג.וילי פוד אינטרנשיונל בעמ,,,"ק""ג",1,"ק""ג",true,1,109.90,109.90,false,1,
2370239,true,גבינה חצי קשה פיקנטית 31%,ג.וילי פוד אינטרנשיונל בעמ,,,"ק""ג",1,"ק""ג",true,1,99,99,false,1,
2370673,true,שערות גבינה  שקיל,ג.וילי פוד אינטרנשיונל בעמ,,,"ק""ג",1,"ק""ג",true,1,99,99,false,1,
2370680,true,אצבעות מוצרלי במשקל ויליפוד,ג.וילי פוד אינטרנשיונל בעמ,,,"ק""ג",1,,true,1,79.90,79.90,true,1,
2370741,true,גבינה מלוחה מחלב עיזים 19% שומןשקיל,ג.וילי פוד אינטרנשיונל בעמ,,,"ק""ג",1,"ק""ג",true,1,99,99,true,1,
2370925,true,גבינת גאודה עם עשבי תיבול ושום שקיל,ג.וילי פוד אינטרנשיונל בעמ,,,"ק""ג",1,"ק""ג",true,1,110,110,true,1,
2371526,true,סלסולי פסטרמה שום וצ`ילי 120גר`,תנובה בשר,,,"י""ח",120,ל  גרם,false,1,16.90,14.08,false,1,
2371540,true,קורנדביף  120גר`,תנובה בשר,,,"י""ח",120,ל  גרם,false,1,17.90,14.92,false,1,
2371939,true,סרוולד צרפתי 120גר,תנובה בשר,,,"י""ח",120,ל  גרם,false,1,26.90,22.42,false,1,
2374640,true,שמן קנולה פלוס אומגה 3 עץ הזית 1ליטר,סוגת תעשיות בעמ,,,"י""ח",1,ליטר,false,1,16.50,16.50,false,1,
2385486,true,גבינת שמנת טבעית 30% שקיל גד,מחלבות גד,,,"ק""ג",1,,true,1,44.90,44.90,false,1,
2385509,true,גבינת שמנת שמיר 30% שקיל גד,מחלבות גד,,,"ק""ג",1,,true,1,44.90,44.90,false,1,
2385738,true,מנצ`יגו משולשים שקיל גד,מחלבות גד,,,"ק""ג",1,,true,1,141,141,false,1,
2395408,true,"גבנצ  נעם 28% ק""ג  *.",*החברה המרכזית להפצת משקאותבעמ,,,"ק""ג",1,,true,1,44.79,44.79,false,1,
2395415,true,חריץ גבינה נעם 9% שקיל,*החברה המרכזית להפצת משקאותבעמ,,,"ק""ג",1,,true,1,70.90,70.90,false,1,
2395422,true,גבינה צהובה נעם 22%  שקיל*,*החברה המרכזית להפצת משקאותבעמ,,,"ק""ג",1,,true,1,42.58,42.58,false,1,
2439219,true,עוגת פס קצפת ופירות יער 500גר,נטו מלינדה סחר בעמ,,,"י""ח",400,ל  גרם,false,1,34.90,8.73,false,1,
2439240,true,פס גבינה אפויה  500גר,נטו מלינדה סחר בעמ,,,"י""ח",450,ל  גרם,false,1,34.90,7.76,false,1,
2487364,true,בורקס פילו גבינה  זיתים 700 גרם,נטו מלינדה סחר בעמ,,,"י""ח",700,ל  גרם,false,1,21.90,3.13,true,1,
2488422,true,תמר מג`הול פרימיום 600 גר,דין שיווק וקליה 2021 בעמ,,,"י""ח",600,ל  גרם,false,1,19.90,3.32,false,1,
2507284,true,שניצל דג מצופה 700 במבינו,נטו מלינדה סחר בעמ,,,"י""ח",700,ל  גרם,false,1,24.90,3.56,false,1,
2507451,true,קציצות דג סלמון לבישול 750גרם,נטו מלינדה סחר בעמ,,,"י""ח",7500,ל  גרם,false,1,28.90,0.39,true,1,
2507604,true,פיצה השף איטלקית 320ג,נטו מלינדה סחר בעמ,,,"י""ח",320,ל  גרם,false,1,17.90,5.59,true,1,
2511212,true,צפתית עיראקית המושבה,מחלבות המושבה בעמ,,,"ק""ג",1,,true,1,65.90,65.90,false,1,
2511229,true,בולגרית מעודנת 16%  המושבה,מחלבות המושבה בעמ,,,"ק""ג",1000,ל  גרם,true,1,39.90,3.99,false,1,
2511236,true,בולגרית מעודנת  5%  המושבה,מחלבות המושבה בעמ,,,"ק""ג",1,,true,1,39.90,39.90,false,1,
2511281,true,ברינזה צאן/כבשים המושבה,מחלבות המושבה בעמ,,,"ק""ג",1,"ק""ג",true,1,89.90,89.90,false,1,
2511311,true,גבינת פיקורינו כבשים,מחלבות המושבה בעמ,,,"ק""ג",1,,true,1,124.90,124.90,false,1,
2511335,true,גבינת תום  כבשים,מחלבות המושבה בעמ,,,"ק""ג",1,,true,1,124.90,124.90,false,1,
2511427,true,אצבעות שוקולד וניל מעדניה,מחלבות המושבה בעמ,,,"ק""ג",1000,ל  גרם,true,1,59.90,5.99,false,1,
2511557,true,תום ביין  שקיל,מחלבות המושבה בעמ,,,"ק""ג",150,"ל  מ""ל",true,1,120,80,false,1,
2511748,true,גאודה  כמהין שקיל,מחלבות המושבה בעמ,,,"ק""ג",150,"ל  מ""ל",true,1,120,80,false,1,
2511755,true,גאודה  פסטו שקיל,מחלבות המושבה בעמ,,,"ק""ג",150,"ל  מ""ל",true,1,120,80,false,1,
2511786,true,בולגרית עיזים 22% המושבה שקיל,מחלבות המושבה בעמ,,,"ק""ג",1000,ל  גרם,true,1,79.90,7.99,false,1,
2517634,true,כוסברה 30 גרם,תבליני טעם וריח בעמ,,,"י""ח",1,,false,1,5.90,5.90,false,1,
2517801,true,צילי  כתוש-חריף(פלפל  קיינה )30גרם,תבליני טעם וריח בעמ,,,"י""ח",1,,false,1,5.90,5.90,false,1,
2517863,true,ציפורן טחון 40 גרם,תבליני טעם וריח בעמ,,,"י""ח",1,,false,1,9.90,9.90,false,1,
2538592,true,קרמבו 8יח טעם וניל/מוקה,גלידות קולורדו בעמ,,,"י""ח",8,"י""ח",false,1,11.90,1.49,false,1,
2542506,true,בירה קורונה  355מייל,תימקו בירה בעמ,,,"י""ח",330,"ל  מ""ל",false,1,10.90,3.21,false,1,
2542780,true,"בירה סטלה ארטואה 330מ""ל  1/6 בקבוק",תימקו בירה בעמ,,,"י""ח",330,"ל  מ""ל",false,1,39.90,11.55,true,1,
2542865,true,"הוגרדן בקבוק 330מ""ל 1/6",תימקו בירה בעמ,,,"י""ח",330,"ל  מ""ל",false,1,49.90,14.58,false,1,
2564515,true,קליפות הדר מצופות בשוקולד מריר 100ג,תה ויסוצקי (ישראל)בעמ,,,"י""ח",100,ל  גרם,false,1,9.90,9.90,false,1,
2564522,true,דרז`ה פולי קפה בשוקולד מריר 100ג,תה ויסוצקי (ישראל)בעמ,,,"י""ח",100,ל  גרם,false,1,9.90,9.90,false,1,
2564539,true,דרז`ה פקאן בשוקולד מריר 100ג,תה ויסוצקי (ישראל)בעמ,,,"י""ח",100,ל  גרם,false,1,9.90,9.90,false,1,
2577508,true,פילה הרינג בשמן ובצל  240 ג,נטו מלינדה סחר בעמ,,,"י""ח",240,ל  גרם,false,1,22.30,9.29,false,1,
2579731,true,"נר נשמה שבועי   בזכוכית""שווה""",ח.כהן סוכנות מזון ומשקאות בע,,,"י""ח",1,,false,1,9.90,9.90,false,1,
2603474,true,פיצה שף שגב רוטב פטריות טעם ממהין200ג,נטו מלינדה סחר בעמ,,,"י""ח",200,ל  גרם,false,1,16.90,8.45,true,1,
2603498,true,פיצה שף שגב אנטיפסטי 200ג,נטו מלינדה סחר בעמ,,,"י""ח",200,ל  גרם,false,1,16.90,8.45,true,1,
2608509,true,לחם מחמצת זיתי קלמטה 530גר,ג נרל מילס ישראל בעמ,,,"י""ח",530,ל  גרם,false,1,16.90,3.19,false,1,
2608516,true,לחם מחמצת טוסקני מקמח מלא 530גר,ג נרל מילס ישראל בעמ,,,"י""ח",530,ל  גרם,false,1,16.90,3.19,false,1,
2608523,true,לחם מחמצת כוסמין 530גר,ג נרל מילס ישראל בעמ,,,"י""ח",530,ל  גרם,false,1,16.90,3.19,false,1,
2608547,true,לחם מחמצת שיפון כהה וחמוציות 530גר,ג נרל מילס ישראל בעמ,,,"י""ח",530,ל  גרם,false,1,16.90,3.19,false,1,
2608769,true,לחם מחמצת טוסקני דגנים 530גר,ג נרל מילס ישראל בעמ,,,"י""ח",530,ל  גרם,false,1,16.90,3.19,false,1,
2627098,true,פיצה ביס 350גר שלושת האופים,נטו מלינדה סחר בעמ,,,"י""ח",350,ל  גרם,false,1,19.90,5.69,true,1,
2661153,true,"לחם דני קל 1ק""ג",י.את א. ברמן בעמ,,,"י""ח",1,"ק""ג",false,1,16.90,16.90,false,1,
2661924,true,לחמניות   מזונות]שישיות[,י.את א. ברמן בעמ,,,"י""ח",450,ל  גרם,false,1,12.90,2.87,false,1,
2692768,true,תרסיס שמן קנולה מזוכך ללא תוספת גז 200,סוגת תעשיות בעמ,,,"י""ח",200,"ל  מ""ל",false,1,15.90,7.95,false,1,
2692775,true,"תרסיס שמן קנולה  200מ""ל עץ הזית",סוגת תעשיות בעמ,,,"י""ח",2,ליטר,false,1,14.90,7.45,false,1,
2692782,true,תרסיס טעם זית כתית מעולה ללא תוספת גז1,סוגת תעשיות בעמ,,,"י""ח",200,"ל  מ""ל",false,1,15.90,7.95,false,1,
2706731,true,רצועות פילה נסיכה קפוא 100% דג,נטו מלינדה סחר בעמ,,,"ק""ג",1,"ק""ג",true,1,79.90,79.90,false,1,
2750131,true,חלית פילסברי יחידה 80ג,ג נרל מילס ישראל בעמ,,,"י""ח",1,,false,1,2.90,2.90,true,1,
2750178,true,גבטה 180 כפרית,ג נרל מילס ישראל בעמ,,,"י""ח",1,,false,1,4.50,4.50,true,1,
2750338,true,לחם עגבניות מיובשות 530גר,ג נרל מילס ישראל בעמ,,,"י""ח",530,ל  גרם,false,1,16.90,3.19,false,1,
2750383,true,לחם מחמצת טוסקני כפרי 530גר,ג נרל מילס ישראל בעמ,,,"י""ח",530,ל  גרם,false,1,16.90,3.19,false,1,
2750451,true,לחם מחמצת טוסקני לבן 530גר,ג נרל מילס ישראל בעמ,,,"י""ח",530,ל  גרם,false,1,16.90,3.19,false,1,
2750840,true,חליות,ג נרל מילס ישראל בעמ,,,"י""ח",100,ל  גרם,false,1,2.90,2.90,false,1,
2750925,true,חצי בגט כפרי,ג נרל מילס ישראל בעמ,,,"י""ח",1,,false,1,3,3,false,1,
2750963,true,בגט רוסטיק פילסברי,ג נרל מילס ישראל בעמ,,,"י""ח",1,,false,1,7.90,7.90,true,1,
2750987,true,חלה רגילה קלועה פילסברי אפיה מקומית,ג נרל מילס ישראל בעמ,,,"י""ח",570,ל  גרם,false,1,10.90,1.91,true,1,
2757139,true,מלוואח 700 גר`שלושת האופים,נטו מלינדה סחר בעמ,,,"י""ח",700,ל  גרם,false,1,17.90,2.56,true,1,
2757146,true,"קובה למרק חמוסטה 1 ק""ג",נטו מלינדה סחר בעמ,,,"י""ח",1,"ק""ג",false,1,21.90,21.90,false,1,
2757511,true,קציצת דג לבישול 750גר`,נטו מלינדה סחר בעמ,,,"י""ח",750,"ל  מ""ל",false,1,28.90,3.85,true,1,
2757535,true,בורקס פילו-אצבעות גבינה 500גר`,נטו מלינדה סחר בעמ,,,"י""ח",500,ל  גרם,false,1,21.90,4.38,true,1,
2757719,true,"בצק עלים 1 ק""ג",נטו מלינדה סחר בעמ,,,"י""ח",1,"ק""ג",false,1,16.90,16.90,false,1,
2757726,true,בורקס גבינה 700 ג`,נטו מלינדה סחר בעמ,,,"י""ח",700,ל  גרם,false,1,19.90,2.84,false,1,
2757740,true,"בורקס תפו""א 700 ג` סדרה אדומה",נטו מלינדה סחר בעמ,,,"י""ח",700,ל  גרם,false,1,14.90,2.13,false,1,
2757757,true,מלאווח 700גר`,נטו מלינדה סחר בעמ,,,"י""ח",700,ל  גרם,false,1,13.90,1.99,false,1,
2787495,true,פילה סלמון קפוא,נטו מלינדה סחר בעמ,,,"ק""ג",1,,true,1,79.90,79.90,false,1,
2787884,true,"מקלות  בורקס פילו תפו""א 650גר`",נטו מלינדה סחר בעמ,,,"י""ח",650,ל  גרם,false,1,21.90,3.37,true,1,
2787891,true,מקלות בורקס פילו תרד 650גר`,נטו מלינדה סחר בעמ,,,"י""ח",650,ל  גרם,false,1,21.90,3.37,true,1,
2814412,true,שמפו כלים ירוק 1.5ל,קומפלקס כימיקלסבעמ ~~~,,,"י""ח",150,ל  גרם,false,1,8.90,5.93,false,1,
2814870,true,"מסיר שומנים קר מבושם 750מ""ל",קומפלקס כימיקלסבעמ ~~~,,,"י""ח",0.75,ליטר,false,1,12.90,17.20,false,1,
2830184,true,פילה לברק 5-7,נטו מלינדה סחר בעמ,,,"ק""ג",200,ל  גרם,true,1,52.90,26.45,false,1,
2830948,true,גבינת מון בלאן עיזים 120גר`,נטו מלינדה סחר בעמ,,,"י""ח",120,ל  גרם,false,1,11.90,9.92,false,1,
2871248,true,טובורג רד 500 חוזר,החברה המרכזית להפצת משקאות בעמ,,,"י""ח",500,"ל  מ""ל",false,1,8.20,1.40,false,1,
2920311,true,קממבר צאן משולש שקיל  גד,מחלבות גד,,,"ק""ג",1,,true,1,122.90,122.90,false,1,
2929642,true,טונה מארז 4 יח  }ויליגיר{ 140גר,נטו מלינדה סחר בעמ,,,"י""ח",560,ל  גרם,false,1,20.90,3.73,true,1,
2971191,true,"קמח חיטה לבן  שטיבל  1ק""ג",טחנות קמח שטיבל בש בעמ,,,"י""ח",1,"ק""ג",false,1,4,4,true,1,
2971955,true,"קמח לבן 650 ללא צורך בניפוי 1ק""ג שטיבל",ח.כהן סוכנות מזון ומשקאות בע,,,"י""ח",1,"ק""ג",false,1,8.90,8.90,false,1,
2971962,true,"קמח מלא 100% 1ק""ג  ללא צורך בניפוי",ח.כהן סוכנות מזון ומשקאות בע,,,"י""ח",1,"ק""ג",false,1,8.90,8.90,false,1,
2971986,true,קמח שיפון ללא צורך  בניפוי,ח.כהן סוכנות מזון ומשקאות בע,,,"י""ח",1,"ק""ג",false,1,8.90,8.90,false,1,
2971993,true,קמח כוסמין מלא ללא צורך  בניפוי,ח.כהן סוכנות מזון ומשקאות בע,,,"י""ח",1,"ק""ג",false,1,14.90,14.90,false,1,
2972365,true,"קמח תופח ללא צורך בניפוי 1ק""ג",ח.כהן סוכנות מזון ומשקאות בע,,,"י""ח",1,"ק""ג",false,1,8.90,8.90,false,1,
2972426,true,"קמח מלא 80% ללא צורך בניפוי 1ק""ג",ח.כהן סוכנות מזון ומשקאות בע,,,"י""ח",1,"ק""ג",false,1,8.90,8.90,false,1,
2973669,true,"קמח לחם שטיבל 2 ללא צורך בניפוי 1ק""ג",טחנות קמח שטיבל בש בעמ,,,"י""ח",1,"ק""ג",false,1,8.50,8.50,false,1,
2973812,true,"קמח כוסמין 80% ללא צורך  בניפוי 1ק""ג",ח.כהן סוכנות מזון ומשקאות בע,,,"י""ח",1,"ק""ג",false,1,15.90,15.90,false,1,
2973829,true,"קמח כוסמין לבן ללא צורך  בניפוי 1ק""ג.",ח.כהן סוכנות מזון ומשקאות בע,,,"י""ח",1,"ק""ג",false,1,15.90,15.90,false,1,
2974222,true,קמח עוגיות 4 שטיבל ללא צ.בניפוי,ח.כהן סוכנות מזון ומשקאות בע,,,"י""ח",1,"ק""ג",false,1,7.90,7.90,false,1,
2974239,true,קמח עוגיות 5 שטיבל ללא צ.בניפוי,ח.כהן סוכנות מזון ומשקאות בע,,,"י""ח",1,"ק""ג",false,1,7.90,7.90,false,1,
2974314,true,קמח פיצה שטיבל ללא צ.בניפוי,ח.כהן סוכנות מזון ומשקאות בע,,,"י""ח",1,"ק""ג",false,1,10.90,10.90,false,1,
3069156,true,פילה דג סלמון קפוא V,נטו מלינדה סחר בעמ,,,"ק""ג",1,"ק""ג",true,1,79.90,79.90,false,1,
3069590,true,"סול פילה ארוז 1ק""ג.",נטו מלינדה סחר בעמ,,,"י""ח",1,"ק""ג",false,1,36.90,36.90,false,1,
3069682,true,בצק פילאס 500ג,נטו מלינדה סחר בעמ,,,"י""ח",500,ל  גרם,false,1,21.90,4.38,true,1,
3069705,true,"פיצה אישית גבינה דקה תפזורת בעל""ז",נטו מלינדה סחר בעמ,,,"י""ח",1,"י""ח",false,1,2.90,2.90,true,1,
3072859,true,רוסטביף 120ג  טירת צבי,תנובה בשר,,,"י""ח",120,ל  גרם,false,1,23.90,19.92,false,1,
3102136,true,צמר גפן רפואי,אינטרסן (1996) בעמ,,,"י""ח",1,,false,1,5.50,5.50,false,1,
3102419,true,כפפות ניילון 100 יח,אינטרסן (1996) בעמ,,,"י""ח",1,,false,1,5.90,5.90,true,1,
3103285,true,פטינה שקיל שאראוס .,"שטראוס גרופ ***בע""מ",,,"ק""ג",1,"ק""ג",true,1,24.90,24.90,false,1,
3105807,true,בלוז שקיל שטראוס .,"שטראוס גרופ ***בע""מ",,,"ק""ג",1,"ק""ג",true,1,69.90,69.90,false,1,
3107353,true,משפר אפיה ביתי שמרים יבשים שטיבל 33ג,ח.כהן סוכנות מזון ומשקאות בע,,,"י""ח",33,ל  גרם,false,1,5.90,17.88,false,1,
3142361,true,הוטפופ מתוק מלוח 5שקיות,ליימן שליסל,,,"י""ח",600,ל  גרם,false,1,16.90,2.82,true,1,
3143146,true,"ממרח תמרים קליית גת 450גרם כשל""פ",ליימן שליסל,,,"י""ח",450,ל  גרם,false,1,6.90,1.53,false,1,
3143276,true,יוגטה מרשמלו מגולגל 180ג,ליימן שליסל,,,"י""ח",180,ל  גרם,false,1,8.90,4.94,false,1,
3143337,true,"סילאן קליית גת 360גרם צנצנת  כשל""פ",ליימן שליסל,,,"י""ח",360,ל  גרם,false,1,15.90,4.42,false,1,
3144310,true,תערובת אגוזים וחמוציות 150ג,ליימן שליסל,,,"י""ח",150,ל  גרם,false,1,16.90,11.27,false,1,
3144419,true,סילאן קליית גת 710גר טבעי,ליימן שליסל,,,"י""ח",710,ל  גרם,false,1,21.90,3.08,false,1,
3145782,true,צנובר טבעי 100גר`,ליימן שליסל,,,"י""ח",100,ל  גרם,false,1,24.90,24.90,false,1,
3189199,true,צהובה חריפה במשקל-א.חלב נוכרי,גבינות הכפר בעמ,,,"ק""ג",1,,true,1,33.90,33.90,false,1,
3189274,true,צהובה מעושן חלב נוכרי במשקל,גבינות הכפר בעמ,,,"ק""ג",1,"י""ח",true,1,39.90,39.90,false,1,
3215952,true,ביצים L 12יח,תנובה ביצים,,,"י""ח",12,"י""ח",false,1,11,0.92,false,1,
3224036,true,אוכמניות כחולות 300ג,מאמא מרי בעמ,,,"י""ח",300,ל  גרם,false,1,16.90,5.63,false,1,
3224135,true,כיסוני בשר 800ג,מאמא מרי בעמ,,,"י""ח",800,ל  גרם,false,1,23.90,2.99,false,1,
3224258,true,"כיסוני בשר בקר 1.5ק""ג",מאמא מרי בעמ,,,"י""ח",1.50,"ק""ג",false,1,57.90,38.60,false,1,
3224265,true,כיסוני בשר בקר  800ג,מאמא מרי בעמ,,,"י""ח",800,ל  גרם,false,1,31.90,3.99,false,1,
3224456,true,"כיסוני בשר סיבירסקי 1ק""ג",מאמא מרי בעמ,,,"י""ח",1,"ק""ג",false,1,29.90,29.90,false,1,
3224463,true,"כיסוני בשר אוקראיני 1ק""ג",מאמא מרי בעמ,,,"י""ח",1,"ק""ג",false,1,28.90,28.90,false,1,
3224579,true,"כיסוני בשר 1.5ק""ג XXL",מאמא מרי בעמ,,,"י""ח",1.50,"ק""ג",false,1,46.90,31.27,false,1,
3229123,true,פסטרמה על גחלים,תנובה בשר,,,"י""ח",400,ל  גרם,false,1,27.90,6.98,true,1,
3229154,true,סלמי קוניאק מובחר,תנובה בשר,,,"י""ח",300,ל  גרם,false,1,32.40,10.80,false,1,
3229222,true,סלמי תה משובח 300גר`,תנובה בשר,,,"י""ח",300,ל  גרם,false,1,23.90,7.97,false,1,
3251308,true,אציטון,ציון תורגמן בעמ,,,"י""ח",100,"ל  מ""ל",false,1,4.90,4.90,false,1,
3400500,true,חטיף קרמל עם בוטנים נטרייג`ס 47גר,ליימן שליסל,,,"י""ח",47,ל  גרם,false,1,4.90,10.43,false,1,
3402809,true,חטיף שוקולד לבן ריזס 39גר.,ליימן שליסל,,,"י""ח",39,ל  גרם,false,1,3.90,10,false,1,
3414406,true,שוקולד צ יפס  283גר ריזס..,ליימן שליסל,,,"י""ח",283,ל  גרם,false,1,15.90,5.62,false,1,
3423909,true,חטיף שוקולד לבן קוקיז אנד קרים 43גר,ליימן שליסל,,,"י""ח",43,ל  גרם,false,1,4.90,11.40,false,1,
3444009,true,חטיף שוקולד לבן ריזס 42גר,ליימן שליסל,,,"י""ח",43,ל  גרם,false,1,4.90,11.40,false,1,
3514007,true,שקדי מרק 400 גר`MANA,ש.שסטוביץ בעמ,,,"י""ח",400,ל  גרם,false,1,9.90,2.48,false,1,
3550937,true,רגל פרוסה במגש.,נטו מלינדה סחר בעמ,,,"ק""ג",1,,true,1,39.90,39.90,false,1,
3643325,true,קוסקוס מזרחי 350 גר`סוגת,סוגת תעשיות בעמ,,,"י""ח",350,ל  גרם,false,1,4.90,1.40,false,1,
3718627,true,פול ירוק  ארוז 400ג,בלדי בעמ,,,"י""ח",400,ל  גרם,false,1,9.90,2.48,false,1,
3726615,true,טופו ויילר 300גר,"שטראוס גרופ ***בע""מ",,,"י""ח",300,ל  גרם,false,1,12,4,false,1,
3726684,true,טופו חומוס 300גר טעם טבעי.,"שטראוס גרופ ***בע""מ",,,"י""ח",300,ל  גרם,false,1,12.90,4.30,true,1,
3726776,true,שניצל טופו בטעם עוף 420גר,קפוא זן תעשיות מזון בעמ,,,"י""ח",420,ל  גרם,false,1,27.90,6.64,false,1,
3726783,true,שניצל טופו עם תירס 420גר,קפוא זן תעשיות מזון בעמ,,,"י""ח",420,ל  גרם,false,1,27.90,6.64,false,1,
3726875,true,טופו חומוס בתוספת פסטו 300גר טעם טבעי.,"שטראוס גרופ ***בע""מ",,,"י""ח",300,ל  גרם,false,1,13.90,4.63,true,1,
3779499,true,גינגר,ביכורי השדה צפון 1994 ג.ד. בעמ,,,"י""ח",1,,false,1,8.90,8.90,false,1,
3976560,true,"מטהר אוויר מיסטרי  250מ""ל טאץ",סאסאטק אגשח בעמ,,,"י""ח",250,"ל  מ""ל",false,1,12.90,5.16,false,1,
3976607,true,אקונומיקה סמיכה 4 ל` טאצ`לבנדר.,סאסאטק אגשח בעמ,,,"י""ח",4,ליטר,false,1,13.90,3.48,true,1,
3976614,true,אקונומיקה סמיכה 4 ל` טאצ`פרחים,סאסאטק אגשח בעמ,,,"י""ח",4,ליטר,false,1,13.90,3.48,true,1,
4001013,true,גבטה גדולה,מאפיית אריאל,,,"י""ח",260,ל  גרם,false,1,2.20,0.85,false,1,
4003002,true,חצי בגט,מאפיית אריאל,,,"י""ח",260,ל  גרם,false,1,1.70,0.65,false,1,
4011260,true,"ריץ`קפה 427מ""ל",נטו מלינדה סחר בעמ,,,"י""ח",427,"ל  מ""ל",false,1,9.90,2.32,false,1,
4011277,true,"ריץ`בישול והקרמה 220מ""ל",נטו מלינדה סחר בעמ,,,"י""ח",220,"ל  מ""ל",false,1,9.90,4.50,false,1,
4011284,true,"בסיס להכנת קצפת 212מ""ל",נטו מלינדה סחר בעמ,,,"י""ח",212,"ל  מ""ל",false,1,9.90,4.67,true,1,
4011291,true,"בסיס להכנת קצפת 425מ""ל",נטו מלינדה סחר בעמ,,,"י""ח",425,"ל  מ""ל",false,1,12.90,3.04,false,1,
4011338,true,"קצפת 250מ""ל",נטו מלינדה סחר בעמ,,,"י""ח",250,"ל  מ""ל",false,1,9.90,3.96,false,1,
4011345,true,"קצפת  ריצ`פרווה במיכל 250 מ""ל",נטו מלינדה סחר בעמ,,,"י""ח",250,"ל  מ""ל",false,1,9.90,3.96,false,1,
4011796,true,קבבונים אל גאוצ`ו 400גר`,נטו מלינדה סחר בעמ,,,"י""ח",400,ל  גרם,false,1,24.90,6.23,true,1,
4011802,true,צ`וריסוס אל גאוצ`ו 400גר`,נטו מלינדה סחר בעמ,,,"י""ח",400,ל  גרם,false,1,24.90,6.23,true,1,
4011819,true,המבורגר ריב אנטריקוט 360גרם,נטו מלינדה סחר בעמ,,,"י""ח",360,ל  גרם,false,1,24.90,6.92,true,1,
4011826,true,מיני המבורגר ריב אנטריקוט 320גרם,נטו מלינדה סחר בעמ,,,"י""ח",320,ל  גרם,false,1,25.90,8.09,true,1,
4014407,true,סוכריות   M M   שוקו,מרס ריגלי ישראל בעמ,,,"י""ח",1,,false,1,4.90,4.90,true,1,
4026035,true,סוכריות מטר פרוט ביי דה פוט פירות יער5,ליימן שליסל,,,"י""ח",5,"י""ח",false,1,10.40,2.08,false,1,
4026776,true,לחם מחמצת אגוזים וצימוקים 530גר,ג נרל מילס ישראל בעמ,,,"י""ח",530,ל  גרם,false,1,16.90,3.19,false,1,
4026851,true,בייגלה רומני,ג נרל מילס ישראל בעמ,,,"י""ח",150,ל  גרם,false,1,4.50,3,true,1,
4030100,true,מיץ תפוזים סחוט 1ל פריניב,תנובה בעמ ***,,,"י""ח",1,ליטר,false,1,17.30,17.30,false,1,
4030216,true,מיץ חמוציות 1 ליטר,תנובה בעמ ***,,,"י""ח",1,ליטר,false,1,15.60,15.60,false,1,
4030223,true,מיץ תפוח  1 ליטר סחוט 100%,תנובה בעמ ***,,,"י""ח",1,ליטר,false,1,18.60,18.60,true,1,
4030445,true,מיץ תפוזים 1 ליטר,תנובה בעמ ***,,,"י""ח",1,ליטר,false,1,15.50,15.50,false,1,
4030612,true,"מיץ קיווי אגס 90% מיץ 1ל ללא""ס",תנובה בעמ ***,,,"י""ח",1,ליטר,false,1,14.50,14.50,true,1,
4030810,true,שייק 100% בננה פסיפלורה תפוז ללא תוספת,תנובה בעמ ***,,,"י""ח",1,ליטר,false,1,18.60,18.60,true,1,
4030834,true,מיץ רימונים 1 ליטר,תנובה בעמ ***,,,"י""ח",1,ליטר,false,1,23.20,23.20,false,1,
4033705,true,לחמניות המבורגר 6יח,י.את א. ברמן בעמ,,,"י""ח",600,ל  גרם,false,1,13.90,2.32,false,1,
4033712,true,לחם עננים מקמח מלא עם פרוסות 750גר,י.את א. ברמן בעמ,,,"י""ח",750,ל  גרם,false,1,13.90,1.85,false,1,
4033729,true,לחם עננים מקמח כוסמין עם פרוסות 600גר,י.את א. ברמן בעמ,,,"י""ח",750,ל  גרם,false,1,14.90,1.99,false,1,
4033736,true,לחם עננים בסגנון בריוש,י.את א. ברמן בעמ,,,"י""ח",500,ל  גרם,false,1,13.90,2.78,false,1,
4033828,true,לחמניות כפריות ללא גלוטן 4יח בשקית,י.את א. ברמן בעמ,,,"י""ח",200,ל  גרם,false,1,14.90,7.45,false,1,
4063016,true,"מלח שולחן 1 ק""ג*",סוגת תעשיות בעמ,,,"י""ח",1,"ק""ג",false,1,1.70,1.70,false,1,
4064174,true,"מלח דק 1 ק""ג צנצנת ההימלאיה",סוגת תעשיות בעמ,,,"י""ח",1,"ק""ג",false,1,17.90,17.90,false,1,
4064181,true,"מלח גס 1 ק""ג צנצנת ההימלאיה",סוגת תעשיות בעמ,,,"י""ח",1,"ק""ג",false,1,17.90,17.90,false,1,
4064198,true,מטחנה מלח אקסטרא תבלינים ספייסי,סוגת תעשיות בעמ,,,"י""ח",175,ל  גרם,false,1,12.90,7.37,false,1,
4064297,true,"מלח מאושר ביוד צנצנת 1ק""ג",סוגת תעשיות בעמ,,,"י""ח",1,"ק""ג",false,1,8.90,8.90,false,1,
4064389,true,מלח הימלאיה דק מלחייה 250 גרם,סוגת תעשיות בעמ,,,"י""ח",2.50,"י""ח",false,1,9.90,3.96,false,1,
4068011,true,יוגורט כבשים 600גר,מחלבות גד,,,"י""ח",600,ל  גרם,false,1,19.30,3.22,false,1,
4068028,true,"יוגורט ציזיקי 500מ""ל",מחלבות גד,,,"י""ח",500,"ל  מ""ל",false,1,9.10,1.82,false,1,
4068172,true,יוגורט עזים דלי 600ג 5%,מחלבות גד,,,"י""ח",600,ל  גרם,false,1,19.10,3.18,false,1,
4068332,true,קממבר בקר משולשים גד שקיל 25%,מחלבות גד,,,"ק""ג",1,,true,1,111,111,false,1,
4068394,true,גלגל קממבר בקר שקיל גד  25%,מחלבות גד,,,"ק""ג",1,,true,1,92.90,92.90,false,1,
4078263,true,צימרוני אוזניים בלונס,ש.שסטוביץ בעמ,,,"י""ח",1,,false,1,11.90,11.90,false,1,
4122607,true,עמק לייט חריץ 9% שקיל,תנובה בעמ ***,,,"ק""ג",1000,ל  גרם,true,1,74,7.40,false,1,
4128333,true,לבנה פיראוס,תנובה בעמ ***,,,"י""ח",500,ל  גרם,false,1,19.90,3.98,false,1,
4135324,true,בולגרית מעודנת,תנובה בעמ ***,,,"ק""ג",1,"ק""ג",true,1,49,49,false,1,
4150112,true,חומוס מזרחי פיקנטי פרמיום 300ג,סלטי שמיר2006בעמ,,,"י""ח",300,ל  גרם,false,1,16.90,5.63,true,1,
4150129,true,טחינה פיקנטי פרמיום 300ג,סלטי שמיר2006בעמ,,,"י""ח",300,ל  גרם,false,1,16.90,5.63,true,1,
4150136,true,חציל על האש פיקנטי פרמיום 300ג,סלטי שמיר2006בעמ,,,"י""ח",300,ל  גרם,false,1,16.90,5.63,true,1,
4150150,true,חציל בטחינה פיקנטי פרמיום 300ג,סלטי שמיר2006בעמ,,,"י""ח",300,ל  גרם,false,1,16.90,5.63,true,1,
4150167,true,"תפו""א במיונז פיקנטי פרמיום 300ג",סלטי שמיר2006בעמ,,,"י""ח",300,ל  גרם,false,1,16.90,5.63,true,1,
4150174,true,קולסלאו פיקנטי פרמיום 300ג,סלטי שמיר2006בעמ,,,"י""ח",300,ל  גרם,false,1,16.90,5.63,true,1,
4150198,true,סלק מגורד פיקנטי פרמיום 300ג,סלטי שמיר2006בעמ,,,"י""ח",300,ל  גרם,false,1,16.90,5.63,true,1,
4150228,true,כרוב אדום פיקנטי פרמיום 300ג,סלטי שמיר2006בעמ,,,"י""ח",300,ל  גרם,false,1,16.90,5.63,true,1,
4150365,true,חומוס בטטה פיקנטי פרמיום 300ג,סלטי שמיר2006בעמ,,,"י""ח",300,ל  גרם,false,1,16.90,5.63,true,1,
4150372,true,חומוס וואסבי פיקנטי פרמיום 300ג,סלטי שמיר2006בעמ,,,"י""ח",300,ל  גרם,false,1,16.90,5.63,true,1,
4225285,true,דנאבלו 100גר נטו,נטו מלינדה סחר בעמ,,,"י""ח",100,ל  גרם,false,1,12.10,12.10,false,1,
4225872,true,"קרם קוקוס 400מ""ל ויליגר",נטו מלינדה סחר בעמ,,,"י""ח",400,"ל  מ""ל",false,1,6.90,1.73,false,1,
4228415,true,פיצה שף שגב עבה סיצליה 425גר,נטו מלינדה סחר בעמ,,,"י""ח",425,ל  גרם,false,1,19.90,4.68,false,1,
4230081,true,קציצות עוף ברוטב עגבניות שגב 800גר,נטו מלינדה סחר בעמ,,,"י""ח",800,ל  גרם,false,1,29.90,3.74,true,1,
4230944,true,מקלות בורקס פילו גבינה  600 גרם,נטו מלינדה סחר בעמ,,,"י""ח",600,ל  גרם,false,1,21.90,3.65,true,1,
4256180,true,גבינה גאודה נטו.,נטו מלינדה סחר בעמ,,,"ק""ג",1,"ק""ג",true,1,89.90,89.90,false,1,
4256197,true,גבינת עיזים הולנד נטו,נטו מלינדה סחר בעמ,,,"ק""ג",1,"ק""ג",true,1,139,139,false,1,
4256753,true,עלי סיגר מרוקאי 450ג לפסטיליה,נטו מלינדה סחר בעמ,,,"י""ח",500,ל  גרם,false,1,13.90,2.78,false,1,
4480301,true,בגינת שמנת 30% כמהין מעדנייה,מחלבות גד,,,"ק""ג",1,,true,1,59,59,false,1,
4480332,true,גאודה בקר משולש שקיל גד,מחלבות גד,,,"ק""ג",1,,true,1,109.90,109.90,false,1,
4494919,true,"יין כנען קברנה שיראז דלתון  750מ""",הכרם משקאות חריפים בעמ,,,"י""ח",750,"ל  מ""ל",false,1,44.90,5.95,true,1,
4603175,true,מלח ים האדום גס 500ג,סוגת תעשיות בעמ,,,"י""ח",500,ל  גרם,false,1,8.90,1.78,false,1,
4652401,true,ג חנון ללא מרגרינה 650גר שגב,נטו מלינדה סחר בעמ,,,"י""ח",650,ל  גרם,false,1,21.90,3.37,true,1,
4685010,true,לחם קל 100%,י.את א. ברמן בעמ,,,"י""ח",750,ל  גרם,false,1,15.90,2.12,false,1,
4685027,true,לחם קל מחיטה מלאה 500גר,י.את א. ברמן בעמ,,,"י""ח",500,ל  גרם,false,1,15.90,3.18,false,1,
4685089,true,לחם חמניות 750 גר`ברמן,י.את א. ברמן בעמ,,,"י""ח",750,ל  גרם,false,1,15.90,2.12,false,1,
4685447,true,לחמניות כוסמין 6 בשקית,י.את א. ברמן בעמ,,,"י""ח",450,ל  גרם,false,1,14.90,3.31,false,1,
4685454,true,לחם שיבולת שועל 500ג,י.את א. ברמן בעמ,,,"י""ח",500,ל  גרם,false,1,17.90,3.58,false,1,
4725600,true,גבינה סקנדינבית שקיל.,תנובה בעמ ***,,,"ק""ג",10,"ק""ג",true,1,75,7.50,false,1,
4861025,true,בולגרית מסורתית שקיל 5% המושבה,מחלבות המושבה בעמ,,,"ק""ג",10,"ק""ג",true,1,49.90,4.99,false,1,
4861056,true,צפתית טבעי המושבה שקילה 5%.,מחלבות המושבה בעמ,,,"ק""ג",1000,ל  גרם,true,1,49,4.90,false,1,
4861278,true,גבינת שמנת טבעי/שום שמיר 30%  המושבה,מחלבות המושבה בעמ,,,"ק""ג",1,,true,1,39.90,39.90,false,1,
4861285,true,טבורוג המושבה שקילה 5%,מחלבות המושבה בעמ,,,"ק""ג",1,"ק""ג",true,1,29.90,29.90,false,1,
4861360,true,צפתית קצח  המושבה שקיל,מחלבות המושבה בעמ,,,"ק""ג",100,ל  גרם,true,1,49.90,49.90,false,1,
4869779,true,סופגניה אנג`ל,שלמה א.אנג ל בעמ,,,"י""ח",1,,false,1,4.90,4.90,false,1,
5079344,true,מוצרלה נעם שקיל,*החברה המרכזית להפצת משקאותבעמ,,,"ק""ג",1,,true,1,79.90,79.90,false,1,
5079412,true,אמנטל נעם חריץ מעדניה.,*החברה המרכזית להפצת משקאותבעמ,,,"ק""ג",200,ל  גרם,true,1,59.90,29.95,false,1,
5095641,true,חיטה תפוחה  מתוקה(שלוה),ציון תורגמן בעמ,,,"י""ח",1,"י""ח",false,1,8.90,8.90,false,1,
5095658,true,תפוחוני תירס מתוקים,ציון תורגמן בעמ,,,"י""ח",1,"י""ח",false,1,8.90,8.90,false,1,
5095702,true,חיטה תפוחה  בדבש(שלוה),ציון תורגמן בעמ,,,"י""ח",1,"י""ח",false,1,8.90,8.90,false,1,
5095801,true,עמבה תמר 500 גרם עם פרי,ציון תורגמן בעמ,,,"י""ח",500,ל  גרם,false,1,17.90,3.58,false,1,
5100088,true,בייגל בצל,ג נרל מילס ישראל בעמ,,,"י""ח",1,,false,1,4.30,4.30,false,1,
5100092,true,בייגל כפרי,ג נרל מילס ישראל בעמ,,,"י""ח",1,,false,1,4.30,4.30,false,1,
5100255,true,לחמניה יאמיס בודד,ג נרל מילס ישראל בעמ,,,"י""ח",1,,false,1,2.90,2.90,false,1,
5271410,true,ביצים גליקסמן 12  יח*`L,גליקסמן שיווק ביצים 1994 בעמ,,,"י""ח",12,"י""ח",false,1,11.30,0.94,false,1,
5326523,true,אוליביה פסטו פטרוזיליה ונענע 180גר,תה ויסוצקי (ישראל)בעמ,,,"י""ח",180,ל  גרם,false,1,13.90,7.72,false,1,
5358869,true,בשר מס 6 חלק,נטו מלינדה סחר בעמ,,,"ק""ג",1,,true,1,39.90,39.90,false,1,
5358883,true,שריר בשר  מס `8   חלק.,נטו מלינדה סחר בעמ,,,"ק""ג",1,,true,1,32.90,32.90,false,1,
5384899,true,בסגנון פטה ים תיכונית 19%שומן שקיל,ג.וילי פוד אינטרנשיונל בעמ,,,"ק""ג",1,,true,1,22.90,22.90,true,1,
5424021,true,ריפרש מנטרל ריחות פרשם הום,החב הדרומית לשיווק,,,"י""ח",350,"ל  מ""ל",false,1,14.90,4.26,false,1,
5431883,true,מלבי חלבי 165ג. תנובה,תנובה בעמ ***,,,"י""ח",165,"ל  מ""ל",false,1,7.90,4.79,false,1,
5431913,true,עוגת גבינה פירורים 92ג(. תנובה),תנובה בעמ ***,,,"י""ח",92,"ל  מ""ל",false,1,7.90,8.59,false,1,
5500978,true,מסיר לק ריחני,פנינה רוזנבלום בעמ,,,"י""ח",295,"ל  מ""ל",false,1,9.90,3.36,false,1,
5555502,true,אריזת פקדון 30 אגורות,שונות /שרות,,,"י""ח",1,,false,1,0.30,0.30,false,1,
5559907,true,פיצה משפחתית גבינה 500 ג מעדנות,תנובה בשר,,,"י""ח",500,ל  גרם,false,1,25.50,5.10,true,1,
5559990,true,בצק פילאס טורקי,תנובה בשר,,,"י""ח",600,ל  גרם,false,1,22.90,3.82,false,1,
5610127,true,תפוח אדמה גורמה,ביכורי השדה צפון 1994 ג.ד. בעמ,,,"ק""ג",1,"ק""ג",true,1,3.90,3.90,false,1,
5610448,true,גזר ארוז,ביכורי השדה צפון 1994 ג.ד. בעמ,,,"ק""ג",1,"ק""ג",true,1,3.90,3.90,false,1,
5678028,true,ענבים טלי לבן,ביכורי השדה צפון 1994 ג.ד. בעמ,,,"ק""ג",1,,true,1,22.90,22.90,false,1,
5678035,true,ענבים זני,ביכורי השדה צפון 1994 ג.ד. בעמ,,,"ק""ג",1,,true,1,22.90,22.90,false,1,
5678318,true,ענב טלי בוטיק אוטם קריספי,ביכורי השדה צפון 1994 ג.ד. בעמ,,,"ק""ג",1,,true,1,22.90,22.90,false,1,
5678325,true,ענב טלי,ביכורי השדה צפון 1994 ג.ד. בעמ,,,"ק""ג",1,,true,1,22.90,22.90,false,1,
5678387,true,ענב טלי,ביכורי השדה צפון 1994 ג.ד. בעמ,,,"ק""ג",1,,true,1,22.90,22.90,false,1,
5678585,true,ענב סקרלוטה אדום מארז,ביכורי השדה צפון 1994 ג.ד. בעמ,,,"ק""ג",1,,true,1,15.90,15.90,true,1,
5678608,true,ענבים אדומים טלי,ביכורי השדה צפון 1994 ג.ד. בעמ,,,"ק""ג",1,,true,1,15.90,15.90,false,1,
5678738,true,ענב טלי,ביכורי השדה צפון 1994 ג.ד. בעמ,,,"ק""ג",1,,true,1,22.90,22.90,false,1,
5678806,true,ענב אדום ארוז.,ביכורי השדה צפון 1994 ג.ד. בעמ,,,"ק""ג",1,,true,1,22.90,22.90,true,1,
5678844,true,ענבים לבן טימפסון,ביכורי השדה צפון 1994 ג.ד. בעמ,,,"ק""ג",1,,true,1,22.90,22.90,false,1,
5734700,true,אקדח סביבונים בלוח,צעצועי דורון ~~~,,,"י""ח",1,,false,1,9.90,9.90,false,1,
5737800,true,סביבון תות,צעצועי דורון ~~~,,,"י""ח",1,,false,1,14.90,14.90,false,1,
5854040,true,אסקימו משמש,גלידות שטראוס בעמ,,,"י""ח",1,,false,1,2.90,2.90,true,1,
5892889,true,גבינת שמנת 30% גד,מחלבות גד,,,"ק""ג",1,,true,1,34.90,34.90,false,1,
5896439,true,"מכבי בקבוק}חוזר   {500מ""ל",טמפו משקאות בעמ,,,"י""ח",500,"ל  מ""ל",false,1,6.60,1.08,false,1,
5896620,true,סן בנדטו ירוק 1.5 ליטר מוגז בודד,טמפו משקאות בעמ,,,"י""ח",1.50,ליטר,false,1,3.80,2.33,false,1,
5896637,true,סן בנדטו כחול בודד 1.5 ליטר,טמפו משקאות בעמ,,,"י""ח",1.50,ליטר,false,1,3.80,2.33,false,1,
5938603,true,טפנד זיתים שחורים 220גר`,נטו מלינדה סחר בעמ,,,"י""ח",220,ל  גרם,false,1,18.90,8.59,false,1,
5938627,true,ממרח עגבניות מיובשות 220גר`,נטו מלינדה סחר בעמ,,,"י""ח",220,ל  גרם,false,1,18.90,8.59,false,1,
5966033,true,"יין הר חרמון לבן 750 מ""ל",היכל היין שקד גולן בעמ,,,"י""ח",750,"ל  מ""ל",false,1,36.90,4.88,true,1,
5966088,true,"~יין הר חרמון אדום 750 מ""ל.",היכל היין שקד גולן בעמ,,,"י""ח",750,"ל  מ""ל",false,1,34.90,4.61,true,1,
5992858,true,פטה עיזים  גד שקיל,מחלבות גד,,,"ק""ג",300,ל  גרם,true,1,134,44.67,false,1,
5992872,true,צפתית 5% במים}גד {.,מחלבות גד,,,"ק""ג",1,,true,1,57.90,57.90,false,1,
5992909,true,גבינת שמנת  %30ירקות.,מחלבות גד,,,"ק""ג",1,,true,1,43.90,43.90,false,1,
5992957,true,פטה  עיזים}גד{,מחלבות גד,,,"ק""ג",1,,true,1,110,110,false,1,
5996009,true,סלמי גליל מעושן 40ג.,מעדני יחיעם 1993 בעמ,,,"י""ח",40,ל  גרם,false,1,20.90,52.25,false,1,
5996078,true,סרוולט הונגרי 125ג,מעדני יחיעם 1993 בעמ,,,"י""ח",125,ל  גרם,false,1,26.90,21.52,false,1,
5996160,true,נקניק. צוריסו פרמיום 280ג,מעדני יחיעם 1993 בעמ,,,"י""ח",280,ל  גרם,false,1,22.90,8.18,true,1,
5996221,true,פסטרמה של פעם  דק דק 120ג,מעדני יחיעם 1993 בעמ,,,"י""ח",120,ל  גרם,false,1,13.90,11.58,true,1,
5996825,true,נקניק בקר 280ג סגנון אמריקאי,מעדני יחיעם 1993 בעמ,,,"י""ח",280,ל  גרם,false,1,22.90,8.18,true,1,
6271174,true,ג חנון  בצק}מעדנות 700 ג,תנובה בשר,,,"י""ח",700,ל  גרם,false,1,18.90,2.70,false,1,
6306296,true,רביולי גבינה לילדים 400ג,מחלבות גד,,,"י""ח",400,ל  גרם,false,1,21.90,5.48,true,1,
6342645,true,טורטיה גדולה 840 ג  12 יח`,דין שיווק וקליה 2021 בעמ,,,"י""ח",840,ל  גרם,false,1,14.90,1.77,false,1,
6459008,true,חלבה פרווה בטעמים שונים במשקל,ציון תורגמן בעמ,,,"ק""ג",1,,true,1,34.90,34.90,false,1,
6459961,true,אובלט קימל תמר 282 גרם,ציון תורגמן בעמ,,,"י""ח",282,ל  גרם,false,1,9.90,3.51,false,1,
6459978,true,אובלט שומשום 282 גרם,ציון תורגמן בעמ,,,"י""ח",282,ל  גרם,false,1,9.90,3.51,false,1,
6511904,true,כדורי גבינת אדם למעדניה,ג.וילי פוד אינטרנשיונל בעמ,,,"ק""ג",1,"ק""ג",true,1,65.90,65.90,false,1,
6515926,true,מארז אפרול 700מ``ל+פרו שפריץ 750 מ``ל,החברה המרכזית להפצת משקאות בעמ,,,"י""ח",1.45,ליטר,false,1,100.20,68.69,false,1,
6582355,true,סילאן 900 גר`דין שווק,דין שיווק וקליה 2021 בעמ,,,"י""ח",900,ל  גרם,false,1,11.90,1.32,false,1,
6582539,true,חמוציות 250ג,דין שיווק וקליה 2021 בעמ,,,"י""ח",250,ל  גרם,false,1,11.90,4.76,false,1,
6632111,true,ביצי דג קפוא ארוז,דגי מהדרין בעמ,,,"י""ח",250,ל  גרם,false,1,27.90,11.16,true,1,
6640024,true,מגש קרטון קטן,צבע ומכחול (2014) בעמ,,,"י""ח",1,,false,1,4.90,4.90,false,1,
6640031,true,דבק דו צדדי,צבע ומכחול (2014) בעמ,,,"י""ח",1,,false,1,5.50,5.50,false,1,
6681003,true,קרמיסימו 1.33 ל  סורבט,גלידות שטראוס בעמ,,,"י""ח",1,,false,1,18.90,18.90,false,1,
6681577,true,אסקימו לימון+דובדבן 8+2 שטראוס,גלידות שטראוס בעמ,,,"י""ח",10,"י""ח",false,1,16.90,1.69,false,1,
6704771,true,גינגר,ביכורי השדה צפון 1994 ג.ד. בעמ,,,"י""ח",1,,false,1,8.90,8.90,false,1,
6739124,true,בצק פילאס 500גר זוגלובק,זוגלובק שיווק בעמ,,,"י""ח",500,ל  גרם,false,1,17.90,3.58,true,1,
6739292,true,פסטרמה תבור 330 ג,זוגלובק שיווק בעמ,,,"י""ח",330,ל  גרם,false,1,26.90,8.15,true,1,
6739421,true,מעושן איטלקי 300גר`,זוגלובק שיווק בעמ,,,"י""ח",300,ל  גרם,false,1,26.90,8.97,true,1,
6739445,true,שניצל תירס קלאסי  750גר`,זוגלובק שיווק בעמ,,,"י""ח",750,ל  גרם,false,1,27.90,3.72,true,1,
6742292,true,פסטרממיה בדבש 330גר`,זוגלובק שיווק בעמ,,,"י""ח",330,ל  גרם,false,1,26.90,8.15,true,1,
6742315,true,חזה הודו ברביקיו 330גר`,זוגלובק שיווק בעמ,,,"י""ח",330,ל  גרם,false,1,26.90,8.15,true,1,
6764058,true,"בירה נשר לבנה 500  מ""ל}חוזר{",טמפו משקאות בעמ,,,"י""ח",500,"ל  מ""ל",false,1,5,0.76,false,1,
6764065,true,נשר מאלט }500 חוזר{,טמפו משקאות בעמ,,,"י""ח",500,"ל  מ""ל",false,1,5.50,0.86,true,1,
6764072,true,"גולדסטאר 500  מ""ל}חוזר{",טמפו משקאות בעמ,,,"י""ח",500,"ל  מ""ל",false,1,7.90,1.34,false,1,
6764157,true,"בירה גולדסטאר לא מסונן חוזר 500מ""ל",טמפו משקאות בעמ,,,"י""ח",500,"ל  מ""ל",false,1,7.90,1.34,false,1,
6764485,true,נשר מאלט 330 שישיה,טמפו משקאות בעמ,,,"י""ח",1.98,ליטר,false,1,30.90,14.70,false,1,
6764737,true,נשר מאלט 500  דיאט}חוזר{,טמפו משקאות בעמ,,,"י""ח",500,"ל  מ""ל",false,1,5,0.76,true,1,
6775801,true,רוגלך 400גרם,אחדות בעמ,,,"י""ח",400,ל  גרם,false,1,13.90,3.48,false,1,
6784865,true,מטבחים 1ל מרוכז.,קומפלקס כימיקלסבעמ ~~~,,,"י""ח",1,ליטר,false,1,9.90,9.90,false,1,
6785572,true,שקית הפתעה,שמחה זה אנחנו,,,"י""ח",1,,false,1,5.90,5.90,false,1,
6805362,true,חצי בגט מאפית אפיה מקומית.,ג נרל מילס ישראל בעמ,,,"י""ח",1,,false,1,3.30,3.30,true,1,
6805379,true,שליש  בגט,ג נרל מילס ישראל בעמ,,,"י""ח",1,,false,1,2.90,2.90,false,1,
6806444,true,בייגל אמריקאי,לפ לפ פילסברי,,,"י""ח",1,,false,1,4.50,4.50,true,1,
6822192,true,אושן ספריי דיאט חמוציות 1ליטר,החברה המרכזית להפצת משקאות בעמ,,,"י""ח",1000,"ל  מ""ל",false,1,11,1.07,false,1,
6855190,true,חטיפי אנרגיה ברבריא  4*27,ש.שסטוביץ בעמ,,,"י""ח",108,ל  גרם,false,1,18.90,17.50,false,1,
6855251,true,חטיפי אנרגיה ברבריא קשיו וחמוציות 4*27,ש.שסטוביץ בעמ,,,"י""ח",108,ל  גרם,false,1,18.90,17.50,false,1,
6941466,true,שמן קנולה 1 ליטר שווה,ח.כהן סוכנויות מזון ומשקאות***,,,"י""ח",1,ליטר,false,1,10.90,10.90,false,1,
6960023,true,"כרוב כבוש 1ק""ג",מאמא מרי בעמ,,,"י""ח",1,"ק""ג",false,1,18.90,18.90,false,1,
6960429,true,"כרוב בולגרי 1ק""ג",מאמא מרי בעמ,,,"י""ח",1,"ק""ג",false,1,18.90,18.90,false,1,
8000796,true,סופרמן משחת שיניים לילדים,גורי ע.ע.ע. בעמ,,,"י""ח",1,,false,1,10.90,10.90,false,1,
8101318,true,קריספי פירורי לחם זהוב 300גר,א.ל.יצור ושיווקתבלינים בעמ,,,"י""ח",300,ל  גרם,false,1,6.90,2.30,true,1,
8101356,true,קריספי פאנקו זהוב 300גר,א.ל.יצור ושיווקתבלינים בעמ,,,"י""ח",300,ל  גרם,false,1,9.90,3.30,true,1,
8102469,true,קריספי פירורי לחם זהוב 800גר,א.ל.יצור ושיווקתבלינים בעמ,,,"י""ח",800,ל  גרם,false,1,11.90,1.49,false,1,
8175760,true,גבינת מנצ`יגו(חלב  כבשים)למעדניה,ג.וילי פוד אינטרנשיונל בעמ,,,"ק""ג",1,"ק""ג",true,1,99,99,true,1,
8175777,true,גבינת איבריקו למעדניה,ג.וילי פוד אינטרנשיונל בעמ,,,"ק""ג",1,"ק""ג",true,1,120,120,true,1,
8175814,true,"פטריות חתוך 400 גרם 8""",ג.וילי פוד אינטרנשיונל בעמ,,,"י""ח",400,ל  גרם,false,1,5.40,1.35,false,1,
8175906,true,גבינה  עיזים שקיל,ג.וילי פוד אינטרנשיונל בעמ,,,"ק""ג",1,"ק""ג",true,1,132,132,false,1,
8211145,true,גבינה גאודה נטו.,א. סיימן סחר בעמ,,,"ק""ג",4.50,"ק""ג",true,1,99,22,false,1,
8255806,true,פילה לברק טרי.,דגת הארץ אגודה שיתופית,,,"ק""ג",1,,true,1,139,139,false,1,
8268158,true,תפוח מוזהב ארוז,ביכורי השדה צפון 1994 ג.ד. בעמ,,,"ק""ג",1,,true,1,10.90,10.90,false,1,
8345156,true,פילה מקרוסקה 2.5 קג שקיל,נטו מלינדה סחר בעמ,,,"ק""ג",1,,true,1,125,125,false,1,
8345163,true,מקרל שלם 2.5 קג שקיל,נטו מלינדה סחר בעמ,,,"ק""ג",1,,true,1,104.90,104.90,false,1,
8345170,true,מקרל חצאים 2.5 קג  שקיל,נטו מלינדה סחר בעמ,,,"ק""ג",1,,true,1,105,105,false,1,
8350150,true,בצק פילו מצונן מרודד השף-שגב,נטו מלינדה סחר בעמ,,,"י""ח",350,ל  גרם,false,1,15.90,4.54,false,1,
8350983,true,סטייק עין לתנור קפוא.,נטו מלינדה סחר בעמ,,,"ק""ג",800,ל  גרם,true,1,59.90,7.49,false,1,
8403191,true,קשקבל בשלה שקיל,א. סיימן סחר בעמ,,,"ק""ג",1,,true,1,119,119,false,1,
8403443,true,גבינה קברה שקיל,א. סיימן סחר בעמ,,,"ק""ג",1,,true,1,159.90,159.90,false,1,
8403900,true,גאודה עגבניות וזיתים  שקיל,א. סיימן סחר בעמ,,,"ק""ג",1,,true,1,119,119,true,1,
8403917,true,גאודה פסטו ירוק  שקיל,א. סיימן סחר בעמ,,,"ק""ג",1,,true,1,144,144,true,1,
8409049,true,מיני מיני שניצלונים בציפוי שומשום,תנובה בשר,,,"י""ח",1,,false,1,29.50,29.50,false,1,
8409216,true,.שניצל דק דק פריך 700גר`,תנובה בשר,,,"י""ח",700,ל  גרם,false,1,39.90,5.70,false,1,
8409315,true,מיני מיני שניצלונים בציפוי פריך 500ג,תנובה בשר,,,"י""ח",1,,false,1,29.50,29.50,false,1,
8461283,true,טריפל צ`דר 200גרם.,א. סיימן סחר בעמ,,,"י""ח",200,ל  גרם,false,1,24.90,12.45,true,1,
8464222,true,"מכבי  7.9% 500מ""ל פחית",טמפו משקאות בעמ,,,"י""ח",0.50,ליטר,false,1,8,15.40,false,1,
8464611,true,"סודה טמפו 275 מ""ל.",טמפו משקאות בעמ,,,"י""ח",275,"ל  מ""ל",false,1,3.50,1.16,true,1,
8464673,true,"גולדסטאר פחית 500 מ""ל Slowbrew 10%",טמפו משקאות בעמ,,,"י""ח",500,"ל  מ""ל",false,1,8.50,1.64,false,1,
8464703,true,"מכבי שישייה 330מ""ל בקבוק",טמפו משקאות בעמ,,,"י""ח",1.98,ליטר,false,1,36.90,17.73,true,1,
8464741,true,גולדסטאר  330 מייל שישייה.,טמפו משקאות בעמ,,,"י""ח",1980,"ל  מ""ל",false,1,33.90,1.62,true,1,
8464796,true,היינקן   שישיה}בקבוק 330 מייל,טמפו משקאות בעמ,,,"י""ח",1.98,ליטר,false,1,39.90,19.24,true,1,
8466639,true,רוגלך ירושלמי ברלס,הלל בן הלל שיווק ומסחר בעמ,,,"י""ח",250,ל  גרם,false,1,19.90,7.96,false,1,
8466646,true,שניק קינמון ברליס,הלל בן הלל שיווק ומסחר בעמ,,,"י""ח",250,ל  גרם,false,1,19.90,7.96,false,1,
8466653,true,שניק וניל ברליס,הלל בן הלל שיווק ומסחר בעמ,,,"י""ח",250,ל  גרם,false,1,19.90,7.96,false,1,
8466806,true,מארז שניק וניל 500ג מחנה יהודה,הלל בן הלל שיווק ומסחר בעמ,,,"י""ח",500,ל  גרם,false,1,17.90,3.58,true,1,
8493710,true,פירורי גריסיני זהב 200ג,דנשר (1963) בעמ,,,"י""ח",200,ל  גרם,false,1,6.90,3.45,false,1,
8496513,true,שניצל אמנון בציפוי פירורי לחם,***אדום גרופ למזון שיווק***,,,"י""ח",1,,false,1,19.90,19.90,false,1,
8496742,true,אצבעות אמנון בציפוי פירורי לחם ושומשום,***אדום גרופ למזון שיווק***,,,"י""ח",1,,false,1,19.90,19.90,false,1,
8500128,true,עוגת שמרים שוקולד,ג נרל מילס ישראל בעמ,,,"י""ח",500,ל  גרם,false,1,24.90,4.98,true,1,
8500135,true,עוגת שמרים קינמון,ג נרל מילס ישראל בעמ,,,"י""ח",500,ל  גרם,false,1,24.90,4.98,true,1,
8500142,true,"עוגת שמרים תפו""ע",ג נרל מילס ישראל בעמ,,,"י""ח",500,ל  גרם,false,1,24.90,4.98,true,1,
8500159,true,עוגת שמרים גבינה,ג נרל מילס ישראל בעמ,,,"י""ח",500,ל  גרם,false,1,24.90,4.98,true,1,
8500166,true,עוגת שמרים פרג,ג נרל מילס ישראל בעמ,,,"י""ח",500,ל  גרם,false,1,24.90,4.98,true,1,
8670012,true,"יין רקנאטי קברנה סוביניון 750מ""ל",היכל היין שקד גולן בעמ,,,"י""ח",750,"ל  מ""ל",false,1,54.90,7.28,true,1,
8670142,true,"יין רקאנטי יסמין אדום 750מ""ל",היכל היין שקד גולן בעמ,,,"י""ח",750,"ל  מ""ל",false,1,38.20,5.05,true,1,
8670159,true,"יין רקאנטי יסמין לבן 750מ""ל.",היכל היין שקד גולן בעמ,,,"י""ח",750,"ל  מ""ל",false,1,37.90,5.01,true,1,
8670210,true,"יין רקנאטי שיראז 750מ""ל",היכל היין שקד גולן בעמ,,,"י""ח",750,"ל  מ""ל",false,1,54.90,7.28,true,1,
8747547,true,"תפוצ יפס קראנץ טבעי 200ג כשל""פ","שטראוס פריטו ליי בע""מ",,,"י""ח",200,ל  גרם,false,1,11.50,5.75,true,1,
8757072,true,פחית שוופס תות,יפאורה שותפות מוגבלת לשיווק,,,"י""ח",330,"ל  מ""ל",false,1,4.90,1.39,true,1,
8801522,true,K.D קונקורד,אגודת הכורמים,,,"י""ח",750,"ל  מ""ל",false,1,21.90,2.88,true,1,
8801546,true,K.D מוסקט כרמל 0.75 ל,אגודת הכורמים,,,"י""ח",750,"ל  מ""ל",false,1,21.90,2.88,true,1,
8801843,true,סלקטד קברנה  סובניון 0.75,אגודת הכורמים,,,"י""ח",750,"ל  מ""ל",false,1,29.90,3.95,true,1,
8801850,true,סלקטד ריזלינג 0.75 ל,אגודת הכורמים,,,"י""ח",750,"ל  מ""ל",false,1,29.90,3.95,true,1,
8802291,true,"PC מרלו פ.קולקשיין 750מ""ל",אגודת הכורמים,,,"י""ח",750,"ל  מ""ל",false,1,39.90,5.28,true,1,
8802512,true,VINO אדום כרמל 750,אגודת הכורמים,,,"י""ח",750,"ל  מ""ל",false,1,21,2.76,true,1,
8802529,true,VINO לבן כרמל 0.75 ל,אגודת הכורמים,,,"י""ח",750,"ל  מ""ל",false,1,21,2.76,true,1,
8803090,true,הסדרה האזורית מרלו 750מייל,אגודת הכורמים,,,"י""ח",750,"ל  מ""ל",false,1,59.90,7.95,true,1,
8805384,true,".יין מוסקטו   סלקטד 750מ""ל",אגודת הכורמים,,,"י""ח",750,"ל  מ""ל",false,1,29.90,3.95,true,1,
8805520,true,סלקטד קברנה מרלו  0.75 ל,אגודת הכורמים,,,"י""ח",750,"ל  מ""ל",false,1,29.90,3.95,true,1,
8805964,true,הסדרה האזורית קברנה שיראז 750 מייל,אגודת הכורמים,,,"י""ח",750,"ל  מ""ל",false,1,59.90,7.95,true,1,
8836494,true,מיץ ענבים תירוש 1 ליטר יבול נוכרי,יקבי טפרברג 1870 בעמ,,,"י""ח",1,ליטר,false,1,16.90,16.90,true,1,
8899055,true,אוזניים מתוקות שקיל,ג נרל מילס ישראל בעמ,,,"ק""ג",1,,true,1,39,39,false,1,
8899093,true,לחם איטלקי,ג נרל מילס ישראל בעמ,,,"י""ח",1,,false,1,7.90,7.90,false,1,
8899321,true,חלה רגילה קלועה (אפיה מקומית).,ג נרל מילס ישראל בעמ,,,"י""ח",570,ל  גרם,false,1,10.90,1.91,true,1,
8899345,true,שמינייה כפרית קלועה פילסבר..,ג נרל מילס ישראל בעמ,,,"י""ח",1,,false,1,3.90,3.90,true,1,
8899376,true,לחמניה פילסברי קשר.אפיה מקומית,ג נרל מילס ישראל בעמ,,,"י""ח",1,,false,1,2.50,2.50,true,1,
8899406,true,לחמניית המבורגר,ג נרל מילס ישראל בעמ,,,"י""ח",1,,false,1,3.90,3.90,false,1,
8899437,true,בייגל שונים פילסברי,ג נרל מילס ישראל בעמ,,,"י""ח",100,ל  גרם,false,1,4.50,4.50,true,1,
8899444,true,בייגל בצל,לפ לפ פילסברי,,,"י""ח",1,,false,1,5.30,5.30,false,1,
8899505,true,בגט ארוך לבן (אפיה מקומית),ג נרל מילס ישראל בעמ,,,"י""ח",250,ל  גרם,false,1,4.50,1.80,true,1,
8899512,true,בגט כפרי (אפיה מקומית),ג נרל מילס ישראל בעמ,,,"י""ח",1,,false,1,4.50,4.50,true,1,
8899589,true,גבטה 200,ג נרל מילס ישראל בעמ,,,"י""ח",1,,false,1,4.20,4.20,false,1,
8899772,true,קוקיס שוקו שוקו שקיל,ג נרל מילס ישראל בעמ,,,"ק""ג",1,,true,1,47,47,false,1,
8989091,true,פריכיות אורז שלישיה B D,בטר אנד דיפרנט בעמ,,,"י""ח",310,ל  גרם,false,1,13.90,4.48,false,1,
8989695,true,חיטה תפוחה עם דבש 400 גר(שלווה),בטר אנד דיפרנט בעמ,,,"י""ח",400,ל  גרם,false,1,14.90,3.73,false,1,
9169272,true,פקדון,שונות /שרות,,,"י""ח",1,,false,1,0.30,0.30,false,1,
14205017,true,"צלחת   קטנות""שווה""50יח",ח.כהן סוכנות מזון ומשקאות בע,,,"י""ח",30,"י""ח",false,1,10.90,0.36,false,1,
16000247,true,רימון בינוני,לפ חגים נחלים שיווק בעמ,,,"י""ח",1,,false,1,7.90,7.90,false,1,
40111216,true,באונטי חטיף שוקולד 57גר,מרס ריגלי ישראל בעמ,,,"י""ח",57,ל  גרם,false,1,4.50,7.89,true,1,
40144061,true,וופל קנופרס 25גר.,ליימן שליסל,,,"י""ח",25,ל  גרם,false,1,2.90,11.60,false,1,
42101666,true,איירוויבז HP מנטה ואקליפטוס,מרס ריגלי ישראל בעמ,,,"י""ח",30,ל  גרם,false,1,5.80,19.33,false,1,
42182115,true,מסטיק 5 טעם מנטה עדינה,מרס ריגלי ישראל בעמ,,,"י""ח",1,,false,1,7,7,false,1,
42188889,true,מסטיק 5 טעם פירות אבטיח,מרס ריגלי ישראל בעמ,,,"י""ח",1,,false,1,7,7,false,1,
54051140,true,אלפרו מעדן סויה וניל 500 ג`,"שטראוס גרופ בע""מ",,,"י""ח",500,ל  גרם,false,1,19.80,3.96,false,1,
59085645,true,"דאב דאו רול און אסאי 50מ""ל",יוניליוור ישראל שיווק בעמ,,,"י""ח",1,,false,1,19.90,19.90,true,1,
72940754,true,"מילקי וניל רובין כשל""פ 135גר","שטראוס גרופ ***בע""מ",,,"י""ח",130,"ל  מ""ל",false,1,2.90,2.23,false,1,
72940761,true,"מילקי   שוקו}שטראוס{רובין כשל""פ","שטראוס גרופ ***בע""מ",,,"י""ח",130,"ל  מ""ל",false,1,2.90,2.23,false,1,
72940952,true,מילקי פי2 קצפת 111גר,"שטראוס גרופ ***בע""מ",,,"י""ח",111,ל  גרם,false,1,3.90,3.51,false,1,
72941041,true,מיני מילקי שוקו,"שטראוס גרופ ***בע""מ",,,"י""ח",130,"ל  מ""ל",false,1,2,1.54,false,1,
72945308,true,שמרים קוביות 50,"שטראוס גרופ ***בע""מ",,,"י""ח",50,ל  גרם,false,1,3.80,7.60,false,1,
72961209,true,שמנית*,תנובה בעמ ***,,,"י""ח",200,"ל  מ""ל",false,1,2.40,1.20,false,1,
72961544,true,באדי תות,תנובה בעמ ***,,,"י""ח",125,"ל  מ""ל",false,1,3,2.40,false,1,
72964422,true,שלי  יוגורט 4.5%  שומן,תנובה בעמ ***,,,"י""ח",200,"ל  מ""ל",false,1,3,1.50,false,1,
72986370,true,גלידה פיינטים וניל,מוצרי איכות אמריקאיים בעמ,,,"י""ח",500,"ל  מ""ל",false,1,19.90,3.98,true,1,
72986424,true,גלידה פיינטים קרם עוגיות,מוצרי איכות אמריקאיים בעמ,,,"י""ח",750,"ל  מ""ל",false,1,19.90,2.65,true,1,
72986448,true,גלידה פיינטים טופי קראנץ,מוצרי איכות אמריקאיים בעמ,,,"י""ח",750,"ל  מ""ל",false,1,19.90,2.65,true,1,
72986455,true,גלידה פיינטים ניו-יורק סופר,מוצרי איכות אמריקאיים בעמ,,,"י""ח",500,"ל  מ""ל",false,1,19.90,3.98,true,1,
72989425,true,גלידה פיינטים שוקולד בראוניס,מוצרי איכות אמריקאיים בעמ,,,"י""ח",750,"ל  מ""ל",false,1,19.90,2.65,true,1,
72991374,true,טיים בודד,דובק בעמ,,,"י""ח",1,,false,1,29.30,29.30,false,1,
72994061,true,פסק זמן GOOD 2,"שטראוס גרופ בע""מ",,,"י""ח",40,ל  גרם,false,1,5.90,14.75,false,1,
80001027,true,טורטינה חלב,ליימן שליסל,,,"י""ח",200,ל  גרם,false,1,4,2,true,1,
80001287,true,גרדנה 25 יח  38 גרם,ליימן שליסל,,,"י""ח",1,,false,1,4,4,true,1,
80001461,true,גרנד שוקולד 38 גרם,ליימן שליסל,,,"י""ח",38,ל  גרם,false,1,4,10.53,true,1,
80001911,true,גרדנה  שוקולד לבן 38 גרם,ליימן שליסל,,,"י""ח",38,ל  גרם,false,1,4,10.53,true,1,
80042556,true,עגבניות חתוכות 400ג   MUTTI.,רסטרטו יבוא ושיווק בעמ,,,"י""ח",400,ל  גרם,false,1,5.90,1.48,true,1,
80042563,true,מחית  עגבניות 700ג צהוב MUTTI,רסטרטו יבוא ושיווק בעמ,,,"י""ח",700,ל  גרם,false,1,13.90,1.99,false,1,
80050025,true,טיק טק תפוז,פרימיום - חברה לדברי מתיקה ולמ,,,"י""ח",16,ל  גרם,false,1,3.50,21.88,true,1,
80050124,true,חטיף טיק טק,פרימיום - חברה לדברי מתיקה ולמ,,,"י""ח",16,ל  גרם,false,1,3.50,21.88,true,1,
80052760,true,קינדר בואנו,פרימיום - חברה לדברי מתיקה ולמ,,,"י""ח",1,,false,1,5,5,false,1,
80052883,true,טיק טק מנטה חזק,פרימיום - חברה לדברי מתיקה ולמ,,,"י""ח",16,ל  גרם,false,1,3.50,21.88,true,1,
80136194,true,קינדר הפי היפו 1/5 אגוזי לוז,פרימיום - חברה לדברי מתיקה ולמ,,,"י""ח",5,"י""ח",false,1,12.90,2.58,false,1,
80176800,true,נוטלה 750 גרם,פרימיום - חברה לדברי מתיקה ולמ,,,"י""ח",750,ל  גרם,false,1,26.90,3.59,false,1,
80177173,true,נוטלה 350 גרם.,פרימיום - חברה לדברי מתיקה ולמ,,,"י""ח",3.50,"י""ח",false,1,15.90,4.54,false,1,
80177609,true,קינדר 50 גרם,פרימיום - חברה לדברי מתיקה ולמ,,,"י""ח",50,ל  גרם,false,1,4.20,8.40,false,1,
80177616,true,קינדר אצבעות 100 גר,פרימיום - חברה לדברי מתיקה ולמ,,,"י""ח",1,,false,1,8.90,8.90,false,1,
80310167,true,קינדר אצבעות 126 גר,פרימיום - חברה לדברי מתיקה ולמ,,,"י""ח",126,ל  גרם,false,1,9.90,7.86,false,1,
80310891,true,ביצת הפתעה קינדר ג וי 20ג,פרימיום - חברה לדברי מתיקה ולמ,,,"י""ח",200,ל  גרם,false,1,6.50,3.25,false,1,
80761761,true,קינדר בואנו לבן בודד,פרימיום - חברה לדברי מתיקה ולמ,,,"י""ח",1,,false,1,5,5,false,1,
80762362,true,מנטוס בוקס וואיט אקליפטוס 40 יח`,ליימן שליסל,,,"י""ח",128,ל  גרם,false,1,9.90,7.73,true,1,
80768258,true,קינדר ג וי בודד ורוד,פרימיום - חברה לדברי מתיקה ולמ,,,"י""ח",1,,false,1,6.50,6.50,false,1,
80769699,true,מנטוס בוקס פירות מנטה,ליימן שליסל,,,"י""ח",128,ל  גרם,false,1,9.90,7.73,true,1,
80773429,true,מנטוס טעם תות בקבוק 60ג,ליימן שליסל,,,"י""ח",60,ל  גרם,false,1,9.90,16.50,true,1,
80773443,true,מנטוס טעם פירות מנטה  בקבוק 60ג,ליימן שליסל,,,"י""ח",60,ל  גרם,false,1,9.90,16.50,true,1,
80790990,true,מנטוס טעם מנטה  עדין בקבוק 60ג,ליימן שליסל,,,"י""ח",60,ל  גרם,false,1,9.90,16.50,true,1,
80831402,true,סוכריות מנטה עדינה ללא סוכר,ליימן שליסל,,,"י""ח",100,ל  גרם,false,1,6.90,6.90,true,1,
80832560,true,סוכריות מנטוס מרעננות ללא סוכר פירות י,ליימן שליסל,,,"י""ח",93,ל  גרם,false,1,6.90,7.42,true,1,
80843184,true,מנטוס טעם ענבים  בקבוק 60ג,ליימן שליסל,,,"י""ח",60,ל  גרם,false,1,9.90,16.50,true,1,
80854753,true,סוכריות מנטה ללא סוכר,ליימן שליסל,,,"י""ח",100,ל  גרם,false,1,6.90,6.90,true,1,
80864295,true,מנטוס בוקס וואיט מנטה עדינה  30 יח`,ליימן שליסל,,,"י""ח",60,ל  גרם,false,1,9.90,16.50,true,1,
80896081,true,מנטוס טעם אבטיח בקבוק 60ג,ליימן שליסל,,,"י""ח",60,ל  גרם,false,1,9.90,16.50,true,1,
80913467,true,מנטוס טעם מנטה בקבוק 60ג,ליימן שליסל,,,"י""ח",60,ל  גרם,false,1,9.90,16.50,true,1,
80945468,true,מנטוס בוקס וואיט מנטה מתוקה  30 יח`,ליימן שליסל,,,"י""ח",60,ל  גרם,false,1,9.90,16.50,true,1,
80979128,true,מנטוס טעם דובדבן  בקבוק 60ג,ליימן שליסל,,,"י""ח",60,ל  גרם,false,1,9.90,16.50,true,1,
80982470,true,מנטוס טעם מנטה חזק בקבוק 60ג,ליימן שליסל,,,"י""ח",60,ל  גרם,false,1,9.90,16.50,true,1,
80986348,true,מנטוס בוקס וואיט מנטה  30 יח`,ליימן שליסל,,,"י""ח",60,ל  גרם,false,1,9.90,16.50,true,1,
87108538,true,מנטוס גלילים תות,ליימן שליסל,,,"י""ח",37,ל  גרם,false,1,3.30,8.92,false,1,
87108651,true,מנטוס מנטה 1\4,ליימן שליסל,,,"י""ח",1,,false,1,11.90,11.90,false,1,
87311396,true,מנטוס גלילים מיקס פירות,ליימן שליסל,,,"י""ח",37.50,ל  גרם,false,1,3.30,8.80,false,1,
87354041,true,מנטוס גלילים בטעם דובדבן,ליימן שליסל,,,"י""ח",37.50,ל  גרם,false,1,3.30,8.80,false,1,
90162602,true,"רד בול פחית 250 מ""ל",דיפלומט מפיצים (1968) בעמ**,,,"י""ח",250,"ל  מ""ל",false,1,5.90,2.24,true,1,
90446269,true,"רד בול אבטיח  250מ""ל",דיפלומט מפיצים (1968) בעמ**,,,"י""ח",250,ל  גרם,false,1,6.80,2.60,true,1,
90448867,true,"רד בול ללא פחמימות פחית 250 מ""ל",דיפלומט מפיצים (1968) בעמ**,,,"י""ח",250,"ל  מ""ל",false,1,6.80,2.60,false,1,
90453427,true,"רד בול פיטאיה פחית 250 מ""ל",דיפלומט מפיצים (1968) בעמ**,,,"י""ח",250,"ל  מ""ל",false,1,6.80,2.60,false,1,
7290005856,true,כיסוי אוניברסלי 7 אינץ תמונות,לפ טל-פון שלומי,,,"י""ח",1,,false,1,60,60,false,1,
8112100298,true,"שמן שומשום טהור  185מ""ל",מזרח ומערב יבוא ושיווק,,,"י""ח",185,"ל  מ""ל",false,1,15.90,8.59,false,1,
8421420568,true,בובת TY עיינים גדולות S חתולה,שמחה זה אנחנו,,,"י""ח",1,,false,1,29.90,29.90,false,1,
8888888888,true,3110,לפ הוצ בולט תעשיו,,,"י""ח",1,,false,1,31.10,31.10,false,1,
9073102314,true,סורבט שרונס-קוקוס 473 מל,מוצרי איכות אמריקאיים בעמ,,,"י""ח",750,"ל  מ""ל",false,1,23.90,3.19,true,1,
9800800056,true,נוטלה גו 52ג,פרימיום - חברה לדברי מתיקה ולמ,,,"י""ח",52,ל  גרם,false,1,5.90,11.35,false,1,
11182700916,true,קינג קול שעועית לבנה צפונית 439ג,מור ים מרקטינג בעמ,,,"י""ח",439,ל  גרם,false,1,11.90,2.71,false,1,
11182700923,true,שעועית אדומה בהירה קינג קול  439גר,מור ים מרקטינג בעמ,,,"י""ח",439,ל  גרם,false,1,11.90,2.71,false,1,
11182700930,true,שעועית אדומה כהה קינג קול 439 גרם,מור ים מרקטינג בעמ,,,"י""ח",439,ל  גרם,false,1,11.90,2.71,false,1,
11182700954,true,קינג קול שעועית שחורה 439ג,מור ים מרקטינג בעמ,,,"י""ח",439,ל  גרם,false,1,11.90,2.71,false,1,
11210000094,true,"טבסקו חריף 60 מ""ל",ציון תורגמן בעמ,,,"י""ח",60,"ל  מ""ל",false,1,9.90,16.50,true,1,
11210006508,true,רוטב טבסקו חריף אקסטרה,ציון תורגמן בעמ,,,"י""ח",60,"ל  מ""ל",false,1,21.90,36.50,false,1,
11210009387,true,טבסקו פלפל ירוק,ציון תורגמן בעמ,,,"י""ח",60,"ל  מ""ל",false,1,9.90,16.50,false,1,
11210607040,true,"טבסקו צ`יפוטלי60מ""ל",ציון תורגמן בעמ,,,"י""ח",60,"ל  מ""ל",false,1,9.90,16.50,false,1,
16000281684,true,נייטשר קראנצ`י פקאן 1/5,ליימן שליסל,,,"י""ח",210,ל  גרם,false,1,19.90,9.48,true,1,
16000423534,true,נייטשר קראנצ`י ש.שועל ושוקולד מריר 1/5,ליימן שליסל,,,"י""ח",210,ל  גרם,false,1,19.90,9.48,true,1,
16000548404,true,נייטשר קראנצ`י שיבולת שועל ודבש 1/5,ליימן שליסל,,,"י""ח",210,ל  גרם,false,1,19.90,9.48,true,1,
16000548503,true,חטיף ניצ`ר ואלי  מייפל בסוכר חום,ליימן שליסל,,,"י""ח",210,ל  גרם,false,1,19.90,9.48,true,1,
16000548602,true,נייטשר קראנצ`י קינמון 1/5,ליימן שליסל,,,"י""ח",210,ל  גרם,false,1,19.90,9.48,true,1,
16000548909,true,נייטשר קראנצ`י בריאות מעורב 1/5,ליימן שליסל,,,"י""ח",210,ל  גרם,false,1,19.90,9.48,true,1,
18000701223,true,תערובת לעוגת  שוק(פילסברי),ליימן שליסל,,,"י""ח",517,ל  גרם,false,1,17.90,3.46,false,1,
18000703494,true,תערובת לעוגות  וניל(פילסברי),ליימן שליסל,,,"י""ח",524,ל  גרם,false,1,17.90,3.42,false,1,
18000703517,true,תערובת לעוגת שיש,ליימן שליסל,,,"י""ח",559,ל  גרם,false,1,17.90,3.20,false,1,
18000766413,true,תערובת לבראוניס,ליימן שליסל,,,"י""ח",609,ל  גרם,false,1,17.90,2.94,false,1,
21723339994,true,"רוטב דגים 300מ""ל",מזרח ומערב יבוא ושיווק,,,"י""ח",300,ל  גרם,false,1,9.90,3.30,false,1,
22200956949,true,ספיד סטיק ג ל-כתום,ש.שסטוביץ בעמ,,,"י""ח",51,ל  גרם,false,1,19.90,39.02,true,1,
22224200820,true,קני וופלי ליקריץ אוסטרלי אדום 114גר,מור ים מרקטינג בעמ,,,"י""ח",114,ל  גרם,false,1,11.90,10.44,false,1,
22224200868,true,קני וופלי ליקריץ אוסטרלי תפוח 114ג,מור ים מרקטינג בעמ,,,"י""ח",114,ל  גרם,false,1,11.90,10.44,false,1,
24000161035,true,עגבניות קצוצות דק במיץ עגב. מארז 3*400,ליימן שליסל,,,"י""ח",1.20,"ק""ג",false,1,12.90,10.75,false,1,
24463061095,true,רוטב סרירצ`ה צ`ילי חריף לחיץ 482גר,אחים טיירי עסקי מזון בעמ,,,"י""ח",482,ל  גרם,false,1,29.90,6.20,false,1,
25675301108,true,מקלות חמוצות 50 גרם,גורי ע.ע.ע. בעמ,,,"י""ח",50,ל  גרם,false,1,4.90,9.80,false,1,
25700005698,true,שקיות אחסון בינוניות 24 יח` זיפלוק.,דנשר (1963) בעמ,,,"י""ח",1,,false,1,12.90,12.90,false,1,
30000315989,true,קוואקר פרוטאין חמוציות ושקדים 372ג.,"שטראוס פריטו ליי בע""מ",,,"י""ח",372,ל  גרם,false,1,21.90,5.89,false,1,
31200001597,true,חמוציות אושן ספריי 170גר,ליימן שליסל,,,"י""ח",170,ל  גרם,false,1,14.50,8.53,true,1,
31290140176,true,שוקולד GODIVA סטיקס מריר עם שקדים,תה ויסוצקי (ישראל)בעמ,,,"י""ח",90,ל  גרם,false,1,14.90,16.56,true,1,
31290140190,true,שוקולד GODIVA סטיקס מריר עם מלח ים,תה ויסוצקי (ישראל)בעמ,,,"י""ח",90,ל  גרם,false,1,14.90,16.56,true,1,
31290140237,true,שוקולד GODIVA סטיקס חלב,תה ויסוצקי (ישראל)בעמ,,,"י""ח",90,ל  גרם,false,1,14.90,16.56,true,1,
34000148301,true,נטיפי שוקולד מריר לאפייה  340גר הרשי,ליימן שליסל,,,"י""ח",340,ל  גרם,false,1,19.90,5.85,false,1,
34000196173,true,הרשי קוקיס קרים XL,ליימן שליסל,,,"י""ח",47,ל  גרם,false,1,8.90,18.94,false,1,
34000442652,true,ריזס קבלה XL,ליימן שליסל,,,"י""ח",47,ל  גרם,false,1,8.90,18.94,false,1,
34000446001,true,חטיפי שוקולד חלב ריזס מיניס 150גר,ליימן שליסל,,,"י""ח",150,ל  גרם,false,1,10.90,7.27,false,1,
34000470228,true,חטיפי שוקולד חלב ריזס מיניס 70גר,ליימן שליסל,,,"י""ח",70,ל  גרם,false,1,6.50,9.29,false,1,
34000470563,true,ריזס מיניס  ארזה משפחתית 215ג,ליימן שליסל,,,"י""ח",215,ל  גרם,false,1,19.90,9.26,false,1,
34000544028,true,ממתק בטעם תות 198ג,ליימן שליסל,,,"י""ח",198,ל  גרם,false,1,7.90,3.99,false,1,
34000544431,true,ליקרויץ 198 גרם -דובדבן,ליימן שליסל,,,"י""ח",1,,false,1,7.90,7.90,false,1,
34000996643,true,הרשי דרופס ארזה משפחתית 215ג,ליימן שליסל,,,"י""ח",215,ל  גרם,false,1,19.90,9.26,false,1,
37600207287,true,חמאת בוטנים סקיפי,דיפלומט מפיצים (1968) בעמ**,,,"י""ח",462,ל  גרם,false,1,20.90,4.52,false,1,
38000138638,true,פרינגלס פיצה 161 גר`פלקס,דיפלומט מפיצים (1968) בעמ**,,,"י""ח",161,ל  גרם,false,1,9.90,6.15,true,1,
38000138720,true,פרינגלס ראנץ  158ג,דיפלומט מפיצים (1968) בעמ**,,,"י""ח",161,ל  גרם,false,1,9.90,6.15,true,1,
38000183690,true,פרינגלס מידי ברביקיו  71ג,דיפלומט מפיצים (1968) בעמ**,,,"י""ח",71,ל  גרם,false,1,5.90,8.31,true,1,
38000197840,true,פרינגלס גלי בטעם חריף מתוק 137גר,דיפלומט מפיצים (1968) בעמ**,,,"י""ח",149,ל  גרם,false,1,9.90,6.64,true,1,
38000202278,true,פרינגלס גלי בטעם אוריגינל 130 גר`,דיפלומט מפיצים (1968) בעמ**,,,"י""ח",130,ל  גרם,false,1,9.90,7.62,true,1,
38000232152,true,פרינגלס ברביקיו 161 גר`פלקס,דיפלומט מפיצים (1968) בעמ**,,,"י""ח",161,ל  גרם,false,1,9.90,6.15,true,1,
38000232176,true,פרינגלס שמנת בצל 161 גר`פלקס,דיפלומט מפיצים (1968) בעמ**,,,"י""ח",161,ל  גרם,false,1,9.90,6.15,true,1,
38000232183,true,פרינגלס אוריגינל 149 גר`.,דיפלומט מפיצים (1968) בעמ**,,,"י""ח",149,ל  גרם,false,1,9.90,6.64,true,1,
38527591053,true,דגנים מרובעים קי,"שטראוס פריטו ליי בע""מ",,,"י""ח",375,ל  גרם,false,1,19.90,5.31,false,1,
38527591060,true,דגנים מרובעים,"שטראוס פריטו ליי בע""מ",,,"י""ח",453,ל  גרם,false,1,19.90,4.39,false,1,
40000513568,true,שוקולד M M אריזה גדולה  156ג,מרס ריגלי ישראל בעמ,,,"י""ח",1560,ל  גרם,false,1,10.90,0.70,false,1,
40000513629,true,חמאת בוטנים   M M אריזה גדולה  156ג,מרס ריגלי ישראל בעמ,,,"י""ח",1560,ל  גרם,false,1,10.90,0.70,false,1,
40000514480,true,סוכריות   M M   שוקו.,מרס ריגלי ישראל בעמ,,,"י""ח",1,,false,1,4.90,4.90,true,1,
40000514510,true,סוכריות M M  פינאטס 48 ג,מרס ריגלי ישראל בעמ,,,"י""ח",1,,false,1,4.90,4.90,true,1,
40232885518,true,אוכמניות,ביכורי השדה צפון 1994 ג.ד. בעמ,,,"י""ח",1,,false,1,14.90,14.90,true,1,
41143299081,true,שזיפים מגולענים 198ג.,ר.ב. מוצרי דגנים בעמ,,,"י""ח",198,ל  גרם,false,1,19.90,10.05,false,1,
41190045600,true,שופרייט פצפוצי אורז,מור ים מרקטינג בעמ,,,"י""ח",1,,false,1,29.90,29.90,false,1,
41390001079,true,"רוטב סויה דל נטרן 444מ""ל",דיפלומט מפיצים (1968) בעמ**,,,"י""ח",144,"ל  מ""ל",false,1,19.90,13.82,false,1,
41390010309,true,"רוטב טריאקי 444מ""ל",דיפלומט מפיצים (1968) בעמ**,,,"י""ח",144,"ל  מ""ל",false,1,19.90,13.82,false,1,
41500007007,true,פרנצ יס ממרח  חרדל לחיץ צהוב 226גר,ר.ב. מוצרי דגנים בעמ,,,"י""ח",226,ל  גרם,false,1,10.90,4.82,false,1,
41570113059,true,בלו דיאמנד משקה שקדים אורגינל 1ליטר,מור ים מרקטינג בעמ,,,"י""ח",1,ליטר,false,1,20.20,20.20,false,1,
41570113066,true,"בלו דיאמנד משקה שקדים לל""ס 1ליטר",מור ים מרקטינג בעמ,,,"י""ח",1,ליטר,false,1,20.20,20.20,false,1,
42400108153,true,דגני בוקר תותיס פרוטיס  354גר,ר.ב. מוצרי דגנים בעמ,,,"י""ח",354,ל  גרם,false,1,19.90,5.62,false,1,
44600300580,true,קלין אפ פרש 946 מ``ל,גורי מוצרי צריכה בעמ,,,"י""ח",946,"ל  מ""ל",false,1,21.90,2.32,false,1,
46214372250,true,.עוגיות שטרודל 225 גרם תפוח מרבה,ש.שסטוביץ בעמ,,,"י""ח",225,ל  גרם,false,1,8.90,3.96,true,1,
46214382259,true,עוגיות בראוניס 225 גרם,ש.שסטוביץ בעמ,,,"י""ח",225,ל  גרם,false,1,8.90,3.96,true,1,
46214731552,true,עוגיות שוקו צ יפ מרבה,ש.שסטוביץ בעמ,,,"י""ח",225,ל  גרם,false,1,8.90,3.96,true,1,
48256214758,true,"אוקסי אבקת הפלא 1 ק""ג",יעקב יעקבי ובניו בעמ,,,"י""ח",1,"ק""ג",false,1,19.90,19.90,false,1,
50000397587,true,אבקה להכנת משקה שוקולד חלב 6 שקיות,מור ים מרקטינג בעמ,,,"י""ח",121,ל  גרם,false,1,21.90,18.10,false,1,
50000445691,true,פריסקיז נתחי עוף וסלומון ברוטב 156גר,קבוצת אוסם סחר-שות.מוגבלת,,,"י""ח",156,ל  גרם,false,1,7.90,5.06,false,1,
50000571987,true,פריסקיז נתחי עוף  ברוטב 156גר,קבוצת אוסם סחר-שות.מוגבלת,,,"י""ח",156,ל  גרם,false,1,9.40,6.03,false,1,
52100070780,true,תמצית תפוז טהורה 29 מ``ל,ר.ב. מוצרי דגנים בעמ,,,"י""ח",29,"ל  מ""ל",false,1,15.90,54.83,false,1,
52100070827,true,"תמצית רום 29מ""ל",ר.ב. מוצרי דגנים בעמ,,,"י""ח",29,"ל  מ""ל",false,1,11.90,41.03,false,1,
52100070865,true,תמצית וניל טהורה 29גר,ר.ב. מוצרי דגנים בעמ,,,"י""ח",29,"ל  מ""ל",false,1,31.90,110,false,1,
54100006769,true,"ולאסיק פרוסות חלפניו חריף דלי 355מ""ל",מור ים מרקטינג בעמ,,,"י""ח",355,"ל  מ""ל",false,1,17.90,5.04,false,1,
55369901673,true,רבעיות אפרסק חתם סופר 452 גר,מור ים מרקטינג בעמ,,,"י""ח",452,ל  גרם,false,1,15.90,3.52,false,1,
55369901703,true,רבעיות תות שדה חתם סופר 452גרם,מור ים מרקטינג בעמ,,,"י""ח",452,ל  גרם,false,1,15.90,3.52,false,1,
55369902342,true,מחית תפוח עץ עברי ביתי חתם סופר,מור ים מרקטינג בעמ,,,"י""ח",709,ל  גרם,false,1,15.90,2.24,false,1,
55369902564,true,"מחית תפ""ע לא ממותק  452גר אפלסנקס",מור ים מרקטינג בעמ,,,"י""ח",452,ל  גרם,false,1,15.90,3.52,false,1,
55500012046,true,קלין אפ מרסס+פיין סול כלורוקס,גורי מוצרי צריכה בעמ,,,"י""ח",946,"ל  מ""ל",false,1,20.90,2.21,false,1,
64144090020,true,~תרסיס שמן זית 141 ג,ליימן שליסל,,,"י""ח",141,"ל  מ""ל",false,1,19.90,14.11,false,1,
64144090051,true,תרסיס שמן פאם קנולה 148 ג,ליימן שליסל,,,"י""ח",148,"ל  מ""ל",false,1,19.90,13.45,false,1,
70177077563,true,ארל גריי 25יח,מ.סידס ובנו בעמ,,,"י""ח",50,ל  גרם,false,1,18.90,37.80,true,1,
70177078904,true,תה אינגליש ברקפסט 50יח,מ.סידס ובנו בעמ,,,"י""ח",100,ל  גרם,false,1,34.90,34.90,true,1,
70177084769,true,תה שחור טווינינגס ונילה 25יח,מ.סידס ובנו בעמ,,,"י""ח",50,ל  גרם,false,1,18.90,37.80,true,1,
70177173203,true,תה גרין מינט   25יח,מ.סידס ובנו בעמ,,,"י""ח",37,ל  גרם,false,1,20.90,56.49,false,1,
72320124421,true,סטאופר עוגיות ג`ינג`ר סנאפס 397גר,מור ים מרקטינג בעמ,,,"י""ח",397,ל  גרם,false,1,23.90,6.02,false,1,
72600009257,true,הרס קלאסי חטיף טורטיה 225 גרם,מור ים מרקטינג בעמ,,,"י""ח",1,,false,1,24.90,24.90,false,1,
73490153556,true,"מיץ ענבים קונקורד 946מ""ל Kedem",טמפו משקאות בעמ,,,"י""ח",946,"ל  מ""ל",false,1,19.90,2.07,false,1,
76840001767,true,גלידה פיינטים עם עוגיות חמאת בוטנים,מוצרי איכות אמריקאיים בעמ,,,"י""ח",750,"ל  מ""ל",false,1,23.90,3.19,true,1,
76840001774,true,גלידה פיינטים בצק עוגיות שוקולד צ`יפס,מוצרי איכות אמריקאיים בעמ,,,"י""ח",750,"ל  מ""ל",false,1,23.90,3.19,true,1,
76840100156,true,גלידה פיינטים צרי גרסיה,מוצרי איכות אמריקאיים בעמ,,,"י""ח",750,"ל  מ""ל",false,1,19.90,2.65,true,1,
76840100583,true,גלידה פיינטים בצק עוגיות 473 מל,מוצרי איכות אמריקאיים בעמ,,,"י""ח",750,"ל  מ""ל",false,1,19.90,2.65,true,1,
76840400218,true,"גלידת בן אנד גריס 473מ""לעוגת גבינה עם",מוצרי איכות אמריקאיים בעמ,,,"י""ח",473,"ל  מ""ל",false,1,23.90,5.05,true,1,
76840620029,true,גלידה פיינטים ברי נייס,מוצרי איכות אמריקאיים בעמ,,,"י""ח",500,"ל  מ""ל",false,1,23.90,4.78,true,1,
77245110610,true,סוכריות מאסט מנטה ללא סוכ,"שטראוס גרופ בע""מ",,,"י""ח",80,ל  גרם,false,1,9.60,12,false,1,
77975010167,true,מקלוני חיטה TWISTS בתוספת דבש 340גר,ליימן שליסל,,,"י""ח",340,ל  גרם,false,1,15.90,4.68,true,1,
77975022757,true,בייגל אמריקאי 382.7גר,ליימן שליסל,,,"י""ח",382,ל  גרם,false,1,16.90,4.42,true,1,
77975034071,true,סניידרס שברי בייגל  גבינת ניברלס 255.2גר,ליימן שליסל,,,"י""ח",255,ל  גרם,false,1,15.90,6.24,true,1,
77975036976,true,סלסה מטבל עגבניות חריפות מעודנת,ליימן שליסל,,,"י""ח",354,ל  גרם,false,1,18.90,5.34,false,1,
77975091975,true,סניידרס סנדוויץ בייגלה בטעם פיצה,ליימן שליסל,,,"י""ח",340,ל  גרם,false,1,15.90,4.68,true,1,
77975093108,true,סניידרס בייגלה בציפוי שוקולד לבן 141ג,ליימן שליסל,,,"י""ח",141,ל  גרם,false,1,16.90,11.99,true,1,
77975094624,true,סניידרס שברי בייגל חמאת בונים 283גר,ליימן שליסל,,,"י""ח",340,ל  גרם,false,1,15.90,4.68,true,1,
77975094631,true,סנדוויץ בייגל במילוי קרם צ דר 226ג.,ליימן שליסל,,,"י""ח",226,ל  גרם,false,1,15.90,7.04,true,1,
77975094761,true,סניידרס שברי בייגל גבינת צ`דר 340גר,ליימן שליסל,,,"י""ח",340,ל  גרם,false,1,15.90,4.68,true,1,
77975094778,true,"סניידרס שברי בייגל  בצל,חרדל ודבש 340ג",ליימן שליסל,,,"י""ח",340,ל  גרם,false,1,15.90,4.68,true,1,
77975095133,true,סניידרס שברי בייגל   318ג,ליימן שליסל,,,"י""ח",318,ל  גרם,false,1,15.90,5,true,1,
77975095157,true,סניידרס שברי בגיילה טעם חלפיניו 318גר,ליימן שליסל,,,"י""ח",318,ל  גרם,false,1,15.90,5,true,1,
77975095164,true,סניידרס שברי בייגל  פרמזו ושום 318ג,ליימן שליסל,,,"י""ח",318,ל  גרם,false,1,15.90,5,true,1,
80432402931,true,"וויסקי שיבאס רגאל 700מ""ל",טמפו משקאות בעמ,,,"י""ח",700,"ל  מ""ל",false,1,119.90,17.09,true,1,
80518532743,true,שקית בלונים,שמחה זה אנחנו,,,"י""ח",1,,false,1,12,12,false,1,
80518810247,true,פרסים,שמחה זה אנחנו,,,"י""ח",1,,false,1,15,15,false,1,
89041081056,true,"שמן צילי 185מ""ל",מזרח ומערב יבוא ושיווק,,,"י""ח",185,"ל  מ""ל",false,1,12.90,6.97,false,1,
90341121212,true,וירגליס מוגז דובדבן שחור 355 מ``ל,מור ים מרקטינג בעמ,,,"י""ח",1,,false,1,14.20,14.20,false,1,
608011104238,true,בטיטו בורגר,גיא מאפים שיווק טוב בעמ,,,"י""ח",1,,false,1,12.50,12.50,false,1,
608011104245,true,הקלועות המיוחדות שלנו,גיא מאפים שיווק טוב בעמ,,,"י""ח",1,,false,1,12.50,12.50,false,1,
608011104252,true,נשנושי לחמניה מתוקה,גיא מאפים שיווק טוב בעמ,,,"י""ח",1,,false,1,14.90,14.90,false,1,
608011104269,true,חלה מיוחדת לשבת ולחג,גיא מאפים שיווק טוב בעמ,,,"י""ח",1,,false,1,12.90,12.90,false,1,
608011104276,true,לחמניות אצבעוני מתוקות,גיא מאפים שיווק טוב בעמ,,,"י""ח",1,,false,1,14.90,14.90,false,1,
613008742348,true,אריזונה ג`נסינג ודבש בקבוק 1ליטר,טמפו משקאות בעמ,,,"י""ח",1,ליטר,false,1,10.90,10.90,false,1,
613008742409,true,אריזונה אפרסק בקבוק 1ליטר,טמפו משקאות בעמ,,,"י""ח",1,ליטר,false,1,10.90,10.90,false,1,
613008755461,true,אריזונה אוכמניות בקבוק 1ליטר,טמפו משקאות בעמ,,,"י""ח",1,ליטר,false,1,10.90,10.90,false,1,
621683920159,true,פסטה אורז ספגטי,מור ים מרקטינג בעמ,,,"י""ח",397,ל  גרם,false,1,23.90,6.02,false,1,
621683921156,true,פסטה אורז פנה,מור ים מרקטינג בעמ,,,"י""ח",454,ל  גרם,false,1,23.90,5.26,false,1,
621683921255,true,פסטה אורז ספירל,מור ים מרקטינג בעמ,,,"י""ח",454,ל  גרם,false,1,23.90,5.26,false,1,
644209405923,true,דנקן היינס ציפוי מוקצף וניל 397 גרם,מור ים מרקטינג בעמ,,,"י""ח",397,ל  גרם,false,1,23.90,6.02,false,1,
651080647519,true,פלאקרס פלוסר קיסם+חוט,דנשר (1963) בעמ,,,"י""ח",1,,false,1,10.90,10.90,false,1,
673879000275,true,קאברד  ברידג`חטיף בטטה ומלח ים 142גר,מור ים מרקטינג בעמ,,,"י""ח",142,ל  גרם,false,1,24.90,17.54,false,1,
693493041355,true,נר נשמה,שונות /שרות,,,"י""ח",120,ל  גרם,false,1,5.90,4.92,false,1,
693493102575,true,עגבניות שרי קלמרים,ביכורי השדה צפון 1994 ג.ד. בעמ,,,"י""ח",450,ל  גרם,false,1,11.90,2.64,true,1,
721733000739,true,טקילה פטרון סילבר,מ.אקרמן בעמ,,,"י""ח",700,"ל  מ""ל",false,1,209.90,29.94,false,1,
728229123811,true,תה רה צי פס מתובל,מ.סידס ובנו בעמ,,,"י""ח",50,ל  גרם,false,1,15.90,31.80,true,1,
728229130154,true,חטיף צ`יפס בטטה וסלק 110גר`,מ.סידס ובנו בעמ,,,"י""ח",110,ל  גרם,false,1,15.90,14.45,true,1,
729002864025,true,נבטי אלפלפא,ביכורי השדה צפון 1994 ג.ד. בעמ,,,"י""ח",1,,false,1,6.90,6.90,true,1,
768404001640,true,גלידה פיינטים קפה,מוצרי איכות אמריקאיים בעמ,,,"י""ח",500,"ל  מ""ל",false,1,19.90,3.98,true,1,
769904000997,true,"שקדי מרק דג""ש ללא גלוטן 200ג",נטורפוד בעמ,,,"י""ח",200,ל  גרם,false,1,13.90,6.95,false,1,
791669336530,true,רלסטון דייסת ש.שועל מהירה קינמון 430גר,מור ים מרקטינג בעמ,,,"י""ח",430,ל  גרם,false,1,22.90,5.33,false,1,
807253241019,true,גואש אומגה 12יח.,צבע ומכחול (2014) בעמ,,,"י""ח",1,,false,1,14.90,14.90,false,1,
807253930104,true,סט מכחולים,צבע ומכחול (2014) בעמ,,,"י""ח",1,,false,1,9.90,9.90,false,1,
807259441888,true,דבק סטיק 3יח,צבע ומכחול (2014) בעמ,,,"י""ח",1,,false,1,7.90,7.90,false,1,
835811001232,true,נייר אפיה לתבנית עגול 10יח,הנמל אריזות ושווק בעמ,,,"י""ח",10,"י""ח",false,1,11.90,1.19,false,1,
835811002215,true,גביעי מאפינס צבעוני 200יח מס4,הנמל אריזות ושווק בעמ,,,"י""ח",1,,false,1,9.50,9.50,false,1,
835811002246,true,גביעי מאפינס צבעוני 200יח מס2,הנמל אריזות ושווק בעמ,,,"י""ח",1,,false,1,7.50,7.50,false,1,
835811002253,true,גביעי מאפינס צבעוני 200יח מס1.5,הנמל אריזות ושווק בעמ,,,"י""ח",1,,false,1,5.90,5.90,false,1,
835811004189,true,פרורי לחם מוזהבים  800 גרם הנמל,הנמל אריזות ושווק בעמ,,,"י""ח",800,ל  גרם,false,1,13.20,1.65,false,1,
835811004417,true,ריבת חלב 340ג,הנמל אריזות ושווק בעמ,,,"י""ח",340,ל  גרם,false,1,13.90,4.09,false,1,
835811004790,true,מגש הגשה עגול מחולק בינוני 1יח,הנמל אריזות ושווק בעמ,,,"י""ח",1,,false,1,8.10,8.10,false,1,
835811006701,true,קוקטים לאפייה 24יח 3OZ הנמל,הנמל אריזות ושווק בעמ,,,"י""ח",1,,false,1,6.50,6.50,false,1,
835811007166,true,כוסות קפה לדרך+מכסה 16 יחידות הנמל,הנמל אריזות ושווק בעמ,,,"י""ח",16,"י""ח",false,1,13.90,0.87,false,1,
835811007432,true,תבנית משפחתית,הנמל אריזות ושווק בעמ,,,"י""ח",1,,false,1,10.20,10.20,false,1,
839762000658,true,איילנד גויאבה 1 ליטר,טמפו משקאות בעמ,,,"י""ח",1,ליטר,false,1,13.20,13.20,true,1,
839762002379,true,"איילנד מנגו 350מ""ל",טמפו משקאות בעמ,,,"י""ח",350,"ל  מ""ל",false,1,5.40,1.46,false,1,
850006036028,true,מקלונים טעם סלק בצל 400ג,תה ויסוצקי (ישראל)בעמ,,,"י""ח",400,ל  גרם,false,1,17.90,4.48,true,1,
851621000050,true,"בירה Blanc 1664 5% 330מ""ל שישייה",החברה המרכזית להפצת משקאות בעמ,,,"י""ח",1.98,ליטר,false,1,42.90,20.76,false,1,
852629004774,true,רביעיית נקניקיות ביונד מיט 400גר,דיפלומט מפיצים (1968) בעמ**,,,"י""ח",400,ל  גרם,false,1,39.90,9.98,false,1,
856591000055,true,עבאדי עוגיות מזרחיות קריספי  -400,תה ויסוצקי (ישראל)בעמ,,,"י""ח",400,ל  גרם,false,1,17.90,4.48,false,1,
856591000062,true,עבאדי עוגיות מזרחיות מלח  -400,תה ויסוצקי (ישראל)בעמ,,,"י""ח",400,ל  גרם,false,1,18.90,4.73,false,1,
856591000109,true,עבאדי עוגיות מזרחיות פריך במיוחד 400גר,תה ויסוצקי (ישראל)בעמ,,,"י""ח",400,ל  גרם,false,1,18.90,4.73,false,1,
859547004329,true,ספוג ניקוי SCRUB DADDY,ר.ב. מוצרי דגנים בעמ,,,"י""ח",1,,false,1,17.90,17.90,false,1,
859547004466,true,ספוג ניקוי SCRUB MOMMY,ר.ב. מוצרי דגנים בעמ,,,"י""ח",1,,false,1,17.90,17.90,false,1,
873999000029,true,סוללות קאמיליון גדול,עולם הבית שיווק והפצה בעמ,,,"י""ח",1,,false,1,8.90,8.90,false,1,
873999000043,true,סוללות קאמיליון קטן,עולם הבית שיווק והפצה בעמ,,,"י""ח",1,,false,1,8.90,8.90,false,1,
873999000906,true,סוללות קטן,עולם הבית שיווק והפצה בעמ,,,"י""ח",1,,false,1,3.90,3.90,false,1,
884912002372,true,דגני בוקר קרנברי 566גר,ר.ב. מוצרי דגנים בעמ,,,"י""ח",566,ל  גרם,false,1,23.90,4.22,false,1,
884912004710,true,דגני גרייפ נאט חיטה מלאה 581 גרם גר,ר.ב. מוצרי דגנים בעמ,,,"י""ח",1,,false,1,25.90,25.90,false,1,
884912116505,true,דגני בוקר בננה נאט  קראנצ`440גרם,ר.ב. מוצרי דגנים בעמ,,,"י""ח",440,ל  גרם,false,1,26.90,6.11,false,1,
884912126115,true,דגני בוקר גרייט גריינס 454גרם,ר.ב. מוצרי דגנים בעמ,,,"י""ח",454,ל  גרם,false,1,23.90,5.26,false,1,
884912129512,true,דגני בוקר קוקו פבלס 311 גרם,ר.ב. מוצרי דגנים בעמ,,,"י""ח",1,,false,1,21.90,21.90,false,1,
884912180629,true,שרדד וויט דגני בוקר 464ג,ר.ב. מוצרי דגנים בעמ,,,"י""ח",446,ל  גרם,false,1,25.90,5.81,false,1,
884912342737,true,דגני בוקר CRISP WAFFLE י326 גרם.,ר.ב. מוצרי דגנים בעמ,,,"י""ח",326,ל  גרם,false,1,20.90,6.41,false,1,
884912359155,true,דגני בוקר האני באנצ  רוסטד 340ג,ר.ב. מוצרי דגנים בעמ,,,"י""ח",340,ל  גרם,false,1,21.90,6.44,true,1,
884912359162,true,דגני בוקר האני באנצ שקדים  340ג,ר.ב. מוצרי דגנים בעמ,,,"י""ח",340,ל  גרם,false,1,22.90,6.74,true,1,
884912359421,true,האני באנצ  מייפל ופקאן 340ג,ר.ב. מוצרי דגנים בעמ,,,"י""ח",340,ל  גרם,false,1,21.90,6.44,true,1,
884912359483,true,דגני בוקר האני באנצ  תות 340ג,ר.ב. מוצרי דגנים בעמ,,,"י""ח",340,ל  גרם,false,1,21.90,6.44,true,1,
884912365200,true,דגני בוקר אוראו 311גר.,ר.ב. מוצרי דגנים בעמ,,,"י""ח",311,ל  גרם,false,1,23.90,7.68,true,1,
885320010577,true,גו-גו ארוחת אורז וקינואה מאק טבעונית ל,מור ים מרקטינג בעמ,,,"י""ח",1,,false,1,24.90,24.90,false,1,
893594002068,true,חטיף פופקורן צ`יפס עם מלח ים 28גר,"שטראוס פריטו ליי בע""מ",,,"י""ח",28,ל  גרם,false,1,6.90,24.64,false,1,
1230000068314,false,בשר טחון ביונד מיט מארז זוגות 300ג,דיפלומט מפיצים (1968) בעמ**,,,"י""ח",300,ל  גרם,false,1,32.90,10.97,false,1,
1230000116022,false,המבורגר ביונד מיט מארז זוגות 226ג,דיפלומט מפיצים (1968) בעמ**,,,"י""ח",226,ל  גרם,false,1,29.90,13.23,false,1,
2348139024008,false,תחתיות ארטישוק 400 גרם,נטו מלינדה סחר בעמ,,,"י""ח",425,ל  גרם,false,1,11.90,2.80,false,1,
3014260228842,false,"גילט קצף גילוח רגיל 200 מ""ל",דיפלומט מפיצים 1968 בעמ,,,"י""ח",200,"ל  מ""ל",false,1,16.30,8.15,true,1,
3014260289287,false,גילט בלו 2 חמישיה  לאשה,דיפלומט מפיצים 1968 בעמ,,,"י""ח",1,,false,1,14.90,14.90,true,1,
3045200760009,false,"דזיטול נוזל מחטא בגדים בכביסה 500מ""ל.",יעקב יעקבי ובניו בעמ,,,"י""ח",500,"ל  מ""ל",false,1,14.90,2.98,true,1,
3045206312257,false,דזיטול מגבונים,יעקב יעקבי ובניו בעמ,,,"י""ח",1,ליטר,false,1,14.90,14.90,false,1,
3046920028004,false,לינדט אקסלנס 70% 100ג,מ.סידס ובנו בעמ,,,"י""ח",100,ל  גרם,false,1,16.90,16.90,false,1,
3046920028363,false,לינדט אקסלנס 85% 100ג,מ.סידס ובנו בעמ,,,"י""ח",100,ל  גרם,false,1,16.90,16.90,false,1,
3046920028721,false,לינדט אקסלנס סטרוברי  100גר`,מ.סידס ובנו בעמ,,,"י""ח",100,ל  גרם,false,1,16.90,16.90,false,1,
3046920028752,false,לינדט אקסלנס מינט 100ג,מ.סידס ובנו בעמ,,,"י""ח",100,ל  גרם,false,1,16.90,16.90,false,1,
3046920029674,false,לינדט אקס`מלח 100גר`,מ.סידס ובנו בעמ,,,"י""ח",100,ל  גרם,false,1,16.90,16.90,false,1,
3046920029759,false,לינדט אקסלנס 90% 100ג,מ.סידס ובנו בעמ,,,"י""ח",100,ל  גרם,false,1,16.90,16.90,false,1,
3059943015104,false,"אירוויק נטול גז יסמין 345 מ""ל",רקיט בנקיזר (ניר איסט) בעמ,,,"י""ח",345,"ל  מ""ל",false,1,14.90,4.32,false,1,
3059943016507,false,אירוויק ספריי לבנדר,רקיט בנקיזר (ניר איסט) בעמ,,,"י""ח",300,"ל  מ""ל",false,1,10.90,3.63,true,1,
3059943016569,false,אירוויק ספריי פריסיה ויסמין,רקיט בנקיזר (ניר איסט) בעמ,,,"י""ח",300,"ל  מ""ל",false,1,10.90,3.63,true,1,
3059944021197,false,ויט קרם עור רגיש,רקיט בנקיזר (ניר איסט) בעמ,,,"י""ח",1,,false,1,49.90,49.90,false,1,
3073781161663,false,גבינה לוואש קירי 8יח`,בני ג ורג שוקחה (חיפה) בעמ,,,"י""ח",128,ל  גרם,false,1,11.90,9.30,false,1,
3073781161687,false,גבינה לוואש קירי 16 יח`,בני ג ורג שוקחה (חיפה) בעמ,,,"י""ח",256,ל  גרם,false,1,22.90,8.95,true,1,
3073781161700,false,גבינה לוואש קירי 32 יח`,בני ג ורג שוקחה (חיפה) בעמ,,,"י""ח",480,ל  גרם,false,1,37.90,7.90,false,1,
3073781162790,false,בייבי בל 6 יח  120גר` נטו,א. סיימן סחר בעמ,,,"י""ח",120,ל  גרם,false,1,21.90,18.25,true,1,
3073781177220,false,בייבי בל רול 102ג,א. סיימן סחר בעמ,,,"י""ח",120,ל  גרם,false,1,21.90,18.25,true,1,
3141360054405,false,פיניש ציטרופרש לימון,רקיט בנקיזר (ניר איסט) בעמ,,,"י""ח",27,ל  גרם,false,1,16.90,62.59,false,1,
3178530402353,false,מדלן עוגיות רכות 175ג,א. סיימן סחר בעמ,,,"י""ח",175,ל  גרם,false,1,11.90,6.80,false,1,
3178530407938,false,מיני מדליין עם פצפוצי שוקולד 175ג,א. סיימן סחר בעמ,,,"י""ח",175,ל  גרם,false,1,12.90,7.37,false,1,
3178530417357,false,בראוניז 210גר שוקולד לבן,א. סיימן סחר בעמ,,,"י""ח",180,ל  גרם,false,1,19.90,11.06,false,1,
3178530417418,false,עוגיות דונטס פיצפוצי שוקולד 180גר,א. סיימן סחר בעמ,,,"י""ח",180,ל  גרם,false,1,19.90,11.06,false,1,
3179732348913,false,פרייה ירוק פלסטיק 1 ליטר,טמפו משקאות בעמ,,,"י""ח",1,ליטר,false,1,8.90,8.90,false,1,
3282554138911,false,כפיות לבן 100יח  שווה,ח.כהן סוכנות מזון ומשקאות בע,,,"י""ח",100,"י""ח",false,1,6.90,0.07,false,1,
3282554174841,false,מזלגות לבן 100יח  שווה,ח.כהן סוכנות מזון ומשקאות בע,,,"י""ח",100,"י""ח",false,1,9.90,0.10,false,1,
3324321278861,false,"ממה אלן קוביות מרק עוף בד""ץ 120מ""ל",אחים טיירי עסקי מזון בעמ,,,"י""ח",120,"ל  מ""ל",false,1,8.90,7.42,false,1,
3324321278885,false,"ממה אלן קוביות מרק בקר בד""ץ 120מ""ל",אחים טיירי עסקי מזון בעמ,,,"י""ח",120,"ל  מ""ל",false,1,8.90,7.42,false,1,
3387390320244,false,פיטנס דגנים עם פירות 375גרם,קבוצת אוסם סחר-שות.מוגבלת,,,"י""ח",375,ל  גרם,false,1,22.90,6.11,true,1,
3387390525960,false,קראנץ  500גר`,קבוצת אוסם סחר-שות.מוגבלת,,,"י""ח",500,ל  גרם,false,1,24.70,4.94,true,1,
3387390730852,false,פיטנס 375 גרם,קבוצת אוסם סחר-שות.מוגבלת,,,"י""ח",375,ל  גרם,false,1,22.90,6.11,true,1,
3516664460007,false,שמרים יבשים 500ג,בני ג ורג שוקחה (חיפה) בעמ,,,"י""ח",500,ל  גרם,false,1,10.90,2.18,false,1,
3523230025652,false,בושה עיזים שום  125גר נטו,א. סיימן סחר בעמ,,,"י""ח",125,ל  גרם,false,1,24.90,19.92,false,1,
3523230026826,false,פירמידה עיזים טבעי 140ג,א. סיימן סחר בעמ,,,"י""ח",125,ל  גרם,false,1,24.90,19.92,true,1,
3523230026888,false,פירמידה עיזים שום ועשבי תיבול 140ג.,א. סיימן סחר בעמ,,,"י""ח",125,ל  גרם,false,1,24.90,19.92,true,1,
3563490014898,false,חרדל דיג ון 255 גרם,דיפלומט מפיצים (1968) בעמ**,,,"י""ח",255,ל  גרם,false,1,12.90,5.06,false,1,
3574660089547,false,טמפוני OB 32 נורמל,ש.שסטוביץ בעמ,,,"י""ח",1,,false,1,24.90,24.90,false,1,
3574660333466,false,אובה 32 יח מיני,ש.שסטוביץ בעמ,,,"י""ח",1,,false,1,24.90,24.90,false,1,
3574661003924,false,"ליסטרין טוטל קאר  500 מ""ל",שקד תבל בעמ,,,"י""ח",500,"ל  מ""ל",false,1,19.90,3.98,true,1,
3574661114637,false,"ליסטרין זירו  500 מ""ל",שקד תבל בעמ,,,"י""ח",500,"ל  מ""ל",false,1,17.90,3.58,true,1,
3574661419435,false,וניה תחחבושות הגייניות מקסי 12יח,ש.שסטוביץ בעמ,,,"י""ח",1,,false,1,23.90,23.90,false,1,
3574661485218,false,טמפוני OB 32+8,ש.שסטוביץ בעמ,,,"י""ח",1,,false,1,24.90,24.90,false,1,
3574661487328,false,קרפרי רגיל 56יח,ש.שסטוביץ בעמ,,,"י""ח",58,"י""ח",false,1,19.90,0.34,true,1,
3574661487618,false,קרפרי מקסי לארג  מבושם 48יח,ש.שסטוביץ בעמ,,,"י""ח",1,,false,1,16.90,16.90,true,1,
3574661491806,false,"ליסטרין אדוונסד וואט  500 מ""ל",שקד תבל בעמ,,,"י""ח",500,"ל  מ""ל",false,1,19.90,3.98,true,1,
3574661552804,false,קרפרי מגן תחתון אלוורה 56יח`,ש.שסטוביץ בעמ,,,"י""ח",1,,false,1,16.90,16.90,true,1,
3574661643359,false,"ליסטרין נטורל`ס  500 מ""ל",שקד תבל בעמ,,,"י""ח",500,"ל  מ""ל",false,1,19.90,3.98,true,1,
3574669907682,false,טלק  גונסון ביביי 500ג,ש.שסטוביץ בעמ,,,"י""ח",500,ל  גרם,false,1,32.90,6.58,false,1,
3600523651870,false,"אלביב שמפו ארגנין   550מ""ל",לוריאל ישראל קוסמטיקס בעמ,,,"י""ח",550,"ל  מ""ל",false,1,16.90,3.07,true,1,
3608580730248,false,קונפיטורה דובדבנן 370ג,ר.ב. מוצרי דגנים בעמ,,,"י""ח",370,ל  גרם,false,1,19.90,5.38,false,1,
3608580730255,false,קונפיטורה משמש  370ג,ר.ב. מוצרי דגנים בעמ,,,"י""ח",370,ל  גרם,false,1,19.90,5.38,false,1,
3614224051235,false,"ספריי גברים אדידס  200מ""ל",דנשר (1963) בעמ,,,"י""ח",200,"ל  מ""ל",false,1,19.90,9.95,true,1,
3661163970448,false,"ספריי גברים דרי מקס A3 פרש 200מ""ל",דנשר (1963) בעמ,,,"י""ח",200,"ל  מ""ל",false,1,15.10,7.55,true,1,
3661163991146,false,"ספריי נשים A3 דריי מקס פרש 200מ""ל",דנשר (1963) בעמ,,,"י""ח",200,"ל  מ""ל",false,1,14.90,7.45,false,1,
3661163991344,false,ספריי נשים A3 דריי מקס פרו קליר 200,דנשר (1963) בעמ,,,"י""ח",1,,false,1,14.90,14.90,false,1,
3665468301723,false,אירוויק מבשם אוויר ונטרל ריחות ערפילי,רקיט בנקיזר (ניר איסט) בעמ,,,"י""ח",345,"ל  מ""ל",false,1,14.90,4.32,false,1,
3838824193915,false,צבעי שיער שחור סמי קיט,הנקל סוד בעמ,,,"י""ח",1,,false,1,22.90,22.90,true,1,
4000417019004,false,ריטר חלב אגוזים 100 גרם,ליימן שליסל,,,"י""ח",100,ל  גרם,false,1,10.90,10.90,true,1,
4000417022004,false,ריטר שוקולד צימוק אגוז,ליימן שליסל,,,"י""ח",100,ל  גרם,false,1,8.90,8.90,true,1,
4000417025005,false,ריטר ספורט מרציפן,ליימן שליסל,,,"י""ח",100,ל  גרם,false,1,8.90,8.90,true,1,
4000417026002,false,ריטר שוקולד פרלין 100 גרם,ליימן שליסל,,,"י""ח",100,ל  גרם,false,1,8.90,8.90,true,1,
4000417101211,false,אמיצ`לי אגוז 150גר,ליימן שליסל,,,"י""ח",150,ל  גרם,false,1,17.90,11.93,false,1,
4000417211002,false,ריטר ספורט מוס קרמל ושברי שקדים,ליימן שליסל,,,"י""ח",100,ל  גרם,false,1,8.90,8.90,true,1,
4000417212009,false,ריטר שוקולד מריר תפוז שקד 100 גרם,ליימן שליסל,,,"י""ח",100,ל  גרם,false,1,8.90,8.90,true,1,
4000417222008,false,ריטר שוקולד חלב עם שברי אגוזים 100גר`,ליימן שליסל,,,"י""ח",100,ל  גרם,false,1,8.90,8.90,true,1,
4000417224002,false,ריטר ספורט שוקולד מריר עם אגוזים שלמים,ליימן שליסל,,,"י""ח",100,ל  גרם,false,1,10.90,10.90,true,1,
4000417294005,false,ריטר מוס קקאו,ליימן שליסל,,,"י""ח",100,ל  גרם,false,1,8.90,8.90,true,1,
4000417298003,false,ריטר קוקוס אגוז 100גר,ליימן שליסל,,,"י""ח",100,ל  גרם,false,1,8.90,8.90,true,1,
4000417707000,false,ריטר ספורט חלב קשיו,ליימן שליסל,,,"י""ח",100,ל  גרם,false,1,10.90,10.90,true,1,
4000417708007,false,ריטר ספורט חלב שקד 100גר,ליימן שליסל,,,"י""ח",100,ל  גרם,false,1,10.90,10.90,true,1,
4000522009747,false,"סטיקלטי תפו""א 80גר",ר.ב. מוצרי דגנים בעמ,,,"י""ח",80,ל  גרם,false,1,3.90,4.88,false,1,
4000522061752,false,בייגלה צ`יו מקלות 100גר.,ר.ב. מוצרי דגנים בעמ,,,"י""ח",100,ל  גרם,false,1,3.90,3.90,false,1,
4000539280726,false,לינדט אקסלנס 70% 100ג,מ.סידס ובנו בעמ,,,"י""ח",100,ל  גרם,false,1,16.90,16.90,false,1,
4000539280740,false,לינדט אקסלנס 78% 100ג,מ.סידס ובנו בעמ,,,"י""ח",100,ל  גרם,false,1,16.90,16.90,false,1,
4000869032569,false,הפי פרש יעקובי,יעקב יעקבי ובניו בעמ,,,"י""ח",1,,false,1,10.20,10.20,false,1,
4001518108642,false,עוגיות  סנדוויץ`במילוי קרם וניל 180גר,ר.ב. מוצרי דגנים בעמ,,,"י""ח",180,ל  גרם,false,1,6.90,3.83,false,1,
4002448017684,false,סיליט באנג ספריי רב שימושי,רקיט בנקיזר (ניר איסט) בעמ,,,"י""ח",750,"ל  מ""ל",false,1,12.90,1.72,false,1,
4002448019480,false,~סיליט באנג מסיר שומנים,רקיט בנקיזר (ניר איסט) בעמ,,,"י""ח",750,"ל  מ""ל",false,1,12.90,1.72,false,1,
4002575016253,false,מרצפן 100גר.,ליימן שליסל,,,"י""ח",100,ל  גרם,false,1,9.90,9.90,false,1,
4002590000626,false,סוכריות בטעם דובדבן,ליימן שליסל,,,"י""ח",150,ל  גרם,false,1,8.90,5.93,false,1,
4002720004371,false,קפה אספרסו בלה קרמה 250גרם קלוי,דנשר (1963) בעמ,,,"י""ח",250,ל  גרם,false,1,15.90,6.36,false,1,
4002720005736,false,קפה לפילטר מליטה 250גר`,דנשר (1963) בעמ,,,"י""ח",250,ל  גרם,false,1,15.90,6.36,false,1,
4004666042004,false,מלרוז משמיד עובש,יעקב יעקבי ובניו בעמ,,,"י""ח",750,"ל  מ""ל",false,1,29.90,3.99,false,1,
4004666111656,false,"מלרוד גל פעיל להשמדת עובש 250מ""ל.",יעקב יעקבי ובניו בעמ,,,"י""ח",250,"ל  מ""ל",false,1,29.90,11.96,false,1,
4005808128273,false,"ניוואה ג`ל רחצה לגב תמציות מנטה 500מ""ל",אלפא ב.ד.ף בעמ,,,"י""ח",500,"ל  מ""ל",false,1,14.90,2.98,true,1,
4005808293469,false,דאו  ספריי לגבר יבש,אלפא ב.ד.ף בעמ,,,"י""ח",150,"ל  מ""ל",false,1,15.90,10.60,true,1,
4005808366392,false,שפתון לבלו כחול,אלפא ב.ד.ף בעמ,,,"י""ח",1,,false,1,11.90,11.90,true,1,
4005808368280,false,שפתון לבלו דובדבן,אלפא ב.ד.ף בעמ,,,"י""ח",1,"י""ח",false,1,11.90,11.90,true,1,
4005808828838,false,אקווה ספריי דאו,אלפא ב.ד.ף בעמ,,,"י""ח",150,"ל  מ""ל",false,1,16.90,11.27,true,1,
4005808890576,false,"קרם ניוואה סופט 75מ""ל",אלפא ב.ד.ף בעמ,,,"י""ח",100,"ל  מ""ל",false,1,15.90,15.90,false,1,
4005900036483,false,דאו ספריי בלק אנד וויט גבר,אלפא ב.ד.ף בעמ,,,"י""ח",150,"ל  מ""ל",false,1,16.90,11.27,true,1,
4005900036506,false,דאו רול און  בלק אנד וויט גבר,אלפא ב.ד.ף בעמ,,,"י""ח",50,"ל  מ""ל",false,1,14.90,29.80,true,1,
4005900036568,false,דאו ספריי  בלק אנד וויט אישה,אלפא ב.ד.ף בעמ,,,"י""ח",150,"ל  מ""ל",false,1,16.90,11.27,true,1,
4005900488459,false,רול און דריי פרש אישה ניוואה,אלפא ב.ד.ף בעמ,,,"י""ח",50,"ל  מ""ל",false,1,14.90,29.80,true,1,
4005900547316,false,דאו ספריי  בלק אנד וויט סילק אישה,אלפא ב.ד.ף בעמ,,,"י""ח",150,"ל  מ""ל",false,1,15.90,10.60,true,1,
4005900648181,false,"ניוואה תחליב רחצה 750מ""ל אלוורה",אלפא ב.ד.ף בעמ,,,"י""ח",750,"ל  מ""ל",false,1,15.90,2.12,true,1,
4005900816016,false,דאו  ספריי לאשה פרש,אלפא ב.ד.ף בעמ,,,"י""ח",150,"ל  מ""ל",false,1,16.90,11.27,true,1,
4005900816108,false,דאו  רול און לגבר יבש,אלפא ב.ד.ף בעמ,,,"י""ח",50,"ל  מ""ל",false,1,14.90,29.80,true,1,
4005900833723,false,"ניוואה ג`ל רחצה לגב 500מ""ל POWER REFRE",אלפא ב.ד.ף בעמ,,,"י""ח",500,"ל  מ""ל",false,1,14.90,2.98,true,1,
4005900845733,false,"דאו  ספריי לגבר קול קיק פרש 150מ""ל",אלפא ב.ד.ף בעמ,,,"י""ח",150,"ל  מ""ל",false,1,15.90,10.60,true,1,
4005900874962,false,ניוואה מן דאו רול דיפ ביט לגבר 150מ,אלפא ב.ד.ף בעמ,,,"י""ח",150,"ל  מ""ל",false,1,15.90,10.60,true,1,
4006508123094,false,מליטה נייר פילטר מספר  -40 2יח,דנשר (1963) בעמ,,,"י""ח",40,"י""ח",false,1,7.90,0.20,false,1,
4007745058804,false,מיונז אורגני 340גר,נטורפוד בעמ,,,"י""ח",340,ל  גרם,false,1,24.90,7.32,false,1,
4007745058811,false,חרדל צרפתי  145גר,נטורפוד בעמ,,,"י""ח",145,ל  גרם,false,1,14.90,10.28,false,1,
4008287051032,false,קרומבאכר פילס פחית בודד 0.5ל,אגודת הכורמים,,,"י""ח",50,"ל  מ""ל",false,1,9.90,19.20,true,1,
4008287058161,false,קרומבאכר פילס 4.8%  0.33ל בקבוק 1/6,אגודת הכורמים,,,"י""ח",1.98,ליטר,false,1,37.90,18.23,true,1,
4008287905786,false,קרומבאכר חיטה פחית בודד 0.5ל,אגודת הכורמים,,,"י""ח",50,"ל  מ""ל",false,1,9.90,19.20,true,1,
4009300522966,false,תה ירוק נענע,ש.שסטוביץ בעמ,,,"י""ח",36,ל  גרם,false,1,16.90,46.94,false,1,
4009300524588,false,פומפדור חליטת פירות יער,ש.שסטוביץ בעמ,,,"י""ח",300,ל  גרם,false,1,13.90,4.63,false,1,
4009300529514,false,פומפדור חליטת פירות אוכמניות,ש.שסטוביץ בעמ,,,"י""ח",30,ל  גרם,false,1,14.90,49.67,false,1,
4009300529576,false,פומפדור חליטת פירות רימונים.,ש.שסטוביץ בעמ,,,"י""ח",30,ל  גרם,false,1,13.90,46.33,false,1,
4009300530183,false,פומפדור חליטה תפוז ספרדי,ש.שסטוביץ בעמ,,,"י""ח",44,ל  גרם,false,1,15.90,36.14,false,1,
4009300530206,false,פומפדור חליטה תפוח טורקי,ש.שסטוביץ בעמ,,,"י""ח",44,ל  גרם,false,1,15.90,36.14,false,1,
4009300530275,false,פומפדור חליטה מנטה מרוקאית,ש.שסטוביץ בעמ,,,"י""ח",44,ל  גרם,false,1,15.90,36.14,false,1,
4009309022399,false,כרוב כבוש 670ג,נטורפוד בעמ,,,"י""ח",670,ל  גרם,false,1,14.90,2.22,false,1,
4009309456453,false,סלק אדום אורגני 670גר,נטורפוד בעמ,,,"י""ח",670,ל  גרם,false,1,15.90,2.37,false,1,
4009900013581,false,מארז חמישיית אורביט סטיקס ספירמינט,מרס ריגלי ישראל בעמ,,,"י""ח",5,"י""ח",false,1,9.90,1.98,false,1,
4009900385824,false,מארז חמישיית אורביט סטיקס פפרמינט,מרס ריגלי ישראל בעמ,,,"י""ח",5,"י""ח",false,1,9.90,1.98,false,1,
4009900402965,false,אורביט בקבוקון WHITE טעם פירות,מרס ריגלי ישראל בעמ,,,"י""ח",90,ל  גרם,false,1,10.50,11.67,true,1,
4009900403023,false,אורביט בקבוקון WHITE טעם מנטה,מרס ריגלי ישראל בעמ,,,"י""ח",90,ל  גרם,false,1,10.50,11.67,true,1,
4009900420129,false,אורביט בקבוקון פרופשיונל פפרמינט,מרס ריגלי ישראל בעמ,,,"י""ח",90,ל  גרם,false,1,10.50,11.67,true,1,
4009900426039,false,איירוויבז בקבוקון טעם מנטה אקליפטוס,מרס ריגלי ישראל בעמ,,,"י""ח",90,ל  גרם,false,1,10.50,11.67,true,1,
4009900426121,false,איירוויבז בקבוקון טעם אוכמניות,מרס ריגלי ישראל בעמ,,,"י""ח",90,ל  גרם,false,1,10.50,11.67,true,1,
4009900455299,false,סוכריות סקיטלס פירות 174ג,מרס ריגלי ישראל בעמ,,,"י""ח",174,ל  גרם,false,1,8.90,5.11,false,1,
4009900465304,false,סוכריות סקיטלס פירות חמוצים 174ג,מרס ריגלי ישראל בעמ,,,"י""ח",174,ל  גרם,false,1,8.90,5.11,false,1,
4009900479998,false,אורביט בקבוקון WHITE טעם אוכמניות,מרס ריגלי ישראל בעמ,,,"י""ח",90,ל  גרם,false,1,10.50,11.67,true,1,
4009900482417,false,אורביט בקבוקון באבל מינט,מרס ריגלי ישראל בעמ,,,"י""ח",90,ל  גרם,false,1,10.50,11.67,true,1,
4009900484091,false,אורביט בקבוק 60יח ספירמינט,מרס ריגלי ישראל בעמ,,,"י""ח",84,ל  גרם,false,1,13,15.48,false,1,
4009900491044,false,מסטיק איירוייס בקבוק אוכמניות.,מרס ריגלי ישראל בעמ,,,"י""ח",84,ל  גרם,false,1,13,15.48,false,1,
4009900521581,false,אורביט סוכריות מינטס מנטה,מרס ריגלי ישראל בעמ,,,"י""ח",77,ל  גרם,false,1,9.90,12.86,true,1,
4009900521611,false,אורביט סוכריות מינטס דובדבן,מרס ריגלי ישראל בעמ,,,"י""ח",77,ל  גרם,false,1,9.90,12.86,true,1,
4009900531122,false,אורביט בקבוקון פרופשיונל ספירמינט,מרס ריגלי ישראל בעמ,,,"י""ח",90,ל  גרם,false,1,10.50,11.67,true,1,
4009900531573,false,סוכריות סקיטלס סמודיס  174ג.,מרס ריגלי ישראל בעמ,,,"י""ח",174,ל  גרם,false,1,8.90,5.11,false,1,
4009900532327,false,סוכריות סקיטלס סמודיס  38גר.,מרס ריגלי ישראל בעמ,,,"י""ח",38,ל  גרם,false,1,3,7.89,false,1,
4009900534918,false,סוכריות סקיטלס פירות 141ג,מרס ריגלי ישראל בעמ,,,"י""ח",141,ל  גרם,false,1,8.90,6.31,false,1,
4009900535519,false,אורביט רפרשרס פפרמינט HP,מרס ריגלי ישראל בעמ,,,"י""ח",15,ל  גרם,false,1,3.90,26,false,1,
4009900535540,false,אורביט רפרשרס ספירמינט HP,מרס ריגלי ישראל בעמ,,,"י""ח",15,ל  גרם,false,1,3.90,26,false,1,
4009900535823,false,אורביט רפרשרס בבלמינט HP,מרס ריגלי ישראל בעמ,,,"י""ח",15,ל  גרם,false,1,3.90,26,false,1,
4009900536257,false,אורביט רפרשרס פפרמינט בקבוקון,מרס ריגלי ישראל בעמ,,,"י""ח",67,ל  גרם,false,1,11.90,17.76,false,1,
4009900536288,false,אורביט רפרשרס ספירמינט בקבוקון,מרס ריגלי ישראל בעמ,,,"י""ח",67,ל  גרם,false,1,11.90,17.76,false,1,
4009900536486,false,אורביט רפרשרס בבלמינט בקבוקון,מרס ריגלי ישראל בעמ,,,"י""ח",67,ל  גרם,false,1,11.90,17.76,false,1,
4009900539340,false,סוכריות סקיטלס גיינט סאוור 141ג,מרס ריגלי ישראל בעמ,,,"י""ח",141,ל  גרם,false,1,8.90,6.31,false,1,
4009900539432,false,פייב באונס בטעם אבטיח HP,מרס ריגלי ישראל בעמ,,,"י""ח",15,ל  גרם,false,1,3.90,26,false,1,
4009900539685,false,פייב באונס בטעם מנטה בקבוקון,מרס ריגלי ישראל בעמ,,,"י""ח",67,ל  גרם,false,1,11.90,17.76,true,1,
4009900539746,false,פייב באונס בטעם אבטיח בקבוקון,מרס ריגלי ישראל בעמ,,,"י""ח",67,ל  גרם,false,1,11.90,17.76,true,1,
4009900540551,false,אורביט רפרשרס טרופיקל בקבוקון,מרס ריגלי ישראל בעמ,,,"י""ח",67,ל  גרם,false,1,11.90,17.76,false,1,
4011100002227,false,באונטי מיני 403 גרם,מרס ריגלי ישראל בעמ,,,"י""ח",403,ל  גרם,false,1,22.90,5.68,false,1,
4011800528416,false,חטיף קורני בייס סויט סולט 150גר,מ.סידס ובנו בעמ,,,"י""ח",150,ל  גרם,false,1,11.90,7.93,true,1,
4011800567613,false,קורני מילק דארק 120 גרם,מ.סידס ובנו בעמ,,,"י""ח",1,,false,1,14.80,14.80,true,1,
4011800568610,false,קורני מילק קלאסיק 120 ג`,מ.סידס ובנו בעמ,,,"י""ח",1,,false,1,14.80,14.80,true,1,
4011800577810,false,קורני פרי נוגט 120 ג,מ.סידס ובנו בעמ,,,"י""ח",120,ל  גרם,false,1,14.80,12.33,true,1,
4011800628512,false,קורני בייס שוקו 150 ג,מ.סידס ובנו בעמ,,,"י""ח",150,ל  גרם,false,1,11.90,7.93,true,1,
4011800629519,false,קורני בייס נאטס 150 ג,מ.סידס ובנו בעמ,,,"י""ח",150,ל  גרם,false,1,14.80,9.87,true,1,
4011800630515,false,קורני בייס שוק בננה 150 ג,מ.סידס ובנו בעמ,,,"י""ח",150,ל  גרם,false,1,11.90,7.93,true,1,
4011800632519,false,קורני בייס קוקונט 150ג`,מ.סידס ובנו בעמ,,,"י""ח",150,ל  גרם,false,1,11.90,7.93,true,1,
4011800633516,false,קורני בייס דרק שוק 138 ג`,מ.סידס ובנו בעמ,,,"י""ח",6,"י""ח",false,1,11.90,1.98,true,1,
4011800636517,false,קורני פרי עם שוקולד חלב 6  יח`ללא סוכ,מ.סידס ובנו בעמ,,,"י""ח",6,"י""ח",false,1,11.90,1.98,true,1,
4013044100007,false,אבקת אפיה  אורגנית ליקרס 84גר,נטורפוד בעמ,,,"י""ח",84,ל  גרם,false,1,7.90,9.40,false,1,
4014400900217,false,מרסי 400 ג,ליימן שליסל,,,"י""ח",400,ל  גרם,false,1,49.90,12.48,false,1,
4014400901191,false,מרסי 250 ג,ליימן שליסל,,,"י""ח",250,ל  גרם,false,1,25.50,10.20,false,1,
4014400901405,false,מרסי חלב 250 גרם,ליימן שליסל,,,"י""ח",250,ל  גרם,false,1,25.50,10.20,false,1,
4014400904277,false,אייספרש 425 ג,ליימן שליסל,,,"י""ח",425,ל  גרם,false,1,14.90,3.51,false,1,
4014400904307,false,קליפורניה 425 גרם,ליימן שליסל,,,"י""ח",425,ל  גרם,false,1,14.90,3.51,false,1,
4014400904376,false,שוקולדן 325 גרם.,ליימן שליסל,,,"י""ח",325,ל  גרם,false,1,14.90,4.58,false,1,
4014400904390,false,וולמילש 325 גרם,ליימן שליסל,,,"י""ח",325,ל  גרם,false,1,14.90,4.58,false,1,
4014400910063,false,וורטר טופי 135גר`,ליימן שליסל,,,"י""ח",135,ל  גרם,false,1,9.90,7.33,true,1,
4014400913910,false,וורטר במילוי קרם 125ג,ליימן שליסל,,,"י""ח",135,ל  גרם,false,1,8.90,6.59,true,1,
4014400914696,false,וורטל ללא סוכר שקית 80גר`,ליימן שליסל,,,"י""ח",1,,false,1,10,10,true,1,
4014400914924,false,וורטל ללא סוכר קפה 80גר`,ליימן שליסל,,,"י""ח",1,,false,1,9.90,9.90,true,1,
4014400920857,false,וורטל ללא סוכר טעם שוקולד שקית 70גר`,ליימן שליסל,,,"י""ח",70,ל  גרם,false,1,8.90,12.71,true,1,
4014400923711,false,טופיפי 125 גרם,ליימן שליסל,,,"י""ח",125,ל  גרם,false,1,12.90,10.32,true,1,
4014400925319,false,פופקורן וורטר קרמל 140גר,ליימן שליסל,,,"י""ח",140,ל  גרם,false,1,15.90,11.36,false,1,
4015000031394,false,ספטיל להסרת כתמים,גורי שיווק בעמ,,,"י""ח",200,ל  גרם,false,1,18.20,9.10,false,1,
4015000280211,false,דאו`רול און פה 50 מ``ל,הנקל סוד בעמ,,,"י""ח",1,,false,1,10.90,10.90,true,1,
4015400564034,false,אולדייז מגה פק לונג פלוס 58 יח`***,דיפלומט מפיצים 1968 בעמ,,,"י""ח",58,"י""ח",false,1,19.90,0.34,true,1,
4015400564454,false,אולדייז מגה פק  לארג `68יח`***,דיפלומט מפיצים 1968 בעמ,,,"י""ח",1,,false,1,19.90,19.90,true,1,
4015400681670,false,אולוויז לילה בטוח 18יח,דיפלומט מפיצים 1968 בעמ,,,"י""ח",1,,false,1,19.90,19.90,true,1,
4015400731719,false,אולוויז וליו פק  לילה 20יח`,דיפלומט מפיצים 1968 בעמ,,,"י""ח",1,,false,1,19.90,19.90,true,1,
4015400755241,false,אולוויז וליו פק  נורמל פלוס 28יח`.,דיפלומט מפיצים 1968 בעמ,,,"י""ח",1,,false,1,19.90,19.90,true,1,
4015400755487,false,אולוויז וליו פק  לונג פלוס  24יח`,דיפלומט מפיצים 1968 בעמ,,,"י""ח",1,,false,1,19.90,19.90,true,1,
4015400824725,false,טמפקס פלאש סופר 30 יח,דיפלומט מפיצים 1968 בעמ,,,"י""ח",1,,false,1,34.90,34.90,false,1,
4015600762780,false,"הד שולדרס 2ב1 קלאסי  500מ""ל",דיפלומט מפיצים 1968 בעמ,,,"י""ח",500,"ל  מ""ל",false,1,21.90,4.38,true,1,
4015600762902,false,"הד שולדרס שמפו מנטול 500מ""ל.",דיפלומט מפיצים 1968 בעמ,,,"י""ח",500,"ל  מ""ל",false,1,21.90,4.38,true,1,
4015600762940,false,"הד שולדרס שמפו תפוח   500מ""ל",דיפלומט מפיצים 1968 בעמ,,,"י""ח",500,"ל  מ""ל",false,1,21.90,4.38,true,1,
4015600763022,false,"הד שולדרס שמפו מגע משי  500מ""ל",דיפלומט מפיצים 1968 בעמ,,,"י""ח",500,"ל  מ""ל",false,1,21.90,4.38,true,1,
4017100290008,false,ביסקוויט ליבניץ שוק חלב,ליימן שליסל,,,"י""ח",125,ל  גרם,false,1,13.90,11.12,false,1,
4017100290503,false,ביסקוויט  חמאה ליבניץ מצופה  בשוק חלב,ליימן שליסל,,,"י""ח",125,ל  גרם,false,1,13.30,10.64,false,1,
4017100364112,false,היט באלזן קקאו 220 גר,ליימן שליסל,,,"י""ח",220,ל  גרם,false,1,7.90,3.59,true,1,
4018722100133,false,איטריות כוסמין וביצים אורגניות למרק 250ג,נטורפוד בעמ,,,"י""ח",250,ל  גרם,false,1,14.90,5.96,false,1,
4018722100157,false,פוזילי כוסמין מלא 250גר,נטורפוד בעמ,,,"י""ח",250,ל  גרם,false,1,11.90,4.76,false,1,
4018722102632,false,ספגטי כוסמין מלא אורגני500גר,נטורפוד בעמ,,,"י""ח",500,ל  גרם,false,1,16.90,3.38,false,1,
4023800012109,false,מרציפן מצופה 100ג,שוקוטרייד בעמ,,,"י""ח",100,ל  גרם,false,1,6.90,6.90,false,1,
4023800231647,false,בונבו. מוצרט קוגל 200ג,שוקוטרייד בעמ,,,"י""ח",200,ל  גרם,false,1,20.90,10.45,false,1,
4025700001962,false,שוקולד מילקה לבן 100ג,דיפלומט מפיצים (1968) בעמ**,,,"י""ח",100,ל  גרם,false,1,6.50,6.50,true,1,
4033100024146,false,וינסטון קוד,גלוברנדס בעמ,,,"י""ח",1,,false,1,31,31,false,1,
4037719657290,false,קוונדיש סוכריות צנצנת שי 300ג,שוקוטרייד בעמ,,,"י""ח",300,ל  גרם,false,1,19.90,6.63,false,1,
4061445096702,false,קפה דווידוף פיין ארומה  100 גרם,מ.סידס ובנו בעמ,,,"י""ח",100,ל  גרם,false,1,24.90,24.90,false,1,
4061445096726,false,קפה דווידוף ריץ ארומה 100ג,מ.סידס ובנו בעמ,,,"י""ח",100,ל  גרם,false,1,24.90,24.90,false,1,
4065698201173,false,דונאטס אוראו,פלקו בעמ,,,"י""ח",66,ל  גרם,false,1,9.90,15,false,1,
4066600601920,false,"פאולנר חיטה פחית  500 מ""ל",טמפו משקאות בעמ,,,"י""ח",500,"ל  מ""ל",false,1,11,2.14,true,1,
4066600999614,false,"פאולנר בקבוק 500 מ""ל",טמפו משקאות בעמ,,,"י""ח",500,"ל  מ""ל",false,1,13,2.54,true,1,
4072700001188,false,"בירה פרנסיסקאנר כהה 500מ""ל בקבוק",הכרם משקאות חריפים בעמ,,,"י""ח",500,"ל  מ""ל",false,1,10.90,2.12,true,1,
4072700003649,false,"בירה פרנסיסקאנר בהירה 500מ""ל בקבוק",הכרם משקאות חריפים בעמ,,,"י""ח",500,"ל  מ""ל",false,1,10.90,2.12,true,1,
4084500065536,false,"פנטן קרם לחות לשיער  300מ""ל",דיפלומט מפיצים 1968 בעמ,,,"י""ח",300,"ל  מ""ל",false,1,17.90,5.97,true,1,
4084500065598,false,"פנטן קרם לחות לשיער  300מ""ל",דיפלומט מפיצים 1968 בעמ,,,"י""ח",300,"ל  מ""ל",false,1,17.90,5.97,true,1,
4084500088917,false,"~פיירי לימון 650מ""ל",דיפלומט מפיצים 1968 בעמ,,,"י""ח",650,"ל  מ""ל",false,1,10.90,1.68,false,1,
4084500149526,false,טייד ג`ל 2.48 ליטר,דיפלומט מפיצים 1968 בעמ,,,"י""ח",2.48,ליטר,false,1,29.90,12.06,false,1,
4084500853836,false,"פיירי ורדים ומשי 515מ""ל",דיפלומט מפיצים 1968 בעמ,,,"י""ח",1.24,ליטר,false,1,10.90,8.79,false,1,
4084500854048,false,פיירי לימון 1.24ליטר.,דיפלומט מפיצים 1968 בעמ,,,"י""ח",1.24,ליטר,false,1,15.90,12.82,true,1,
4084500920880,false,פיירי אוריגינל 1.24ליטר,דיפלומט מפיצים 1968 בעמ,,,"י""ח",1.24,ליטר,false,1,15.90,12.82,true,1,
4100130937163,false,"בירה בק`ס שישייה 275מ""ל",הכרם משקאות חריפים בעמ,,,"י""ח",1.65,ליטר,false,1,24.70,13.88,true,1,
4100470106700,false,חומץ תפוחים אורגני-נטורפוד.,נטורפוד בעמ,,,"י""ח",750,"ל  מ""ל",false,1,23.90,3.19,false,1,
4105120623941,false,"בירה ויינשטפן בקבוק 500מ""ל",החברה המרכזית להפצת משקאות בעמ,,,"י""ח",500,"ל  מ""ל",false,1,11.90,2.32,true,1,
4105120624412,false,"ויינשטפן  ויטוס  500מ""ל בקבוק",החברה המרכזית להפצת משקאות בעמ,,,"י""ח",330,"ל  מ""ל",false,1,12.50,3.70,true,1,
4600680013800,false,קיט קאט זברה 4 אצבעות 41.5גר,קבוצת אוסם סחר-שות.מוגבלת,,,"י""ח",41,ל  גרם,false,1,3.90,9.51,true,1,
4603400000043,false,וודקה רוסקי סטנדרט 700.,יורוסטנדרט בעמ,,,"י""ח",700,"ל  מ""ל",false,1,69.90,9.94,false,1,
4605561011975,false,חתיכות פילה הרינג בשמן 150גר.,דילר בי.אמ.די פורמולה בעמ,,,"י""ח",150,ל  גרם,false,1,7.90,5.27,false,1,
4605561012613,false,פילה הרינג (קצוץ) בשמן 400גר,דילר בי.אמ.די פורמולה בעמ,,,"י""ח",400,ל  גרם,false,1,15.90,3.98,true,1,
4640018993343,false,פיניש קוואנטום 30 קפסולות בשקית,רקיט בנקיזר (ניר איסט) בעמ,,,"י""ח",30,"י""ח",false,1,41.90,1.40,true,1,
4640018993350,false,פיניש קוואנטום 30 קפסולות בשקית לימון,רקיט בנקיזר (ניר איסט) בעמ,,,"י""ח",30,"י""ח",false,1,41.90,1.40,true,1,
4640018993398,false,פיניש קוואנטום 60 קפסולות בשקית,רקיט בנקיזר (ניר איסט) בעמ,,,"י""ח",45,"י""ח",false,1,59.90,1.33,true,1,
4710068001715,false,"מאסטר קפה טרמיסו 240מ""ל",טמפו משקאות בעמ,,,"י""ח",240,"ל  מ""ל",false,1,6.60,2.63,true,1,
4710068001739,false,מאסטר קפה קולומביאני.,טמפו משקאות בעמ,,,"י""ח",1,,false,1,6.60,6.60,true,1,
4710068002798,false,מאסטר קפה ונילה 240מל פחית,טמפו משקאות בעמ,,,"י""ח",240,"ל  מ""ל",false,1,6.30,2.63,true,1,
4710964104916,false,"שמן שומשום טהור 370מ""ל",מזרח ומערב יבוא ושיווק,,,"י""ח",370,"ל  מ""ל",false,1,22.90,6.19,false,1,
4710964170799,false,שומשום שחור קלוי 91 גרם,מזרח ומערב יבוא ושיווק,,,"י""ח",91,ל  גרם,false,1,17.40,19.12,false,1,
4751007730938,false,שפרוטים מעושנים בשמן צמחי 240גר`,דברים טובים סגל בעמ,,,"י""ח",240,ל  גרם,false,1,12.90,5.38,true,1,
4779039730283,false,אאוגה מרק פטריות מוקרם 400 גרם,מור ים מרקטינג בעמ,,,"י""ח",400,ל  גרם,false,1,16.90,4.23,false,1,
4791021001096,false,תה שחור 100 שקיקים,דברים טובים סגל בעמ,,,"י""ח",100,ל  גרם,false,1,24.90,24.90,true,1,
4791021003588,false,תה צהוב 1.5 גרם,דברים טובים סגל בעמ,,,"י""ח",150,ל  גרם,false,1,12.90,8.60,true,1,
4792032060454,false,"מי קוקוס אורגני 330מ""ל   גרין קוקו",נטורפוד בעמ,,,"י""ח",330,"ל  מ""ל",false,1,8.90,2.70,false,1,
4800888209405,false,רקסונה סטיק גברים קובלט דריי 50גר,יוניליוור ישראל שיווק בעמ,,,"י""ח",1,"י""ח",false,1,15.90,15.90,true,1,
4800888219510,false,דאב דאו סטיק מלפפונים 50גר,יוניליוור ישראל שיווק בעמ,,,"י""ח",50,ל  גרם,false,1,14.90,29.80,true,1,
4800888219541,false,רקסונה סטיק נשים פאודר דרי 50גר,יוניליוור ישראל שיווק בעמ,,,"י""ח",1,"י""ח",false,1,14.90,14.90,true,1,
4810168000011,false,פילה דג הרינג מלוח מצונן 250גר,דילר בי.אמ.די פורמולה בעמ,,,"י""ח",250,ל  גרם,false,1,13.90,5.56,true,1,
4810168000066,false,פילה דג הרינג מלוח מצונן עם תבלין 250ג,דילר בי.אמ.די פורמולה בעמ,,,"י""ח",250,ל  גרם,false,1,13.90,5.56,true,1,
4810168001056,false,פילה דג הרינג מלוח מצונן חתיכות 260גר,דילר בי.אמ.די פורמולה בעמ,,,"י""ח",260,ל  גרם,false,1,17.90,6.88,false,1,
4810168018795,false,חתיכות פילה דג הרינג מלוח מצונן 200גר,דילר בי.אמ.די פורמולה בעמ,,,"י""ח",200,ל  גרם,false,1,13.90,6.95,true,1,
4810168019051,false,חתיכות פילה דג הרינג מלוח מצונן מתובל,דילר בי.אמ.די פורמולה בעמ,,,"י""ח",200,ל  גרם,false,1,13.90,6.95,true,1,
4810168024512,false,פילה דג הרינג מלוח מצונן עם תבלין 260ג,דילר בי.אמ.די פורמולה בעמ,,,"י""ח",260,ל  גרם,false,1,17.90,6.88,false,1,
4810168049966,false,בלינצ`ס במילוי דובדבן 360גר קפוא,דילר בי.אמ.די פורמולה בעמ,,,"י""ח",360,ל  גרם,false,1,13.90,3.86,true,1,
4810168055028,false,כיסונים במילוי דובדבנים 450גר קפוא,דילר בי.אמ.די פורמולה בעמ,,,"י""ח",450,ל  גרם,false,1,19.90,4.42,true,1,
4810168055035,false,כיסונים במילוי טבורוג וצימוקים 450גר קפו,דילר בי.אמ.די פורמולה בעמ,,,"י""ח",450,ל  גרם,false,1,15.90,3.53,true,1,
4810168055165,false,לביבות גבינת טבורוג מוקפאות 450גר,דילר בי.אמ.די פורמולה בעמ,,,"י""ח",450,ל  גרם,false,1,19.90,4.42,true,1,
4810168055899,false,"פילה דג הרינג מומלח בשמן מצונן  1.2ק""ג",דילר בי.אמ.די פורמולה בעמ,,,"י""ח",1.20,"ק""ג",false,1,39.90,33.25,false,1,
4810168055905,false,פילה דג הרינג סקנדינבי מומלח בשמן  1.2,דילר בי.אמ.די פורמולה בעמ,,,"י""ח",1.20,"ק""ג",false,1,39.90,33.25,false,1,
4810168056964,false,בלינצ`ס במילוי ממרח קקאו-א.לוז 360גר ק,דילר בי.אמ.די פורמולה בעמ,,,"י""ח",360,ל  גרם,false,1,13.90,3.86,true,1,
4810168057435,false,פילה הרינג XXL מלוח בשמן מצונן 400גר,דילר בי.אמ.די פורמולה בעמ,,,"י""ח",400,ל  גרם,false,1,26.90,6.73,true,1,
4810168058548,false,חתיכות פילה דג הרינג סקנדינבי מלוח בשמן,דילר בי.אמ.די פורמולה בעמ,,,"י""ח",1.20,"ק""ג",false,1,39.90,33.25,false,1,
4810168058975,false,פילה דג הרינג סקנדינבי חתיכות 260גר,דילר בי.אמ.די פורמולה בעמ,,,"י""ח",260,ל  גרם,false,1,17.90,6.88,false,1,
4810168058982,false,חתיכות פילה הרינג סקנדינבי בשמן 400גר,דילר בי.אמ.די פורמולה בעמ,,,"י""ח",400,ל  גרם,false,1,26.90,6.73,true,1,
4820034925546,false,"בירה לאנג צאזז לייט  500מ""ל בקבוק",בני פאוזי שמשום (2009) בעמ,,,"י""ח",500,"ל  מ""ל",false,1,3.90,0.72,true,1,
4823077602863,false,סוכריות 200גר בשקית Crazy bee,דילר בי.אמ.די.אינטרנשיונל בעמ,,,"י""ח",200,ל  גרם,false,1,6.90,3.45,true,1,
4823077608513,false,רושן סוכריות טופי חלב 205גר,דילר בי.אמ.די.אינטרנשיונל בעמ,,,"י""ח",205,ל  גרם,false,1,6.90,3.37,true,1,
4823077613203,false,שוקולד רושן מריר עם אגוז שלם 90גר,דילר בי.אמ.די.אינטרנשיונל בעמ,,,"י""ח",90,ל  גרם,false,1,7.90,8.78,true,1,
4823077614675,false,ביסקוויט לקפה רושן בטעם חלב 185ג,דילר בי.אמ.די.אינטרנשיונל בעמ,,,"י""ח",185,ל  גרם,false,1,3.90,2.11,true,1,
4823077614699,false,ביסקוויט לקפה רושן בטעם חמאה וניל 185ג,דילר בי.אמ.די.אינטרנשיונל בעמ,,,"י""ח",185,ל  גרם,false,1,3.90,2.11,true,1,
4823077614767,false,שוקולד רושן חלב נוגט טעם אגוזי לוז 90גר,דילר בי.אמ.די.אינטרנשיונל בעמ,,,"י""ח",90,ל  גרם,false,1,4.90,5.44,true,1,
4823077614804,false,שוקולד רושן חלב נוגט טעם אוכמניות כחול,דילר בי.אמ.די.אינטרנשיונל בעמ,,,"י""ח",90,ל  גרם,false,1,4.90,5.44,true,1,
4823077618161,false,"וופל  רול""קונאפטו"" חלב 140גר",דילר בי.אמ.די.אינטרנשיונל בעמ,,,"י""ח",140,ל  גרם,false,1,6.90,4.93,true,1,
4823077618901,false,בונבוניירה רושן Shooters ליקר רום 150גר,דילר בי.אמ.די.אינטרנשיונל בעמ,,,"י""ח",150,ל  גרם,false,1,12.90,8.60,false,1,
4823077621635,false,וופל רושן בטעם חלב 72גר,דילר בי.אמ.די.אינטרנשיונל בעמ,,,"י""ח",72,ל  גרם,false,1,3.90,5.42,true,1,
4823077621642,false,וופל רושן בטעם שוקולד 72גר,דילר בי.אמ.די.אינטרנשיונל בעמ,,,"י""ח",72,ל  גרם,false,1,3.90,5.42,true,1,
4823077624223,false,"רושן סוכריות  ג`לי""בוני   פרוט""פירות",דילר בי.אמ.די.אינטרנשיונל בעמ,,,"י""ח",200,ל  גרם,false,1,6.90,3.45,true,1,
4823077624247,false,"רושן סוכריות  ג`לי""בוני   פרוט""טעם הדרים",דילר בי.אמ.די.אינטרנשיונל בעמ,,,"י""ח",200,ל  גרם,false,1,6.90,3.45,true,1,
4823077625145,false,בונבוניירה רושן דובדבן Cherry ליקר שרי,דילר בי.אמ.די.אינטרנשיונל בעמ,,,"י""ח",150,ל  גרם,false,1,12.90,8.60,false,1,
4823077625589,false,וופל רושן בטעם חלב 216גר,דילר בי.אמ.די.אינטרנשיונל בעמ,,,"י""ח",216,ל  גרם,false,1,6.90,3.19,true,1,
4823077625879,false,בונבוניירה רושן 145גר Compliment,דילר בי.אמ.די.אינטרנשיונל בעמ,,,"י""ח",145,ל  גרם,false,1,18.90,13.03,false,1,
4823077626203,false,שוקולד רושן אורירי מריר 80גר,דילר בי.אמ.די.אינטרנשיונל בעמ,,,"י""ח",80,ל  גרם,false,1,6.90,8.63,true,1,
4823077626241,false,שוקולד רושן אורירי לבן קרמל 80גר,דילר בי.אמ.די.אינטרנשיונל בעמ,,,"י""ח",80,ל  גרם,false,1,6.90,8.63,true,1,
4823077626364,false,שוקולד רושן אורירי לבן 80גר,דילר בי.אמ.די.אינטרנשיונל בעמ,,,"י""ח",80,ל  גרם,false,1,6.90,8.63,true,1,
4823077629136,false,שוקולד רושן חלב 90גר LACMI,דילר בי.אמ.די.אינטרנשיונל בעמ,,,"י""ח",85,ל  גרם,false,1,6.90,8.12,true,1,
4823077631856,false,"וופל  רול""קונאפטו"" קוקוס 140גר",דילר בי.אמ.די.אינטרנשיונל בעמ,,,"י""ח",140,ל  גרם,false,1,6.90,4.93,true,1,
4823077631863,false,"וופל  רול""קונאפטו"" וניל 140גר",דילר בי.אמ.די.אינטרנשיונל בעמ,,,"י""ח",140,ל  גרם,false,1,6.90,4.93,true,1,
4823077632112,false,וופל רושן בטעם קקאו חלב 216גר,דילר בי.אמ.די.אינטרנשיונל בעמ,,,"י""ח",216,ל  גרם,false,1,6.90,3.19,true,1,
4823077632570,false,שוקולד רושן מריר 85גר Brut,דילר בי.אמ.די.אינטרנשיונל בעמ,,,"י""ח",85,ל  גרם,false,1,6.90,8.12,true,1,
4823077632587,false,שוקולד רושן חלב עם שקד שלם 90גר.,דילר בי.אמ.די.אינטרנשיונל בעמ,,,"י""ח",90,ל  גרם,false,1,7.90,8.78,true,1,
4823077632594,false,שוקולד רושן חלב עם אגוז שלם 90גר,דילר בי.אמ.די.אינטרנשיונל בעמ,,,"י""ח",90,ל  גרם,false,1,7.90,8.78,true,1,
4823077633034,false,"וופל  רול""קונאפטו"" קקאו 140גר",דילר בי.אמ.די.אינטרנשיונל בעמ,,,"י""ח",140,ל  גרם,false,1,6.90,4.93,true,1,
4823077633317,false,עוגיות Lovita שוקולד עם חתיכות ש. 150ג,דילר בי.אמ.די.אינטרנשיונל בעמ,,,"י""ח",150,ל  גרם,false,1,6.90,4.60,true,1,
4823077633324,false,עוגיות שוקוצ`יפס  Lovita חתיכות שוקולד,דילר בי.אמ.די.אינטרנשיונל בעמ,,,"י""ח",150,ל  גרם,false,1,6.90,4.60,true,1,
4823077633331,false,עוגיות רושן  Lovita טעם תפוז 150גר,דילר בי.אמ.די.אינטרנשיונל בעמ,,,"י""ח",150,ל  גרם,false,1,6.90,4.60,true,1,
4823077633348,false,עוגיות רושן  Lovita עם חתיכות בוטנים,דילר בי.אמ.די.אינטרנשיונל בעמ,,,"י""ח",150,ל  גרם,false,1,6.90,4.60,true,1,
4823077633508,false,רושן חטיף וופל במילוי קרם קקאו מצופה 3,דילר בי.אמ.די.אינטרנשיונל בעמ,,,"י""ח",34,ל  גרם,false,1,3.90,11.47,true,1,
4823077633515,false,רושן חטיף וופל במילוי קרם חלבי מצופה,דילר בי.אמ.די.אינטרנשיונל בעמ,,,"י""ח",34,ל  גרם,false,1,3.90,11.47,true,1,
4823077634222,false,עוגיות רושן תפוז 135גר LOVITA,דילר בי.אמ.די.אינטרנשיונל בעמ,,,"י""ח",168,ל  גרם,false,1,6.90,4.11,true,1,
4823077634246,false,עוגיות רושן פטל 135גר LOVITA,דילר בי.אמ.די.אינטרנשיונל בעמ,,,"י""ח",168,ל  גרם,false,1,6.90,4.11,true,1,
4823077634277,false,עוגיות רושן תות שדה 135גר LOVITA,דילר בי.אמ.די.אינטרנשיונל בעמ,,,"י""ח",168,ל  גרם,false,1,6.90,4.11,true,1,
4823077634376,false,שוקולד רושן חלב אוורירי קרם אגוזים,דילר בי.אמ.די.אינטרנשיונל בעמ,,,"י""ח",85,ל  גרם,false,1,6.90,8.12,true,1,
4823077634741,false,עוגיות רושן במילוי תות שדה 168גר,דילר בי.אמ.די.אינטרנשיונל בעמ,,,"י""ח",168,ל  גרם,false,1,6.90,4.11,true,1,
4823077635489,false,חטיף וופל קרם קקאו350ג Johny Krocker,דילר בי.אמ.די.אינטרנשיונל בעמ,,,"י""ח",350,ל  גרם,false,1,16.90,4.83,true,1,
4823077636004,false,עוגיות רושן קקאו דובדבן 135גר LOVITA,דילר בי.אמ.די.אינטרנשיונל בעמ,,,"י""ח",168,ל  גרם,false,1,6.90,4.11,true,1,
4823077636059,false,עוגיות קקאו דובדבן 420גר LOVITA,דילר בי.אמ.די.אינטרנשיונל בעמ,,,"י""ח",420,ל  גרם,false,1,16.90,4.02,false,1,
4823077636073,false,עוגיות תות שדה 420גר LOVITA,דילר בי.אמ.די.אינטרנשיונל בעמ,,,"י""ח",420,ל  גרם,false,1,16.90,4.02,false,1,
4823077636097,false,עוגיות פטל 420גר LOVITA,דילר בי.אמ.די.אינטרנשיונל בעמ,,,"י""ח",420,ל  גרם,false,1,16.90,4.02,false,1,
4823077636110,false,עוגיות תפוז 420גר LOVITA,דילר בי.אמ.די.אינטרנשיונל בעמ,,,"י""ח",420,ל  גרם,false,1,16.90,4.02,false,1,
4823077636172,false,וופל רושן בטעם לימון 216גר,דילר בי.אמ.די.אינטרנשיונל בעמ,,,"י""ח",216,ל  גרם,false,1,6.90,3.19,true,1,
4823077636547,false,סוכריות ממולאות בטעם פירות  468גר BIM,דילר בי.אמ.די.אינטרנשיונל בעמ,,,"י""ח",468,ל  גרם,false,1,11.90,2.54,true,1,
4823077636578,false,סוכריות טופי כוס חלב 325גר,דילר בי.אמ.די.אינטרנשיונל בעמ,,,"י""ח",325,ל  גרם,false,1,11.90,3.66,true,1,
4823077636592,false,סוכריות ג`לי 378גר בשקית Crazy bee,דילר בי.אמ.די.אינטרנשיונל בעמ,,,"י""ח",378,ל  גרם,false,1,11.90,3.15,true,1,
4860019001414,false,"מים מינרלים בורג`ומי 750מ""ל",יורוסטנדרט בעמ,,,"י""ח",750,"ל  מ""ל",false,1,9.20,1.19,false,1,
4891228430047,false,סכיני גילוח שיק אקסטרה 10 יח  ירוק,ש.שסטוביץ בעמ,,,"י""ח",1,,false,1,24.90,24.90,false,1,
4895149084891,false,שלישיית נורות לד 12W=75W הברגה E27 אור ח,פוגיקום בעמ,,,"י""ח",1,,false,1,24.90,24.90,true,1,
4895149084921,false,שלישיית נורות לד 12W=75W הברגה E27 אור,פוגיקום בעמ,,,"י""ח",1,,false,1,24.90,24.90,true,1,
4903001904192,false,"רוטב סויה יאמאסה פרימיום 500מ""ל",ליימן שליסל,,,"י""ח",500,"ל  מ""ל",false,1,17.90,3.58,false,1,
4903001904208,false,רוטב סויה יאמאסה פרימיום 1 ליטר,ליימן שליסל,,,"י""ח",1,ליטר,false,1,31.90,31.90,false,1,
4903001925784,false,"רוטב סויה יאמאסה דל מלח 500מ""ל פרימיום",ליימן שליסל,,,"י""ח",500,"ל  מ""ל",false,1,19.90,3.98,false,1,
5000146401568,false,וורלייט דפים הגנה על הבד,רקיט בנקיזר (ניר איסט) בעמ,,,"י""ח",1,"י""ח",false,1,15.90,15.90,false,1,
5000157143365,false,"מתבל טעם מיונז וקטשופ 425מ""ל",דיפלומט מפיצים (1968) בעמ**,,,"י""ח",425,ל  גרם,false,1,14.90,3.51,false,1,
5000159376792,false,סוכריות סקיטלס חמוץ 38גר,מרס ריגלי ישראל בעמ,,,"י""ח",38,ל  גרם,false,1,3,7.89,false,1,
5000159407236,false,מרס חטיף שוק 51גר,מרס ריגלי ישראל בעמ,,,"י""ח",51,ל  גרם,false,1,4.50,8.82,true,1,
5000159409179,false,סניקרס מיני 403ג שקית,מרס ריגלי ישראל בעמ,,,"י""ח",403,ל  גרם,false,1,18.90,4.69,false,1,
5000159442572,false,טויקס מיני 403ג שקית,מרס ריגלי ישראל בעמ,,,"י""ח",403,ל  גרם,false,1,18.90,4.69,false,1,
5000159452540,false,סניקרס מארז 5 יח,מרס ריגלי ישראל בעמ,,,"י""ח",180,ל  גרם,false,1,12.90,7.17,false,1,
5000159452663,false,מרס מארז 5 יח,מרס ריגלי ישראל בעמ,,,"י""ח",180,ל  גרם,false,1,12.90,7.17,false,1,
5000159452977,false,מיקס מיני 403ג שקית,מרס ריגלי ישראל בעמ,,,"י""ח",403,ל  גרם,false,1,18.90,4.69,false,1,
5000159459228,false,טוויקס חטיף 50גר,מרס ריגלי ישראל בעמ,,,"י""ח",50,ל  גרם,false,1,4.50,9,true,1,
5000159461122,false,סניקרס חטיף 50גר,מרס ריגלי ישראל בעמ,,,"י""ח",51,ל  גרם,false,1,4.50,8.82,true,1,
5000159536400,false,טוויקס סטיקס 99קלוריות 200ג.,מרס ריגלי ישראל בעמ,,,"י""ח",200,ל  גרם,false,1,15.90,7.95,false,1,
5000159538626,false,טוויקס מארז 5 יח,מרס ריגלי ישראל בעמ,,,"י""ח",180,ל  גרם,false,1,12.90,7.17,false,1,
5000159538640,false,באונטי מארז 5 יח,מרס ריגלי ישראל בעמ,,,"י""ח",180,ל  גרם,false,1,12.90,7.17,false,1,
5000168199245,false,שוקולד חלב מעולה קרם קרמל 90גר Godi,תה ויסוצקי (ישראל)בעמ,,,"י""ח",90,ל  גרם,false,1,14.90,16.56,true,1,
5000204114898,false,גלייד אורסול בניחוח מרכך כביסה.,דנשר (1963) בעמ,,,"י""ח",300,"ל  מ""ל",false,1,10.90,3.63,true,1,
5000204114928,false,גלייד אורסול בניחוח דובדבן,דנשר (1963) בעמ,,,"י""ח",300,"ל  מ""ל",false,1,10.90,3.63,true,1,
5000204133509,false,שקיות אחסון גדולות  19 יח`זיפלוק,דנשר (1963) בעמ,,,"י""ח",1,,false,1,12.90,12.90,false,1,
5000204153729,false,"גלייד ספריי אוטומטי 269מ""ל מילוי",דנשר (1963) בעמ,,,"י""ח",269,"ל  מ""ל",false,1,15.90,5.91,false,1,
5000204196689,false,מכשיר חשמלי+נוזל מילוי 90 לילות,דנשר (1963) בעמ,,,"י""ח",1,,false,1,45.90,45.90,false,1,
5000204220933,false,רייד אקסטרה קוטל מעופפים,דנשר (1963) בעמ,,,"י""ח",400,"ל  מ""ל",false,1,14.90,3.73,false,1,
5000204657883,false,"קיווי משחת נעליים בקופסא חום 50מ""ל",דנשר (1963) בעמ,,,"י""ח",50,ל  גרם,false,1,5.80,11.60,false,1,
5000204658125,false,"קיווי נוזל נעליים חום 75מ""ל",דנשר (1963) בעמ,,,"י""ח",75,"ל  מ""ל",false,1,15.30,20.40,false,1,
5000204661392,false,קיווי משחת נעליים בקופסא 100גר,דנשר (1963) בעמ,,,"י""ח",88,"ל  מ""ל",false,1,9.90,11.25,false,1,
5000396037531,false,מקוויטיס ביסקוויט מצופה שוקולד חלב 200,תה ויסוצקי (ישראל)בעמ,,,"י""ח",200,ל  גרם,false,1,10.90,5.45,false,1,
5000396037548,false,מקוויטיס ביסקוויט קלאסי 250גר,תה ויסוצקי (ישראל)בעמ,,,"י""ח",250,ל  גרם,false,1,10.90,4.36,false,1,
5000396037944,false,מקוויטיס ביסקוויט קלאסי 250גר,תה ויסוצקי (ישראל)בעמ,,,"י""ח",250,ל  גרם,false,1,10.90,4.36,true,1,
5010026515919,false,מוזלי קריספי נאטי  650ג,ליימן שליסל,,,"י""ח",650,ל  גרם,false,1,24.90,3.83,false,1,
5010026515940,false,מוזלי קריספי פרוטי 750ג,ליימן שליסל,,,"י""ח",650,ל  גרם,false,1,24.90,3.83,false,1,
5010026519368,false,שיבולת שועל 500גר שקית,ליימן שליסל,,,"י""ח",500,ל  גרם,false,1,7.90,1.58,false,1,
5010029000252,false,דגנ בוקר וויטביקס מקורי 430ג,ר.ב. מוצרי דגנים בעמ,,,"י""ח",430,ל  גרם,false,1,23.90,5.56,false,1,
5010029222005,false,דגני בוקר ויטבקס פרוטאין 440 גרם,ר.ב. מוצרי דגנים בעמ,,,"י""ח",440,ל  גרם,false,1,28.90,6.57,false,1,
5010038454831,false,"בירה בלו מון 330מ""ל",הכרם משקאות חריפים בעמ,,,"י""ח",330,"ל  מ""ל",false,1,13.90,4.12,true,1,
5010106113127,false,"וויסקי בלנטיין 700מ""ל",טמפו משקאות בעמ,,,"י""ח",700,"ל  מ""ל",false,1,79.90,11.37,false,1,
5010182997253,false,RAID ארוסול מקס,דנשר (1963) בעמ,,,"י""ח",400,"ל  מ""ל",false,1,14.90,3.73,false,1,
5010182997338,false,ג ל דאק,דנשר (1963) בעמ,,,"י""ח",55,ל  גרם,false,1,11.90,21.64,false,1,
5010327000046,false,"וויסקי גרנטס וויסקי 700 מ""ל",הכרם משקאות חריפים בעמ,,,"י""ח",750,"ל  מ""ל",false,1,70.20,9.32,false,1,
5010677551397,false,"בקרדי בריזר למון ליים 275מ""ל",טמפו משקאות בעמ,,,"י""ח",275,"ל  מ""ל",false,1,14.20,5.05,true,1,
5010677552387,false,בקרדי בריזר-אננס.,טמפו משקאות בעמ,,,"י""ח",275,"ל  מ""ל",false,1,14.20,5.05,true,1,
5010677554398,false,"בקרדי בריזר אבטיח 275מ""ל",טמפו משקאות בעמ,,,"י""ח",275,"ל  מ""ל",false,1,14.20,5.05,true,1,
5011157671222,false,"אורז טילדה בסמטי חום מלא 1 ק""ג",ש.שסטוביץ בעמ,,,"י""ח",1,"ק""ג",false,1,19.90,19.90,false,1,
5011417552247,false,איירוויק נטול גז לילך,רקיט בנקיזר (ניר איסט) בעמ,,,"י""ח",345,"ל  מ""ל",false,1,14.90,4.32,false,1,
5014201800869,false,"סיידר אגסים 500מ""ל הנרי ווסטונס וינטג",הכרם משקאות חריפים בעמ,,,"י""ח",0.50,ליטר,false,1,19.90,39.80,false,1,
5014271300429,false,מעדן דלפור משמש 284 ג,א. סיימן סחר בעמ,,,"י""ח",284,ל  גרם,false,1,23.90,8.42,false,1,
5014271310428,false,מעדן דובדבן דלפור,א. סיימן סחר בעמ,,,"י""ח",284,ל  גרם,false,1,23.90,8.42,false,1,
5014271350424,false,מעדן דלפור פירות יער,א. סיימן סחר בעמ,,,"י""ח",284,ל  גרם,false,1,23.90,8.42,false,1,
5014271360423,false,מעדן דלפור תפוז 284 ג,א. סיימן סחר בעמ,,,"י""ח",284,ל  גרם,false,1,23.90,8.42,false,1,
5014271370422,false,מעדן אפרסק ללא סוכר,א. סיימן סחר בעמ,,,"י""ח",284,ל  גרם,false,1,23.90,8.42,false,1,
5014271400426,false,מעדן תות שדה דלפור,א. סיימן סחר בעמ,,,"י""ח",284,ל  גרם,false,1,23.90,8.42,false,1,
5014271795980,false,מעדן דלפור אוכמניות חמוציות 284גר`,א. סיימן סחר בעמ,,,"י""ח",284,ל  גרם,false,1,23.90,8.42,false,1,
5014379009972,false,"בירה באדוויזר 500מ""ל פחית",הכרם משקאות חריפים בעמ,,,"י""ח",500,"ל  מ""ל",false,1,8.90,1.72,true,1,
5018357006731,false,מיזלי נאטי אמיתי 40%  560ג,אחים טיירי עסקי מזון בעמ,,,"י""ח",560,ל  גרם,false,1,27.90,4.98,false,1,
5018357006755,false,תערובת דגנים היי פיבר 540ג,נטורפוד בעמ,,,"י""ח",540,ל  גרם,false,1,21.90,4.06,false,1,
5029053002408,false,קלינקס  נייר טואלט פרימיום לבן 1/9,קימברלי קלארק ישראל שיווק בעמ,,,"י""ח",1184,ל  גרם,false,1,31.90,2.69,false,1,
5029053002439,false,קליניקס נייר טואלט  פרימיום צהוב 1/9.,קימברלי קלארק ישראל שיווק בעמ,,,"י""ח",1184,ל  גרם,false,1,31.90,2.69,false,1,
5029053032658,false,טישו קלינקס 1/8,קימברלי קלארק ישראל שיווק בעמ,,,"י""ח",8,"י""ח",false,1,9.90,1.24,false,1,
5029053039725,false,טישו קלינקס נטורל פרש 72 דף,קימברלי קלארק ישראל שיווק בעמ,,,"י""ח",72,"י""ח",false,1,10.90,0.15,true,1,
5029053510811,false,קוטקס נורמל 28 יחידות,קימברלי קלארק ישראל שיווק בעמ,,,"י""ח",28,"י""ח",false,1,19.90,0.71,true,1,
5029053510828,false,קוטקס סופר 24 יחידות,קימברלי קלארק ישראל שיווק בעמ,,,"י""ח",24,"י""ח",false,1,19.90,0.83,true,1,
5029053523446,false,קוטקס לילה 20 יחידות,קימברלי קלארק ישראל שיווק בעמ,,,"י""ח",20,"י""ח",false,1,19.90,1,true,1,
5029053527581,false,דריי נייטס 4-7 בנות,קימברלי קלארק ישראל שיווק בעמ,,,"י""ח",1,"י""ח",false,1,38.90,38.90,false,1,
5029053527604,false,דריי נייטס בנות 8-15,קימברלי קלארק ישראל שיווק בעמ,,,"י""ח",1,"י""ח",false,1,38.90,38.90,false,1,
5029053535227,false,קוטקס טמפון+מוליך נורמל,קימברלי קלארק ישראל שיווק בעמ,,,"י""ח",1,"י""ח",false,1,27.90,27.90,false,1,
5035766044673,false,"סיידר אלכוהולי 330מ""ל בודד",טמפו משקאות בעמ,,,"י""ח",330,"ל  מ""ל",false,1,8.20,2.39,false,1,
5035766044772,false,"סיידר אלכוהולי 330מ""ל רביעייה",טמפו משקאות בעמ,,,"י""ח",1.32,ליטר,false,1,31.10,22.65,false,1,
5053827193368,false,קלוגס ברנפלקס 500ג,דיפלומט מפיצים (1968) בעמ**,,,"י""ח",500,ל  גרם,false,1,22.90,4.58,false,1,
5060139430364,false,חטיף 100% פרי יויו תות 100ג,דיפלומט מפיצים (1968) בעמ**,,,"י""ח",100,ל  גרם,false,1,20.90,20.90,false,1,
5060517886486,false,"משקה אנרגיה מונסטר פח 500מ""ל",החברה המרכזית להפצת משקאות בעמ,,,"י""ח",500,"ל  מ""ל",false,1,7,1.34,false,1,
5060517886516,false,"משקה אנרגיה מונסטר זירו פח 500מ""ל",החברה המרכזית להפצת משקאות בעמ,,,"י""ח",500,"ל  מ""ל",false,1,7,1.34,false,1,
5060639128051,false,"משקה אנרגיה מונסטר Ultra פח 500מ""ל",החברה המרכזית להפצת משקאות בעמ,,,"י""ח",500,"ל  מ""ל",false,1,7,1.34,false,1,
5060639129102,false,"משקה אנרגיה מונסטר מנגו פח 500מ""ל",החברה המרכזית להפצת משקאות בעמ,,,"י""ח",500,"ל  מ""ל",false,1,7,1.34,false,1,
5060751218173,false,"משקה אנרגיה מונסטר פח 500מ""ל",החברה המרכזית להפצת משקאות בעמ,,,"י""ח",500,"ל  מ""ל",false,1,7,1.34,false,1,
5201004020338,false,קפריס רולס קלאסיק 400 גרם,מ.סידס ובנו בעמ,,,"י""ח",400,ל  גרם,false,1,20.90,5.23,false,1,
5201085540084,false,סוכריות ג`לי מיקס  700גרם,בני פאוזי שמשום (2009) בעמ,,,"י""ח",800,ל  גרם,false,1,15.90,1.99,false,1,
5201178801054,false,ניוואה קרם 250,אלפא ב.ד.ף בעמ,,,"י""ח",250,ל  גרם,false,1,29.90,11.96,true,1,
5201184021934,false,נר זיקוק,שמחה זה אנחנו,,,"י""ח",1,,false,1,4.50,4.50,false,1,
5201184478530,false,קישוטי עוגה נסיכה+גמדים,שמחה זה אנחנו,,,"י""ח",1,,false,1,10.70,10.70,false,1,
5201347400545,false,ויט ארומטיק רצועות שעווה לפנים,רקיט בנקיזר (ניר איסט) בעמ,,,"י""ח",1,"י""ח",false,1,22.90,22.90,false,1,
5201940010011,false,זיתים שחורים בפח 454 גרם,ג.וילי פוד אינטרנשיונל בעמ,,,"י""ח",454,ל  גרם,false,1,14.30,3.15,false,1,
5201940010110,false,זיתים שחורים 454 גרם,ג.וילי פוד אינטרנשיונל בעמ,,,"י""ח",454,ל  גרם,false,1,16.50,3.63,false,1,
5202390014192,false,צהובה טבעונת עם זיתים 200ג,דיפלומט מפיצים (1968) בעמ**,,,"י""ח",200,ל  גרם,false,1,19.90,9.95,false,1,
5202390015618,false,צהובה טבעונת אוריגנל 200ג,דיפלומט מפיצים (1968) בעמ**,,,"י""ח",200,ל  גרם,false,1,19.90,9.95,false,1,
5202390016325,false,צהובה טבעונת  טעם מעושן 200גר,דיפלומט מפיצים (1968) בעמ**,,,"י""ח",200,ל  גרם,false,1,19.90,9.95,false,1,
5208049006655,false,פאל מאל אקסטרה מנדרינה בודד,גלוברנדס בעמ,,,"י""ח",1,,false,1,28,28,false,1,
5208049006662,false,פאל מאל אקסטרה מנדרינה,גלוברנדס בעמ,,,"י""ח",1,,false,1,275,275,false,1,
5391523058087,false,סימילק אדוונס פלוס שלב2 700ג,שקד תבל בעמ ***,,,"י""ח",700,ל  גרם,false,1,69.90,9.99,true,1,
5407005170021,false,פטריות,ביכורי השדה צפון 1994 ג.ד. בעמ,,,"י""ח",1,,false,1,10.90,10.90,false,1,
5410126006087,false,"לוטוס ביסקויט  בטעם קרמל 700גר בד""ץ",דיפלומט מפיצים (1968) בעמ**,,,"י""ח",700,ל  גרם,false,1,24.90,3.56,false,1,
5410126106022,false,לוטוס ביסקויט מארז חג 2*250ג.,דיפלומט מפיצים (1968) בעמ**,,,"י""ח",500,ל  גרם,false,1,17.90,3.58,false,1,
5410126116953,false,ממרח לוטוס קרמל 400ג,דיפלומט מפיצים (1968) בעמ**,,,"י""ח",312,ל  גרם,false,1,22.90,7.34,false,1,
5410126666038,false,עוגיות לוטוס 279ג,דיפלומט מפיצים (1968) בעמ**,,,"י""ח",279,ל  גרם,false,1,14.90,5.34,true,1,
5410126726947,false,ממרח  לוטוס קראנץ  עוגיות 380ג,דיפלומט מפיצים (1968) בעמ**,,,"י""ח",380,ל  גרם,false,1,22.90,6.03,false,1,
5410173210055,false,קפה טחון,ליימן שליסל,,,"י""ח",100,ל  גרם,false,1,18.90,18.90,false,1,
5410228217732,false,"בירה סטלה ארטואה 440מ""ל פחית.",תימקו בירה בעמ,,,"י""ח",440,"ל  מ""ל",false,1,13.90,3.09,true,1,
5410228267515,false,"בירה באדוויזר 1/6 330מ""ל",הכרם משקאות חריפים בעמ,,,"י""ח",1.98,ליטר,false,1,31.70,15.10,true,1,
5410291022738,false,ממרח צ`וקטה חום לבן  350ג,ש.שסטוביץ בעמ,,,"י""ח",350,ל  גרם,false,1,10.90,3.11,false,1,
5410291022752,false,ממרח צ`וקטה פרווה 350ג,ש.שסטוביץ בעמ,,,"י""ח",350,ל  גרם,false,1,10.90,3.11,false,1,
5410291022776,false,ממרח צ`וקטה פרווה 700ג,ש.שסטוביץ בעמ,,,"י""ח",700,ל  גרם,false,1,18.90,2.70,false,1,
5410316983693,false,וודקה סמירנוף אייס בודד 275 מ``ל.,החברה המרכזית להפצת משקאות בעמ,,,"י""ח",275,"ל  מ""ל",false,1,14,4.98,false,1,
5410769200088,false,"בירה מק שוף  330מ""ל",הכרם משקאות חריפים בעמ,,,"י""ח",330,"ל  מ""ל",false,1,14.90,4.42,true,1,
5410769800097,false,"בירה צ`רי  שוף 8%  330מ""ל",הכרם משקאות חריפים בעמ,,,"י""ח",330,"ל  מ""ל",false,1,14.90,4.42,true,1,
5411188094159,false,אלפרו מעדן סויה שוקו בולג,"שטראוס גרופ בע""מ",,,"י""ח",500,ל  גרם,false,1,19.80,3.96,false,1,
5411188094173,false,אלפרו מעדן סויה טעם קרמל 500 ג`,"שטראוס גרופ בע""מ",,,"י""ח",500,ל  גרם,false,1,18.90,3.78,false,1,
5411188096108,false,אלפרו סויה לבישול  5%,"שטראוס גרופ ***בע""מ",,,"י""ח",250,"ל  מ""ל",false,1,10.80,4.32,true,1,
5411188110835,false,אלפרו חלב סויה שקדים,"שטראוס גרופ בע""מ",,,"י""ח",1,ליטר,false,1,13.90,13.90,false,1,
5411188112549,false,אלפרו משקה אורז 1ל,"שטראוס גרופ בע""מ",,,"י""ח",1,ליטר,false,1,16.80,16.80,false,1,
5411188112709,false,אלפרו שקדים ללא סוכר 1ל,"שטראוס גרופ בע""מ",,,"י""ח",1,ליטר,false,1,16.80,16.80,false,1,
5411188115366,false,אלפרו משקה שיבולת שועל 1ל,"שטראוס גרופ בע""מ",,,"י""ח",1,ליטר,false,1,16.70,16.70,false,1,
5411188115434,false,אלפרו בריסטה סויה 1ליטר,"שטראוס גרופ בע""מ",,,"י""ח",1,ליטר,false,1,15.90,15.90,false,1,
5411188115472,false,אלפרו סויה 1ל אלפרו,"שטראוס גרופ בע""מ",,,"י""ח",1,ליטר,false,1,14.90,14.90,false,1,
5411188120957,false,"אלפרו קוקוס לבישול 250מ""ל","שטראוס גרופ ***בע""מ",,,"י""ח",250,"ל  מ""ל",false,1,9.90,3.96,true,1,
5411188121923,false,אלפרו סויה סידן  1/3,"שטראוס גרופ בע""מ",,,"י""ח",750,"ל  מ""ל",false,1,15.90,2.12,false,1,
5411188121978,false,אלפרו סויה שוקו 1/3,"שטראוס גרופ בע""מ",,,"י""ח",750,"ל  מ""ל",false,1,15.90,2.12,false,1,
5411188122586,false,"אלפרו משקה שקדים 250מ""ל","שטראוס גרופ בע""מ",,,"י""ח",250,"ל  מ""ל",false,1,6.50,2.60,false,1,
5411188124689,false,"אלפרו משקה שיבולת שועל לל""ס 1ל","שטראוס גרופ בע""מ",,,"י""ח",1,ליטר,false,1,16.70,16.70,false,1,
5411188127697,false,אלפרו בריסטה שיבולת שועל  1ליטר,"שטראוס גרופ בע""מ",,,"י""ח",1,ליטר,false,1,16.80,16.80,false,1,
5411188129899,false,אלפרו בריסטה שקדים  1ליטר,"שטראוס גרופ בע""מ",,,"י""ח",1,ליטר,false,1,16.80,16.80,false,1,
5411188133476,false,"אלפרו משקה סויה שוקו עם חלבון 250מ""ל","שטראוס גרופ בע""מ",,,"י""ח",250,"ל  מ""ל",false,1,6.90,2.76,false,1,
5411188134985,false,אלפרו 3.5%שומן MLKשיבולת שועל  1ליטר,"שטראוס גרופ ***בע""מ",,,"י""ח",1,ליטר,false,1,13.90,13.90,true,1,
5411188135005,false,אלפרו 1.8%שומן MLKשיבולת שועל  1ליטר,"שטראוס גרופ ***בע""מ",,,"י""ח",1,ליטר,false,1,13.90,13.90,true,1,
5411188300328,false,חלב סויה שוקו 1ל אלפרו,"שטראוס גרופ בע""מ",,,"י""ח",1,ליטר,false,1,17.50,17.50,false,1,
5411188543398,false,אלפרו סויה ללא סוכר 1ל אלפרו,"שטראוס גרופ בע""מ",,,"י""ח",1,ליטר,false,1,14.80,14.80,false,1,
5411681014005,false,"בירה דובל 330מ""ל",הכרם משקאות חריפים בעמ,,,"י""ח",330,"ל  מ""ל",false,1,12.90,3.82,true,1,
5411681038001,false,"בירה מרדסו 10 טריפל 330מ""ל",הכרם משקאות חריפים בעמ,,,"י""ח",330,"ל  מ""ל",false,1,15.20,4.52,true,1,
5413149655522,false,"אריאל שושן צחור 1.25ק""ג",דיפלומט מפיצים 1968 בעמ,,,"י""ח",2.50,"ק""ג",false,1,19.90,7.96,false,1,
5413149922938,false,"אריאל 5 ק""ג שושן צחור",דיפלומט מפיצים 1968 בעמ,,,"י""ח",5,"ק""ג",false,1,46.90,9.38,true,1,
5413149930025,false,"טייד 5ק""ג רגיל",דיפלומט מפיצים 1968 בעמ,,,"י""ח",5,"ק""ג",false,1,36.90,7.38,true,1,
5601008200444,false,גודיס עוגיות מצופות שוק.חלב,ש.שסטוביץ בעמ,,,"י""ח",150,ל  גרם,false,1,6.90,4.60,true,1,
5604912415041,false,סרדין בשמן חמניה פורטוס 125ג,דיפלומט מפיצים (1968) בעמ**,,,"י""ח",125,ל  גרם,false,1,6.90,5.52,false,1,
5604912415058,false,סרדין בשמן חמניה חריף פורטוס 125ג,דיפלומט מפיצים (1968) בעמ**,,,"י""ח",125,ל  גרם,false,1,6.90,5.52,false,1,
5604912425057,false,מקרלים בשמן חמניה חריף פורטוס 125ג,דיפלומט מפיצים (1968) בעמ**,,,"י""ח",125,ל  גרם,false,1,6.90,5.52,false,1,
5701932026964,false,הוטפופ מלוח 600 גרם,ליימן שליסל,,,"י""ח",600,ל  גרם,false,1,16.90,2.82,true,1,
5701932026971,false,הוטפופ חמאה 600 גרם,ליימן שליסל,,,"י""ח",600,ל  גרם,false,1,16.90,2.82,true,1,
5701932026995,false,הוטפופ לייט טבעי 500גר.,ליימן שליסל,,,"י""ח",510,ל  גרם,false,1,16.90,3.31,true,1,
5705550300963,false,ביצי דג 200ג שיבוט,בני ג ורג שוקחה (חיפה) בעמ,,,"י""ח",200,ל  גרם,false,1,11.90,5.95,false,1,
5711953106583,false,גבינת  ארלה שמנת 24% שומן   200גר,"שטראוס גרופ ***בע""מ",,,"י""ח",200,ל  גרם,false,1,15.90,7.95,true,1,
5711953106590,false,גבינת שמנת 24% שומן עם שום  200ג.,"שטראוס גרופ ***בע""מ",,,"י""ח",200,ל  גרם,false,1,15.90,7.95,true,1,
5740900403215,false,ממרח לורפק עם מלח 250גר,"שטראוס גרופ ***בע""מ",,,"י""ח",250,ל  גרם,false,1,16.90,6.76,false,1,
5740900403222,false,ממרח לורפק עם מלח מופחת שומן 250גר,"שטראוס גרופ ***בע""מ",,,"י""ח",250,ל  גרם,false,1,16.90,6.76,false,1,
5740900403239,false,.ממרח לורפק ללא מלח 250גר,"שטראוס גרופ ***בע""מ",,,"י""ח",250,ל  גרם,false,1,16.90,6.76,false,1,
5740900403246,false,ממרח לורפק ללא מלח 500גר,"שטראוס גרופ ***בע""מ",,,"י""ח",500,ל  גרם,false,1,28.90,5.78,false,1,
5740900403253,false,ממרח לורפק עם מלח 500גר,"שטראוס גרופ ***בע""מ",,,"י""ח",500,ל  גרם,false,1,28.90,5.78,false,1,
5740900403260,false,ממרח לורפק ללא מלח מופחת שומן 250גר,"שטראוס גרופ ***בע""מ",,,"י""ח",250,ל  גרם,false,1,16.90,6.76,false,1,
5900020012814,false,נסקוויק 500גר`,קבוצת אוסם סחר-שות.מוגבלת,,,"י""ח",500,ל  גרם,false,1,27.30,5.46,true,1,
5900020020710,false,מארז   קראנץ`בר שוקו וניל 6*25גר,קבוצת אוסם סחר-שות.מוגבלת,,,"י""ח",150,ל  גרם,false,1,16.70,11.13,true,1,
5900020024770,false,פיטנס בר דליס שוקולד אגוז 135ג,קבוצת אוסם סחר-שות.מוגבלת,,,"י""ח",135,ל  גרם,false,1,16.70,12.37,true,1,
5900020025647,false,פיטנס בר דליס שוקולד חלב 135ג,קבוצת אוסם סחר-שות.מוגבלת,,,"י""ח",135,ל  גרם,false,1,15.90,11.78,true,1,
5900020026552,false,האני נאט צ`יריוס עידן הקרח 625גר,קבוצת אוסם סחר-שות.מוגבלת,,,"י""ח",615,ל  גרם,false,1,26.30,4.28,true,1,
5900020029669,false,פיטנס חטיף דגניפ פירות יער 6*23.5ג,קבוצת אוסם סחר-שות.מוגבלת,,,"י""ח",135,ל  גרם,false,1,17.70,13.11,true,1,
5900020034991,false,דגני בוקר קראנץ צדפים טעם שוקולד 450גר,קבוצת אוסם סחר-שות.מוגבלת,,,"י""ח",450,ל  גרם,false,1,25.90,5.76,true,1,
5900020036407,false,סיני מיניס קרייזי קראש 410גר.,קבוצת אוסם סחר-שות.מוגבלת,,,"י""ח",410,ל  גרם,false,1,25.90,6.32,true,1,
5900020037916,false,צ יריוס משיבולת שועל 375גר,קבוצת אוסם סחר-שות.מוגבלת,,,"י""ח",375,ל  גרם,false,1,15.90,4.24,false,1,
5900907000583,false,מלפפון בחומץ 900 גרם,דברים טובים סגל בעמ,,,"י""ח",900,ל  גרם,false,1,15.20,1.69,false,1,
5900907000965,false,פטיסון בחומץ 900 גרם,דברים טובים סגל בעמ,,,"י""ח",560,ל  גרם,false,1,20.90,3.73,false,1,
5900907001450,false,מלפפונים במלח 900 גרם,דברים טובים סגל בעמ,,,"י""ח",900,ל  גרם,false,1,15.20,1.69,false,1,
5900951283963,false,סניקרס קרימי חמאת בוטנים  36.5גר,מרס ריגלי ישראל בעמ,,,"י""ח",36,ל  גרם,false,1,4.50,12.50,true,1,
5901414200411,false,היט מינ שוק 130ג,ליימן שליסל,,,"י""ח",130,ל  גרם,false,1,6.90,5.31,true,1,
5901483020101,false,תה פטל,דברים טובים סגל בעמ,,,"י""ח",37.50,ל  גרם,false,1,8.90,23.73,false,1,
5901483020309,false,תה פירות יער 2ג*25שק,דברים טובים סגל בעמ,,,"י""ח",500,ל  גרם,false,1,8.90,1.78,false,1,
5901483020408,false,תה תות בר 25 יח,דברים טובים סגל בעמ,,,"י""ח",50,ל  גרם,false,1,8.90,17.80,false,1,
5901483060022,false,תה מרווה 2ג*20שק,דברים טובים סגל בעמ,,,"י""ח",40,ל  גרם,false,1,8.90,22.25,false,1,
5901888020508,false,חטיף דגנים עם קינואה טעם עשבי תיבול 70,דנשר (1963) בעמ,,,"י""ח",70,ל  גרם,false,1,12.90,18.43,false,1,
5901888020560,false,חטיף דגנים עם קינואה טעם עשבי תיבול 70,דנשר (1963) בעמ,,,"י""ח",70,ל  גרם,false,1,12.90,18.43,false,1,
5902198160403,false,משקה אנרגיה XL TEN,טמפו משקאות בעמ,,,"י""ח",250,"ל  מ""ל",false,1,4.30,1.60,true,1,
5904941751302,false,משקה אנרגיה בלו רגולר  כחול,בני פאוזי שמשום (2009) בעמ,,,"י""ח",250,"ל  מ""ל",false,1,3.90,1.44,true,1,
5904941752262,false,משקה אנרגיה בלו לימון סיקס ללא סוכר,בני פאוזי שמשום (2009) בעמ,,,"י""ח",250,"ל  מ""ל",false,1,4.50,1.68,true,1,
5906485301012,false,משקה אנרגיה XL,טמפו משקאות בעמ,,,"י""ח",250,"ל  מ""ל",false,1,4.30,1.60,true,1,
5997321770307,false,ויט רצועות שעווה לעור רגיש,רקיט בנקיזר (ניר איסט) בעמ,,,"י""ח",1,"י""ח",false,1,22.90,22.90,false,1,
5998710131877,false,ממתק שוקולד CHERRY QUEEN,דילר בי.אמ.די.אינטרנשיונל בעמ,,,"י""ח",36,ל  גרם,false,1,3.90,10.83,true,1,
6901022100416,false,שום כתוש.,ביכורי השדה צפון 1994 ג.ד. בעמ,,,"י""ח",1,,false,1,9.90,9.90,false,1,
6910191800287,false,אצות נור בלו 10דף,מזרח ומערב יבוא ושיווק,,,"י""ח",10,"י""ח",false,1,13.90,1.39,true,1,
6912977000140,false,אטריות  שעועית 250ג,מזרח ומערב יבוא ושיווק,,,"י""ח",200,ל  גרם,false,1,10.90,5.45,true,1,
6921850620368,false,לד 10W אור יום אריזת 3יח,עולם הבית שיווק והפצה בעמ,,,"י""ח",3,"י""ח",false,1,24.90,8.30,false,1,
6922276100083,false,מחית וואסבי 43,מזרח ומערב יבוא ושיווק,,,"י""ח",500,ל  גרם,false,1,11.90,2.38,false,1,
6924485403252,false,טוש 12יח,צבע ומכחול (2014) בעמ,,,"י""ח",1,,false,1,9.90,9.90,false,1,
6924485408103,false,לורד גמבו,צבע ומכחול (2014) בעמ,,,"י""ח",1,,false,1,14.90,14.90,false,1,
6930691021029,false,מרקר זוהר,צבע ומכחול (2014) בעמ,,,"י""ח",1,,false,1,9.90,9.90,false,1,
6934582521216,false,מספריים,צבע ומכחול (2014) בעמ,,,"י""ח",1,,false,1,5.90,5.90,false,1,
6934930849016,false,שמן חמניות  1 ליטר.,ישרא-בר שמנים ותבואות בעמ,,,"י""ח",1,ליטר,false,1,9.90,9.90,true,1,
6936613888667,false,שום ארוז.,ביכורי השדה צפון 1994 ג.ד. בעמ,,,"י""ח",1,,false,1,7.90,7.90,true,1,
6936745600783,false,"חומץ אורז-מיצוקאן  500מ""ל",מזרח ומערב יבוא ושיווק,,,"י""ח",500,"ל  מ""ל",false,1,16.90,3.38,false,1,
6974640730167,false,פטריות שיטאקה 100גר.,מזרח ומערב יבוא ושיווק,,,"י""ח",100,ל  גרם,false,1,12.90,12.90,false,1,
7038516140357,false,ג ורדון מברשת שיניים טוטל קלין רביעייה,דנשר (1963) בעמ,,,"י""ח",1,,false,1,10.90,10.90,false,1,
7162109027029,false,סט מצעים מונקו זוגי,דהן פרוספר בעמ,,,"י""ח",1,,false,1,99.90,99.90,false,1,
7200111488898,false,ברוקולי,ביכורי השדה צפון 1994 ג.ד. בעמ,,,"י""ח",1,,false,1,12.90,12.90,false,1,
7270137700194,false,מדליק פחם מוצק,ח.כהן סוכנות מזון ומשקאות בע,,,"י""ח",1,"י""ח",false,1,5.90,5.90,false,1,
7271730901261,false,פסטה עם גבינה 156ג,מור ים מרקטינג בעמ,,,"י""ח",156,ל  גרם,false,1,11.90,7.63,false,1,
7290000000510,false,ירק ארוז,ביכורי השדה צפון 1994 ג.ד. בעמ,,,"י""ח",1,,false,1,12.90,12.90,true,1,
7290000000848,false,תירס ארוז,ביכורי השדה צפון 1994 ג.ד. בעמ,,,"ק""ג",1,,true,1,19.90,19.90,false,1,
7290000000978,false,גלאט קטיף,ביכורי השדה צפון 1994 ג.ד. בעמ,,,"י""ח",1,,false,1,6.90,6.90,true,1,
7290000000985,false,גלאט קטיף פטרוזיליה.,ביכורי השדה צפון 1994 ג.ד. בעמ,,,"י""ח",1,,false,1,5.90,5.90,true,1,
7290000001401,false,מנגולד גלאט שמיטה,ביכורי השדה צפון 1994 ג.ד. בעמ,,,"י""ח",1,,false,1,6.90,6.90,false,1,
7290000001579,false,סלרי עלים גלאט,ביכורי השדה צפון 1994 ג.ד. בעמ,,,"י""ח",1,,false,1,5.90,5.90,true,1,
7290000001586,false,גלאט קטיף שמיר,ביכורי השדה צפון 1994 ג.ד. בעמ,,,"י""ח",1,,false,1,6.90,6.90,true,1,
7290000001593,false,גלאט קטיף נענע,ביכורי השדה צפון 1994 ג.ד. בעמ,,,"י""ח",1,,false,1,6.90,6.90,true,1,
7290000001616,false,כוסברה מהדרין,ביכורי השדה צפון 1994 ג.ד. בעמ,,,"י""ח",1,,false,1,5.90,5.90,true,1,
7290000001692,false,"תפו""א אדום",ביכורי השדה צפון 1994 ג.ד. בעמ,,,"ק""ג",1,,true,1,4.90,4.90,false,1,
7290000023083,false,"ארק אשקלון 40% 700מ""ל",טמפו משקאות בעמ,,,"י""ח",700,"ל  מ""ל",false,1,56.90,8.09,true,1,
7290000023434,false,ליקר וישיניאק שטוק,טמפו משקאות בעמ,,,"י""ח",750,"ל  מ""ל",false,1,50.20,6.65,true,1,
7290000024219,false,רזרב אמרלד ריזלינג 750ברקן,טמפו משקאות בעמ,,,"י""ח",750,"ל  מ""ל",false,1,44.90,5.95,true,1,
7290000024523,false,תירוש של סגל 1ל.,טמפו משקאות בעמ,,,"י""ח",7.50,"י""ח",false,1,15.90,2.08,true,1,
7290000024561,false,יין   אסמבלאז`איתן 2012,טמפו משקאות בעמ,,,"י""ח",750,"ל  מ""ל",false,1,59.90,7.95,true,1,
7290000034256,false,ביסקוויט הדר תירוש חצי מצופה  175ג,ח.כהן סוכנות מזון ומשקאות בע,,,"י""ח",175,ל  גרם,false,1,6.90,3.94,true,1,
7290000040042,false,יופלה תות 3%,תנובה בעמ ***,,,"י""ח",150,"ל  מ""ל",false,1,5.60,3.73,false,1,
7290000040066,false,יופלה דובדבן,תנובה בעמ ***,,,"י""ח",150,"ל  מ""ל",false,1,5.60,3.73,false,1,
7290000041407,false,גילה 125,תנובה בעמ ***,,,"י""ח",125,"ל  מ""ל",false,1,0.90,0.72,false,1,
7290000041452,false,קוט ג 9% בדץ 250 תנובה,תנובה בעמ ***,,,"י""ח",250,ל  גרם,false,1,5.90,2.36,false,1,
7290000041858,false,שמנת יוטבתה 200,"שטראוס גרופ ***בע""מ",,,"י""ח",200,"ל  מ""ל",false,1,2.40,1.20,false,1,
7290000041865,false,לבן 4.5%,"שטראוס גרופ ***בע""מ",,,"י""ח",200,"ל  מ""ל",false,1,2,1,false,1,
7290000041872,false,לבן יטבתה,"שטראוס גרופ ***בע""מ",,,"י""ח",200,"ל  מ""ל",false,1,2,1,false,1,
7290000042015,false,חלב שקית   מהדרין 3%  תנובה*,תנובה בעמ ***,,,"י""ח",1,ליטר,false,1,5.43,5.43,false,1,
7290000042411,false,חלב 1 ליטר   בקבוק% 3  יוטבתה,"שטראוס גרופ ***בע""מ",,,"י""ח",1,ליטר,false,1,6.23,6.23,false,1,
7290000042435,false,חלב  קרטון דל שומן 1  ל תנובה 1%,תנובה בעמ ***,,,"י""ח",1,ליטר,false,1,5.86,5.86,false,1,
7290000042640,false,"חלב עמיד 250 מ""ל",תנובה בעמ ***,,,"י""ח",250,"ל  מ""ל",false,1,3.10,1.24,false,1,
7290000042855,false,שוקו יטבתה 250,"שטראוס גרופ ***בע""מ",,,"י""ח",225,"ל  מ""ל",false,1,2.90,1.29,false,1,
7290000043012,false,"שוקו עמיד קרטון 250מ""ל 2%",תנובה בעמ ***,,,"י""ח",250,"ל  מ""ל",false,1,4.90,1.96,false,1,
7290000043111,false,חמאה 200גרם תנובה  רגיל*,תנובה בעמ ***,,,"י""ח",200,ל  גרם,false,1,7.88,3.94,false,1,
7290000043814,false,"שמנת עמידה  38% להקצפה 250  מ""ל*(תנובה",תנובה בעמ ***,,,"י""ח",250,"ל  מ""ל",false,1,6.47,2.59,false,1,
7290000043890,false,ריויון 1 ליטר קרטון 1.5% שומן,תנובה בעמ ***,,,"י""ח",1.0350,ליטר,false,1,11.90,11.50,false,1,
7290000044880,false,באדי תות אננס,תנובה בעמ ***,,,"י""ח",500,"ל  מ""ל",false,1,9.40,1.88,false,1,
7290000045573,false,נעמה גבינה משולשת  200ג,תנובה בעמ ***,,,"י""ח",200,ל  גרם,false,1,15.90,7.95,false,1,
7290000045917,false,גבינת  עיזים(פרומעז) גליל 200גר,תנובה בעמ ***,,,"י""ח",1,,false,1,26.90,26.90,false,1,
7290000046327,false,גלבוע  פרוס]תנובה[ 200ג,תנובה בעמ ***,,,"י""ח",200,ל  גרם,false,1,13.80,6.90,false,1,
7290000046563,false,פרמזן  חריץ תנובה שקיל,תנובה בעמ ***,,,"ק""ג",1000,ל  גרם,true,1,121.30,12.13,false,1,
7290000047546,false,כנען 500 ג,תנובה בעמ ***,,,"י""ח",500,ל  גרם,false,1,24.90,4.98,false,1,
7290000047621,false,גבינה לבנה 5% תנובה  250  גרם*,תנובה בעמ ***,,,"י""ח",250,ל  גרם,false,1,4.70,1.88,false,1,
7290000047942,false,גבינה לבנה 9% רכה 250 גרם,תנובה בעמ ***,,,"י""ח",250,ל  גרם,false,1,4.90,1.96,false,1,
7290000048185,false,גבינה%5  תנובה 250גרם*,תנובה בעמ ***,,,"י""ח",250,ל  גרם,false,1,4.98,1.99,false,1,
7290000048192,false,גבינה 9%  250 גרם,תנובה בעמ ***,,,"י""ח",250,ל  גרם,false,1,4.90,1.96,false,1,
7290000048307,false,קוטג  זיתים 250ג`,תנובה בעמ ***,,,"י""ח",250,ל  גרם,false,1,5.90,2.36,false,1,
7290000048413,false,חמד פיראוס 16% 250גר,תנובה בעמ ***,,,"י""ח",250,ל  גרם,false,1,18.90,7.56,false,1,
7290000048437,false,צפתית  פיראוס 200  ג%`5,תנובה בעמ ***,,,"י""ח",200,ל  גרם,false,1,15.40,7.70,false,1,
7290000048444,false,"פיראוס חמד 1 ק""ג 16%",תנובה בעמ ***,,,"י""ח",1,"ק""ג",false,1,52.90,52.90,false,1,
7290000056951,false,"שמנת לבישול 500 תנובה מ""ל",תנובה בעמ ***,,,"י""ח",500,"ל  מ""ל",false,1,17.50,3.50,false,1,
7290000058580,false,קוקילידה וניל,נגה גלידות,,,"י""ח",1,,false,1,9,9,true,1,
7290000060071,false,חטיפי פריכונים מאורז מלא.,קבוצת אוסם סחר-שות.מוגבלת,,,"י""ח",1,,false,1,9.10,9.10,false,1,
7290000060088,false,בייגלה מקלות מלוחים 400גרם,קבוצת אוסם סחר-שות.מוגבלת,,,"י""ח",400,ל  גרם,false,1,12.10,3.03,false,1,
7290000060200,false,פתיתים אפויים 500 גרם אסם,קבוצת אוסם סחר-שות.מוגבלת,,,"י""ח",500,ל  גרם,false,1,7.80,1.56,true,1,
7290000060217,false,מקרוני פרומנטי,קבוצת אוסם סחר-שות.מוגבלת,,,"י""ח",500,ל  גרם,false,1,6.90,1.38,true,1,
7290000060248,false,פרומנטי פתיתים,קבוצת אוסם סחר-שות.מוגבלת,,,"י""ח",500,ל  גרם,false,1,6.90,1.38,true,1,
7290000060415,false,לזניה לה 500  ג` פרפקטו אוסם,קבוצת אוסם סחר-שות.מוגבלת,,,"י""ח",500,ל  גרם,false,1,15.90,3.18,false,1,
7290000060576,false,פתיתים אפויים כוכבים 500,קבוצת אוסם סחר-שות.מוגבלת,,,"י""ח",500,"ל  מ""ל",false,1,7.80,1.56,true,1,
7290000060781,false,פרומנטי פתיתים מסולסלים אוסם,קבוצת אוסם סחר-שות.מוגבלת,,,"י""ח",500,ל  גרם,false,1,6.90,1.38,true,1,
7290000060811,false,אקסטרים מטבע ענק 120גר,נגה גלידות,,,"י""ח",120,ל  גרם,false,1,10,8.33,true,1,
7290000060828,false,פרומנטי  קרניים אוסם,קבוצת אוסם סחר-שות.מוגבלת,,,"י""ח",500,ל  גרם,false,1,6.90,1.38,true,1,
7290000060842,false,פרומנטי פת.צדפות,קבוצת אוסם סחר-שות.מוגבלת,,,"י""ח",500,ל  גרם,false,1,6.90,1.38,true,1,
7290000060859,false,פרומנטי פתיתי צדפות,קבוצת אוסם סחר-שות.מוגבלת,,,"י""ח",500,ל  גרם,false,1,6.90,1.38,true,1,
7290000060880,false,~פרומנטי ספגטי אוסם,קבוצת אוסם סחר-שות.מוגבלת,,,"י""ח",500,ל  גרם,false,1,6.90,1.38,true,1,
7290000060958,false,איטריות בינוניות אוסם,קבוצת אוסם סחר-שות.מוגבלת,,,"י""ח",400,ל  גרם,false,1,7.90,1.98,true,1,
7290000061061,false,קרם קרקר טעם בצל,קבוצת אוסם סחר-שות.מוגבלת,,,"י""ח",250,ל  גרם,false,1,11.80,4.72,true,1,
7290000061085,false,רוטב צ ילי מתוק אוסם,קבוצת אוסם סחר-שות.מוגבלת,,,"י""ח",290,"ל  מ""ל",false,1,12.90,4.45,true,1,
7290000061245,false,עוגיות שוקוציפס אוסם,קבוצת אוסם סחר-שות.מוגבלת,,,"י""ח",220,ל  גרם,false,1,10.90,4.95,true,1,
7290000061764,false,קפה  רד מאג 200גר`,קבוצת אוסם סחר-שות.מוגבלת,,,"י""ח",200,ל  גרם,false,1,22.40,11.20,false,1,
7290000062952,false,מיני קרוטונים למרק ולסלט אוסם,קבוצת אוסם סחר-שות.מוגבלת,,,"י""ח",250,ל  גרם,false,1,17.20,6.88,false,1,
7290000063102,false,קמח תופח 350גרם,קבוצת אוסם סחר-שות.מוגבלת,,,"י""ח",350,ל  גרם,false,1,5.70,1.63,false,1,
7290000063140,false,שקדי מרק 400  ג{אסם},קבוצת אוסם סחר-שות.מוגבלת,,,"י""ח",400,ל  גרם,false,1,12.90,3.23,true,1,
7290000063157,false,"קמח עוגה תופח 1 ק""ג",קבוצת אוסם סחר-שות.מוגבלת,,,"י""ח",1,"ק""ג",false,1,9.90,9.90,true,1,
7290000064758,false,קוסקוס 350 גרם אוסם,קבוצת אוסם סחר-שות.מוגבלת,,,"י""ח",350,ל  גרם,false,1,9.20,2.63,false,1,
7290000064871,false,מנה חמה פירה עם בצל,קבוצת אוסם סחר-שות.מוגבלת,,,"י""ח",87,ל  גרם,false,1,7.90,9.08,true,1,
7290000065090,false,מיני קרוטונים למרק וסלט אוסם,קבוצת אוסם סחר-שות.מוגבלת,,,"י""ח",400,ל  גרם,false,1,25.90,6.48,false,1,
7290000065335,false,"מנה חמה-פירה תפו""א",קבוצת אוסם סחר-שות.מוגבלת,,,"י""ח",55,ל  גרם,false,1,7.90,14.36,true,1,
7290000065557,false,מנה חמה-קוסקוס,קבוצת אוסם סחר-שות.מוגבלת,,,"י""ח",50,ל  גרם,false,1,7.90,15.80,true,1,
7290000066141,false,ביסלי  גריל}קטן{,קבוצת אוסם סחר-שות.מוגבלת,,,"י""ח",70,ל  גרם,false,1,4.50,6.43,true,1,
7290000066172,false,ביסלי בצל  פיצה(קטן{,קבוצת אוסם סחר-שות.מוגבלת,,,"י""ח",70,ל  גרם,false,1,4.50,6.43,true,1,
7290000066196,false,ביסלי  גדול גריל,קבוצת אוסם סחר-שות.מוגבלת,,,"י""ח",200,ל  גרם,false,1,8.90,4.45,true,1,
7290000066226,false,ביסלי פיצה}גדול{,קבוצת אוסם סחר-שות.מוגבלת,,,"י""ח",200,ל  גרם,false,1,8.90,4.45,true,1,
7290000066295,false,במבה תות 25 גרם,קבוצת אוסם סחר-שות.מוגבלת,,,"י""ח",30,ל  גרם,false,1,3.40,11.33,false,1,
7290000066318,false,במבה אסם{,קבוצת אוסם סחר-שות.מוגבלת,,,"י""ח",80,ל  גרם,false,1,4.90,6.13,true,1,
7290000066332,false,אפרופו 50 גרם,קבוצת אוסם סחר-שות.מוגבלת,,,"י""ח",50,ל  גרם,false,1,5.80,11.60,true,1,
7290000066431,false,פופקו חמאה ודבש,קבוצת אוסם סחר-שות.מוגבלת,,,"י""ח",80,ל  גרם,false,1,5.50,6.88,true,1,
7290000067407,false,פירורית מתובלת,קבוצת אוסם סחר-שות.מוגבלת,,,"י""ח",200,ל  גרם,false,1,7.40,3.70,false,1,
7290000067544,false,פירורית זהב 200 ג,קבוצת אוסם סחר-שות.מוגבלת,,,"י""ח",200,ל  גרם,false,1,6.90,3.45,true,1,
7290000068084,false,פתי בר 1.750 אסם,קבוצת אוסם סחר-שות.מוגבלת,,,"י""ח",1.75,"ק""ג",false,1,26.80,15.31,false,1,
7290000068138,false,פודינג  וניל 80 ג אסם,קבוצת אוסם סחר-שות.מוגבלת,,,"י""ח",80,ל  גרם,false,1,5.90,7.38,true,1,
7290000068190,false,ג לי בטעם  תות אסם,קבוצת אוסם סחר-שות.מוגבלת,,,"י""ח",85,ל  גרם,false,1,7.20,8.47,false,1,
7290000068206,false,ג לי בטעם מישמש,קבוצת אוסם סחר-שות.מוגבלת,,,"י""ח",85,ל  גרם,false,1,7.90,9.29,false,1,
7290000068237,false,ג לי  בטעם פטל,קבוצת אוסם סחר-שות.מוגבלת,,,"י""ח",85,ל  גרם,false,1,7.40,8.71,false,1,
7290000068251,false,ג לי  בטעם אננס,קבוצת אוסם סחר-שות.מוגבלת,,,"י""ח",85,ל  גרם,false,1,7.20,8.47,false,1,
7290000068343,false,פריכונים מאורז מלא,קבוצת אוסם סחר-שות.מוגבלת,,,"י""ח",140,ל  גרם,false,1,8.70,6.21,false,1,
7290000069364,false,~פריכונים מאורז מלא 140 ג`,קבוצת אוסם סחר-שות.מוגבלת,,,"י""ח",140,ל  גרם,false,1,9.70,6.93,false,1,
7290000070308,false,מרק עוף 400 ג  אמיתי אסם,קבוצת אוסם סחר-שות.מוגבלת,,,"י""ח",400,ל  גרם,false,1,17.90,4.48,false,1,
7290000070322,false,מרק פטריות 400 גרם,קבוצת אוסם סחר-שות.מוגבלת,,,"י""ח",400,ל  גרם,false,1,26.40,6.60,false,1,
7290000070353,false,מרק בצל 400 גרם,קבוצת אוסם סחר-שות.מוגבלת,,,"י""ח",400,ל  גרם,false,1,26.40,6.60,false,1,
7290000072241,false,רוטב פיצה בקבוק,קבוצת אוסם סחר-שות.מוגבלת,,,"י""ח",290,"ל  מ""ל",false,1,12.90,4.45,true,1,
7290000072623,false,קטשופ אסם 750 גרם,קבוצת אוסם סחר-שות.מוגבלת,,,"י""ח",750,ל  גרם,false,1,11.90,1.59,true,1,
7290000072630,false,קטשופ חריף אסם,קבוצת אוסם סחר-שות.מוגבלת,,,"י""ח",750,ל  גרם,false,1,12.90,1.72,false,1,
7290000072753,false,~קפה נמס טסטר צוייס 200 ג`,קבוצת אוסם סחר-שות.מוגבלת,,,"י""ח",200,ל  גרם,false,1,31.90,15.95,false,1,
7290000072777,false,קפה נמס טסטר צוייס ללא קפאין,קבוצת אוסם סחר-שות.מוגבלת,,,"י""ח",200,ל  גרם,false,1,36.90,18.45,false,1,
7290000072968,false,סיני מיניס 500גרם,קבוצת אוסם סחר-שות.מוגבלת,,,"י""ח",375,ל  גרם,false,1,27.30,7.28,true,1,
7290000073415,false,מנה חמה פסטה ברוטב פיצה,קבוצת אוסם סחר-שות.מוגבלת,,,"י""ח",61,ל  גרם,false,1,7.90,12.95,true,1,
7290000073750,false,מנה חמה נודלס בטעם עוף,קבוצת אוסם סחר-שות.מוגבלת,,,"י""ח",76,ל  גרם,false,1,7.90,10.39,true,1,
7290000073767,false,מנה חמה נודלס בקר,קבוצת אוסם סחר-שות.מוגבלת,,,"י""ח",76,ל  גרם,false,1,7.90,10.39,true,1,
7290000073774,false,מנה חמה אטריות ורוטב צ יל,קבוצת אוסם סחר-שות.מוגבלת,,,"י""ח",76,ל  גרם,false,1,7.90,10.39,true,1,
7290000074153,false,פתיבר שוקו 500 אוסם,קבוצת אוסם סחר-שות.מוגבלת,,,"י""ח",500,ל  גרם,false,1,13.90,2.78,true,1,
7290000074184,false,פתי בר אוסם 500 ג`,קבוצת אוסם סחר-שות.מוגבלת,,,"י""ח",500,ל  גרם,false,1,12.90,2.58,true,1,
7290000074245,false,קרקר 250 ג  מלוח,קבוצת אוסם סחר-שות.מוגבלת,,,"י""ח",250,ל  גרם,false,1,10.90,4.36,true,1,
7290000074252,false,קרקר שומשום 250,קבוצת אוסם סחר-שות.מוגבלת,,,"י""ח",250,ל  גרם,false,1,10.90,4.36,true,1,
7290000074276,false,קרקר טבעון250 גר פיקנ,קבוצת אוסם סחר-שות.מוגבלת,,,"י""ח",250,ל  גרם,false,1,11.70,4.68,true,1,
7290000074696,false,".קרם קרקר 1 ק""ג",קבוצת אוסם סחר-שות.מוגבלת,,,"י""ח",1,"ק""ג",false,1,27.90,27.90,true,1,
7290000074764,false,קרקר זהב 900 גרם,קבוצת אוסם סחר-שות.מוגבלת,,,"י""ח",900,ל  גרם,false,1,30.40,3.38,true,1,
7290000075204,false,לחמית 250 גרם,קבוצת אוסם סחר-שות.מוגבלת,,,"י""ח",250,ל  גרם,false,1,9.90,3.96,true,1,
7290000076133,false,בייגלה  שמיניה]אסם[400גרם,קבוצת אוסם סחר-שות.מוגבלת,,,"י""ח",400,ל  גרם,false,1,12.50,3.13,false,1,
7290000077017,false,#קרמעוגית במילוי שוקולד,קבוצת אוסם סחר-שות.מוגבלת,,,"י""ח",200,ל  גרם,false,1,11.90,5.95,true,1,
7290000078212,false,קרוטונים מתובלים אוסם,קבוצת אוסם סחר-שות.מוגבלת,,,"י""ח",250,ל  גרם,false,1,16.30,6.52,false,1,
7290000078762,false,חטיפי פריכונים מאורז מלא דבש,קבוצת אוסם סחר-שות.מוגבלת,,,"י""ח",100,ל  גרם,false,1,8.70,8.70,false,1,
7290000079233,false,קרם קרקר דל נתרן,קבוצת אוסם סחר-שות.מוגבלת,,,"י""ח",250,ל  גרם,false,1,11.80,4.72,true,1,
7290000080765,false,טוסטעים פת שומשו,קבוצת אוסם סחר-שות.מוגבלת,,,"י""ח",100,ל  גרם,false,1,12.70,12.70,false,1,
7290000081663,false,בייגלה טבעות עם שומשום 300גר,קבוצת אוסם סחר-שות.מוגבלת,,,"י""ח",300,ל  גרם,false,1,11.70,3.90,false,1,
7290000100135,false,דובדבן קפוא 300ג  סנפרוסט,תנובה בשר,,,"י""ח",500,ל  גרם,false,1,17.90,3.58,true,1,
7290000101927,false,אוכמניות כחולות  מוקפאות 300ג,תנובה בשר,,,"י""ח",300,ל  גרם,false,1,17.90,5.97,true,1,
7290000101934,false,מיקס פירות יער מוקפא  300ג,תנובה בשר,,,"י""ח",300,ל  גרם,false,1,16.90,5.63,true,1,
7290000101941,false,אננס מוקפא 300ג,תנובה בשר,,,"י""ח",300,ל  גרם,false,1,17.90,5.97,true,1,
7290000101958,false,מנגו מוקפא 300ג,תנובה בשר,,,"י""ח",300,ל  גרם,false,1,19.90,6.63,true,1,
7290000104201,false,אפונה   עדינה(סנפרוסט )600ג`,תנובה בשר,,,"י""ח",600,ל  גרם,false,1,20.70,3.45,true,1,
7290000104218,false,במיה 600  ג}סנפרוסט{,תנובה בשר,,,"י""ח",800,ל  גרם,false,1,18.30,2.29,true,1,
7290000104225,false,בצל קצוץ,תנובה בשר,,,"י""ח",800,ל  גרם,false,1,17,2.13,true,1,
7290000104676,false,#אפונה גינה סנפרוסט 800ג`.,תנובה בשר,,,"י""ח",800,ל  גרם,false,1,17.90,2.24,true,1,
7290000104683,false,שעועית שלמה 800 גרם סנפרוסט,תנובה בשר,,,"י""ח",800,ל  גרם,false,1,19.90,2.49,true,1,
7290000104690,false,תירס סנפרוסט 800 ג`,תנובה בשר,,,"י""ח",800,ל  גרם,false,1,19.30,2.41,true,1,
7290000104720,false,~שעועית חתוכה ירוקה 800 ג`,תנובה בשר,,,"י""ח",800,ל  גרם,false,1,19.90,2.49,true,1,
7290000104744,false,כרובית 800 גרם}סנפרוסט{,תנובה בשר,,,"י""ח",800,ל  גרם,false,1,26.40,3.30,true,1,
7290000104751,false,כרוב ניצנים 800 גרם,תנובה בשר,,,"י""ח",800,ל  גרם,false,1,26.40,3.30,true,1,
7290000104768,false,תרד עלים 800 גרם,תנובה בשר,,,"י""ח",800,ל  גרם,false,1,28.40,3.55,true,1,
7290000104775,false,תרד מדליון 800 גרם,תנובה בשר,,,"י""ח",800,ל  גרם,false,1,28.40,3.55,true,1,
7290000104799,false,שעועית   לבנה}סנפרוסט 800 גרם,תנובה בשר,,,"י""ח",1,"ק""ג",false,1,21.90,21.90,true,1,
7290000104805,false,גרגירי   חומוס(סנפרוסט{800גר,תנובה בשר,,,"י""ח",800,ל  גרם,false,1,21.90,2.74,true,1,
7290000104829,false,"קלחונים תירס 1 ק""ג",תנובה בשר,,,"י""ח",1,"ק""ג",false,1,22.40,22.40,true,1,
7290000104836,false,שעועית עדינה שלמה 600 ג סנפרוסט,תנובה בשר,,,"י""ח",600,ל  גרם,false,1,23.90,3.98,true,1,
7290000104874,false,לקט לקוסקוס}סנפרוסט{,תנובה בשר,,,"י""ח",800,ל  גרם,false,1,24.60,3.08,true,1,
7290000104881,false,אפונה  וגזר}סנפרוסט {800ג`,תנובה בשר,,,"י""ח",800,ל  גרם,false,1,19.40,2.43,true,1,
7290000104904,false,לקט ירקות מעו}סנפרוסט{,תנובה בשר,,,"י""ח",800,ל  גרם,false,1,24.60,3.08,true,1,
7290000104911,false,לקט נורמנדי 800 גסנפרוסט,תנובה בשר,,,"י""ח",800,ל  גרם,false,1,24.30,3.04,true,1,
7290000107165,false,מנצ ו חטיף סויה 400 ג` סנפרוסט,תנובה בשר,,,"י""ח",400,ל  גרם,false,1,15.40,3.85,true,1,
7290000107189,false,ארטישוק   תחתיות}סנפרוסט{400גר,תנובה בשר,,,"י""ח",400,ל  גרם,false,1,24.40,6.10,true,1,
7290000107295,false,ברוקולי (800 סנפרוסט),תנובה בשר,,,"י""ח",800,ל  גרם,false,1,27.60,3.45,true,1,
7290000107615,false,לקט מנה אסייטית צבעונית 800גר סנפרוסט,תנובה בשר,,,"י""ח",800,ל  גרם,false,1,24.40,3.05,true,1,
7290000110844,false,"כיפלי גריל בד""ץ 70 גרם",יוניליוור ישראל שיווק בעמ,,,"י""ח",70,ל  גרם,false,1,5.90,8.43,true,1,
7290000111063,false,מיונז תלמה 250גרם,יוניליוור ישראל שיווק בעמ,,,"י""ח",250,ל  גרם,false,1,6.80,2.72,false,1,
7290000111117,false,בדין לבן 4 ליטר,יוניליוור ישראל שיווק בעמ,,,"י""ח",4,ליטר,false,1,20.90,5.23,false,1,
7290000111186,false,מיונז 500 תלמה,יוניליוור ישראל שיווק בעמ,,,"י""ח",500,ל  גרם,false,1,9.90,1.98,false,1,
7290000111353,false,"מיונז 1 ק""ג תלמה",יוניליוור ישראל שיווק בעמ,,,"י""ח",1,"ק""ג",false,1,17.70,17.70,false,1,
7290000111360,false,חרדל 250 גרם תלמה,יוניליוור ישראל שיווק בעמ,,,"י""ח",250,ל  גרם,false,1,5.90,2.36,false,1,
7290000111384,false,חרדל 550 צנצנת תלמה,יוניליוור ישראל שיווק בעמ,,,"י""ח",550,ל  גרם,false,1,8.40,1.53,false,1,
7290000112220,false,טחינה גולמית בארכה 500גרם,קבוצת אוסם סחר-שות.מוגבלת,,,"י""ח",500,ל  גרם,false,1,15.40,3.08,false,1,
7290000112497,false,קנור עשיר עוף 68גרם,יוניליוור ישראל שיווק בעמ,,,"י""ח",68,ל  גרם,false,1,9.90,14.56,true,1,
7290000112503,false,קנור ירקות עשיר61גרם,יוניליוור ישראל שיווק בעמ,,,"י""ח",61,ל  גרם,false,1,9.90,16.23,true,1,
7290000112619,false,מרק עוף   אמיתי{קנור}400גר.,יוניליוור ישראל שיווק בעמ,,,"י""ח",400,ל  גרם,false,1,19.90,4.98,true,1,
7290000116921,false,רוטב צ ילי מתוק 340גרם קנור,יוניליוור ישראל שיווק בעמ,,,"י""ח",340,"ל  מ""ל",false,1,11.90,3.50,true,1,
7290000117171,false,טעם עוף  דלקל 48גרם,יוניליוור ישראל שיווק בעמ,,,"י""ח",48,ל  גרם,false,1,6.70,13.96,false,1,
7290000117720,false,פטריות נמס 43 גרם,יוניליוור ישראל שיווק בעמ,,,"י""ח",43,ל  גרם,false,1,6.90,16.05,true,1,
7290000118277,false,קניידלך 65גרם*2יח,יוניליוור ישראל שיווק בעמ,,,"י""ח",130,ל  גרם,false,1,9.90,7.62,false,1,
7290000120836,false,מיונז הלמנס 394גרם,יוניליוור ישראל שיווק בעמ,,,"י""ח",394,ל  גרם,false,1,13.90,3.53,false,1,
7290000121031,false,גבינה החתול 120 גרם,נטו מלינדה סחר בעמ,,,"י""ח",120,ל  גרם,false,1,11.90,9.92,false,1,
7290000121093,false,גבינה מון בלאן,נטו מלינדה סחר בעמ,,,"י""ח",120,ל  גרם,false,1,12.90,10.75,false,1,
7290000121109,false,גבינה מון בלאן,נטו מלינדה סחר בעמ,,,"י""ח",120,ל  גרם,false,1,12.90,10.75,false,1,
7290000121154,false,ג מבון בלאן סלמו,נטו מלינדה סחר בעמ,,,"י""ח",120,ל  גרם,false,1,12.90,10.75,false,1,
7290000121239,false,מיוקל 5% תלמה} {500,יוניליוור ישראל שיווק בעמ,,,"י""ח",500,ל  גרם,false,1,12.90,2.58,false,1,
7290000129457,false,"רוטב פטריות 28 גרם בד""ץ",יוניליוור ישראל שיווק בעמ,,,"י""ח",28,ל  גרם,false,1,4.40,15.71,false,1,
7290000129785,false,בדין 4 ליטר ירוק,יוניליוור ישראל שיווק בעמ,,,"י""ח",4,ליטר,false,1,20.90,5.23,false,1,
7290000134123,false,פלפל שחור בצנצנות 40 גרם,תבליני טעם וריח בעמ,,,"י""ח",1,,false,1,9.90,9.90,false,1,
7290000134147,false,מוסקטו טחון 40ג,תבליני טעם וריח בעמ,,,"י""ח",1,,false,1,15.90,15.90,false,1,
7290000134307,false,קינמון 50גר,תבליני טעם וריח בעמ,,,"י""ח",1,,false,1,5.90,5.90,false,1,
7290000134314,false,תיבול לפיצה 120 גרם,תבליני טעם וריח בעמ,,,"י""ח",1,,false,1,9.90,9.90,true,1,
7290000134338,false,אבקת שום 90 גרם,תבליני טעם וריח בעמ,,,"י""ח",90,ל  גרם,false,1,9.90,11,true,1,
7290000134352,false,קינמון טחון 80 גרם,תבליני טעם וריח בעמ,,,"י""ח",1,,false,1,9.90,9.90,true,1,
7290000134376,false,פפריקה מתוקה בשמן,תבליני טעם וריח בעמ,,,"י""ח",1,,false,1,9.90,9.90,true,1,
7290000134550,false,עלי דפנה 20ג,תבליני טעם וריח בעמ,,,"י""ח",1,,false,1,5.90,5.90,false,1,
7290000134826,false,זעתר מיכל טעם וריח 100 גרם,תבליני טעם וריח בעמ,,,"י""ח",1,,false,1,9.90,9.90,true,1,
7290000134833,false,כמון 100 גרם,תבליני טעם וריח בעמ,,,"י""ח",1,,false,1,9.90,9.90,true,1,
7290000134840,false,כורכום 100  גרם(במיכל),תבליני טעם וריח בעמ,,,"י""ח",1,,false,1,9.90,9.90,true,1,
7290000134857,false,פפריקה מתוקה 100  גרם(במיכל),תבליני טעם וריח בעמ,,,"י""ח",1,,false,1,9.90,9.90,true,1,
7290000134864,false,פפריקה חריפה 100ג,תבליני טעם וריח בעמ,,,"י""ח",1,,false,1,9.90,9.90,true,1,
7290000134871,false,פלפל שחור 100ג (במיכל),תבליני טעם וריח בעמ,,,"י""ח",100,ל  גרם,false,1,14.90,14.90,true,1,
7290000134970,false,חאוויג `100גרם,תבליני טעם וריח בעמ,,,"י""ח",1,,false,1,9.90,9.90,true,1,
7290000134987,false,פלפל שחור גרוס 90ג,תבליני טעם וריח בעמ,,,"י""ח",90,ל  גרם,false,1,14.90,16.56,true,1,
7290000135045,false,"משקה אנרגיה XL TEN תפוח 250מ""ל",טמפו משקאות בעמ,,,"י""ח",250,"ל  מ""ל",false,1,4.30,1.60,true,1,
7290000135052,false,"משקה אנרגיה XL TEN מנגו 250מ""ל",טמפו משקאות בעמ,,,"י""ח",250,"ל  מ""ל",false,1,4.30,1.60,true,1,
7290000135625,false,"גולדסטאר 500מ""ל פחית רביעייה",טמפו משקאות בעמ,,,"י""ח",2,ליטר,false,1,29.90,14.35,false,1,
7290000135632,false,"גולדסטאר 500מ""ל פחית רביעייה לא מסונן",טמפו משקאות בעמ,,,"י""ח",2,ליטר,false,1,32.90,15.85,false,1,
7290000136585,false,ג אמפ אשכוליות 1.5 ליטר,טמפו משקאות בעמ,,,"י""ח",1.50,ליטר,false,1,7.50,4.80,true,1,
7290000136653,false,נשר מאלט דיאט 1.5 ליטר,טמפו משקאות בעמ,,,"י""ח",1.50,ליטר,false,1,9,5.80,true,1,
7290000136844,false,אקווה נובה 2 ליטר שישייה.,טמפו משקאות בעמ,,,"י""ח",12,ליטר,false,1,12.90,0.93,false,1,
7290000137513,false,.גלידונית 60 יח שטראוס,גלידות שטראוס בעמ,,,"י""ח",700,ל  גרם,false,1,49.90,7.13,false,1,
7290000137643,false,טעמקור משפחתי שטראוס,גלידות שטראוס בעמ,,,"י""ח",1,,false,1,34.90,34.90,false,1,
7290000143194,false,הוואי שמפו+מרכך,הנקל סוד בעמ,,,"י""ח",700,"ל  מ""ל",false,1,10.90,1.56,true,1,
7290000143217,false,שמפו הוואי לשיער יבש,הנקל סוד בעמ,,,"י""ח",700,"ל  מ""ל",false,1,10.90,1.56,true,1,
7290000143255,false,שמפו הוואי ירוק 700,הנקל סוד בעמ,,,"י""ח",700,"ל  מ""ל",false,1,10.90,1.56,true,1,
7290000143286,false,מרכך הוואי ירוק 700,הנקל סוד בעמ,,,"י""ח",700,"ל  מ""ל",false,1,10.90,1.56,true,1,
7290000144467,false,שמן בריאות חמניות 1 ליטר]ע .הזיית,סוגת תעשיות בעמ,,,"י""ח",1,ליטר,false,1,16.90,16.90,false,1,
7290000144474,false,שמן בריאות קנולה 1 ליטר ]ע.זיית[,סוגת תעשיות בעמ,,,"י""ח",1,ליטר,false,1,15.90,15.90,false,1,
7290000146645,false,סבון מוצק הוואי  רבעייה שחור 100,הנקל סוד בעמ,,,"י""ח",400,ל  גרם,false,1,13.90,3.48,true,1,
7290000146652,false,סבון מוצק הוואי רביעיה ורוד,הנקל סוד בעמ,,,"י""ח",400,ל  גרם,false,1,13.90,3.48,true,1,
7290000146683,false,סבון מוצק הוואי  רבעייה אפקט הדאו,הנקל סוד בעמ,,,"י""ח",400,ל  גרם,false,1,13.90,3.48,true,1,
7290000146997,false,טום וג רי משחת שיניים מסטיק,הנקל סוד בעמ,,,"י""ח",50,ל  גרם,false,1,7.90,15.80,true,1,
7290000148380,false,פיסטוק קלוי 200 ג,ליימן שליסל,,,"י""ח",200,ל  גרם,false,1,22.90,11.45,true,1,
7290000148489,false,גרעיני דלעת 200 גרם,ליימן שליסל,,,"י""ח",200,ל  גרם,false,1,9.90,4.95,false,1,
7290000148618,false,קשיו מטוגן 200 ג,ליימן שליסל,,,"י""ח",200,ל  גרם,false,1,20.90,10.45,true,1,
7290000148748,false,גרעיני חמניות 200 גרם,ליימן שליסל,,,"י""ח",200,ל  גרם,false,1,6.40,3.20,true,1,
7290000148939,false,שקד קלוי 200 גרם,ליימן שליסל,,,"י""ח",200,ל  גרם,false,1,19.90,9.95,true,1,
7290000149615,false,סבון רביעיה לבן נקה 7,החב הדרומית לשיווק,,,"י""ח",400,ל  גרם,false,1,10.90,2.73,false,1,
7290000149844,false,סינטבון חתול,החב הדרומית לשיווק,,,"י""ח",230,ל  גרם,false,1,6.90,3,false,1,
7290000149943,false,"טקסטיל שמפו 1 ק""ג",החב הדרומית לשיווק,,,"י""ח",1,"ק""ג",false,1,12.90,12.90,false,1,
7290000161358,false,מיונז אמיתי שמן קנולה 500גרם,יוניליוור ישראל שיווק בעמ,,,"י""ח",500,ל  גרם,false,1,13.80,2.76,false,1,
7290000176062,false,#קפה טורקי 100 גרם עלית.,"שטראוס גרופ בע""מ",,,"י""ח",100,ל  גרם,false,1,9.50,9.50,false,1,
7290000176079,false,קפה טורקי 100 הל,"שטראוס גרופ בע""מ",,,"י""ח",100,ל  גרם,false,1,9.90,9.90,false,1,
7290000176147,false,קפה מוקה 500 פילטר,"שטראוס גרופ בע""מ",,,"י""ח",500,ל  גרם,false,1,57.40,11.48,false,1,
7290000176413,false,קפה נמס 50 ג,"שטראוס גרופ בע""מ",,,"י""ח",50,ל  גרם,false,1,10.90,21.80,false,1,
7290000176468,false,האג נטול 50,"שטראוס גרופ בע""מ",,,"י""ח",50,ל  גרם,false,1,12.50,25,false,1,
7290000176475,false,קפה נמס האג,"שטראוס גרופ בע""מ",,,"י""ח",200,ל  גרם,false,1,38.90,19.45,false,1,
7290000178707,false,תפוצ יפס 50 גרם,"שטראוס פריטו ליי בע""מ",,,"י""ח",50,ל  גרם,false,1,4.50,9,false,1,
7290000178721,false,תפוצי פס 200 ג,"שטראוס פריטו ליי בע""מ",,,"י""ח",200,ל  גרם,false,1,11.50,5.75,true,1,
7290000186030,false,מגבוני האגיס רביעייה עם תחליב,קימברלי קלארק ישראל שיווק בעמ,,,"י""ח",4,"י""ח",false,1,27.90,6.98,true,1,
7290000187952,false,נייר טואלט לילי טריו 32 צבע וורוד,קימברלי קלארק ישראל שיווק בעמ,,,"י""ח",537,מטר,false,1,44.90,0.08,false,1,
7290000189550,false,זוג שקיות אשפה גדול ניקול,קימברלי קלארק ישראל שיווק בעמ,,,"י""ח",1,"י""ח",false,1,23.90,23.90,true,1,
7290000190068,false,מפיות ניקול 100 יח לבן,קימברלי קלארק ישראל שיווק בעמ,,,"י""ח",100,"י""ח",false,1,7.90,0.08,false,1,
7290000190150,false,מפיות מודפסות 20 יח,קימברלי קלארק ישראל שיווק בעמ,,,"י""ח",20,"י""ח",false,1,8.90,0.45,false,1,
7290000191539,false,לילי צבעוני חמישיה,קימברלי קלארק ישראל שיווק בעמ,,,"י""ח",593,ל  גרם,false,1,17.90,3.02,false,1,
7290000191652,false,קלינקס ניילון שלישיות,קימברלי קלארק ישראל שיווק בעמ,,,"י""ח",1,,false,1,13.90,13.90,false,1,
7290000193083,false,נובה לי,קימברלי קלארק ישראל שיווק בעמ,,,"י""ח",1,"י""ח",false,1,10.90,10.90,false,1,
7290000193205,false,לילי נטורל לילה,קימברלי קלארק ישראל שיווק בעמ,,,"י""ח",1,"י""ח",false,1,16.90,16.90,false,1,
7290000193540,false,לילי אינטימייט לונג,קימברלי קלארק ישראל שיווק בעמ,,,"י""ח",1,"י""ח",false,1,16.90,16.90,false,1,
7290000193649,false,תח  לילי אינטימט,קימברלי קלארק ישראל שיווק בעמ,,,"י""ח",1,"י""ח",false,1,16.90,16.90,false,1,
7290000195537,false,מגבוני האגיס קמומיל 4 יח,קימברלי קלארק ישראל שיווק בעמ,,,"י""ח",4,"י""ח",false,1,19.90,4.98,true,1,
7290000195773,false,האגיס נטורל אלוורה+קמומיל,קימברלי קלארק ישראל שיווק בעמ,,,"י""ח",1,,false,1,19.90,19.90,true,1,
7290000196039,false,מפות איריס,קימברלי קלארק ישראל שיווק בעמ,,,"י""ח",250,ל  גרם,false,1,9.90,3.96,false,1,
7290000197081,false,ניילון נצמד ניילונית  150מ  חסכוני ניק,קימברלי קלארק ישראל שיווק בעמ,,,"י""ח",150,מטר,false,1,32.90,0.22,false,1,
7290000197326,false,רדיד אלומיניום ניקול זוגות 7.5*2קצר,קימברלי קלארק ישראל שיווק בעמ,,,"י""ח",200,ל  גרם,false,1,10.90,5.45,false,1,
7290000197340,false,רדיד אלומיניום  זוג  ניקול,קימברלי קלארק ישראל שיווק בעמ,,,"י""ח",1,"י""ח",false,1,21.90,21.90,false,1,
7290000197432,false,סנדויצ ון זוג חוגלה,קימברלי קלארק ישראל שיווק בעמ,,,"י""ח",2,"י""ח",false,1,12.90,6.45,false,1,
7290000197470,false,מקפיאון שקיות 100*3,קימברלי קלארק ישראל שיווק בעמ,,,"י""ח",200,"י""ח",false,1,17.90,0.09,false,1,
7290000197654,false,ניקול אשפתון פחים ענקיים 45יח,קימברלי קלארק ישראל שיווק בעמ,,,"י""ח",45,"י""ח",false,1,22.90,0.51,true,1,
7290000197753,false,ניילון נצמד נילונית 30  מ`זוג,קימברלי קלארק ישראל שיווק בעמ,,,"י""ח",1,"י""ח",false,1,11.90,11.90,false,1,
7290000197876,false,מגשית 26,קימברלי קלארק ישראל שיווק בעמ,,,"י""ח",26,"י""ח",false,1,10.90,0.42,false,1,
7290000197883,false,מגשית 100,קימברלי קלארק ישראל שיווק בעמ,,,"י""ח",1,"י""ח",false,1,11.90,11.90,false,1,
7290000199313,false,תחבושות קוטקס יאנג,קימברלי קלארק ישראל שיווק בעמ,,,"י""ח",1,"י""ח",false,1,19.90,19.90,true,1,
7290000204215,false,כרית יפנית שישייה ניקול,קימברלי קלארק ישראל שיווק בעמ,,,"י""ח",600,ל  גרם,false,1,10.90,1.82,false,1,
7290000204239,false,מטליות ריצפה ניקול רביעיה,קימברלי קלארק ישראל שיווק בעמ,,,"י""ח",4,"י""ח",false,1,11.90,2.98,false,1,
7290000204253,false,מטליות רב שימושי תשעייה,קימברלי קלארק ישראל שיווק בעמ,,,"י""ח",9,"י""ח",false,1,10.90,1.21,false,1,
7290000204611,false,ניקול ספוגית הקסם שישיה,קימברלי קלארק ישראל שיווק בעמ,,,"י""ח",6,"י""ח",false,1,10.90,1.82,false,1,
7290000207063,false,רוטב פריכוז }240 יכין{.,זנלכל בעמ,,,"י""ח",240,ל  גרם,false,1,4.90,2.04,false,1,
7290000207162,false,רוטב עגבניות 100 גר]יכין[.,זנלכל בעמ,,,"י""ח",100,ל  גרם,false,1,2.90,2.90,true,1,
7290000208022,false,"עגבניות מרוסקות 800 בד""צ",זנלכל בעמ,,,"י""ח",800,ל  גרם,false,1,11.90,1.49,false,1,
7290000208077,false,אפונת   גינה{גדול}יכין,זנלכל בעמ,,,"י""ח",550,ל  גרם,false,1,8.90,1.62,true,1,
7290000208091,false,אפונה קטנה יכין A2,זנלכל בעמ,,,"י""ח",600,ל  גרם,false,1,9.90,1.65,false,1,
7290000208114,false,אפונת גינה וגזר יכין,זנלכל בעמ,,,"י""ח",550,ל  גרם,false,1,8.90,1.62,true,1,
7290000208138,false,סירופ דיאט ענבים 1 ליטר,זנלכל בעמ,,,"י""ח",1,ליטר,false,1,21.90,21.90,false,1,
7290000208145,false,תירס  לייט}יכין{A2,זנלכל בעמ,,,"י""ח",550,ל  גרם,false,1,11.90,2.16,false,1,
7290000208213,false,שעועית אפויה A2,זנלכל בעמ,,,"י""ח",580,ל  גרם,false,1,8.90,1.53,true,1,
7290000208220,false,צ ילי חריף A2,זנלכל בעמ,,,"י""ח",550,ל  גרם,false,1,10.90,1.98,false,1,
7290000208244,false,רוטב שקשוקה יכין,זנלכל בעמ,,,"י""ח",570,ל  גרם,false,1,9.90,1.74,true,1,
7290000208251,false,שעועית ירוקה,זנלכל בעמ,,,"י""ח",550,ל  גרם,false,1,11.90,2.16,false,1,
7290000208268,false,שעועית צהובה A2,זנלכל בעמ,,,"י""ח",550,ל  גרם,false,1,11.90,2.16,false,1,
7290000208312,false,תירס ואקום יכין,זנלכל בעמ,,,"י""ח",325,ל  גרם,false,1,7.90,2.43,true,1,
7290000208329,false,תירס A2 יכין,זנלכל בעמ,,,"י""ח",550,ל  גרם,false,1,8.90,1.62,true,1,
7290000208336,false,רוטב עגבניות 240 גרם יכין,זנלכל בעמ,,,"י""ח",240,ל  גרם,false,1,4.90,2.04,true,1,
7290000208343,false,עגב.מרוסקות עם שום 900גר.,זנלכל בעמ,,,"י""ח",900,ל  גרם,false,1,9.90,1.10,false,1,
7290000208350,false,עגבניות מרוסקות עם בצל 800,זנלכל בעמ,,,"י""ח",900,ל  גרם,false,1,9.90,1.10,false,1,
7290000208367,false,עגבניות מרוסקות בזיליקום 800,זנלכל בעמ,,,"י""ח",800,ל  גרם,false,1,9.90,1.24,false,1,
7290000208404,false,פול מצרי,זנלכל בעמ,,,"י""ח",600,ל  גרם,false,1,9.90,1.65,false,1,
7290000208428,false,~חומוס גרעינים A2 יכין,זנלכל בעמ,,,"י""ח",550,ל  גרם,false,1,8.90,1.62,true,1,
7290000208459,false,ירקות מעורבים תפזורת,זנלכל בעמ,,,"י""ח",600,ל  גרם,false,1,11.90,1.98,false,1,
7290000208480,false,תירס חמאה,זנלכל בעמ,,,"י""ח",500,ל  גרם,false,1,9.90,1.98,false,1,
7290000208534,false,תירס קיד יכין,זנלכל בעמ,,,"י""ח",550,ל  גרם,false,1,9.90,1.80,false,1,
7290000208855,false,רוטב פסטה 240 גרם יכין,זנלכל בעמ,,,"י""ח",240,ל  גרם,false,1,6.50,2.71,false,1,
7290000208930,false,עגבניות בתוספת שום 240 גרם יכין,זנלכל בעמ,,,"י""ח",240,ל  גרם,false,1,5.50,2.29,false,1,
7290000208947,false,עגבניות מרוסקות 240 DRO HFHI,זנלכל בעמ,,,"י""ח",240,ל  גרם,false,1,6.50,2.71,false,1,
7290000208978,false,רוטב עג  פריכוז יכין 100 ג`.,זנלכל בעמ,,,"י""ח",100,ל  גרם,false,1,2.90,2.90,false,1,
7290000209517,false,סירופ דיאט לימון 1 ליטר,זנלכל בעמ,,,"י""ח",1,ליטר,false,1,21.90,21.90,false,1,
7290000209524,false,סירופ דיאט פטל 1 ליטר,זנלכל בעמ,,,"י""ח",1,ליטר,false,1,21.90,21.90,false,1,
7290000209531,false,סירופ דיאט אשכוליות 1 ל,זנלכל בעמ,,,"י""ח",1,ליטר,false,1,21.90,21.90,false,1,
7290000209555,false,סירופ דיאט תפוח עץ 1 ליטר,זנלכל בעמ,,,"י""ח",1,ליטר,false,1,21.90,21.90,false,1,
7290000209579,false,סירופ דיאט אננס 1 ליטר,זנלכל בעמ,,,"י""ח",1,ליטר,false,1,21.90,21.90,false,1,
7290000209708,false,עגבניות בתוספת בזיליקום 240ג,זנלכל בעמ,,,"י""ח",240,ל  גרם,false,1,6.50,2.71,false,1,
7290000209715,false,רוטב עגבניות יכין}{22,זנלכל בעמ,,,"י""ח",600,ל  גרם,false,1,5.90,0.98,false,1,
7290000209722,false,רוטב עגבניות  פריכוז יכין A2,זנלכל בעמ,,,"י""ח",580,ל  גרם,false,1,12.90,2.22,true,1,
7290000209906,false,עגב  מרוסקות 240גר  בצל,זנלכל בעמ,,,"י""ח",240,ל  גרם,false,1,5.50,2.29,false,1,
7290000209913,false,עגב  קוביות 240גר,זנלכל בעמ,,,"י""ח",240,ל  גרם,false,1,5.50,2.29,false,1,
7290000209944,false,בסיס עגבניות לשקשוקה 240 גרם יכין,זנלכל בעמ,,,"י""ח",240,ל  גרם,false,1,6.50,2.71,false,1,
7290000209951,false,רוטב פיצה 240גר,זנלכל בעמ,,,"י""ח",240,"ל  מ""ל",false,1,6.50,2.71,false,1,
7290000209968,false,רוטב לזניה 240גר,זנלכל בעמ,,,"י""ח",240,ל  גרם,false,1,6.50,2.71,false,1,
7290000211169,false,"אורז בסגנון תאילנדי סוגת 1 ק""ג",סוגת תעשיות בעמ,,,"י""ח",1,"ק""ג",false,1,7.90,7.90,false,1,
7290000211312,false,אורז מלא בסגנון פרסי,סוגת תעשיות בעמ,,,"י""ח",1,"ק""ג",false,1,7.90,7.90,false,1,
7290000211442,false,"~אורז בסגנון פרסי 1 ק""ג]סוגת[",סוגת תעשיות בעמ,,,"י""ח",1,"ק""ג",false,1,10.90,10.90,false,1,
7290000211503,false,סוכר  לבן}סוגת{.,סוגת תעשיות בעמ,,,"י""ח",1,"ק""ג",false,1,4.40,4.40,false,1,
7290000211626,false,"חיש אורז 1 ק""ג",סוגת תעשיות בעמ,,,"י""ח",1,"ק""ג",false,1,7.90,7.90,false,1,
7290000211985,false,אורז בסגנון פרסי עגול]סוגת[,סוגת תעשיות בעמ,,,"י""ח",1,"ק""ג",false,1,9.90,9.90,false,1,
7290000226552,false,"עוגת טורט ריבת חלב עם קוקוס 1ק""ג",קפולסקי אדל בעמ,,,"י""ח",1,"ק""ג",false,1,69.90,69.90,false,1,
7290000238029,false,בצק עלים  צרפתי מעדנות 1 קג מרודד,תנובה בשר,,,"י""ח",1,"ק""ג",false,1,21.90,21.90,false,1,
7290000238036,false,מלאווח 700  גרם}מעדנות{,תנובה בשר,,,"י""ח",700,ל  גרם,false,1,17.90,2.56,true,1,
7290000238173,false,בורקס גבינה מעדנות 800 ג`,תנובה בשר,,,"י""ח",800,ל  גרם,false,1,21.90,2.74,true,1,
7290000238180,false,"בורקס מעדנות תפו""א",תנובה בשר,,,"י""ח",800,ל  גרם,false,1,19.90,2.49,true,1,
7290000240541,false,ריבועי בצק עלים,תנובה בשר,,,"י""ח",800,ל  גרם,false,1,24.80,3.10,false,1,
7290000244143,false,הוואי קרם לאחר הגילוח,הנקל סוד בעמ,,,"י""ח",120,ל  גרם,false,1,17.90,14.92,true,1,
7290000244761,false,"ולוטה קרם ידיים 100מ""ל",הנקל סוד בעמ,,,"י""ח",100,"ל  מ""ל",false,1,15,15,true,1,
7290000245157,false,מרכך כביסה סוד 4 ל,גורי שיווק בעמ,,,"י""ח",4,ליטר,false,1,16.90,4.23,false,1,
7290000245294,false,"פרסיל אבקת כביסה סופרא 2.5ק""ג",גורי שיווק בעמ,,,"י""ח",2.50,"ק""ג",false,1,25.90,10.36,false,1,
7290000253220,false,שוקולד  ציפס 260גר אופניימר,תה ויסוצקי (ישראל)בעמ,,,"י""ח",260,ל  גרם,false,1,12.90,4.96,false,1,
7290000253251,false,שוקו צ יפס לבן 250גר,תה ויסוצקי (ישראל)בעמ,,,"י""ח",250,ל  גרם,false,1,10.90,4.36,false,1,
7290000262130,false,נייר טואלט מולט 1/48,שונות /שרות,,,"י""ח",3090,ל  גרם,false,1,45.90,1.49,false,1,
7290000262239,false,נייר טואלט מולט 48 יח,קימברלי קלארק ישראל שיווק בעמ,,,"י""ח",2770,ל  גרם,false,1,41.90,1.51,false,1,
7290000267012,false,שקד מולבן שלם 100גר שקדיה,דין שיווק וקליה 2021 בעמ,,,"י""ח",100,ל  גרם,false,1,10.90,10.90,true,1,
7290000267043,false,שקד מולבן פרוס 100גר שקדיה,דין שיווק וקליה 2021 בעמ,,,"י""ח",100,ל  גרם,false,1,13.80,13.80,true,1,
7290000267050,false,שקד טבעי טחון 100 גרם,דין שיווק וקליה 2021 בעמ,,,"י""ח",100,ל  גרם,false,1,13.80,13.80,true,1,
7290000267548,false,אגוז מלך גרוס/מרוסק 100ג,דין שיווק וקליה 2021 בעמ,,,"י""ח",100,ל  גרם,false,1,9.90,9.90,false,1,
7290000272696,false,מיץ לימון משומר אסם,קבוצת אוסם סחר-שות.מוגבלת,,,"י""ח",1,ליטר,false,1,9.90,9.90,false,1,
7290000272726,false,חומץ טבעי1ליטר אוסם,קבוצת אוסם סחר-שות.מוגבלת,,,"י""ח",1,ליטר,false,1,7.50,7.50,false,1,
7290000286228,false,סנו סושי ספוגיות לניקוי `כלים 6 יח,החב הדרומית לשיווק,,,"י""ח",6,"י""ח",false,1,12.90,2.15,false,1,
7290000286525,false,ספוג פרינה,החב הדרומית לשיווק,,,"י""ח",1,,false,1,10.90,10.90,false,1,
7290000286549,false,מטליות רב שימוש סנו סושי 9 יחידות,החב הדרומית לשיווק,,,"י""ח",9,"י""ח",false,1,12.90,1.43,false,1,
7290000286594,false,סנו איקס מיכל,החב הדרומית לשיווק,,,"י""ח",600,ל  גרם,false,1,9.90,1.65,false,1,
7290000286761,false,פלסטיק נצמד זוג 30 מטר סנו,החב הדרומית לשיווק,,,"י""ח",1,,false,1,12.90,12.90,false,1,
7290000286921,false,סנוקל רסס כבס,החב הדרומית לשיווק,,,"י""ח",600,"ל  מ""ל",false,1,12.90,2.15,false,1,
7290000287102,false,סנו שמפו לשטיחים 540 גרם,החב הדרומית לשיווק,,,"י""ח",600,"ל  מ""ל",false,1,19.90,3.32,false,1,
7290000287195,false,סנו רהיט ארוסול,החב הדרומית לשיווק,,,"י""ח",305,"ל  מ""ל",false,1,13.90,4.56,false,1,
7290000287409,false,סנו בון שלישיה תות,החב הדרומית לשיווק,,,"י""ח",165,ל  גרם,false,1,12.90,7.82,false,1,
7290000287430,false,סנו בון שלישיה לימון,החב הדרומית לשיווק,,,"י""ח",165,ל  גרם,false,1,12.90,7.82,false,1,
7290000287492,false,"סנובון נוזלי לימון 750 מ""ל",החב הדרומית לשיווק,,,"י""ח",750,"ל  מ""ל",false,1,10.90,1.45,false,1,
7290000288017,false,סנו ג`אוול לימון 1 ליטר,החב הדרומית לשיווק,,,"י""ח",1,ליטר,false,1,8.90,8.90,false,1,
7290000288024,false,"סנו אקונומיקה ז""אוול 4 ליטר",החב הדרומית לשיווק,,,"י""ח",4,ליטר,false,1,16.90,4.23,false,1,
7290000288048,false,סנו JAVEL מרסס לבנדר,החב הדרומית לשיווק,,,"י""ח",1,ליטר,false,1,19.90,19.90,false,1,
7290000288079,false,סנו  זאוול לימון 2 ליטר,החב הדרומית לשיווק,,,"י""ח",2,ליטר,false,1,11.90,5.95,false,1,
7290000288086,false,אבקת ניקוי לימון,החב הדרומית לשיווק,,,"י""ח",600,ל  גרם,false,1,11.90,1.98,false,1,
7290000288352,false,K-300 סנו.,החב הדרומית לשיווק,,,"י""ח",630,"ל  מ""ל",false,1,21.90,3.48,false,1,
7290000288840,false,מים מזוקקים 2 ליטר,החב הדרומית לשיווק,,,"י""ח",2,ליטר,false,1,12.90,6.45,false,1,
7290000289069,false,סנו ג`אבל מרסס,החב הדרומית לשיווק,,,"י""ח",1,ליטר,false,1,19.90,19.90,false,1,
7290000289380,false,סנו JAVEL לימון לניקוי אסלות 750 מ``ל,החב הדרומית לשיווק,,,"י""ח",750,ל  גרם,false,1,10.90,1.45,false,1,
7290000289472,false,שקיות לפח אשפה 50יח ענק,החב הדרומית לשיווק,,,"י""ח",1,,false,1,18.90,18.90,false,1,
7290000289885,false,סנופרש יבש ענק,החב הדרומית לשיווק,,,"י""ח",375,"ל  מ""ל",false,1,10.90,2.91,false,1,
7290000291963,false,סנו אקונומיקה סמיכה לימון 1 ליטר,החב הדרומית לשיווק,,,"י""ח",1,ליטר,false,1,8.90,8.90,false,1,
7290000292137,false,מנקה עור נוזלי,החב הדרומית לשיווק,,,"י""ח",500,"ל  מ""ל",false,1,29.90,5.98,false,1,
7290000292311,false,פוליויקס סחלבים 2 ליטר,החב הדרומית לשיווק,,,"י""ח",200,"ל  מ""ל",false,1,20.90,10.45,false,1,
7290000292533,false,סנו ג ל לניקוי כחול,החב הדרומית לשיווק,,,"י""ח",1,ליטר,false,1,16.90,16.90,false,1,
7290000292687,false,סנובון כחול שלישיה.,החב הדרומית לשיווק,,,"י""ח",165,ל  גרם,false,1,17.90,10.85,false,1,
7290000292915,false,"סנו רסס ונגב מרסס 750 מ""ל",החב הדרומית לשיווק,,,"י""ח",600,"ל  מ""ל",false,1,14.90,2.48,false,1,
7290000293073,false,מקסימה מרכך לבן  ביו מקסי 4 ל,החב הדרומית לשיווק,,,"י""ח",4,ליטר,false,1,21.90,5.48,false,1,
7290000293530,false,סנו סופג לחות מילוי,החב הדרומית לשיווק,,,"י""ח",340,"ל  מ""ל",false,1,11.90,3.50,false,1,
7290000293561,false,מסיר עובש סנו תרסיס,החב הדרומית לשיווק,,,"י""ח",750,"ל  מ""ל",false,1,19.90,2.65,false,1,
7290000293943,false,אנטי קאלק מרסס,החב הדרומית לשיווק,,,"י""ח",1,ליטר,false,1,19.90,19.90,false,1,
7290000294780,false,סנו JAVEL  פרובנס]סמיכה [4ליטר,החב הדרומית לשיווק,,,"י""ח",4,ליטר,false,1,16.90,4.23,false,1,
7290000295121,false,"מטליות לניקוי רצפות סנו 3 יחידות, מארז",החב הדרומית לשיווק,,,"י""ח",1,,false,1,12.90,12.90,false,1,
7290000295299,false,כריות הפלא סנו סושי 4 יחידות,החב הדרומית לשיווק,,,"י""ח",1,,false,1,12.90,12.90,false,1,
7290000295367,false,"א.כביסה מקסימה 2.5 אפקט זאוול  ק""ג",החב הדרומית לשיווק,,,"י""ח",2.50,"ק""ג",false,1,26.90,10.76,false,1,
7290000295404,false,שקיות אשפה סושי 60 יח,החב הדרומית לשיווק,,,"י""ח",1,"י""ח",false,1,22.90,22.90,false,1,
7290000295503,false,זוג סנו סושי מזון בקרטון,החב הדרומית לשיווק,,,"י""ח",1,,false,1,15.90,15.90,false,1,
7290000295541,false,סנו סושי רב מגבת ג`מבו 75 יחידות,החב הדרומית לשיווק,,,"י""ח",390,ל  גרם,false,1,24.90,6.38,false,1,
7290000295558,false,זוג נייר אלומיניום  30*7.5 סנו,החב הדרומית לשיווק,,,"י""ח",1,,false,1,12.90,12.90,false,1,
7290000295565,false,רדיד אלומיניום סנו זוג ארוך,החב הדרומית לשיווק,,,"י""ח",1,,false,1,18.90,18.90,false,1,
7290000300900,false,שניצל תירס 750 גרם,קבוצת אוסם סחר-שות.מוגבלת,,,"י""ח",750,ל  גרם,false,1,39.90,5.32,true,1,
7290000302027,false,סיגריות טיים 10(  יח),דובק בעמ,,,"י""ח",200,"י""ח",false,1,286.90,1.43,false,1,
7290000305882,false,סרדין קולי  אס(יונה )110גרם,דיפלומט מפיצים (1968) בעמ**,,,"י""ח",110,ל  גרם,false,1,5.90,5.36,false,1,
7290000307015,false,אפונה גינה A2,ויטה- פרי גליל (החדשה) בעמ,,,"י""ח",600,ל  גרם,false,1,6.90,1.15,true,1,
7290000311128,false,עוגיות חמאה 300ג מן,ח.כהן סוכנות מזון ומשקאות בע,,,"י""ח",300,ל  גרם,false,1,6.90,2.30,false,1,
7290000311203,false,וופל שוקו 200 גר מן,ח.כהן סוכנות מזון ומשקאות בע,,,"י""ח",200,ל  גרם,false,1,4.90,2.45,false,1,
7290000311210,false,לימון 200 ופל מן,ח.כהן סוכנות מזון ומשקאות בע,,,"י""ח",200,ל  גרם,false,1,4.90,2.45,false,1,
7290000311227,false,וופל קפה 220גר מן,ח.כהן סוכנות מזון ומשקאות בע,,,"י""ח",200,ל  גרם,false,1,4.90,2.45,false,1,
7290000311234,false,וופל וניל 200 מן,ח.כהן סוכנות מזון ומשקאות בע,,,"י""ח",200,ל  גרם,false,1,4.90,2.45,false,1,
7290000311319,false,וופל מצופה 1 קג מן.,ח.כהן סוכנות מזון ומשקאות בע,,,"י""ח",1,"ק""ג",false,1,24.90,24.90,false,1,
7290000311425,false,וופל מצופה כחול 10יח מן,ח.כהן סוכנות מזון ומשקאות בע,,,"י""ח",200,ל  גרם,false,1,8.90,4.45,false,1,
7290000311500,false,וופלים שוקו 500גר מן,ח.כהן סוכנות מזון ומשקאות בע,,,"י""ח",500,ל  גרם,false,1,9.90,1.98,false,1,
7290000311517,false,לימון 500 ופל מן,ח.כהן סוכנות מזון ומשקאות בע,,,"י""ח",500,ל  גרם,false,1,9.90,1.98,false,1,
7290000311708,false,עוג יות חיטה מלאה 300ג  מן,ח.כהן סוכנות מזון ומשקאות בע,,,"י""ח",300,ל  גרם,false,1,6.90,2.30,false,1,
7290000311715,false,עוגיות כוכבים שוקולד 300ג מן,ח.כהן סוכנות מזון ומשקאות בע,,,"י""ח",300,ל  גרם,false,1,6.90,2.30,false,1,
7290000311722,false,עוגיות כוכבים 300ג מן,ח.כהן סוכנות מזון ומשקאות בע,,,"י""ח",300,ל  גרם,false,1,6.90,2.30,false,1,
7290000313184,false,חברים-בסקוויט גן חיות 250ג.,קבוצת אוסם סחר-שות.מוגבלת,,,"י""ח",250,ל  גרם,false,1,9.60,3.84,false,1,
7290000313290,false,נודלס-אטריות מסולסלות,קבוצת אוסם סחר-שות.מוגבלת,,,"י""ח",200,ל  גרם,false,1,12.90,6.45,false,1,
7290000315126,false,קנור-עוף   300 גרם,יוניליוור ישראל שיווק בעמ,,,"י""ח",300,ל  גרם,false,1,19.90,6.63,false,1,
7290000318127,false,מיני ביס נקנקיות 380 גרם,מעדני יחיעם 1993 בעמ,,,"י""ח",380,ל  גרם,false,1,11.90,3.13,false,1,
7290000318479,false,פרושוטו עגל ברזאולה 100גר,מעדני יחיעם 1993 בעמ,,,"י""ח",100,ל  גרם,false,1,27.10,27.10,false,1,
7290000318677,false,סלמי סרוולט,מעדני יחיעם 1993 בעמ,,,"י""ח",150,ל  גרם,false,1,23.90,15.93,false,1,
7290000318943,false,פסטרמה של פעם,מעדני יחיעם 1993 בעמ,,,"י""ח",200,ל  גרם,false,1,23.90,11.95,false,1,
7290000319124,false,סלמי סרוולט 250 גרם,מעדני יחיעם 1993 בעמ,,,"י""ח",250,ל  גרם,false,1,34.90,13.96,false,1,
7290000319131,false,נקניקיות עוף 400 גרם,מעדני יחיעם 1993 בעמ,,,"י""ח",400,ל  גרם,false,1,11.90,2.98,true,1,
7290000319520,false,סלמי צרפתי,מעדני יחיעם 1993 בעמ,,,"י""ח",100,ל  גרם,false,1,20.90,20.90,false,1,
7290000334325,false,שלישיית צ`יפס למקרוגל,קבוצת אוסם סחר-שות.מוגבלת,,,"י""ח",0.38,"ק""ג",false,1,14.90,39.21,false,1,
7290000334684,false,טבעות בצל 700גר,קבוצת אוסם סחר-שות.מוגבלת,,,"י""ח",700,ל  גרם,false,1,18.40,2.63,false,1,
7290000334745,false,"אמריקן ציפס 1.5  ק""ג(תפוגן)",קבוצת אוסם סחר-שות.מוגבלת,,,"י""ח",1.50,"ק""ג",false,1,25.90,17.27,false,1,
7290000336053,false,"סיידר תרכיז 330מ""ל",טמפו משקאות בעמ,,,"י""ח",330,"ל  מ""ל",false,1,13.90,4.12,true,1,
7290000336282,false,"סיידר מוגז 330מ""ל",טמפו משקאות בעמ,,,"י""ח",330,"ל  מ""ל",false,1,7.20,2.09,false,1,
7290000339191,false,רן הלבנה 35גר קל,יוניליוור ישראל שיווק בעמ,,,"י""ח",350,ל  גרם,false,1,18.60,5.31,false,1,
7290000339566,false,בדין ורוד 4 ליטר,יוניליוור ישראל שיווק בעמ,,,"י""ח",4,ליטר,false,1,20.90,5.23,false,1,
7290000339887,false,"משחת קלין 3.5 ק""ג",יוניליוור ישראל שיווק בעמ,,,"י""ח",3.50,"ק""ג",false,1,27.90,7.97,false,1,
7290000342832,false,בדין צהוב 4 ל,יוניליוור ישראל שיווק בעמ,,,"י""ח",4,ליטר,false,1,20.90,5.23,false,1,
7290000345048,false,תה 74 125גר,תה ויסוצקי (ישראל)בעמ,,,"י""ח",125,ל  גרם,false,1,13.90,11.12,false,1,
7290000345055,false,100 ארל גריי תפזורת,תה ויסוצקי (ישראל)בעמ,,,"י""ח",100,ל  גרם,false,1,13.90,13.90,false,1,
7290000345116,false,תה ירוק 125 תפזורת,תה ויסוצקי (ישראל)בעמ,,,"י""ח",125,ל  גרם,false,1,14.90,11.92,false,1,
7290000345208,false,תה בריבוע 25/1,תה ויסוצקי (ישראל)בעמ,,,"י""ח",25,ל  גרם,false,1,6.90,27.60,false,1,
7290000345215,false,תה ויסוצקי כחול} {100,תה ויסוצקי (ישראל)בעמ,,,"י""ח",100,"י""ח",false,1,16.90,0.17,false,1,
7290000345260,false,תה בריבוע 1.5/25,תה ויסוצקי (ישראל)בעמ,,,"י""ח",37.50,ל  גרם,false,1,7.50,20,false,1,
7290000345284,false,תה קלאסיק 100 יח 1.5ג ק.ירוקה,תה ויסוצקי (ישראל)בעמ,,,"י""ח",150,ל  גרם,false,1,17.90,11.93,false,1,
7290000345307,false,תה ארל גריי 50 שקיות,תה ויסוצקי (ישראל)בעמ,,,"י""ח",75,ל  גרם,false,1,28.90,38.53,true,1,
7290000345536,false,תה נענע 25 שקיות,תה ויסוצקי (ישראל)בעמ,,,"י""ח",37.50,ל  גרם,false,1,16.90,45.07,false,1,
7290000346021,false,תה קמומיל 50 הגן הקסום,תה ויסוצקי (ישראל)בעמ,,,"י""ח",75,ל  גרם,false,1,33.70,44.93,false,1,
7290000346120,false,חליטת קינמון גן קסום,תה ויסוצקי (ישראל)בעמ,,,"י""ח",62.50,ל  גרם,false,1,17.90,28.64,false,1,
7290000346137,false,חליטת הילולי פירות,תה ויסוצקי (ישראל)בעמ,,,"י""ח",62.50,ל  גרם,false,1,17.90,28.64,false,1,
7290000346168,false,חליטת שומר גן קסום,תה ויסוצקי (ישראל)בעמ,,,"י""ח",37.50,ל  גרם,false,1,17.90,47.73,false,1,
7290000346199,false,חליטת פירות יער  גן קסום 25 שק`,תה ויסוצקי (ישראל)בעמ,,,"י""ח",67.50,ל  גרם,false,1,17.90,26.52,false,1,
7290000346205,false,חליטת  קמומיל גן קסום 25יח,תה ויסוצקי (ישראל)בעמ,,,"י""ח",37.50,ל  גרם,false,1,17.90,47.73,false,1,
7290000346212,false,תה מנטה 25 ויסוצקי,תה ויסוצקי (ישראל)בעמ,,,"י""ח",50,ל  גרם,false,1,17.90,35.80,false,1,
7290000346229,false,חליטת תה ורד הבר,תה ויסוצקי (ישראל)בעמ,,,"י""ח",75,ל  גרם,false,1,17.90,23.87,false,1,
7290000346960,false,תה נענע 50 יח,תה ויסוצקי (ישראל)בעמ,,,"י""ח",75,ל  גרם,false,1,29.90,39.87,false,1,
7290000347738,false,תה ירוק בטעם נענע 25יח,תה ויסוצקי (ישראל)בעמ,,,"י""ח",25,"י""ח",false,1,24.90,1,true,1,
7290000347752,false,תה ירוק  25 עם לימונית לואיזה,תה ויסוצקי (ישראל)בעמ,,,"י""ח",37.50,ל  גרם,false,1,24.90,66.40,true,1,
7290000363899,false,נקניקיות פיקנטיות 400גר`,תנובה בשר,,,"י""ח",400,ל  גרם,false,1,14.90,3.73,false,1,
7290000364803,false,נקניקיות בקר  אמריקאי 500 ג,תנובה בשר,,,"י""ח",500,ל  גרם,false,1,32.10,6.42,false,1,
7290000364810,false,נקניקיות עגל,תנובה בשר,,,"י""ח",500,ל  גרם,false,1,31.10,6.22,false,1,
7290000364858,false,"נקניקיות עוף 1 ק""ג טירת צבי",תנובה בשר,,,"י""ח",1,"ק""ג",false,1,28.90,28.90,false,1,
7290000364872,false,נקניקיות עוף 400 גרם טירת צבי,תנובה בשר,,,"י""ח",400,ל  גרם,false,1,14.90,3.73,false,1,
7290000367590,false,צמד כפרי טירת צבי,תנובה בשר,,,"י""ח",8,"י""ח",false,1,33.90,4.24,false,1,
7290000377209,false,בוטן מטוגן 200 גר,ליימן שליסל,,,"י""ח",200,ל  גרם,false,1,7,3.50,false,1,
7290000377445,false,מאנצס 200 גר  שקית,ליימן שליסל,,,"י""ח",200,ל  גרם,false,1,8.90,4.45,true,1,
7290000377452,false,גרעיני אבטיח 200 גרם,ליימן שליסל,,,"י""ח",200,ל  גרם,false,1,13,6.50,false,1,
7290000377612,false,תפוזים סחוט טבעי פרי גת,*החברה המרכזית להפצת משקאותבעמ,,,"י""ח",400,"ל  מ""ל",false,1,8.60,2.15,false,1,
7290000379000,false,חלה רגילה/קלועה  חדשה  650 גרם *.,שלמה א.אנג ל בעמ,,,"י""ח",650,ל  גרם,false,1,6.60,1.02,false,1,
7290000379128,false,חלה פרוסה,שלמה א.אנג ל בעמ,,,"י""ח",500,ל  גרם,false,1,9.10,1.82,false,1,
7290000379142,false,עינן פרוס 750,שלמה א.אנג ל בעמ,,,"י""ח",750,ל  גרם,false,1,14.90,1.99,false,1,
7290000379203,false,עינן קל 500 גרם,שלמה א.אנג ל בעמ,,,"י""ח",500,ל  גרם,false,1,14.90,2.98,true,1,
7290000379258,false,חלה קונדיטוריה ארוזה אנגל,שלמה א.אנג ל בעמ,,,"י""ח",500,ל  גרם,false,1,15.90,3.18,false,1,
7290000379951,false,סולת 1 קג אנג`ל,שלמה א.אנג ל בעמ,,,"י""ח",1,"ק""ג",false,1,6.60,6.60,false,1,
7290000408316,false,דנונה יוגורט טבעי,"שטראוס גרופ ***בע""מ",,,"י""ח",200,"ל  מ""ל",false,1,3.70,1.85,false,1,
7290000412481,false,מנקה אסלות 1 ליטר 00,החב הדרומית לשיווק,,,"י""ח",1,ליטר,false,1,7.90,7.90,false,1,
7290000415666,false,"קובה חמוסטה 1 ק""ג יסמין",עת -רן (1996) בעמ,,,"י""ח",1,"ק""ג",false,1,61.90,61.90,false,1,
7290000416021,false,#ממרח שחר 500 חלבי,השחר העולה תעשית ממתקים,,,"י""ח",500,ל  גרם,false,1,14.90,2.98,false,1,
7290000416076,false,צימקאו שוקולד לבישול,השחר העולה תעשית ממתקים,,,"י""ח",400,ל  גרם,false,1,14.90,3.73,false,1,
7290000416618,false,"ממרח שחר בד""צ} {400",השחר העולה תעשית ממתקים,,,"י""ח",400,ל  גרם,false,1,13.90,3.48,false,1,
7290000419220,false,קפה טורקי שלשות לנדוור 100*3,ש.שסטוביץ בעמ,,,"י""ח",300,ל  גרם,false,1,19.90,6.63,false,1,
7290000419909,false,קפה לנדוור טעם אספרסו 100ג,ש.שסטוביץ בעמ,,,"י""ח",100,ל  גרם,false,1,8.50,8.50,false,1,
7290000420332,false,פופ סטאר פופקורן בטעם חמאה 500גר,דנשר (1963) בעמ,,,"י""ח",500,ל  גרם,false,1,13.80,2.76,true,1,
7290000430102,false,"קוביות קרח 2 ק""ג",אייס קיובס בעמ מיסטר אייס,,,"י""ח",2,"ק""ג",false,1,12,6,false,1,
7290000446325,false,תרכיז תפוחים 1.2 ליטר,בטר אנד דיפרנט בעמ,,,"י""ח",1.20,ליטר,false,1,47.90,39.92,false,1,
7290000446394,false,דייסת שיבולת שועל ב.ד.,בטר אנד דיפרנט בעמ,,,"י""ח",200,ל  גרם,false,1,12.90,6.45,false,1,
7290000446806,false,דייסת דגנים מעורבים,בטר אנד דיפרנט בעמ,,,"י""ח",200,ל  גרם,false,1,12.90,6.45,false,1,
7290000446943,false,פרכיות אורז מלא כוסמת,בטר אנד דיפרנט בעמ,,,"י""ח",1,,false,1,4.50,4.50,false,1,
7290000449128,false,סיף כללי חדש 4 ליטר,יוניליוור ישראל שיווק בעמ,,,"י""ח",4,ליטר,false,1,21.70,5.43,false,1,
7290000450209,false,פוסידון 110 גר  בשמן,נטו מלינדה סחר בעמ,,,"י""ח",110,ל  גרם,false,1,6.70,6.09,false,1,
7290000453019,false,שמרית שקית,"שטראוס גרופ ***בע""מ",,,"י""ח",50,ל  גרם,false,1,4.50,9,false,1,
7290000453125,false,משפר אפיה,"שטראוס גרופ ***בע""מ",,,"י""ח",100,ל  גרם,false,1,7.90,7.90,false,1,
7290000461625,false,בייגלה ]400בייגל שמיניות מלוחות,יוניליוור ישראל שיווק בעמ,,,"י""ח",400,ל  גרם,false,1,9.90,2.48,true,1,
7290000461656,false,בייגלה אחד אחד 400,יוניליוור ישראל שיווק בעמ,,,"י""ח",400,ל  גרם,false,1,9.90,2.48,true,1,
7290000461724,false,גדול גדול שומשום,יוניליוור ישראל שיווק בעמ,,,"י""ח",400,ל  גרם,false,1,12.90,3.23,false,1,
7290000461793,false,בייגלה ארוך ארוך-ביג ביג,יוניליוור ישראל שיווק בעמ,,,"י""ח",150,ל  גרם,false,1,6.90,4.60,false,1,
7290000462103,false,סחוג אדום חריף זהבי 150 ג`,"שטראוס גרופ ***בע""מ",,,"י""ח",150,ל  גרם,false,1,8.90,5.93,false,1,
7290000462172,false,סחוג זהבי ירוק 150ג,"שטראוס גרופ ***בע""מ",,,"י""ח",150,ל  גרם,false,1,8.90,5.93,false,1,
7290000469638,false,ספריי מריטו לגיהוץ מושלם,ש.שסטוביץ בעמ,,,"י""ח",500,"ל  מ""ל",false,1,21.10,4.22,false,1,
7290000474090,false,חלב 1 ליטר קרטון   *1% *,*החברה המרכזית להפצת משקאותבעמ,,,"י""ח",1,ליטר,false,1,5.86,5.86,false,1,
7290000474373,false,"שמנת חמוצה 200  מ""ל*",*החברה המרכזית להפצת משקאותבעמ,,,"י""ח",200,"ל  מ""ל",false,1,2.40,1.20,false,1,
7290000474540,false,טוב טעם גבינה 5% טרה,*החברה המרכזית להפצת משקאותבעמ,,,"י""ח",250,ל  גרם,false,1,10.90,4.36,false,1,
7290000480442,false,קוואקר  שקית(עלית),"שטראוס פריטו ליי בע""מ",,,"י""ח",500,ל  גרם,false,1,12.90,2.58,false,1,
7290000481944,false,לחם דגנים   קל}דגנית{500,דגנית עין בר ~~~,,,"י""ח",500,ל  גרם,false,1,14.90,2.98,false,1,
7290000482033,false,קוקי ענק שקיות צלייה,ש.שסטוביץ בעמ,,,"י""ח",1,,false,1,12.90,12.90,true,1,
7290000484747,false,"ערק עלית 700 מ""ל",יקב הגליל שיווק בעמ,,,"י""ח",700,"ל  מ""ל",false,1,57.90,8.23,false,1,
7290000490601,false,מאגדת שמינייה גלידל וניל,פלקו בעמ,,,"י""ח",1,,false,1,27.90,27.90,false,1,
7290000490717,false,מאגדת שמיניה גלית,פלקו בעמ,,,"י""ח",1,,false,1,20.90,20.90,false,1,
7290000493176,false,אבקת רוטב צלי לבשר,קבוצת אוסם סחר-שות.מוגבלת,,,"י""ח",22,ל  גרם,false,1,5,22.73,false,1,
7290000497044,false,לחם ברמן אקטיב 750 גרם,י.את א. ברמן בעמ,,,"י""ח",1,,false,1,16.90,16.90,false,1,
7290000497112,false,לחם אחיד פרוס]ברמן [750,י.את א. ברמן בעמ,,,"י""ח",750,ל  גרם,false,1,6.90,0.92,false,1,
7290000497136,false,חלה פרוסה,י.את א. ברמן בעמ,,,"י""ח",500,ל  גרם,false,1,8.90,1.78,false,1,
7290000497204,false,פיתות בשקית חמישיה. ברמן,י.את א. ברמן בעמ,,,"י""ח",500,ל  גרם,false,1,7.90,1.58,false,1,
7290000497228,false,6 לחמניות 75 ג ברמן,י.את א. ברמן בעמ,,,"י""ח",450,ל  גרם,false,1,9.90,2.20,false,1,
7290000497273,false,לחמניות אקטיב ברמן שישייה 450 גרם,י.את א. ברמן בעמ,,,"י""ח",1,,false,1,13.90,13.90,false,1,
7290000497303,false,לחמניות מקמח מלא,י.את א. ברמן בעמ,,,"י""ח",540,ל  גרם,false,1,12.90,2.39,false,1,
7290000497358,false,חלה מתוקה}ברמן{,י.את א. ברמן בעמ,,,"י""ח",500,ל  גרם,false,1,13.40,2.68,false,1,
7290000497426,false,לחם קל לענין,י.את א. ברמן בעמ,,,"י""ח",750,ל  גרם,false,1,13.90,1.85,false,1,
7290000497488,false,חלה קלה}ברמן{,י.את א. ברמן בעמ,,,"י""ח",500,ל  גרם,false,1,14.90,2.98,false,1,
7290000497532,false,לחם עינן של ברמן,י.את א. ברמן בעמ,,,"י""ח",750,ל  גרם,false,1,13.90,1.85,false,1,
7290000497570,false,לחם דגני קלות ברמן,י.את א. ברמן בעמ,,,"י""ח",750,ל  גרם,false,1,15.90,2.12,false,1,
7290000498256,false,מארז 10 לחמניות בשקית ברמן,י.את א. ברמן בעמ,,,"י""ח",1,,false,1,13.90,13.90,false,1,
7290000504025,false,פטריה סוכרזית,"שטראוס גרופ בע""מ",,,"י""ח",246,ל  גרם,false,1,9.90,4.02,false,1,
7290000504049,false,סוכרזית קנקן 1200,"שטראוס גרופ בע""מ",,,"י""ח",984,ל  גרם,false,1,23.90,2.43,true,1,
7290000504278,false,סוכרזית פטנט,"שטראוס גרופ בע""מ",,,"י""ח",574,ל  גרם,false,1,17.90,3.12,false,1,
7290000518169,false,מתוק וקל 1000 טבליות,מתוק וקל בעמ,,,"י""ח",1000,"י""ח",false,1,10,0.01,false,1,
7290000518176,false,מתוק וקל ענק 250 שק,מתוק וקל בעמ,,,"י""ח",2.50,"י""ח",false,1,16.90,6.76,false,1,
7290000521404,false,מרום גליל סינגל קברנה,טמפו משקאות בעמ,,,"י""ח",750,"ל  מ""ל",false,1,34.90,4.61,true,1,
7290000521411,false,מרום גליל סינגל מרלו,טמפו משקאות בעמ,,,"י""ח",750,"ל  מ""ל",false,1,34.90,4.61,true,1,
7290000523125,false,מלח ים יבש הארץ  250  ג,סוגת תעשיות בעמ,,,"י""ח",250,ל  גרם,false,1,5.40,2.16,false,1,
7290000523224,false,מלח ים יבש  הארץ 500 ג,סוגת תעשיות בעמ,,,"י""ח",500,ל  גרם,false,1,8.90,1.78,false,1,
7290000523514,false,מלח 250 ג  בקבוק הארץ,סוגת תעשיות בעמ,,,"י""ח",250,ל  גרם,false,1,9.90,3.96,false,1,
7290000523521,false,מלח ים בק  200 גר,סוגת תעשיות בעמ,,,"י""ח",200,ל  גרם,false,1,4.90,2.45,false,1,
7290000525969,false,פרימור תפוזים 1 ליטר,"שטראוס גרופ ***בע""מ",,,"י""ח",1,ליטר,false,1,15.90,15.90,false,1,
7290000530086,false,נקניק מעושן  7000,זוגלובק שיווק בעמ,,,"י""ח",800,ל  גרם,false,1,29.90,3.74,true,1,
7290000530109,false,זוג קבנוס בואקום,זוגלובק שיווק בעמ,,,"י""ח",400,ל  גרם,false,1,25.90,6.48,true,1,
7290000530116,false,נקניק בשן זוגלובק,זוגלובק שיווק בעמ,,,"י""ח",700,ל  גרם,false,1,26.90,3.84,true,1,
7290000530291,false,נקניק מבשר הודו,זוגלובק שיווק בעמ,,,"י""ח",800,ל  גרם,false,1,23.90,2.99,true,1,
7290000530413,false,המבורגר זהב 400,זוגלובק שיווק בעמ,,,"י""ח",400,ל  גרם,false,1,22.90,5.73,true,1,
7290000530598,false,נקניקיות וינר טרי זוגלובק,זוגלובק שיווק בעמ,,,"י""ח",500,ל  גרם,false,1,15.80,3.16,true,1,
7290000530604,false,נקנקיות זוגלובק חריפות גוי טרי,זוגלובק שיווק בעמ,,,"י""ח",500,ל  גרם,false,1,17.90,3.58,true,1,
7290000530703,false,מארז פסטרמ/חרמון+תה מעושן 800 ג` זוגלובק,זוגלובק שיווק בעמ,,,"י""ח",800,ל  גרם,false,1,28.90,3.61,true,1,
7290000531977,false,בורקס גבינה 800 גרם,זוגלובק שיווק בעמ,,,"י""ח",800,ל  גרם,false,1,19.90,2.49,true,1,
7290000533353,false,בצק עלים זוגלובק 1 קג,זוגלובק שיווק בעמ,,,"י""ח",1,"ק""ג",false,1,17.90,17.90,true,1,
7290000536316,false,שניצל מן  הצומח]זוגלובק[,זוגלובק שיווק בעמ,,,"י""ח",1,"ק""ג",false,1,30.90,30.90,true,1,
7290000536781,false,"קבב מן הצומח 1 ק""ג",זוגלובק שיווק בעמ,,,"י""ח",1,"ק""ג",false,1,29.90,29.90,true,1,
7290000537566,false,נקניקיות עוף טרי 400 ג זוגלובק,זוגלובק שיווק בעמ,,,"י""ח",400,ל  גרם,false,1,12.90,3.23,true,1,
7290000537603,false,"נקניקיות עוף 1 ק""ג זוגלובק.",זוגלובק שיווק בעמ,,,"י""ח",1,"ק""ג",false,1,26.90,26.90,true,1,
7290000538709,false,תה מעושן,זוגלובק שיווק בעמ,,,"י""ח",200,ל  גרם,false,1,14.90,7.45,false,1,
7290000552194,false,קישקע 500 גרם,נטו מלינדה סחר בעמ,,,"י""ח",500,ל  גרם,false,1,13.90,2.78,false,1,
7290000552569,false,סטייק בורגר 400 גרם,נטו מלינדה סחר בעמ,,,"י""ח",400,ל  גרם,false,1,23.90,5.98,true,1,
7290000552927,false,טחון עוף טיבון ויל,נטו מלינדה סחר בעמ,,,"י""ח",500,ל  גרם,false,1,14.90,2.98,false,1,
7290000554143,false,גבינה לבנה 5% טבעי,מחלבות גד,,,"ק""ג",1,,true,1,25.90,25.90,false,1,
7290000554402,false,מלבי גד 160 גרם,מחלבות גד,,,"י""ח",160,"ל  מ""ל",false,1,6,3.75,true,1,
7290000554457,false,צפתית מיני% }5 גד 350 ג,מחלבות גד,,,"י""ח",350,ל  גרם,false,1,21.90,6.26,false,1,
7290000554471,false,מוצרלה 180גר }.גד{,מחלבות גד,,,"י""ח",1,,false,1,18.90,18.90,false,1,
7290000554600,false,מוצרלה מגורדת  300 גרם גד.,מחלבות גד,,,"י""ח",300,ל  גרם,false,1,22.90,7.63,false,1,
7290000554624,false,ירח מתוק גד,מחלבות גד,,,"י""ח",150,"ל  מ""ל",false,1,6,4,true,1,
7290000554686,false,לאבנה בתוספת  שמןזית  וזעתר  גד{5%,מחלבות גד,,,"י""ח",250,ל  גרם,false,1,13.90,5.56,false,1,
7290000554792,false,בולגרית פח% }5 גד{,מחלבות גד,,,"ק""ג",1000,ל  גרם,true,1,54.90,5.49,false,1,
7290000554822,false,ריקוטה 5% בסגנון איטלקי 250 גד{,מחלבות גד,,,"י""ח",250,ל  גרם,false,1,15.90,6.36,true,1,
7290000554839,false,מסקרפונה 250 גרם,מחלבות גד,,,"י""ח",250,ל  גרם,false,1,23.90,9.56,false,1,
7290000554990,false,כדורי מוצרלה גדולים,מחלבות גד,,,"ק""ג",1,,true,1,89,89,false,1,
7290000560533,false,אדג  ג ל רגיל 200,דנשר (1963) בעמ,,,"י""ח",200,ל  גרם,false,1,17.90,8.95,false,1,
7290000560540,false,אדג  ג ל רגיש 200,דנשר (1963) בעמ,,,"י""ח",200,ל  גרם,false,1,17.90,8.95,false,1,
7290000571119,false,גאודה.,מחלבות גד,,,"ק""ג",1000,ל  גרם,true,1,108,10.80,false,1,
7290000571188,false,גאודה משקל.,מחלבות גד,,,"ק""ג",1,"ק""ג",true,1,148,148,false,1,
7290000571232,false,גבינה גאודה  פרוס 150,מחלבות גד,,,"י""ח",1,,false,1,25.50,25.50,false,1,
7290000571386,false,"יוגורמה כבשים 850מ""ל",מחלבות גד,,,"י""ח",850,"ל  מ""ל",false,1,26.90,3.16,false,1,
7290000572055,false,חלבה ללא סוכר,אחדות בעמ,,,"י""ח",400,ל  גרם,false,1,14.90,3.73,false,1,
7290000572222,false,חלבה וניל 500 גרם אחווה,אחדות בעמ,,,"י""ח",500,ל  גרם,false,1,10.90,2.18,false,1,
7290000572529,false,חלוה אחוה 400גר.,אחדות בעמ,,,"י""ח",400,ל  גרם,false,1,12.90,3.23,false,1,
7290000572536,false,חלוה מגש 400גר ו,אחדות בעמ,,,"י""ח",400,ל  גרם,false,1,12.90,3.23,false,1,
7290000572628,false,חטיפי חלוה ליט אחווה,אחדות בעמ,,,"י""ח",276,ל  גרם,false,1,11.90,4.31,false,1,
7290000572673,false,חלבה שי עשיריות]אחוה[,אחדות בעמ,,,"י""ח",300,ל  גרם,false,1,12.90,4.30,false,1,
7290000599090,false,מקל מטאטא טיטניום,*** מ.א.ייצור ויבוא מטליות,,,"י""ח",1,,false,1,6,6,false,1,
7290000611884,false,כבד עוף טרי ארוז.,ח.י. מעדני גורמה בעמ,,,"ק""ג",1,,true,1,29.90,29.90,false,1,
7290000631424,false,פרגיות עוף  טרי[קצביה]**,ח.י. מעדני גורמה בעמ,,,"ק""ג",1,"ק""ג",true,1,79.90,79.90,true,1,
7290000632391,false,כרעיים עטרה קפוא,נטו מלינדה סחר בעמ,,,"ק""ג",1,"ק""ג",true,1,27.90,27.90,false,1,
7290000632452,false,כרעיים עוף טרי(קצביה )**.,ח.י. מעדני גורמה בעמ,,,"ק""ג",1,"ק""ג",true,1,36.90,36.90,true,1,
7290000632551,false,ירכיים טרי]קצביה[**,ח.י. מעדני גורמה בעמ,,,"ק""ג",1,"ק""ג",true,1,29.90,29.90,false,1,
7290000632698,false,שוקיים פטם}עטרה{קפוא,נטו מלינדה סחר בעמ,,,"ק""ג",1,"ק""ג",true,1,34.90,34.90,false,1,
7290000632759,false,שוקיים עוף טרי (קצביה)**,ח.י. מעדני גורמה בעמ,,,"ק""ג",1,"ק""ג",true,1,42.90,42.90,true,1,
7290000633855,false,כנפיים עוף  טרי מקוצבות[קצביה],ח.י. מעדני גורמה בעמ,,,"ק""ג",1,"י""ח",true,1,16.90,16.90,true,1,
7290000643250,false,עוף טרי  מפורק(קצביה)**,ח.י. מעדני גורמה בעמ,,,"י""ח",1,,true,1,21.90,21.90,false,1,
7290000659312,false,פילה סלומון קפוא פרימיום תנובה,תנובה בשר,,,"ק""ג",1,"ק""ג",true,1,84.90,84.90,false,1,
7290000663166,false,פילה הייק דרום אפריקאי,תנובה בשר,,,"ק""ג",1,,true,1,49,49,false,1,
7290000688077,false,"מי עדן 500 מ""ל בודד",יפאורה שותפות מוגבלת לשיווק,,,"י""ח",500,"ל  מ""ל",false,1,3.20,0.58,true,1,
7290000688114,false,מים מינרלים ]1.5ליטר[,יפאורה שותפות מוגבלת לשיווק,,,"י""ח",1.50,ליטר,false,1,3.30,2.20,false,1,
7290000688527,false,מי עדן אקטיב תות 0.5ליטר,יפאורה שותפות מוגבלת לשיווק,,,"י""ח",500,"ל  מ""ל",false,1,4.99,1,false,1,
7290000688824,false,מי עדן שישיה 1.5ליטר,יפאורה שותפות מוגבלת לשיווק,,,"י""ח",12,ליטר,false,1,12.90,1.08,false,1,
7290000692203,false,אג`קס ניקוי כללי לימון  2 ל,ש.שסטוביץ בעמ,,,"י""ח",2,ליטר,false,1,23.90,11.95,false,1,
7290000692210,false,אג קס ניקוי כללי 2 ל לוונדר,ש.שסטוביץ בעמ,,,"י""ח",2,ליטר,false,1,23.90,11.95,false,1,
7290000692227,false,פלמוליב נוזל לכלים 1 ליטר,ש.שסטוביץ בעמ,,,"י""ח",1,ליטר,false,1,13.90,13.90,false,1,
7290000803180,false,מרידול מי פה,ש.שסטוביץ בעמ,,,"י""ח",400,"ל  מ""ל",false,1,29.90,7.48,false,1,
7290000805368,false,בונזו גורים+ספרון   מתנה,דיפלומט מפיצים (1968) בעמ**,,,"י""ח",3,"ק""ג",false,1,64.90,21.63,false,1,
7290000805917,false,"לה קט כבד 2.85 ק""ג",דיפלומט מפיצים (1968) בעמ**,,,"י""ח",2.85,"ק""ג",false,1,64.90,22.77,false,1,
7290000805924,false,"לה קט דגים 2.85 ק""ג",דיפלומט מפיצים (1968) בעמ**,,,"י""ח",2.85,"ק""ג",false,1,64.90,22.77,false,1,
7290000849492,false,סרקל שמפו 500 גרם,פישר תעשיות פרמבצטיות בעמ,,,"י""ח",500,"ל  מ""ל",false,1,17.90,3.58,false,1,
7290001041260,false,שומשום 400גר ].מיה[,מיה תעשיות מזון מ.ת.מ בעמ,,,"י""ח",400,ל  גרם,false,1,12.90,3.23,false,1,
7290001041291,false,סוכריה על מקל70יח,מיה תעשיות מזון מ.ת.מ בעמ,,,"י""ח",100,ל  גרם,false,1,19.90,19.90,false,1,
7290001041635,false,פירורי לחם מוזהבים 200גר.,מיה תעשיות מזון מ.ת.מ בעמ,,,"י""ח",200,ל  גרם,false,1,3.90,1.95,false,1,
7290001045688,false,מיץ תפוזים סחוט 400 מייל,"שטראוס גרופ ***בע""מ",,,"י""ח",400,"ל  מ""ל",false,1,7.90,1.90,false,1,
7290001121054,false,צמד חמד יחיעם 700 גרם,מעדני יחיעם 1993 בעמ,,,"י""ח",850,ל  גרם,false,1,24.90,2.93,false,1,
7290001123775,false,שווארמה אמיתית טיבון ויל,נטו מלינדה סחר בעמ,,,"י""ח",500,ל  גרם,false,1,25.90,5.18,false,1,
7290001123782,false,שווארמה הודו טיבון ויל,נטו מלינדה סחר בעמ,,,"י""ח",500,ל  גרם,false,1,26.90,5.38,false,1,
7290001124536,false,מג יק טעם תירס בכוס,נטו מלינדה סחר בעמ,,,"י""ח",70,ל  גרם,false,1,4.90,7,false,1,
7290001124611,false,שומן כבש 200 ג,נטו מלינדה סחר בעמ,,,"י""ח",200,ל  גרם,false,1,22.20,11.10,false,1,
7290001136287,false,שמפו נקה 7 לשיער רגיל,החב הדרומית לשיווק,,,"י""ח",750,"ל  מ""ל",false,1,12.90,1.72,true,1,
7290001136294,false,"שמפו נקה 7 לשיער יבש 750 מ""ל",החב הדרומית לשיווק,,,"י""ח",750,"ל  מ""ל",false,1,12.90,1.72,true,1,
7290001136683,false,מרכך נקה -7 לשיער רגיל ירוק,החב הדרומית לשיווק,,,"י""ח",750,"ל  מ""ל",false,1,12.90,1.72,true,1,
7290001209189,false,נקניקיות חריפות עטרה,נטו מלינדה סחר בעמ,,,"י""ח",500,ל  גרם,false,1,8.90,1.78,true,1,
7290001245699,false,אקונומיקה סמיכה 4 ל`טאצ`,סאסאטק אגשח בעמ,,,"י""ח",4,ליטר,false,1,13.90,3.48,true,1,
7290001245705,false,אקונומיקה מבושמת 4ל טאצ`,סאסאטק אגשח בעמ,,,"י""ח",4,ליטר,false,1,11.90,2.98,false,1,
7290001245828,false,נ.כלים קלאסי 1.6  ל`טאצ,סאסאטק אגשח בעמ,,,"י""ח",1.60,ליטר,false,1,12.90,8.06,true,1,
7290001245958,false,מרכך כביסה ורוד 4ל טאצ`,סאסאטק אגשח בעמ,,,"י""ח",4,ליטר,false,1,15.90,3.98,true,1,
7290001245965,false,מרכך כביסה כחול 4ל טאצ`,סאסאטק אגשח בעמ,,,"י""ח",4,ליטר,false,1,15.90,3.98,true,1,
7290001245989,false,מרכך כביסה סגול 4ל טאצ`,סאסאטק אגשח בעמ,,,"י""ח",4,ליטר,false,1,15.90,3.98,true,1,
7290001246054,false,פותח סתימות 1 ל`טאצ`,סאסאטק אגשח בעמ,,,"י""ח",1,ליטר,false,1,14.90,14.90,false,1,
7290001246634,false,"נוזל אסלות ע""ב חומצה 1ליטר טאצ",סאסאטק אגשח בעמ,,,"י""ח",1,ליטר,false,1,6.90,6.90,false,1,
7290001246801,false,נוזל רצפות 2ליטר פרקט טאצ,סאסאטק אגשח בעמ,,,"י""ח",2,ליטר,false,1,18.90,9.45,true,1,
7290001247082,false,ספרינג עגבניות,יפאורה שותפות מוגבלת לשיווק,,,"י""ח",1,ליטר,false,1,6.90,6.90,true,1,
7290001247099,false,ספרינג נקטר מנגו,יפאורה שותפות מוגבלת לשיווק,,,"י""ח",1,ליטר,false,1,6.90,6.90,true,1,
7290001247112,false,ספרינג נקטר לימונים,יפאורה שותפות מוגבלת לשיווק,,,"י""ח",1,ליטר,false,1,6.90,6.90,true,1,
7290001247129,false,ספרינג נקטר תפוזים,יפאורה שותפות מוגבלת לשיווק,,,"י""ח",1,ליטר,false,1,6.90,6.90,true,1,
7290001247143,false,ספרינג קרטונית תפוחים,יפאורה שותפות מוגבלת לשיווק,,,"י""ח",1,ליטר,false,1,6.90,6.90,true,1,
7290001247723,false,"נקטר ספרינג פחית תות-בננה 330מ""ל",יפאורה שותפות מוגבלת לשיווק,,,"י""ח",330,"ל  מ""ל",false,1,5.90,1.70,true,1,
7290001247747,false,"נקטר ספרינג פחית תפוחים 330מ""ל",יפאורה שותפות מוגבלת לשיווק,,,"י""ח",330,"ל  מ""ל",false,1,5.90,1.70,true,1,
7290001247891,false,נקטר ספרינג פחית אפרסק,יפאורה שותפות מוגבלת לשיווק,,,"י""ח",330,"ל  מ""ל",false,1,5.90,1.70,true,1,
7290001265642,false,מולטיפק לה קט 400*3.,דיפלומט מפיצים (1968) בעמ**,,,"י""ח",1.20,"ק""ג",false,1,19.90,16.58,false,1,
7290001274422,false,מאגדת שמינייה מצופה בננה,פלקו בעמ,,,"י""ח",1,,false,1,19.90,19.90,false,1,
7290001274941,false,מאגדת שמינייה פופסיקל פטל.,פלקו בעמ,,,"י""ח",8,"י""ח",false,1,21.90,2.74,false,1,
7290001305058,false,פלמוליב סבון נוזלי,ש.שסטוביץ בעמ,,,"י""ח",500,"ל  מ""ל",false,1,15.90,3.18,false,1,
7290001305188,false,"פלמוליב נוזל לניקוי כלים 750 מ""ל ספרינ",ש.שסטוביץ בעמ,,,"י""ח",750,"ל  מ""ל",false,1,12.90,1.72,true,1,
7290001327180,false,קרמיסימו שטראוס,גלידות שטראוס בעמ,,,"י""ח",1.33,ליטר,false,1,18.90,14.21,false,1,
7290001327791,false,קרמיסימו 1.3 עוגיות שטראוס,גלידות שטראוס בעמ,,,"י""ח",1.33,ליטר,false,1,18.90,14.21,false,1,
7290001407509,false,טחינה שוואיה 500 גרם,קבוצת אוסם סחר-שות.מוגבלת,,,"י""ח",500,ל  גרם,false,1,17.40,3.48,false,1,
7290001407769,false,~טחינה מעושר בסיבים 500 ג`,קבוצת אוסם סחר-שות.מוגבלת,,,"י""ח",500,ל  גרם,false,1,13.90,2.78,false,1,
7290001482384,false,אננס חתוך 227 גרם,ג.וילי פוד אינטרנשיונל בעמ,,,"י""ח",227,ל  גרם,false,1,4.40,1.94,false,1,
7290001482506,false,"חומץ בלסמי 500  מ""ל(ויליפוד)",ג.וילי פוד אינטרנשיונל בעמ,,,"י""ח",500,"ל  מ""ל",false,1,18.40,3.68,false,1,
7290001485019,false,גבינת שמנת    5% טרה,*החברה המרכזית להפצת משקאותבעמ,,,"י""ח",200,ל  גרם,false,1,11.50,5.75,false,1,
7290001491010,false,תה ירוק עם יסמין,תה ויסוצקי (ישראל)בעמ,,,"י""ח",37.50,ל  גרם,false,1,24.90,66.40,true,1,
7290001491096,false,תה ירוק -50לימונית,תה ויסוצקי (ישראל)בעמ,,,"י""ח",75,ל  גרם,false,1,45.90,61.20,true,1,
7290001567555,false,פסטרמה מעודנת עם דבש  300ג,מעדני יחיעם 1993 בעמ,,,"י""ח",300,ל  גרם,false,1,20.90,6.97,false,1,
7290001594155,false,בקבוק קוקה קולה חצי ליטר.,החברה המרכזית להפצת משקאות בעמ,,,"י""ח",500,"ל  מ""ל",false,1,6.30,1.20,false,1,
7290001594179,false,פאנטה אורנג  0.5ליטר,החברה המרכזית להפצת משקאות בעמ,,,"י""ח",500,"ל  מ""ל",false,1,6.30,1.20,false,1,
7290001594230,false,"סודה קינלי 250 מ""ל",החברה המרכזית להפצת משקאות בעמ,,,"י""ח",250,"ל  מ""ל",false,1,3.20,1.16,true,1,
7290001594377,false,פריגת תפוזים 500,החברה המרכזית להפצת משקאות בעמ,,,"י""ח",500,"ל  מ""ל",false,1,5.20,0.98,true,1,
7290001594384,false,פריגת אשכוליות 500,החברה המרכזית להפצת משקאות בעמ,,,"י""ח",500,"ל  מ""ל",false,1,5.20,0.98,true,1,
7290001594391,false,פריגת ענבים 500,החברה המרכזית להפצת משקאות בעמ,,,"י""ח",500,"ל  מ""ל",false,1,5.20,0.98,true,1,
7290001594520,false,טובורג בקבוק 330,החברה המרכזית להפצת משקאות בעמ,,,"י""ח",330,"ל  מ""ל",false,1,7.30,2.12,false,1,
7290001594568,false,קרלסברג 500 פחית,החברה המרכזית להפצת משקאות בעמ,,,"י""ח",500,"ל  מ""ל",false,1,9.90,1.92,false,1,
7290001594575,false,פחית טובורג 500,החברה המרכזית להפצת משקאות בעמ,,,"י""ח",500,"ל  מ""ל",false,1,9.30,1.80,true,1,
7290001594858,false,בירה טובורג רד שישיה,החברה המרכזית להפצת משקאות בעמ,,,"י""ח",1.98,ליטר,false,1,41.70,20.15,true,1,
7290001670651,false,מנגל חד פעמי הנמל,הנמל אריזות ושווק בעמ,,,"י""ח",1,,false,1,19.90,19.90,false,1,
7290001780800,false,"קראנצ  שלגון נוגט נסטלה כשל""פ",נגה גלידות,,,"י""ח",1,,false,1,11.90,11.90,true,1,
7290001791349,false,אקונומיקה ריחנית פיסגה 4 ליטר,החב הדרומית לשיווק,,,"י""ח",4,ליטר,false,1,11.90,2.98,false,1,
7290001817377,false,צ יטוס O-X 60גר.,"שטראוס פריטו ליי בע""מ",,,"י""ח",60,ל  גרם,false,1,3.70,6.17,false,1,
7290001817728,false,צ יטוס כאפה 55גר,"שטראוס פריטו ליי בע""מ",,,"י""ח",0.55,"י""ח",false,1,3.70,6.73,false,1,
7290001881231,false,מנגו קפוא 300 גרם.,מאמא מרי בעמ,,,"י""ח",1,,false,1,16.90,16.90,false,1,
7290001901243,false,גפילטע פיש 8 יח ירושלמי,ח.כהן סוכנות מזון ומשקאות בע,,,"י""ח",8,"י""ח",false,1,19.90,2.49,false,1,
7290001901250,false,קלאסי דג 8 מנות הונגרי גלאט,ח.כהן סוכנות מזון ומשקאות בע,,,"י""ח",8,"י""ח",false,1,19.90,2.49,false,1,
7290001917527,false,פדיות קוסמטיות להסרת איפור 1*3,דנשר (1963) בעמ,,,"י""ח",1,,false,1,19.90,19.90,false,1,
7290001990148,false,סוכר גולרן קלסי צנצנת,סוגת תעשיות בעמ,,,"י""ח",1,"ק""ג",false,1,14.90,14.90,false,1,
7290001990278,false,"שעועית לבנה 1 ק""ג סוגת",סוגת תעשיות בעמ,,,"י""ח",1,"ק""ג",false,1,16.90,16.90,true,1,
7290001990407,false,"עדשים ירוקים 1 ק""ג סוגת",סוגת תעשיות בעמ,,,"י""ח",1,"ק""ג",false,1,15.90,15.90,true,1,
7290001990414,false,"עדשים אדומים 1 ק""ג סוגת",סוגת תעשיות בעמ,,,"י""ח",1,"ק""ג",false,1,14.90,14.90,true,1,
7290001990421,false,"פופקורן 1 ק""ג סוגת",סוגת תעשיות בעמ,,,"י""ח",1,"ק""ג",false,1,9.90,9.90,true,1,
7290002000136,false,שעווה למיקרוגל,דנשר (1963) בעמ,,,"י""ח",500,ל  גרם,false,1,19.90,3.98,false,1,
7290002000143,false,ק.ידיים פ נגל קלאסיק,דנשר (1963) בעמ,,,"י""ח",100,"ל  מ""ל",false,1,7.90,7.90,false,1,
7290002007371,false,פירורי לחם 500גר הנמל,הנמל אריזות ושווק בעמ,,,"י""ח",500,ל  גרם,false,1,7.90,1.58,false,1,
7290002014201,false,חומוס 200 גרם,סלטי שמיר2006בעמ,,,"י""ח",200,ל  גרם,false,1,7.90,3.95,true,1,
7290002014218,false,סלט טחינה 200 גרם,סלטי שמיר2006בעמ,,,"י""ח",200,ל  גרם,false,1,7.90,3.95,true,1,
7290002014225,false,סלט חצילים 200 ג-מיקי,סלטי שמיר2006בעמ,,,"י""ח",200,ל  גרם,false,1,7.90,3.95,true,1,
7290002014232,false,סלט טורקי 200 גרם-מיקי,סלטי שמיר2006בעמ,,,"י""ח",200,ל  גרם,false,1,7.90,3.95,true,1,
7290002014799,false,מטבוחה 200 גרם-מיקי,סלטי שמיר2006בעמ,,,"י""ח",200,ל  גרם,false,1,7.90,3.95,true,1,
7290002019114,false,רוטב עגב  28% פריניר,ח.כהן סוכנות מזון ומשקאות בע,,,"י""ח",580,ל  גרם,false,1,6.90,1.19,false,1,
7290002019763,false,עגבניות מרוסקות800 גר,ח.כהן סוכנות מזון ומשקאות בע,,,"י""ח",800,ל  גרם,false,1,6.90,0.86,false,1,
7290002019787,false,רוטב עגבניות 260 פריניר,ח.כהן סוכנות מזון ומשקאות בע,,,"י""ח",260,ל  גרם,false,1,3.90,1.50,false,1,
7290002019794,false,רוטב פריניר 100גר`,ח.כהן סוכנות מזון ומשקאות בע,,,"י""ח",100,ל  גרם,false,1,1.90,1.90,false,1,
7290002026365,false,טבעות בצל,מוצרי איכות אמריקאיים בעמ,,,"י""ח",1,"י""ח",false,1,11.90,11.90,false,1,
7290002037057,false,לחם לבן פרוס,י.את א. ברמן בעמ,,,"י""ח",500,ל  גרם,false,1,6.10,1.22,false,1,
7290002037309,false,6 לחמניות  בשקית}וודש{,י.את א. ברמן בעמ,,,"י""ח",400,ל  גרם,false,1,12.90,3.23,false,1,
7290002037637,false,לחמנית צמה מתוקה 4יח,י.את א. ברמן בעמ,,,"י""ח",1,,false,1,11.90,11.90,false,1,
7290002040019,false,~קוסקוס רגיל}הנמל{,הנמל אריזות ושווק בעמ,,,"י""ח",350,ל  גרם,false,1,6.90,1.97,false,1,
7290002040064,false,קוסקוס דק]הנמל[,הנמל אריזות ושווק בעמ,,,"י""ח",350,ל  גרם,false,1,6.90,1.97,false,1,
7290002057017,false,נובו ענק A2,קבוצת יבנה מוצרי מזון בעמ,,,"י""ח",560,ל  גרם,false,1,8.90,1.59,false,1,
7290002057031,false,מבוקעים גדול A2,קבוצת יבנה מוצרי מזון בעמ,,,"י""ח",560,ל  גרם,false,1,8.90,1.59,false,1,
7290002057048,false,סורי מבוקעים A2,קבוצת יבנה מוצרי מזון בעמ,,,"י""ח",560,ל  גרם,false,1,10.50,1.88,false,1,
7290002057062,false,מנזולינו בינוני/יבנה,קבוצת יבנה מוצרי מזון בעמ,,,"י""ח",560,ל  גרם,false,1,6.90,1.23,false,1,
7290002057093,false,מנזולינו גדול A2,קבוצת יבנה מוצרי מזון בעמ,,,"י""ח",600,ל  גרם,false,1,10.50,1.75,false,1,
7290002057109,false,מנזולינו גדול מאוד,קבוצת יבנה מוצרי מזון בעמ,,,"י""ח",560,ל  גרם,false,1,10.90,1.95,false,1,
7290002057123,false,חרוזית }A-2 יבנה{,קבוצת יבנה מוצרי מזון בעמ,,,"י""ח",560,ל  גרם,false,1,9.90,1.77,true,1,
7290002057161,false,מרינד גדול מאד,קבוצת יבנה מוצרי מזון בעמ,,,"י""ח",560,ל  גרם,false,1,8.90,1.59,false,1,
7290002057185,false,טבעות ירוק-יבנה,קבוצת יבנה מוצרי מזון בעמ,,,"י""ח",560,ל  גרם,false,1,10.90,1.95,false,1,
7290002057352,false,מלפפון  מלח  }A-2   7-9 יבנה540 גרם,קבוצת יבנה מוצרי מזון בעמ,,,"י""ח",600,ל  גרם,false,1,7.60,1.27,false,1,
7290002057376,false,מלפ  מלח 13-17 יבנה,קבוצת יבנה מוצרי מזון בעמ,,,"י""ח",600,ל  גרם,false,1,9.90,1.65,false,1,
7290002057383,false,מלפפון  במלח 18\25 יבנה,קבוצת יבנה מוצרי מזון בעמ,,,"י""ח",600,ל  גרם,false,1,12.90,2.15,false,1,
7290002057451,false,מלפפון  בחומץ }7-9 יבנה{,קבוצת יבנה מוצרי מזון בעמ,,,"י""ח",600,ל  גרם,false,1,7.60,1.27,false,1,
7290002057468,false,מלפפון  בחומץ 10\12 יבנה,קבוצת יבנה מוצרי מזון בעמ,,,"י""ח",600,ל  גרם,false,1,7.50,1.25,false,1,
7290002057475,false,מלפ  בחומץ 13\17 יבנה,קבוצת יבנה מוצרי מזון בעמ,,,"י""ח",600,ל  גרם,false,1,9.90,1.65,false,1,
7290002057482,false,מלפ  חומץ 18\25,קבוצת יבנה מוצרי מזון בעמ,,,"י""ח",560,ל  גרם,false,1,12.90,2.30,false,1,
7290002057734,false,זיתים מושחרים חרוזית,קבוצת יבנה מוצרי מזון בעמ,,,"י""ח",540,ל  גרם,false,1,7.90,1.46,false,1,
7290002057864,false,נובו ענק צנצנת יבנה,קבוצת יבנה מוצרי מזון בעמ,,,"י""ח",560,ל  גרם,false,1,10.90,1.95,false,1,
7290002065555,false,לחמניות בשקית 6 יח,שלמה א.אנג ל בעמ,,,"י""ח",1,,false,1,11.90,11.90,false,1,
7290002075233,false,אייסקונפקט 250גר`,שוקוטרייד בעמ,,,"י""ח",250,ל  גרם,false,1,17.90,7.16,false,1,
7290002107491,false,גבינת עיזים 5% 250 ג`,*החברה המרכזית להפצת משקאותבעמ,,,"י""ח",250,ל  גרם,false,1,14.90,5.96,true,1,
7290002107798,false,בולגרית בקר 5% צוריאל,*החברה המרכזית להפצת משקאותבעמ,,,"י""ח",250,ל  גרם,false,1,21.90,8.76,false,1,
7290002107965,false,טבורוג 5% 500גר.,*החברה המרכזית להפצת משקאותבעמ,,,"י""ח",500,ל  גרם,false,1,23.90,4.78,false,1,
7290002130567,false,~דבש יד מרדכי 350 גרם,"שטראוס גרופ בע""מ",,,"י""ח",3.50,"י""ח",false,1,20.70,5.91,false,1,
7290002130574,false,"דבש טבעי 0.5 ק""ג יד מרדכי","שטראוס גרופ בע""מ",,,"י""ח",500,ל  גרם,false,1,28.60,5.72,false,1,
7290002130581,false,"דבש טהור 1 ק""ג יד מרדכי","שטראוס גרופ בע""מ",,,"י""ח",1,קוב,false,1,48.90,48.90,false,1,
7290002132011,false,עבאדי עוגיות מלוחות 400גר,תה ויסוצקי (ישראל)בעמ,,,"י""ח",400,ל  גרם,false,1,17.90,4.48,false,1,
7290002239277,false,גזר גמדי ]800פריגליל[,ויטה- פרי גליל (החדשה) בעמ,,,"י""ח",800,ל  גרם,false,1,9.90,1.24,false,1,
7290002253006,false,שום כתוש טרי 200,קבוצת אוסם סחר-שות.מוגבלת,,,"י""ח",200,ל  גרם,false,1,16.90,8.45,false,1,
7290002253105,false,מגשית קוביות שום,קבוצת אוסם סחר-שות.מוגבלת,,,"י""ח",80,ל  גרם,false,1,13.90,17.38,false,1,
7290002253167,false,דורות פטרוזיליה טריה קצוצה,קבוצת אוסם סחר-שות.מוגבלת,,,"י""ח",70,ל  גרם,false,1,11.90,17,false,1,
7290002253181,false,דורות כוסברה טריה קצוצה,קבוצת אוסם סחר-שות.מוגבלת,,,"י""ח",70,ל  גרם,false,1,10.90,15.57,false,1,
7290002253198,false,דורות ג ינג ר טרי במגש,קבוצת אוסם סחר-שות.מוגבלת,,,"י""ח",90,ל  גרם,false,1,10.50,11.67,false,1,
7290002259640,false,רדיד אלומיניום בודד  קצר דיימונד 84,גורי ע.ע.ע. בעמ,,,"י""ח",1,"י""ח",false,1,11.90,11.90,false,1,
7290002259664,false,רדיד אלומיניום דיימונד 086 0.30,גורי ע.ע.ע. בעמ,,,"י""ח",1,,false,1,49.90,49.90,false,1,
7290002319016,false,אבקת אפיה עשיריות מיה,מיה תעשיות מזון מ.ת.מ בעמ,,,"י""ח",100,ל  גרם,false,1,1.90,1.90,false,1,
7290002319023,false,סוכר וניל עשיריות מיה,מיה תעשיות מזון מ.ת.מ בעמ,,,"י""ח",100,ל  גרם,false,1,1.90,1.90,false,1,
7290002319054,false,פרג טחון 100 גרם,מיה תעשיות מזון מ.ת.מ בעמ,,,"י""ח",100,ל  גרם,false,1,5.90,5.90,false,1,
7290002319061,false,קוקוס טחון 100 גרם מיה,מיה תעשיות מזון מ.ת.מ בעמ,,,"י""ח",100,ל  גרם,false,1,3.90,3.90,false,1,
7290002319078,false,שומשום 100 גרם מיה,מיה תעשיות מזון מ.ת.מ בעמ,,,"י""ח",100,ל  גרם,false,1,2.90,2.90,false,1,
7290002319092,false,קמח תפוחי אדמה 500,מיה תעשיות מזון מ.ת.מ בעמ,,,"י""ח",500,ל  גרם,false,1,4.90,0.98,false,1,
7290002319115,false,חומוס גדול 500 מיה,מיה תעשיות מזון מ.ת.מ בעמ,,,"י""ח",500,ל  גרם,false,1,6.90,1.38,true,1,
7290002319122,false,גריסים 500 גרם מיה,מיה תעשיות מזון מ.ת.מ בעמ,,,"י""ח",500,ל  גרם,false,1,6.90,1.38,true,1,
7290002319139,false,שעועית לבנה 500 מיה,מיה תעשיות מזון מ.ת.מ בעמ,,,"י""ח",500,ל  גרם,false,1,6.90,1.38,true,1,
7290002319146,false,שעועית אדומה 500 מיה,מיה תעשיות מזון מ.ת.מ בעמ,,,"י""ח",500,ל  גרם,false,1,7.50,1.50,false,1,
7290002319160,false,אפונה ירוקה יבשה} {500,מיה תעשיות מזון מ.ת.מ בעמ,,,"י""ח",500,ל  גרם,false,1,4.90,0.98,true,1,
7290002319177,false,פופקורן 500,מיה תעשיות מזון מ.ת.מ בעמ,,,"י""ח",500,ל  גרם,false,1,4.90,0.98,true,1,
7290002319184,false,עדשים אדומות  500 מיה,מיה תעשיות מזון מ.ת.מ בעמ,,,"י""ח",500,ל  גרם,false,1,6.90,1.38,true,1,
7290002319191,false,עדשים ירוקים 500 מיה,מיה תעשיות מזון מ.ת.מ בעמ,,,"י""ח",500,ל  גרם,false,1,6.90,1.38,true,1,
7290002319207,false,כוסמת 500,מיה תעשיות מזון מ.ת.מ בעמ,,,"י""ח",500,ל  גרם,false,1,8.90,1.78,true,1,
7290002319221,false,חיטה 500 ג מיה,מיה תעשיות מזון מ.ת.מ בעמ,,,"י""ח",500,ל  גרם,false,1,3.50,0.70,false,1,
7290002319405,false,קינמון בצנצנת 80גר`,מיה תעשיות מזון מ.ת.מ בעמ,,,"י""ח",100,ל  גרם,false,1,6.30,6.30,false,1,
7290002319627,false,ציפורן טחון,מיה תעשיות מזון מ.ת.מ בעמ,,,"י""ח",50,ל  גרם,false,1,11.90,23.80,false,1,
7290002319689,false,סודה לשתיה 150 ג,מיה תעשיות מזון מ.ת.מ בעמ,,,"י""ח",150,ל  גרם,false,1,6.90,4.60,false,1,
7290002319771,false,תמצית אפיה וניל מיה,מיה תעשיות מזון מ.ת.מ בעמ,,,"י""ח",50,"ל  מ""ל",false,1,2.90,5.80,false,1,
7290002319825,false,אבקת סוכר 100 גר מיה,מיה תעשיות מזון מ.ת.מ בעמ,,,"י""ח",100,ל  גרם,false,1,2.30,2.30,false,1,
7290002327912,false,מיני בורקס 700 ג,נטו מלינדה סחר בעמ,,,"י""ח",700,ל  גרם,false,1,21.90,3.13,true,1,
7290002331025,false,נביעות 500 ספורט,החברה המרכזית להפצת משקאות בעמ,,,"י""ח",500,"ל  מ""ל",false,1,3.30,0.60,false,1,
7290002331094,false,נביעות 755 מייל בודד,החברה המרכזית להפצת משקאות בעמ,,,"י""ח",755,"ל  מ""ל",false,1,4.30,0.53,false,1,
7290002331124,false,מינרלים תפוח 0.5 ליטר,החברה המרכזית להפצת משקאות בעמ,,,"י""ח",500,"ל  מ""ל",false,1,6.30,1.20,false,1,
7290002331155,false,מינרלים אפרסק 0.5 ליטר,החברה המרכזית להפצת משקאות בעמ,,,"י""ח",500,"ל  מ""ל",false,1,6.30,1.20,false,1,
7290002331421,false,"שישיית נביעות 775 מ""ל",החברה המרכזית להפצת משקאות בעמ,,,"י""ח",4.53,ליטר,false,1,16.90,3.33,false,1,
7290002348160,false,תירס גמדי שלם ויליגר 400גר,נטו מלינדה סחר בעמ,,,"י""ח",400,ל  גרם,false,1,5.90,1.48,false,1,
7290002348238,false,לפתן אננס  חתוך 850 ג וויליגר,נטו מלינדה סחר בעמ,,,"י""ח",850,ל  גרם,false,1,9.10,1.07,false,1,
7290002348306,false,קוקטיל פירות,נטו מלינדה סחר בעמ,,,"י""ח",850,ל  גרם,false,1,11.90,1.40,true,1,
7290002353836,false,סרדינים רוברט בשמן זית,א. סיימן סחר בעמ,,,"י""ח",120,ל  גרם,false,1,9.90,8.25,true,1,
7290002360155,false,פומפדור-שומר,ש.שסטוביץ בעמ,,,"י""ח",40,ל  גרם,false,1,13.90,34.75,false,1,
7290002360285,false,תה פומפדור-קמומיל,ש.שסטוביץ בעמ,,,"י""ח",30,ל  גרם,false,1,13.90,46.33,false,1,
7290002371854,false,"נקניקיות חריפות 1ק""ג",תנובה בשר,,,"י""ח",1,"ק""ג",false,1,31.90,31.90,false,1,
7290002374268,false,שמן חמניות מילומור 1 ליטר.,סוגת תעשיות בעמ,,,"י""ח",1,ליטר,false,1,11.90,11.90,false,1,
7290002374312,false,שמן קנולה מילו 1 ליטר,סוגת תעשיות בעמ,,,"י""ח",1,ליטר,false,1,11.90,11.90,false,1,
7290002485025,false,חומוס מסעדות 500 גרם,סלטי שמיר2006בעמ,,,"י""ח",500,ל  גרם,false,1,15.90,3.18,false,1,
7290002485049,false,חומוס מסבחה 500 גרם,סלטי שמיר2006בעמ,,,"י""ח",500,ל  גרם,false,1,15.90,3.18,false,1,
7290002485063,false,חומוס אבו גוש 500 גרם,סלטי שמיר2006בעמ,,,"י""ח",500,ל  גרם,false,1,15.90,3.18,false,1,
7290002515333,false,"אל סבון עדין לתינוק 500 מ""ל",פישר תעשיות פרמבצטיות בעמ,,,"י""ח",400,"ל  מ""ל",false,1,18.60,4.65,false,1,
7290002517290,false,קינמון טחון 40 גרם,תבליני טעם וריח בעמ,,,"י""ח",1,,false,1,5.90,5.90,false,1,
7290002517337,false,אורגנו שקית 25יח,תבליני טעם וריח בעמ,,,"י""ח",1,,false,1,5.90,5.90,false,1,
7290002517375,false,בזילקום,תבליני טעם וריח בעמ,,,"י""ח",1,,false,1,5.90,5.90,false,1,
7290002517573,false,תערובת תיבול לבשר 100 גרם,תבליני טעם וריח בעמ,,,"י""ח",100,ל  גרם,false,1,11.90,11.90,false,1,
7290002543237,false,קורנפלקס 750 גרם קלוגס,דיפלומט מפיצים (1968) בעמ**,,,"י""ח",750,ל  גרם,false,1,17.90,2.39,true,1,
7290002551003,false,סטארקיסט בשמן   בודד,דיפלומט מפיצים (1968) בעמ**,,,"י""ח",160,ל  גרם,false,1,6.90,4.31,false,1,
7290002627210,false,~גפילטע פיש 520גר`=,נטו מלינדה סחר בעמ,,,"י""ח",520,ל  גרם,false,1,9.90,1.90,false,1,
7290002650799,false,פלפל גמבה ירוק קוביות,לפ נופת דגן בעם,,,"י""ח",90,ל  גרם,false,1,8.50,9.44,false,1,
7290002661214,false,לחם קמחים מלאים 100% ברמן.,י.את א. ברמן בעמ,,,"י""ח",1,,false,1,12.90,12.90,false,1,
7290002664673,false,סוכר וניל,לפ חב.המשווק טיפנ ברון בעמ,,,"י""ח",100,ל  גרם,false,1,2.40,2.40,false,1,
7290002692393,false,שמן קנולה 1 ליטר מועשר עץ הזית.,סוגת תעשיות בעמ,,,"י""ח",1,ליטר,false,1,15.90,15.90,false,1,
7290002692409,false,שמן חמניות 1  ליטר מועשר.,סוגת תעשיות בעמ,,,"י""ח",1,ליטר,false,1,14.50,14.50,false,1,
7290002715504,false,מרק עוף בכוס,נטו מלינדה סחר בעמ,,,"י""ח",70,ל  גרם,false,1,5,7.14,false,1,
7290002715511,false,מרק בשר מאג יק,נטו מלינדה סחר בעמ,,,"י""ח",70,ל  גרם,false,1,5,7.14,false,1,
7290002715528,false,מרק ירקות בכוס,נטו מלינדה סחר בעמ,,,"י""ח",70,ל  גרם,false,1,5,7.14,false,1,
7290002715580,false,מרק סיני בכוס,נטו מלינדה סחר בעמ,,,"י""ח",70,ל  גרם,false,1,5,7.14,false,1,
7290002730262,false,"פלמוליב נוזל כלים 750מ""ל",ש.שסטוביץ בעמ,,,"י""ח",750,"ל  מ""ל",false,1,12.90,1.72,true,1,
7290002730521,false,בלונס צימרונים,ש.שסטוביץ בעמ,,,"י""ח",100,ל  גרם,false,1,5.90,5.90,false,1,
7290002730538,false,בלונס מסיר איפור 60 יח,ש.שסטוביץ בעמ,,,"י""ח",1,"י""ח",false,1,8.90,8.90,false,1,
7290002730675,false,"##קולגייט אדומה 100 מ""ל",ש.שסטוביץ בעמ,,,"י""ח",100,"ל  מ""ל",false,1,11.90,11.90,false,1,
7290002730811,false,קולגייט ג ל משפחתי,ש.שסטוביץ בעמ,,,"י""ח",138,ל  גרם,false,1,13.10,9.49,false,1,
7290002730941,false,בלונס צמר גפן,ש.שסטוביץ בעמ,,,"י""ח",100,ל  גרם,false,1,6.30,6.30,false,1,
7290002730958,false,סבון מוצק זיתים פלמוליב  4יח,ש.שסטוביץ בעמ,,,"י""ח",360,ל  גרם,false,1,16.90,4.69,true,1,
7290002752332,false,מנטוס גלילים פירות,ליימן שליסל,,,"י""ח",37.50,ל  גרם,false,1,3.30,8.80,false,1,
7290002752349,false,מנטוס גלילים מנטה,ליימן שליסל,,,"י""ח",37.50,ל  גרם,false,1,3.30,8.80,false,1,
7290002753223,false,טיק טק 4 יח,ליימן שליסל,,,"י""ח",1,,false,1,10.25,10.25,false,1,
7290002768074,false,דרמפון 1 ליטר,החב הדרומית לשיווק,,,"י""ח",1,ליטר,false,1,17.90,17.90,false,1,
7290002771104,false,קפה אלנחלה 500גר  עם הל,קפה אל נחלה בני רפיק,,,"י""ח",500,ל  גרם,false,1,31.90,6.38,false,1,
7290002771111,false,.קפה אלנחילה 250 גר עם הל,קפה אל נחלה בני רפיק,,,"י""ח",2.50,"י""ח",false,1,16.90,6.76,false,1,
7290002771128,false,קפה אלנחילה 250 גר,קפה אל נחלה בני רפיק,,,"י""ח",250,ל  גרם,false,1,15.90,6.36,false,1,
7290002782131,false,דאודורנט ספריי פנינה,פנינה רוזנבלום בעמ,,,"י""ח",150,"ל  מ""ל",false,1,23.90,15.93,true,1,
7290002782759,false,קרם גוף פ. רוזנבלום מס 2,פנינה רוזנבלום בעמ,,,"י""ח",500,"ל  מ""ל",false,1,24.90,4.98,true,1,
7290002805151,false,סיף נוזל רצפות סחלבים 4לי,יוניליוור ישראל שיווק בעמ,,,"י""ח",4,ליטר,false,1,20.80,5.20,false,1,
7290002824183,false,גבינה סקי 5% 500 גרם*,"שטראוס גרופ ***בע""מ",,,"י""ח",500,ל  גרם,false,1,9.50,1.90,false,1,
7290002824466,false,דנונה ביו  %0 שומן,"שטראוס גרופ ***בע""מ",,,"י""ח",200,"ל  מ""ל",false,1,3.70,1.85,false,1,
7290002824640,false,גבינה סקי 5% 250  גרם*,"שטראוס גרופ ***בע""מ",,,"י""ח",250,ל  גרם,false,1,4.75,1.90,false,1,
7290002825722,false,סלט כרוב אדום שטראוס 500גרם,"שטראוס גרופ ***בע""מ",,,"י""ח",500,ל  גרם,false,1,15.90,3.18,true,1,
7290002842002,false,פתיתי ש. שועל מורנפלייק 500ג,ליימן שליסל,,,"י""ח",500,ל  גרם,false,1,10.90,2.18,false,1,
7290002868996,false,קוטג  5% מועשר 250 גרם,*החברה המרכזית להפצת משקאותבעמ,,,"י""ח",250,ל  גרם,false,1,5.90,2.36,false,1,
7290002900566,false,פסטרמה ברביקיו דלת שומן,תנובה בשר,,,"י""ח",360,ל  גרם,false,1,36,10,false,1,
7290002921233,false,קרבונה כתמים,יעקב יעקבי ובניו בעמ,,,"י""ח",170,ל  גרם,false,1,28.90,17,false,1,
7290002921240,false,שמפוזר-קרבונה אדום,יעקב יעקבי ובניו בעמ,,,"י""ח",650,"ל  מ""ל",false,1,33.90,5.22,false,1,
7290002922117,false,עוגיות אקלר פרמיום,הלל בן הלל שיווק ומסחר בעמ,,,"י""ח",250,ל  גרם,false,1,23.90,9.56,false,1,
7290002939450,false,שניצל   אמריקאי(עטרה{600גר,נטו מלינדה סחר בעמ,,,"י""ח",600,ל  גרם,false,1,17.90,2.98,false,1,
7290002939542,false,לשון עטרה חלק,נטו מלינדה סחר בעמ,,,"ק""ג",1,,true,1,59.90,59.90,false,1,
7290002987963,false,"חומוס אחלה 1 ק""ג שטראוס","שטראוס גרופ ***בע""מ",,,"י""ח",1,"ק""ג",false,1,13.90,13.90,false,1,
7290003009312,false,בוטן קלוי 200 גרם שקית קליית גת,ליימן שליסל,,,"י""ח",200,ל  גרם,false,1,6.60,3.30,false,1,
7290003009329,false,בוטן אמריקאי 200 גרם,ליימן שליסל,,,"י""ח",200,ל  גרם,false,1,5.90,2.95,true,1,
7290003009336,false,קבוקים 200 ג,ליימן שליסל,,,"י""ח",200,ל  גרם,false,1,5.90,2.95,true,1,
7290003015627,false,ריצפז פרש אפרסק 2 ליטר,החב הדרומית לשיווק,,,"י""ח",2,ליטר,false,1,19.90,9.95,false,1,
7290003015634,false,ריצפז פרש פסיפלורה 2 ליטר,החב הדרומית לשיווק,,,"י""ח",2,ליטר,false,1,19.90,9.95,false,1,
7290003015641,false,ריצפז פרש יסמין 2 ליטר,החב הדרומית לשיווק,,,"י""ח",2,ליטר,false,1,19.90,9.95,false,1,
7290003026319,false,קמיל פלוס משחה ל,פישר תעשיות פרמבצטיות בעמ,,,"י""ח",100,ל  גרם,false,1,18.90,18.90,true,1,
7290003029181,false,שוקו 1 ליטר בקבוק יטבתה,"שטראוס גרופ ***בע""מ",,,"י""ח",1,ליטר,false,1,11.90,11.90,false,1,
7290003029372,false,משקה חלב בננה 1ליטר בקבוק יטבתה,"שטראוס גרופ ***בע""מ",,,"י""ח",1,ליטר,false,1,11.90,11.90,false,1,
7290003029433,false,"שוקו יטבתה בקבוק 250מ""ל מהדרין","שטראוס גרופ ***בע""מ",,,"י""ח",250,"ל  מ""ל",false,1,5.50,2.20,false,1,
7290003029532,false,מוקה 1 ליטר יטבתה,"שטראוס גרופ ***בע""מ",,,"י""ח",1,ליטר,false,1,11.90,11.90,false,1,
7290003029617,false,שמנת מנה אישית,"שטראוס גרופ ***בע""מ",,,"י""ח",125,"ל  מ""ל",false,1,1.90,1.52,false,1,
7290003029792,false,מארז שוקו 8 יח  (יוטבתה),"שטראוס גרופ ***בע""מ",,,"י""ח",1.80,ליטר,false,1,19.90,11.06,false,1,
7290003029907,false,אייס קפה יטבתה 1 ליטר בקבוק,"שטראוס גרופ ***בע""מ",,,"י""ח",1,ליטר,false,1,11.90,11.90,false,1,
7290003047642,false,תה ליפטון 100שקיות (ללא עטיפה),יוניליוור ישראל שיווק בעמ,,,"י""ח",150,ל  גרם,false,1,13.90,9.27,false,1,
7290003054213,false,מסטמכר לחם שיפון 500 גרם,דיפלומט מפיצים (1968) בעמ**,,,"י""ח",500,ל  גרם,false,1,13.90,2.78,false,1,
7290003054220,false,מסטמכר לחם שיפון 500 גרם,דיפלומט מפיצים (1968) בעמ**,,,"י""ח",500,ל  גרם,false,1,13.90,2.78,false,1,
7290003054657,false,חרדל דיג ון אקסטרא פורטה דיפלומט,דיפלומט מפיצים (1968) בעמ**,,,"י""ח",370,ל  גרם,false,1,11.90,3.22,false,1,
7290003102990,false,מרפדיות כותנה 70 יח,אינטרסן (1996) בעמ,,,"י""ח",1,,false,1,7.90,7.90,false,1,
7290003119509,false,בקבוק ריק 1.20,שונות /שרות,,,"י""ח",1,"י""ח",false,1,1.20,1.20,false,1,
7290003121083,false,מג יק בשר בשקית,נטו מלינדה סחר בעמ,,,"י""ח",85,ל  גרם,false,1,4.40,5.18,false,1,
7290003121090,false,מג יק ירקות בשקית,נטו מלינדה סחר בעמ,,,"י""ח",85,ל  גרם,false,1,2.50,2.94,false,1,
7290003121106,false,מג יק עוף בשקית,נטו מלינדה סחר בעמ,,,"י""ח",85,ל  גרם,false,1,4.40,5.18,false,1,
7290003126712,false,"יוגורט עזים 3% ביו 150מ""ל",*החברה המרכזית להפצת משקאותבעמ,,,"י""ח",140,"ל  מ""ל",false,1,6.30,4.50,false,1,
7290003127597,false,שקית שרות קופה גופיה,שונות /שרות,,,"י""ח",1,,false,1,0.10,0.10,false,1,
7290003145751,false,קשיו קלוי 200גר`,ליימן שליסל,,,"י""ח",200,ל  גרם,false,1,22.90,11.45,true,1,
7290003145959,false,פקאן טבעי 150גר,ליימן שליסל,,,"י""ח",150,ל  גרם,false,1,20.40,13.60,false,1,
7290003187843,false,טחון עגל 100% 500גר,נטו מלינדה סחר בעמ,,,"י""ח",500,ל  גרם,false,1,27.90,5.58,false,1,
7290003199273,false,צמר פלדה 200 גרם ינה,ח.כהן סוכנות מזון ומשקאות בע,,,"י""ח",200,ל  גרם,false,1,6.90,3.45,false,1,
7290003229109,false,פסטרמה הודו בפפריקה,תנובה בשר,,,"י""ח",400,ל  גרם,false,1,29.90,7.48,false,1,
7290003229116,false,פסטרמה הודו בדבש טירת צבי,תנובה בשר,,,"י""ח",400,ל  גרם,false,1,29.90,7.48,false,1,
7290003229147,false,סלמי איטלקי מעושן,תנובה בשר,,,"י""ח",300,ל  גרם,false,1,32.90,10.97,false,1,
7290003229192,false,כתף בקר מעושן 400 גרם טירת צבי,תנובה בשר,,,"י""ח",400,ל  גרם,false,1,35.90,8.98,false,1,
7290003258406,false,ווקס ברילנטין,פנינה רוזנבלום בעמ,,,"י""ח",100,"ל  מ""ל",false,1,18.90,18.90,false,1,
7290003321155,false,דנונה  בר קראנצי שבבי פקאן,"שטראוס גרופ ***בע""מ",,,"י""ח",175,"ל  מ""ל",false,1,4.60,2.63,false,1,
7290003321292,false,סקי 9% 250 גר*,"שטראוס גרופ ***בע""מ",,,"י""ח",250,ל  גרם,false,1,4.80,1.92,false,1,
7290003387373,false,ספיד סטיק גבר סגול,ש.שסטוביץ בעמ,,,"י""ח",70,ל  גרם,false,1,18.90,27,true,1,
7290003411757,false,"צלחות 1 ק""ג הנמל",הנמל אריזות ושווק בעמ,,,"י""ח",1,"ק""ג",false,1,34.90,34.90,false,1,
7290003411849,false,גרנולה תמרים 400,הנמל אריזות ושווק בעמ,,,"י""ח",400,ל  גרם,false,1,10.90,2.73,false,1,
7290003427154,false,שמן זית זיתא  כתית.מעולה 750,תה ויסוצקי (ישראל)בעמ,,,"י""ח",750,"ל  מ""ל",false,1,37.90,5.05,true,1,
7290003438006,false,ממרח פסטו צנובר,תה ויסוצקי (ישראל)בעמ,,,"י""ח",190,ל  גרם,false,1,13.90,7.32,false,1,
7290003438013,false,ממרח זיתים,תה ויסוצקי (ישראל)בעמ,,,"י""ח",190,ל  גרם,false,1,13.90,7.32,false,1,
7290003438709,false,ממרח זיתים שחורים,תה ויסוצקי (ישראל)בעמ,,,"י""ח",190,ל  גרם,false,1,14.90,7.84,false,1,
7290003450602,false,ממרח חרדל צהוב היינץ,דיפלומט מפיצים (1968) בעמ**,,,"י""ח",255,ל  גרם,false,1,10.90,4.27,false,1,
7290003457991,false,קורנטו קלאסיק שטראוס,גלידות שטראוס בעמ,,,"י""ח",1,,false,1,34.90,34.90,false,1,
7290003525478,false,סלט טונה ויליגר 160 גרם,נטו מלינדה סחר בעמ,,,"י""ח",160,ל  גרם,false,1,5.90,3.69,false,1,
7290003527380,false,דובדבן מתוק ללא חרצן 680גרם,נטו מלינדה סחר בעמ,,,"י""ח",680,ל  גרם,false,1,9.90,1.46,false,1,
7290003550753,false,טונה פוסידון רביעיות,נטו מלינדה סחר בעמ,,,"י""ח",340,ל  גרם,false,1,21.90,6.44,false,1,
7290003578061,false,לבבות דקל שלם}וויליפוד 400ג,ג.וילי פוד אינטרנשיונל בעמ,,,"י""ח",400,ל  גרם,false,1,11.90,2.98,false,1,
7290003578177,false,תירס גמדי ויליפוד 410 גרם,ג.וילי פוד אינטרנשיונל בעמ,,,"י""ח",410,ל  גרם,false,1,8.90,2.17,true,1,
7290003578290,false,מקלוני אורז 300 גרם. ויליפוד,ג.וילי פוד אינטרנשיונל בעמ,,,"י""ח",300,ל  גרם,false,1,6.50,2.17,false,1,
7290003578313,false,דובדבנים  וויליפוד ללא חרצנים,ג.וילי פוד אינטרנשיונל בעמ,,,"י""ח",720,ל  גרם,false,1,8.90,1.24,false,1,
7290003643004,false,"אורז בסמטי קלאסי  סוגת1 ק""ג",סוגת תעשיות בעמ,,,"י""ח",1,"ק""ג",false,1,12.90,12.90,false,1,
7290003643387,false,"סוכר אריזת פלסטיק 1 ק""ג סוגת",סוגת תעשיות בעמ,,,"י""ח",1,"ק""ג",false,1,8.90,8.90,false,1,
7290003643646,false,סוכר חום דמררה סוגת,סוגת תעשיות בעמ,,,"י""ח",1,"ק""ג",false,1,13.90,13.90,false,1,
7290003643684,false,אפונה יבשה 500 גרם,סוגת תעשיות בעמ,,,"י""ח",500,ל  גרם,false,1,6.90,1.38,true,1,
7290003643707,false,גריסים 500 ג,סוגת תעשיות בעמ,,,"י""ח",500,ל  גרם,false,1,4.90,0.98,true,1,
7290003643714,false,חומוס 500 גרם סוגת,סוגת תעשיות בעמ,,,"י""ח",500,ל  גרם,false,1,7.90,1.58,true,1,
7290003643738,false,חיטה 500 גרם סוגת,סוגת תעשיות בעמ,,,"י""ח",500,ל  גרם,false,1,4.90,0.98,true,1,
7290003643745,false,כוסמת 500 גרם סוגת,סוגת תעשיות בעמ,,,"י""ח",500,ל  גרם,false,1,8.90,1.78,true,1,
7290003643752,false,~עדשים ירוקים 500 ג סוגת,סוגת תעשיות בעמ,,,"י""ח",500,ל  גרם,false,1,8.90,1.78,true,1,
7290003643769,false,עדשים אדומים 500 סוגת,סוגת תעשיות בעמ,,,"י""ח",500,ל  גרם,false,1,8.90,1.78,true,1,
7290003643776,false,פופקורן 500 גרם,סוגת תעשיות בעמ,,,"י""ח",500,ל  גרם,false,1,6.90,1.38,true,1,
7290003643806,false,שעועית לבנה 500 גרם סוגת,סוגת תעשיות בעמ,,,"י""ח",500,ל  גרם,false,1,9.90,1.98,true,1,
7290003643813,false,שעועית אדומה 500 גרם,סוגת תעשיות בעמ,,,"י""ח",500,ל  גרם,false,1,11.90,2.38,true,1,
7290003643820,false,חומוס ענק 500 סוגת,סוגת תעשיות בעמ,,,"י""ח",500,ל  גרם,false,1,10,2,true,1,
7290003681334,false,"קוקוס 400 גרם מיה בד""צ",מיה תעשיות מזון מ.ת.מ בעמ,,,"י""ח",400,ל  גרם,false,1,9.90,2.48,false,1,
7290003681341,false,קונפיטורה  תות שדה,מיה תעשיות מזון מ.ת.מ בעמ,,,"י""ח",340,ל  גרם,false,1,13.90,4.09,false,1,
7290003681693,false,חומוס לבן ענק  500מיה,מיה תעשיות מזון מ.ת.מ בעמ,,,"י""ח",500,ל  גרם,false,1,8.90,1.78,false,1,
7290003681716,false,גריסי פנינה 500 ג מיה,מיה תעשיות מזון מ.ת.מ בעמ,,,"י""ח",500,ל  גרם,false,1,6.90,1.38,false,1,
7290003681761,false,גבישי שום 80גר`,מיה תעשיות מזון מ.ת.מ בעמ,,,"י""ח",800,ל  גרם,false,1,11.90,1.49,false,1,
7290003726141,false,טופו בוואקום,מחלבות גד,,,"י""ח",320,ל  גרם,false,1,12.90,4.03,false,1,
7290003744855,false,אובלטים שומשום 300 גרם,שוקוטרייד בעמ,,,"י""ח",300,ל  גרם,false,1,11.90,3.97,false,1,
7290003744862,false,אובלטים זעתר 300 גרם,שוקוטרייד בעמ,,,"י""ח",300,ל  גרם,false,1,11.90,3.97,false,1,
7290003781065,false,מלפפונים במלח עם,ג.וילי פוד אינטרנשיונל בעמ,,,"י""ח",690,ל  גרם,false,1,9.90,1.43,false,1,
7290003781652,false,צלפים 370גר,ג.וילי פוד אינטרנשיונל בעמ,,,"י""ח",370,ל  גרם,false,1,8.90,2.41,false,1,
7290003804252,false,תיבולית נוסח הודי 72גרם,יוניליוור ישראל שיווק בעמ,,,"י""ח",72,ל  גרם,false,1,8.90,12.36,true,1,
7290003804320,false,תיבולית שום ופטרוזיליה  72גר,יוניליוור ישראל שיווק בעמ,,,"י""ח",72,ל  גרם,false,1,8.90,12.36,true,1,
7290003804368,false,תיבולית  בזיליקום 72גרם,יוניליוור ישראל שיווק בעמ,,,"י""ח",72,ל  גרם,false,1,8.90,12.36,true,1,
7290003804382,false,תיבולית קוביות פטריות 72גרם,יוניליוור ישראל שיווק בעמ,,,"י""ח",72,ל  גרם,false,1,8.90,12.36,true,1,
7290003805501,false,פתית שבדי חסכוני 300 ג`,יוניליוור ישראל שיווק בעמ,,,"י""ח",300,ל  גרם,false,1,16.90,5.63,true,1,
7290003805587,false,"פתית ח.מ בד""צ",יוניליוור ישראל שיווק בעמ,,,"י""ח",250,ל  גרם,false,1,16.90,6.76,true,1,
7290003807178,false,"רוטב סויה 300 מ""ל סיג.סינ",יוניליוור ישראל שיווק בעמ,,,"י""ח",300,"ל  מ""ל",false,1,11.90,3.97,true,1,
7290003864478,false,~סרדין בשמן צמחי  ויליפוד,ג.וילי פוד אינטרנשיונל בעמ,,,"י""ח",110,ל  גרם,false,1,4.90,4.45,true,1,
7290003864492,false,סרדין בשמן צמחי וילפוד,ג.וילי פוד אינטרנשיונל בעמ,,,"י""ח",110,ל  גרם,false,1,4.90,4.45,true,1,
7290003882922,false,עלי גפן ממולאים וויליפוד 400,ג.וילי פוד אינטרנשיונל בעמ,,,"י""ח",400,ל  גרם,false,1,7.90,1.98,false,1,
7290003896141,false,אלמנדוס חטיף ספרדי פיקנטי,ליימן שליסל,,,"י""ח",200,ל  גרם,false,1,9.40,4.70,true,1,
7290003989096,false,סלט חציל  פיקנטי-אחלה,"שטראוס גרופ ***בע""מ",,,"י""ח",500,ל  גרם,false,1,15.90,3.18,true,1,
7290003989539,false,רביולי גבינה שטראוס,"שטראוס גרופ ***בע""מ",,,"י""ח",400,ל  גרם,false,1,20.90,5.23,true,1,
7290003989553,false,טורטלוני פטריות  שטראוס,"שטראוס גרופ ***בע""מ",,,"י""ח",400,ל  גרם,false,1,19.90,4.98,true,1,
7290004023041,false,לחם שיפון מחמצת 750גר,המאפה של דר מרק בריאו בעמ,,,"י""ח",750,ל  גרם,false,1,13.90,1.85,false,1,
7290004048679,false,קובה למרק,נטו מלינדה סחר בעמ,,,"י""ח",1,"ק""ג",false,1,21.90,21.90,false,1,
7290004061487,false,טבעות עוף 700,קפוא זן תעשיות מזון בעמ,,,"י""ח",700,ל  גרם,false,1,16.90,2.41,false,1,
7290004061494,false,נגיסי עוף 700,קפוא זן תעשיות מזון בעמ,,,"י""ח",700,ל  גרם,false,1,16.90,2.41,true,1,
7290004063115,false,"מלח גביש 1  ק""ג}עבה{",סוגת תעשיות בעמ,,,"י""ח",1,"ק""ג",false,1,1.70,1.70,false,1,
7290004078690,false,WC אגקס ג ל נוזל לשרותים,ש.שסטוביץ בעמ,,,"י""ח",750,"ל  מ""ל",false,1,14.90,1.99,false,1,
7290004078942,false,ליידי ספיד סטיק ג ל אדום,ש.שסטוביץ בעמ,,,"י""ח",63,ל  גרם,false,1,19.90,31.59,false,1,
7290004119225,false,יופלה אננס,תנובה בעמ ***,,,"י""ח",150,"ל  מ""ל",false,1,5.60,3.73,false,1,
7290004120566,false,בולגרית פיראוס 24% 250 ג`,תנובה בעמ ***,,,"י""ח",250,ל  גרם,false,1,23.90,9.56,true,1,
7290004120573,false,פריאוס בולגרית 16% 250גר,תנובה בעמ ***,,,"י""ח",250,ל  גרם,false,1,23.90,9.56,false,1,
7290004120634,false,~בולגרית פיראוס 5% 250גר,תנובה בעמ ***,,,"י""ח",250,ל  גרם,false,1,23.90,9.56,true,1,
7290004120832,false,חלב תנובה כד 2 ל  }תנובה{ מהדרין*,תנובה בעמ ***,,,"י""ח",2,ליטר,false,1,12.46,6.23,false,1,
7290004121488,false,דיאט יופלה אפרסק,תנובה בעמ ***,,,"י""ח",150,"ל  מ""ל",false,1,5,3.33,false,1,
7290004121853,false,פיראוס בולגרית קוביות 5% 200גר,תנובה בעמ ***,,,"י""ח",200,ל  גרם,false,1,23.90,11.95,false,1,
7290004122119,false,פתיתי פרמזן לפסטה 23% השף הלבן 100גר,תנובה בעמ ***,,,"י""ח",100,ל  גרם,false,1,13.10,13.10,false,1,
7290004122195,false,גוש   חלב פרוס}מהדרין  {200ג`,תנובה בעמ ***,,,"י""ח",200,ל  גרם,false,1,14.90,7.45,false,1,
7290004122270,false,עמק פרוס בקופסא 200גר,תנובה בעמ ***,,,"י""ח",200,ל  גרם,false,1,16.70,8.35,true,1,
7290004122348,false,~עמק לייט 9% בקופסא 200 ג`,תנובה בעמ ***,,,"י""ח",200,ל  גרם,false,1,17.90,8.95,true,1,
7290004122676,false,חמד פיראוס 5% 250גר,תנובה בעמ ***,,,"י""ח",250,ל  גרם,false,1,18.50,7.40,true,1,
7290004122683,false,אצבעות עמק 172גר,תנובה בעמ ***,,,"י""ח",172,ל  גרם,false,1,16.90,9.83,true,1,
7290004124205,false,דיאט יופלה תות טוויגי תות 0%,תנובה בעמ ***,,,"י""ח",150,"ל  מ""ל",false,1,5.20,3.47,false,1,
7290004124847,false,קצפת צמחית השף הלבן 500 מייל,תנובה בעמ ***,,,"י""ח",500,"ל  מ""ל",false,1,15.90,3.18,true,1,
7290004125400,false,אשל  *4.5%,תנובה בעמ ***,,,"י""ח",200,"ל  מ""ל",false,1,1.69,0.85,false,1,
7290004125417,false,גיל  *3% 200 ג`,תנובה בעמ ***,,,"י""ח",200,ל  גרם,false,1,1.51,0.76,false,1,
7290004125455,false,"שמנת תנובה 15% מהדרין 200  מ""ל*",תנובה בעמ ***,,,"י""ח",200,"ל  מ""ל",false,1,2.40,1.20,false,1,
7290004125462,false,שמנת חמוצה 15% 500 ג*,תנובה בעמ ***,,,"י""ח",500,"ל  מ""ל",false,1,6,1.20,false,1,
7290004125509,false,"שמנת תנובה 15% חצי מנה 100 מ""ל",תנובה בעמ ***,,,"י""ח",100,"ל  מ""ל",false,1,1.80,1.80,false,1,
7290004125578,false,משקה סויה מועשר בסידן 1  ל`תנובה,תנובה בעמ ***,,,"י""ח",1,ליטר,false,1,11.90,11.90,true,1,
7290004125585,false,משקה סויה על הבוקר תנובה,תנובה בעמ ***,,,"י""ח",1,ליטר,false,1,11.90,11.90,true,1,
7290004125721,false,שמנת  לבישול השף תנובה 250 מייל,תנובה בעמ ***,,,"י""ח",250,"ל  מ""ל",false,1,8.90,3.56,false,1,
7290004125738,false,"שמנת לקצפת השף 250 מ""ל  32%( תנובה)",תנובה בעמ ***,,,"י""ח",250,"ל  מ""ל",false,1,6.80,2.72,false,1,
7290004125776,false,עמק קלאסית פרוס בקופסא 400 גרם,תנובה בעמ ***,,,"י""ח",400,ל  גרם,false,1,29.90,7.48,true,1,
7290004126674,false,טל העמק לייט 9% 200גר,תנובה בעמ ***,,,"י""ח",200,ל  גרם,false,1,19.70,9.85,false,1,
7290004126759,false,דאיט יופלה פירות יער טו יוג פרי 150גר.,תנובה בעמ ***,,,"י""ח",150,"ל  מ""ל",false,1,5.20,3.47,false,1,
7290004127077,false,קוטג  תנובה 3% 250,תנובה בעמ ***,,,"י""ח",250,ל  גרם,false,1,5.90,2.36,false,1,
7290004127329,false,קוטג% `5מהדרין תנובה 250,תנובה בעמ ***,,,"י""ח",275,ל  גרם,false,1,5.90,2.15,false,1,
7290004127336,false,קוטג 9%  מהדרין תנובה 250,תנובה בעמ ***,,,"י""ח",250,ל  גרם,false,1,5.90,2.36,false,1,
7290004127800,false,גבינה 5% 500גרם* תנובה,תנובה בעמ ***,,,"י""ח",500,ל  גרם,false,1,9.96,1.99,false,1,
7290004127817,false,גבינה 9% 500 גרם תנובה,תנובה בעמ ***,,,"י""ח",500,ל  גרם,false,1,9.80,1.96,false,1,
7290004127862,false,"גבינה לבנה תנובה  5% 750  ג""ר*",תנובה בעמ ***,,,"י""ח",750,ל  גרם,false,1,14.94,1.99,false,1,
7290004129101,false,נפוליאון  בטעם טבעי,תנובה בעמ ***,,,"י""ח",225,ל  גרם,false,1,15,6.67,false,1,
7290004129118,false,נפוליאון עם זיתי 225 ג`,תנובה בעמ ***,,,"י""ח",225,ל  גרם,false,1,15,6.67,false,1,
7290004129156,false,נפוליאון 30% שומ,תנובה בעמ ***,,,"י""ח",225,ל  גרם,false,1,15,6.67,false,1,
7290004130794,false,משקה סויה מעושר טבעי 1 ל תנובה,תנובה בעמ ***,,,"י""ח",1,ליטר,false,1,11.90,11.90,true,1,
7290004130916,false,יופלה  פירות יער בשמנת,תנובה בעמ ***,,,"י""ח",150,"ל  מ""ל",false,1,5.60,3.73,false,1,
7290004131074,false,חלב 3% מהדרין תנובה קרטון+פקק   * 1 ל`,תנובה בעמ ***,,,"י""ח",1,ליטר,false,1,6.23,6.23,false,1,
7290004131814,false,צפתית מעודנת פיראוס 200 ג  5%,תנובה בעמ ***,,,"י""ח",200,ל  גרם,false,1,15.40,7.70,false,1,
7290004132552,false,דיאט סויה טבעי 1 ליטר,תנובה בעמ ***,,,"י""ח",1,ליטר,false,1,11.90,11.90,true,1,
7290004132712,false,אצבעות מוצרלה 172גר,תנובה בעמ ***,,,"י""ח",172,ל  גרם,false,1,16.90,9.83,true,1,
7290004132903,false,"גבינה  250 ג`בד""צ 3%",תנובה בעמ ***,,,"י""ח",250,ל  גרם,false,1,4.90,1.96,false,1,
7290004133511,false,יופלה לבן מאגדת שמיניה,תנובה בעמ ***,,,"י""ח",1.20,ליטר,false,1,21.10,17.58,false,1,
7290004135614,false,בולגרית מעודנת פיראוס  5% 250גר,תנובה בעמ ***,,,"י""ח",250,ל  גרם,false,1,23.90,9.56,false,1,
7290004136857,false,מעדן ג לי בטעם פטל,תנובה בעמ ***,,,"י""ח",125,"ל  מ""ל",false,1,2.60,2.08,false,1,
7290004136871,false,מעדן ג לי בטעם אפרסק,תנובה בעמ ***,,,"י""ח",125,"ל  מ""ל",false,1,2.90,2.32,false,1,
7290004137311,false,עמק לייט %9משפחתית 400גר,תנובה בעמ ***,,,"י""ח",400,ל  גרם,false,1,31.90,7.98,true,1,
7290004137809,false,לאבנה 5% 250גר,תנובה בעמ ***,,,"י""ח",250,ל  גרם,false,1,13.40,5.36,false,1,
7290004146986,false,שמפו נקה -7 לשיער צבוע,החב הדרומית לשיווק,,,"י""ח",750,"ל  מ""ל",false,1,12.90,1.72,true,1,
7290004199074,false,פלסטר 50 יחידות,אינטרסן (1996) בעמ,,,"י""ח",1,,false,1,5.90,5.90,false,1,
7290004199203,false,קיסמי שיניים 300,אינטרסן (1996) בעמ,,,"י""ח",1,,false,1,3.90,3.90,false,1,
7290004199241,false,להבונים חסידיים 50יח,אינטרסן (1996) בעמ,,,"י""ח",50,"י""ח",false,1,12.90,0.26,true,1,
7290004199326,false,כוס אימון מהפכנית.,אינטרסן (1996) בעמ,,,"י""ח",1,,false,1,15.90,15.90,false,1,
7290004199579,false,פלסטר 100 יחידות,אינטרסן (1996) בעמ,,,"י""ח",100,"י""ח",false,1,9.90,0.10,false,1,
7290004199777,false,צימרוני אוזניים פל.בכוס,אינטרסן (1996) בעמ,,,"י""ח",1,,false,1,6.40,6.40,false,1,
7290004199784,false,כפפות לאטקס 100 יח  S,אינטרסן (1996) בעמ,,,"י""ח",1,,false,1,22.90,22.90,true,1,
7290004199791,false,כפפות לאטקס 100 יח  M,אינטרסן (1996) בעמ,,,"י""ח",1,,false,1,22.90,22.90,true,1,
7290004200244,false,שקית פרסים,שמחה זה אנחנו,,,"י""ח",1,,false,1,6.90,6.90,false,1,
7290004200282,false,פרסים רמה 7,שמחה זה אנחנו,,,"י""ח",1,,false,1,16.50,16.50,false,1,
7290004219826,false,מלבין קפה הולנדי קומלטה,ג.וילי פוד אינטרנשיונל בעמ,,,"י""ח",400,ל  גרם,false,1,21.90,5.48,false,1,
7290004263652,false,נקניקיות  עוף(עטרה) 400ג,נטו מלינדה סחר בעמ,,,"י""ח",400,ל  גרם,false,1,8.90,2.23,true,1,
7290004492762,false,נשנשים תירס 325 גרם,יוניליוור ישראל שיווק בעמ,,,"י""ח",325,ל  גרם,false,1,12.70,3.91,true,1,
7290004494063,false,דלתון פטיט סירה 2009,הכרם משקאות חריפים בעמ,,,"י""ח",750,"ל  מ""ל",false,1,50.90,6.75,false,1,
7290004494377,false,יין שירז דלתון D.,הכרם משקאות חריפים בעמ,,,"י""ח",750,"ל  מ""ל",false,1,50.90,6.75,false,1,
7290004554293,false,אסקימו  טעם ענבים,גלידות שטראוס בעמ,,,"י""ח",1,,false,1,2.90,2.90,true,1,
7290004554330,false,אסקימו דובדבן,גלידות שטראוס בעמ,,,"י""ח",1,,false,1,3,3,true,1,
7290004554781,false,אסקימו לימון,גלידות שטראוס בעמ,,,"י""ח",1,,false,1,2.90,2.90,true,1,
7290004584306,false,סופר גמדים,"שטראוס גרופ ***בע""מ",,,"י""ח",400,"ל  מ""ל",false,1,11.70,2.93,true,1,
7290004584351,false,סימפוניה החמישית 200 ג,"שטראוס גרופ ***בע""מ",,,"י""ח",200,ל  גרם,false,1,11.40,5.70,false,1,
7290004584528,false,דנונה ביו 1.7% שומן,"שטראוס גרופ ***בע""מ",,,"י""ח",200,"ל  מ""ל",false,1,3.70,1.85,false,1,
7290004658960,false,"אמרלד ריזלינג P.C 750מ""ל",אגודת הכורמים,,,"י""ח",750,"ל  מ""ל",false,1,39.90,5.28,true,1,
7290004685126,false,לחם 5 דגנים,י.את א. ברמן בעמ,,,"י""ח",750,ל  גרם,false,1,15.90,2.12,false,1,
7290004685157,false,לחם שיפון 100%,י.את א. ברמן בעמ,,,"י""ח",750,ל  גרם,false,1,15.90,2.12,false,1,
7290004685195,false,לחם 10 דגנים,י.את א. ברמן בעמ,,,"י""ח",750,ל  גרם,false,1,15.90,2.12,false,1,
7290004685201,false,לחם שיפון אגוזים,י.את א. ברמן בעמ,,,"י""ח",500,ל  גרם,false,1,15.90,3.18,false,1,
7290004685225,false,לחם שיפון,י.את א. ברמן בעמ,,,"י""ח",750,ל  גרם,false,1,15.90,2.12,false,1,
7290004685430,false,לחם הארץ כוסמין 100%,י.את א. ברמן בעמ,,,"י""ח",1,,false,1,15.90,15.90,false,1,
7290004731076,false,אל סבון כיף 1 ליטר,החב הדרומית לשיווק,,,"י""ח",1,ליטר,false,1,14.90,14.90,false,1,
7290004731083,false,אל סבון כיף 1 ליטר,החב הדרומית לשיווק,,,"י""ח",1,ליטר,false,1,14.90,14.90,false,1,
7290004731090,false,אל סבון כיף 1 ליטר,החב הדרומית לשיווק,,,"י""ח",1,ליטר,false,1,14.90,14.90,false,1,
7290004731472,false,כיף אלסבון שלישייה,החב הדרומית לשיווק,,,"י""ח",1.50,ליטר,false,1,20.90,13.93,false,1,
7290004737900,false,חלב מרוכז ממותק ויליפוד,ג.וילי פוד אינטרנשיונל בעמ,,,"י""ח",397,ל  גרם,false,1,9.90,2.49,false,1,
7290004861261,false,טבורוג טעמים שונים 5%,מחלבות המושבה בעמ,,,"ק""ג",1,,true,1,32.90,32.90,false,1,
7290004861315,false,לבנה טבעי/ירקות שקיל 5%,מחלבות המושבה בעמ,,,"ק""ג",1,,true,1,39.90,39.90,false,1,
7290004872229,false,"לה פרוטה שוקולד מצופה כשל""פ",נגה גלידות,,,"י""ח",1,,false,1,6.90,6.90,true,1,
7290004872250,false,"לה פרוטה אבטיח נסטלה כשל""פ",נגה גלידות,,,"י""ח",1,,false,1,6.90,6.90,false,1,
7290005008184,false,פלמוליב סבון נוזלי,ש.שסטוביץ בעמ,,,"י""ח",500,"ל  מ""ל",false,1,15.90,3.18,false,1,
7290005008191,false,פלמוליב סבון נוזלי,ש.שסטוביץ בעמ,,,"י""ח",500,"ל  מ""ל",false,1,15.90,3.18,false,1,
7290005008481,false,##ספיד סטיק לגבר ג`ל כחול,ש.שסטוביץ בעמ,,,"י""ח",85,ל  גרם,false,1,15.90,18.71,true,1,
7290005068447,false,תירס ואקום קל,ויטה- פרי גליל (החדשה) בעמ,,,"י""ח",340,ל  גרם,false,1,5.90,1.74,false,1,
7290005084355,false,סנסודין דואל קר,גורי ע.ע.ע. בעמ,,,"י""ח",75,ל  גרם,false,1,23.90,31.87,true,1,
7290005111761,false,"בונזו בשר 3 ק""ג",דיפלומט מפיצים (1968) בעמ**,,,"י""ח",3,"ק""ג",false,1,44.90,14.97,false,1,
7290005174513,false,סלט חציל במיונז אחלה 500גרם,"שטראוס גרופ ***בע""מ",,,"י""ח",500,ל  גרם,false,1,15.90,3.18,true,1,
7290005174551,false,חומוס יום יום אחלה,"שטראוס גרופ ***בע""מ",,,"י""ח",125,ל  גרם,false,1,4.90,3.92,false,1,
7290005174568,false,חצילים יום יום,"שטראוס גרופ ***בע""מ",,,"י""ח",125,ל  גרם,false,1,4.90,3.92,false,1,
7290005174575,false,טחינה יום יום,"שטראוס גרופ ***בע""מ",,,"י""ח",125,ל  גרם,false,1,4.90,3.92,false,1,
7290005175428,false,קמח תירס אינסטנד,ג.וילי פוד אינטרנשיונל בעמ,,,"י""ח",500,ל  גרם,false,1,5.90,1.18,false,1,
7290005175589,false,"קמח תירס 1 ק""ג",ג.וילי פוד אינטרנשיונל בעמ,,,"י""ח",1,"ק""ג",false,1,9.90,9.90,false,1,
7290005197758,false,חיוכים שוקו  150במגש,"שטראוס גרופ בע""מ",,,"י""ח",150,ל  גרם,false,1,6.50,4.33,false,1,
7290005199578,false,פלאטינום נטול 200,"שטראוס גרופ בע""מ",,,"י""ח",200,ל  גרם,false,1,40,20,false,1,
7290005200786,false,תפוצ יפס שמנת ובצל,"שטראוס פריטו ליי בע""מ",,,"י""ח",50,ל  גרם,false,1,4.50,9,false,1,
7290005201455,false,נס קפה ארומה 200 גרם,"שטראוס גרופ בע""מ",,,"י""ח",200,ל  גרם,false,1,23.90,11.95,true,1,
7290005287206,false,טונה סטארקיסט  בשמן 160גרם רבעייה,דיפלומט מפיצים (1968) בעמ**,,,"י""ח",640,ל  גרם,false,1,27.90,4.36,true,1,
7290005287251,false,~טונה סטארקיסט  במים רביעייה,דיפלומט מפיצים (1968) בעמ**,,,"י""ח",640,ל  גרם,false,1,27.90,4.36,true,1,
7290005287657,false,ממרח טונה סטארקיסט 160ג,דיפלומט מפיצים (1968) בעמ**,,,"י""ח",160,ל  גרם,false,1,6.50,4.06,true,1,
7290005296246,false,כלורקס פלמר לפתיחת סתימות,יעקב יעקבי ובניו בעמ,,,"י""ח",946,"ל  מ""ל",false,1,30.90,3.27,false,1,
7290005296888,false,פוליבוי-פוליטורה,יעקב יעקבי ובניו בעמ,,,"י""ח",375,"ל  מ""ל",false,1,21.90,5.84,false,1,
7290005317200,false,קרקר טופז רגיל 110גר הדר,ח.כהן סוכנות מזון ומשקאות בע,,,"י""ח",110,ל  גרם,false,1,2.90,2.64,true,1,
7290005423567,false,מטליות בגליל סושי,החב הדרומית לשיווק,,,"י""ח",1,,false,1,19.90,19.90,false,1,
7290005423635,false,ריצפז דוחה חרקים 2 ליטר,החב הדרומית לשיווק,,,"י""ח",2,ליטר,false,1,22.90,11.45,false,1,
7290005424403,false,אל סבון כיף 1 ליטר,החב הדרומית לשיווק,,,"י""ח",1,ליטר,false,1,14.90,14.90,false,1,
7290005424700,false,מסיר שומנים קר סנו פורטה 1ל,החב הדרומית לשיווק,,,"י""ח",1,ליטר,false,1,17.90,17.90,false,1,
7290005424762,false,ריצפז ווקס דוחה חרקים 2 ליטר,החב הדרומית לשיווק,,,"י""ח",2,ליטר,false,1,25.90,12.95,false,1,
7290005424847,false,סנו סופט 150 מפיות לבן.,החב הדרומית לשיווק,,,"י""ח",150,"י""ח",false,1,8.90,0.06,false,1,
7290005425646,false,סנו קליר אקדח 1ליטר,החב הדרומית לשיווק,,,"י""ח",1,ליטר,false,1,11.90,11.90,false,1,
7290005426193,false,ספוג הפלא סנו סושי 6 יחידות,החב הדרומית לשיווק,,,"י""ח",1,,false,1,12.90,12.90,false,1,
7290005426568,false,לחות לשיער קרמה-רגיל,החב הדרומית לשיווק,,,"י""ח",400,"ל  מ""ל",false,1,19.90,4.98,false,1,
7290005426803,false,סנו מקסימה מרכך 4 ליטר,החב הדרומית לשיווק,,,"י""ח",4,ליטר,false,1,21.90,5.48,false,1,
7290005426964,false,סנובון שלישייה כחול אפרסק,החב הדרומית לשיווק,,,"י""ח",165,ל  גרם,false,1,17.90,10.85,false,1,
7290005426971,false,סנובון שלישייה כחול תפוח,החב הדרומית לשיווק,,,"י""ח",165,ל  גרם,false,1,17.90,10.85,false,1,
7290005428852,false,ממחטות   צבעוני סופט חמישייה,החב הדרומית לשיווק,,,"י""ח",650,ל  גרם,false,1,13.90,2.14,false,1,
7290005430480,false,מטלית פלא מיקרופיבר,החב הדרומית לשיווק,,,"י""ח",1,,false,1,6.90,6.90,false,1,
7290005430602,false,סנו אוקסיגאן מסיר בתרסיס מרסס,החב הדרומית לשיווק,,,"י""ח",750,"ל  מ""ל",false,1,18.90,2.52,false,1,
7290005430961,false,מקסימה שמפו נוזל לכביסה עדינה ביד סנו 1,החב הדרומית לשיווק,,,"י""ח",1,ליטר,false,1,15.90,15.90,false,1,
7290005509445,false,מיני קוקיס בטעם חמאה 600 ג`,כרמית תעשיות ממתקים בעמ,,,"י""ח",600,"ס""מ",false,1,16.90,2.82,true,1,
7290005559587,false,נקניקיות בבצק]מעדנות[,תנובה בשר,,,"י""ח",800,ל  גרם,false,1,28.10,3.51,false,1,
7290005559709,false,בורקס  פיצה}מעדנות{,תנובה בשר,,,"י""ח",700,ל  גרם,false,1,28.90,4.13,false,1,
7290005559914,false,"פיצה משפחתית זיתים 550ג""ר מעדנות",תנובה בשר,,,"י""ח",550,ל  גרם,false,1,24.90,4.53,true,1,
7290005591761,false,דבש טהור מפרחי בר לחיץ 400גר יד מרדכי,"שטראוס גרופ בע""מ",,,"י""ח",400,ל  גרם,false,1,24.90,6.23,false,1,
7290005593352,false,שמן סויה 1ליטר מזוכך.,שלי בר שיווק והפצה 2020 בעמ,,,"י""ח",1,ליטר,false,1,9.90,9.90,false,1,
7290005651069,false,"לה קט מיקס 2.85 ק""ג",דיפלומט מפיצים (1968) בעמ**,,,"י""ח",2.85,"ק""ג",false,1,64.90,22.77,false,1,
7290005651427,false,בונזו מעדן 415גר.,דיפלומט מפיצים (1968) בעמ**,,,"י""ח",1.24,"ק""ג",false,1,18.90,15.24,false,1,
7290005680052,false,טמפוני סופר  32 OB,ש.שסטוביץ בעמ,,,"י""ח",1,,false,1,24.90,24.90,false,1,
7290005838002,false,דניאלה בטעם יוגורט וניל,"שטראוס גרופ ***בע""מ",,,"י""ח",150,"ל  מ""ל",false,1,4.10,2.73,false,1,
7290005838613,false,סקי וניל 3%,"שטראוס גרופ ***בע""מ",,,"י""ח",125,ל  גרם,false,1,3.90,3.12,true,1,
7290005839078,false,מארז שמיניה  ביו 3% 150גר,"שטראוס גרופ ***בע""מ",,,"י""ח",1.20,ליטר,false,1,16.90,14.08,false,1,
7290005839108,false,סימפוניה עם זיתים 5%,"שטראוס גרופ ***בע""מ",,,"י""ח",200,ל  גרם,false,1,11.40,5.70,false,1,
7290005839313,false,מילקי טופ שטראוס,"שטראוס גרופ ***בע""מ",,,"י""ח",130,"ל  מ""ל",false,1,4.90,3.77,false,1,
7290005854606,false,אסקימו אננס,גלידות שטראוס בעמ,,,"י""ח",1,,false,1,2.90,2.90,true,1,
7290005854613,false,תותי פרוטי,גלידות שטראוס בעמ,,,"י""ח",1,,false,1,2.90,2.90,true,1,
7290005896415,false,בירה איגל פחית 500מייל,טמפו משקאות בעמ,,,"י""ח",500,"ל  מ""ל",false,1,6.20,1.18,false,1,
7290005896460,false,"בירה איגל פחית חזקה 7.8% 500מ""ל",טמפו משקאות בעמ,,,"י""ח",330,"ל  מ""ל",false,1,6.70,1.94,false,1,
7290005896828,false,סאן בנדטו שישיה 1.5 ל,טמפו משקאות בעמ,,,"י""ח",9,ליטר,false,1,16.90,1.88,false,1,
7290005938030,false,פסטו זעתר 220 גרם,נטו מלינדה סחר בעמ,,,"י""ח",220,ל  גרם,false,1,20,9.09,false,1,
7290005938245,false,פסטו קלאסי 220 גרם,נטו מלינדה סחר בעמ,,,"י""ח",220,ל  גרם,false,1,16.90,7.68,false,1,
7290005992018,false,יוגורט עיזים 500 בבקבוק.,מחלבות גד,,,"י""ח",500,"ל  מ""ל",false,1,13.90,2.78,false,1,
7290005992575,false,בולגרית  למריחה 5% גד 250 ג,מחלבות גד,,,"י""ח",250,ל  גרם,false,1,18.20,7.28,false,1,
7290005992735,false,לבנה 250 ג גד,מחלבות גד,,,"י""ח",250,ל  גרם,false,1,13.30,5.32,false,1,
7290006185198,false,"קרם לחות לשיער מתולתל 500מ""ל",פנינה רוזנבלום בעמ,,,"י""ח",500,"ל  מ""ל",false,1,16.90,3.38,false,1,
7290006185501,false,סבון נוזל ורוד פנינה 1 ליטר,פנינה רוזנבלום בעמ,,,"י""ח",1,ליטר,false,1,10.90,10.90,true,1,
7290006185952,false,מגבונים להסרת איפור,פנינה רוזנבלום בעמ,,,"י""ח",1,,false,1,8.90,8.90,false,1,
7290006199027,false,מאגדת שמינייה גלידל תות,פלקו בעמ,,,"י""ח",1,,false,1,27.90,27.90,false,1,
7290006229427,false,שישית מים סן בנדטו 500,טמפו משקאות בעמ,,,"י""ח",3,ליטר,false,1,11.90,3.97,false,1,
7290006241153,false,פקאן סיני 150 גרם,ליימן שליסל,,,"י""ח",150,ל  גרם,false,1,20.90,13.93,false,1,
7290006241191,false,אגוז מלך שקית 150 גרם,ליימן שליסל,,,"י""ח",150,ל  גרם,false,1,17.90,11.93,false,1,
7290006241214,false,שקד טבעי שקית,ליימן שליסל,,,"י""ח",200,ל  גרם,false,1,20.90,10.45,false,1,
7290006241535,false,פריגת קפוא  מנגו 280 גרם,*החברה המרכזית להפצת משקאותבעמ,,,"י""ח",280,ל  גרם,false,1,13.90,4.96,false,1,
7290006241689,false,"פריגת לימון קפוא 280 מ""ל",*החברה המרכזית להפצת משקאותבעמ,,,"י""ח",280,ל  גרם,false,1,13.90,4.96,false,1,
7290006251275,false,תה ירוק סיני 25 יח,תה ויסוצקי (ישראל)בעמ,,,"י""ח",37.50,ל  גרם,false,1,24.90,66.40,true,1,
7290006251282,false,תה הקורנברי,תה ויסוצקי (ישראל)בעמ,,,"י""ח",75,ל  גרם,false,1,17.90,23.87,false,1,
7290006251343,false,חליטת מנגו-פסיפלורה גן קסום,תה ויסוצקי (ישראל)בעמ,,,"י""ח",62.50,ל  גרם,false,1,17.90,28.64,false,1,
7290006251374,false,תה ירוק לימונית וג נג ר,תה ויסוצקי (ישראל)בעמ,,,"י""ח",25,ל  גרם,false,1,24.90,99.60,true,1,
7290006251589,false,תה ירוק נענע 50 יח,תה ויסוצקי (ישראל)בעמ,,,"י""ח",75,ל  גרם,false,1,45.90,61.20,true,1,
7290006256775,false,גאטו נגרו מלבק,היכל היין שקד גולן בעמ,,,"י""ח",750,"ל  מ""ל",false,1,39.90,5.28,true,1,
7290006265500,false,פטריות שמפיניון,ביכורי השדה צפון 1994 ג.ד. בעמ,,,"י""ח",1,,false,1,10.90,10.90,true,1,
7290006271181,false,ג חנון מעדנות אפוי למיקרוגל 750 ג,תנובה בשר,,,"י""ח",750,ל  גרם,false,1,28.70,3.83,false,1,
7290006271648,false,"מיני בורקס תפו""א",תנובה בשר,,,"י""ח",650,ל  גרם,false,1,22.70,3.49,false,1,
7290006271655,false,מיני בורקס גבינה,תנובה בשר,,,"י""ח",800,ל  גרם,false,1,28.30,3.54,false,1,
7290006272072,false,חטיפי פיצה מעדנות.,תנובה בשר,,,"י""ח",650,ל  גרם,false,1,36.90,5.68,false,1,
7290006272430,false,בצק עלים חמאה,תנובה בשר,,,"י""ח",600,ל  גרם,false,1,28.60,4.77,false,1,
7290006306302,false,רביולי  גבינה פסטה נונה,מחלבות גד,,,"י""ח",400,ל  גרם,false,1,21.90,5.48,true,1,
7290006306319,false,רביולי בטטה פסטה נונה,מחלבות גד,,,"י""ח",400,ל  גרם,false,1,21.90,5.48,true,1,
7290006306326,false,רביולי פטריות פסטה נונה,מחלבות גד,,,"י""ח",400,ל  גרם,false,1,21.90,5.48,true,1,
7290006306333,false,רביולי תרד פסטה נונה,מחלבות גד,,,"י""ח",400,ל  גרם,false,1,21.90,5.48,true,1,
7290006342447,false,גרעין אבטיח 200גר.,דין שיווק וקליה 2021 בעמ,,,"י""ח",200,ל  גרם,false,1,14.90,7.45,false,1,
7290006342553,false,קבוקים 200גר.,דין שיווק וקליה 2021 בעמ,,,"י""ח",200,ל  גרם,false,1,6.90,3.45,false,1,
7290006374738,false,קונפיטורה תות יד מרדכי בטעם תות,"שטראוס גרופ בע""מ",,,"י""ח",340,ל  גרם,false,1,15.60,4.59,false,1,
7290006380142,false,גזר ארוז,ביכורי השדה צפון 1994 ג.ד. בעמ,,,"ק""ג",1,"ק""ג",true,1,3.90,3.90,false,1,
7290006492432,false,מוצרלה בייבי 150 ג,מחלבות גד,,,"י""ח",1,,false,1,16.50,16.50,false,1,
7290006492616,false,בולגרית פרוסות 5% גד 250 ג`,מחלבות גד,,,"י""ח",250,ל  גרם,false,1,25.90,10.36,false,1,
7290006492630,false,גדעזים גליל 180 ג גד,מחלבות גד,,,"י""ח",1,,false,1,21.90,21.90,false,1,
7290006492647,false,מטבעות עזים%22 גד 150 ג`,מחלבות גד,,,"י""ח",1,,false,1,22.90,22.90,false,1,
7290006492685,false,לבנה 250 גרם גד,מחלבות גד,,,"י""ח",250,ל  גרם,false,1,16.90,6.76,false,1,
7290006492852,false,גבינה לבנה 5% עזים,מחלבות גד,,,"י""ח",1,,false,1,19.70,19.70,true,1,
7290006492913,false,לבנה ציזקי 250 גרם,מחלבות גד,,,"י""ח",250,ל  גרם,false,1,13.50,5.40,false,1,
7290006494917,false,מרמולייט וופל שוקו,דנשר (1963) בעמ,,,"י""ח",180,ל  גרם,false,1,7.80,4.33,false,1,
7290006511683,false,פולי סויה קפואים 454 גרם,ג.וילי פוד אינטרנשיונל בעמ,,,"י""ח",454,ל  גרם,false,1,9.90,2.18,false,1,
7290006511751,false,פטריות חתוך 290 גרם *שלישיה,ג.וילי פוד אינטרנשיונל בעמ,,,"י""ח",870,ל  גרם,false,1,11.90,1.37,false,1,
7290006546302,false,צ יפס1.5 קג רובין,ויטה- פרי גליל (החדשה) בעמ,,,"י""ח",1.50,"ק""ג",false,1,19.90,13.27,true,1,
7290006546395,false,לקט העונה 800 ג,ויטה- פרי גליל (החדשה) בעמ,,,"י""ח",800,ל  גרם,false,1,9.90,1.24,false,1,
7290006618078,false,אסטוניש מרסס לניקוי 750 יעקבי,יעקב יעקבי ובניו בעמ,,,"י""ח",750,"ל  מ""ל",false,1,16.90,2.25,true,1,
7290006640598,false,מכשירי כתיבה מגוון,צבע ומכחול (2014) בעמ,,,"י""ח",1,,false,1,5.50,5.50,false,1,
7290006640789,false,צעצועים,צבע ומכחול (2014) בעמ,,,"י""ח",1,,false,1,9.90,9.90,false,1,
7290006640826,false,מכשירי כתיבה 727,צבע ומכחול (2014) בעמ,,,"י""ח",1,,false,1,7.50,7.50,false,1,
7290006644480,false,תפוזינה תפוז 0.5 ליטר,יפאורה שותפות מוגבלת לשיווק,,,"י""ח",500,"ל  מ""ל",false,1,5.90,1.12,true,1,
7290006644510,false,תפוזינה ענבים 0.5 ליטר,יפאורה שותפות מוגבלת לשיווק,,,"י""ח",500,"ל  מ""ל",false,1,5.90,1.12,true,1,
7290006644527,false,תפוזינה תות בננה 0.5 ליטר,יפאורה שותפות מוגבלת לשיווק,,,"י""ח",500,"ל  מ""ל",false,1,5.90,1.12,true,1,
7290006653819,false,קוסקוס דק 350 ג אוסם,קבוצת אוסם סחר-שות.מוגבלת,,,"י""ח",350,ל  גרם,false,1,9.20,2.63,false,1,
7290006664051,false,אקטימל מארז משפ 14 יח טבעי,"שטראוס גרופ ***בע""מ",,,"י""ח",1.40,ליטר,false,1,29.90,21.36,false,1,
7290006664310,false,סקי 3% 250  גרם*,"שטראוס גרופ ***בע""מ",,,"י""ח",250,ל  גרם,false,1,4.80,1.92,false,1,
7290006664402,false,גבינת סקי 5% 750  ג*,"שטראוס גרופ ***בע""מ",,,"י""ח",750,ל  גרם,false,1,14.25,1.90,false,1,
7290006664532,false,דנונה תות 3%,"שטראוס גרופ ***בע""מ",,,"י""ח",150,"ל  מ""ל",false,1,3.90,2.60,false,1,
7290006664655,false,אקטימל שמיניה טבעי,"שטראוס גרופ ***בע""מ",,,"י""ח",800,"ל  מ""ל",false,1,20.90,2.61,false,1,
7290006664693,false,דנונה אפרסק 3%,"שטראוס גרופ ***בע""מ",,,"י""ח",150,"ל  מ""ל",false,1,3.90,2.60,false,1,
7290006664990,false,~מארז שמינייה ביו 1.5% 150גר,"שטראוס גרופ ***בע""מ",,,"י""ח",1.20,ליטר,false,1,16.90,14.08,false,1,
7290006681065,false,טעמקור וניל+שוקולד,גלידות שטראוס בעמ,,,"י""ח",1,,false,1,8,8,true,1,
7290006681553,false,קרמבו וניל ]8 שטראוס[,גלידות שטראוס בעמ,,,"י""ח",8,"י""ח",false,1,15.90,1.99,false,1,
7290006681560,false,קרמבו מוקה ]8 שטראוס[,גלידות שטראוס בעמ,,,"י""ח",8,"י""ח",false,1,15.90,1.99,false,1,
7290006712981,false,"משחת שיניים  ילדים ספיידרמן 50מ""ל",ש.שסטוביץ בעמ,,,"י""ח",50,ל  גרם,false,1,11.90,23.80,false,1,
7290006739346,false,נקניקיות פרגיות זוגלובק,זוגלובק שיווק בעמ,,,"י""ח",400,ל  גרם,false,1,18.90,4.73,true,1,
7290006739414,false,סלמי קוניאק 300גר`,זוגלובק שיווק בעמ,,,"י""ח",3.50,"י""ח",false,1,26.90,7.69,true,1,
7290006741363,false,"בורקס תפו""א בד""צ 800 ג`",זוגלובק שיווק בעמ,,,"י""ח",800,ל  גרם,false,1,18.90,2.36,true,1,
7290006741387,false,מלאווח תימני 700 גרם זוגלובק,זוגלובק שיווק בעמ,,,"י""ח",700,ל  גרם,false,1,16.90,2.41,true,1,
7290006764096,false,איגל בקבוק חוזר 500 מייל,טמפו משקאות בעמ,,,"י""ח",500,"ל  מ""ל",false,1,5.10,0.78,true,1,
7290006775016,false,עוגת תפוז ]450אחוה[,אחדות בעמ,,,"י""ח",450,ל  גרם,false,1,10.90,2.42,false,1,
7290006775023,false,עוגת אנגלית-אחווה,אחדות בעמ,,,"י""ח",450,ל  גרם,false,1,10.90,2.42,false,1,
7290006775030,false,עוגת אחוה שוקולד,אחדות בעמ,,,"י""ח",450,ל  גרם,false,1,10.90,2.42,false,1,
7290006775047,false,עוגת שוקולד]אחוה[,אחדות בעמ,,,"י""ח",450,ל  גרם,false,1,10.90,2.42,false,1,
7290006775054,false,עוגת שיש]אחווה[.,אחדות בעמ,,,"י""ח",450,ל  גרם,false,1,10.90,2.42,false,1,
7290006775191,false,מאפין ממולא שוקולד 50 ג,אחדות בעמ,,,"י""ח",400,ל  גרם,false,1,1.50,0.38,true,1,
7290006775764,false,עוגה שוקוציפס ללא סוכר,אחדות בעמ,,,"י""ח",400,ל  גרם,false,1,11.90,2.98,false,1,
7290006788474,false,קרליין-דאו ספריי נושם  מס3.,החב הדרומית לשיווק,,,"י""ח",75,ל  גרם,false,1,14.90,19.87,false,1,
7290006789631,false,"קרליין 10 לחות ש.רגיל 400מ""ל",החב הדרומית לשיווק,,,"י""ח",400,"ל  מ""ל",false,1,17.90,4.48,false,1,
7290006805850,false,תערובת  לפנקייק(פילסברי),ליימן שליסל,,,"י""ח",500,ל  גרם,false,1,17.90,3.58,false,1,
7290006983152,false,קרוטונים מתובלים אוסם,קבוצת אוסם סחר-שות.מוגבלת,,,"י""ח",400,ל  גרם,false,1,20.50,5.13,false,1,
7290006983176,false,לחמית שיפון 230 ג`,קבוצת אוסם סחר-שות.מוגבלת,,,"י""ח",230,ל  גרם,false,1,9.90,4.30,true,1,
7290006983206,false,פלאפל בקלי קלות,קבוצת אוסם סחר-שות.מוגבלת,,,"י""ח",90,ל  גרם,false,1,11.30,12.56,false,1,
7290006983527,false,עוגת הבית תפוח עץ עם פרור,קבוצת אוסם סחר-שות.מוגבלת,,,"י""ח",400,ל  גרם,false,1,18.90,4.73,false,1,
7290006983763,false,עוגת הבית שוקולד,קבוצת אוסם סחר-שות.מוגבלת,,,"י""ח",400,ל  גרם,false,1,14.10,3.53,false,1,
7290006983794,false,עוגת בית תפוז.,קבוצת אוסם סחר-שות.מוגבלת,,,"י""ח",400,ל  גרם,false,1,13.10,3.28,false,1,
7290006992161,false,דייסלה קרונפלור מטרנה,קבוצת אוסם סחר-שות.מוגבלת,,,"י""ח",200,ל  גרם,false,1,14.90,7.45,false,1,
7290006992390,false,דייסת וניל מטרנה  200 גרם,קבוצת אוסם סחר-שות.מוגבלת,,,"י""ח",200,ל  גרם,false,1,14.90,7.45,false,1,
7290008000826,false,משחת שיניים ברבי,גורי ע.ע.ע. בעמ,,,"י""ח",50,ל  גרם,false,1,10.90,21.80,false,1,
7290008116565,false,ליסטרין פרש ברט 500,שקד תבל בעמ,,,"י""ח",500,"ל  מ""ל",false,1,17.90,3.58,true,1,
7290008154222,false,שניצלונים]עוף  טוב[,קבוצת אוסם סחר-שות.מוגבלת,,,"י""ח",700,ל  גרם,false,1,15.90,2.27,true,1,
7290008175173,false,חמאה וואליו  200גר ללא תוספת מלח.,ג.וילי פוד אינטרנשיונל בעמ,,,"י""ח",200,ל  גרם,false,1,10.90,5.45,false,1,
7290008190633,false,לקקן תות 110 יחידות,כרמית תעשיות ממתקים בעמ,,,"י""ח",110,ל  גרם,false,1,33.90,30.82,false,1,
7290008190909,false,מיני קוקיס-שוקו   צ יפס 600גר,כרמית תעשיות ממתקים בעמ,,,"י""ח",600,ל  גרם,false,1,16.90,2.82,true,1,
7290008330107,false,בדין 4 ליטר בריח אביב.,יוניליוור ישראל שיווק בעמ,,,"י""ח",4,ליטר,false,1,20.90,5.23,false,1,
7290008333115,false,"ג""לטין  ווילגר  28 ג",נטו מלינדה סחר בעמ,,,"י""ח",28,ל  גרם,false,1,11.10,39.64,false,1,
7290008343466,false,בצק פילו 500 גרם,נטו מלינדה סחר בעמ,,,"י""ח",500,ל  גרם,false,1,21.90,4.38,true,1,
7290008343503,false,ג חנון אפוי 650 ג,נטו מלינדה סחר בעמ,,,"י""ח",650,ל  גרם,false,1,21.90,3.37,true,1,
7290008343558,false,"סיגרים בשר 1 ק""ג",נטו מלינדה סחר בעמ,,,"י""ח",1,"ק""ג",false,1,21.90,21.90,false,1,
7290008343602,false,קובה בשר מטוגן 1 קג,נטו מלינדה סחר בעמ,,,"י""ח",1,"ק""ג",false,1,22.30,22.30,false,1,
7290008343619,false,"פסטלים תפו""א 1 ק""ג",נטו מלינדה סחר בעמ,,,"י""ח",1,"ק""ג",false,1,21.90,21.90,false,1,
7290008344272,false,המבורגר טיבון וויל,נטו מלינדה סחר בעמ,,,"י""ח",400,ל  גרם,false,1,23.90,5.98,true,1,
7290008345118,false,מקרל בשמן 240 דלידג,ב ספירת מלאי,,,"י""ח",240,ל  גרם,false,1,22,9.17,false,1,
7290008345132,false,הרינג כבוש 240 ג,נטו מלינדה סחר בעמ,,,"י""ח",240,ל  גרם,false,1,26.90,11.21,false,1,
7290008345576,false,איקרא ביתית לבנה 300,נטו מלינדה סחר בעמ,,,"י""ח",300,ל  גרם,false,1,21.90,7.30,false,1,
7290008347211,false,אצבעות דג 700 גרם,נטו מלינדה סחר בעמ,,,"י""ח",700,ל  גרם,false,1,26.90,3.84,false,1,
7290008409100,false,אצבעות שניצל שומשום,תנובה בשר,,,"י""ח",600,ל  גרם,false,1,39.40,6.57,false,1,
7290008409124,false,שניצל ג ונגל 700 גרם,תנובה בשר,,,"י""ח",700,ל  גרם,false,1,39.40,5.63,false,1,
7290008409551,false,מאמא עוף בציפוי מעודן,תנובה בשר,,,"י""ח",700,ל  גרם,false,1,45.90,6.56,false,1,
7290008443616,false,מרכך נקה 7 מייצב יבש אדום,החב הדרומית לשיווק,,,"י""ח",750,"ל  מ""ל",false,1,12.90,1.72,true,1,
7290008461221,false,סרדינים בשמן  צמחי(סיימן),א. סיימן סחר בעמ,,,"י""ח",115,ל  גרם,false,1,7.90,6.87,true,1,
7290008461238,false,סרדין רובררט שמן חמניות חריף,א. סיימן סחר בעמ,,,"י""ח",115,ל  גרם,false,1,7.90,6.87,true,1,
7290008462204,false,חרדל דיג ון,א. סיימן סחר בעמ,,,"י""ח",380,ל  גרם,false,1,16.90,4.45,true,1,
7290008462259,false,חרדל גרגירים 380 גרם,א. סיימן סחר בעמ,,,"י""ח",380,ל  גרם,false,1,19.90,5.24,true,1,
7290008464345,false,גולדסטאר בקבוק 330,טמפו משקאות בעמ,,,"י""ח",330,"ל  מ""ל",false,1,7.20,2.09,false,1,
7290008464475,false,מכבי 500 פחית.,טמפו משקאות בעמ,,,"י""ח",500,"ל  מ""ל",false,1,7.50,1.44,false,1,
7290008464505,false,מים 0.5 ליטר סן בנדטו,טמפו משקאות בעמ,,,"י""ח",500,"ל  מ""ל",false,1,3.20,0.58,false,1,
7290008464604,false,היינקן בירה  500 פחית,טמפו משקאות בעמ,,,"י""ח",500,"ל  מ""ל",false,1,9.90,1.92,false,1,
7290008464734,false,גולדסטאר SLOW BREW בקבוק 330 שישייה.,טמפו משקאות בעמ,,,"י""ח",1.98,ליטר,false,1,41.90,20.25,true,1,
7290008466660,false,מארז רוגעלך 500ג מחנה יהודה,הלל בן הלל שיווק ומסחר בעמ,,,"י""ח",500,ל  גרם,false,1,17.90,3.58,true,1,
7290008466813,false,מארז עוגיות  קינמון 500ג מחנה יהודה,הלל בן הלל שיווק ומסחר בעמ,,,"י""ח",500,ל  גרם,false,1,17.90,3.58,true,1,
7290008493413,false,פירורי גריסיני,דנשר (1963) בעמ,,,"י""ח",200,ל  גרם,false,1,6.90,3.45,false,1,
7290008634045,false,פלסטר 30 צבעוני,אינטרסן (1996) בעמ,,,"י""ח",30,"י""ח",false,1,5.90,0.20,true,1,
7290008636650,false,קמח מצה 500גר.,מיה תעשיות מזון מ.ת.מ בעמ,,,"י""ח",500,ל  גרם,false,1,5.90,1.18,false,1,
7290008636704,false,"קונפיטורה משמש כשל""פ",מיה תעשיות מזון מ.ת.מ בעמ,,,"י""ח",450,ל  גרם,false,1,13.90,3.09,false,1,
7290008636926,false,קקאו הולנדי 500 ג מיה,מיה תעשיות מזון מ.ת.מ בעמ,,,"י""ח",500,ל  גרם,false,1,13.90,2.78,false,1,
7290008644112,false,מטבוחה יום יום,"שטראוס גרופ ***בע""מ",,,"י""ח",125,ל  גרם,false,1,4.90,3.92,false,1,
7290008690713,false,אושן ספריי חמוציות 1ליטר,החברה המרכזית להפצת משקאות בעמ,,,"י""ח",1,ליטר,false,1,11.50,11.50,false,1,
7290008693134,false,דניאלה תות,"שטראוס גרופ ***בע""מ",,,"י""ח",150,"ל  מ""ל",false,1,4.10,2.73,false,1,
7290008713900,false,לחם רוסי שיפון עגול 750גר`,שלמה א.אנג ל בעמ,,,"י""ח",750,ל  גרם,false,1,12.90,1.72,false,1,
7290008713917,false,לחם בסגנון רוסי שיפון כהה 750גר`,שלמה א.אנג ל בעמ,,,"י""ח",750,ל  גרם,false,1,12.90,1.72,false,1,
7290008745239,false,תפוצ יפס אקסטרא 55 גרם,"שטראוס פריטו ליי בע""מ",,,"י""ח",55,ל  גרם,false,1,4.50,8.18,false,1,
7290008751902,false,"קפה שחור קלוי 1 ק""ג  ואקום עלית","שטראוס גרופ בע""מ",,,"י""ח",1,"ק""ג",false,1,49.90,49.90,false,1,
7290008752244,false,תפו ציפס גריל 50 גרם,"שטראוס פריטו ליי בע""מ",,,"י""ח",50,ל  גרם,false,1,4.50,9,false,1,
7290008753111,false,תפוצ יפס מקסיקני 50 גרם,"שטראוס פריטו ליי בע""מ",,,"י""ח",50,ל  גרם,false,1,4.50,9,false,1,
7290008754415,false,"מאסט ספירמינט ללא סוכר 28גר כשל""פ","שטראוס גרופ בע""מ",,,"י""ח",28,ל  גרם,false,1,4.70,16.79,false,1,
7290008757034,false,"שוופס סודה 250 מ""ל",יפאורה שותפות מוגבלת לשיווק,,,"י""ח",250,"ל  מ""ל",false,1,3.50,1.28,true,1,
7290008757980,false,ספרינג רימונים קרטונית,יפאורה שותפות מוגבלת לשיווק,,,"י""ח",1,ליטר,false,1,6.90,6.90,true,1,
7290008775816,false,ערגליות שוקו 300 גרם,קבוצת אוסם סחר-שות.מוגבלת,,,"י""ח",300,ל  גרם,false,1,10.90,3.63,true,1,
7290008775823,false,ערגליות תות שדה 300 גרם,קבוצת אוסם סחר-שות.מוגבלת,,,"י""ח",300,ל  גרם,false,1,10.90,3.63,true,1,
7290008801119,false,"סלקטד סובניון בלאן  750מ""ל",אגודת הכורמים,,,"י""ח",750,"ל  מ""ל",false,1,29.90,3.95,true,1,
7290008801157,false,סלקטד מרלו  0.75 ל,אגודת הכורמים,,,"י""ח",750,"ל  מ""ל",false,1,29.90,3.95,true,1,
7290008806985,false,נשנושים שטראוס.,גלידות שטראוס בעמ,,,"י""ח",630,ל  גרם,false,1,49.90,7.92,false,1,
7290008846219,false,"שמן זית כתית חלוצה 750 מ""ל",נטו מלינדה סחר בעמ,,,"י""ח",750,"ל  מ""ל",false,1,39.90,5.32,false,1,
7290008899420,false,לחמניות ביס/פטיט פאן כפרי 40 גרם,ג נרל מילס ישראל בעמ,,,"י""ח",1,,false,1,1.50,1.50,true,1,
7290008899567,false,ג בטה כפרי אפיה מקומית,ג נרל מילס ישראל בעמ,,,"י""ח",200,ל  גרם,false,1,4.50,2.25,true,1,
7290008899734,false,קוקיס שוקולד לבן שקיל,ג נרל מילס ישראל בעמ,,,"ק""ג",1,,true,1,45,45,false,1,
7290008909723,false,טובורג רד שישיה מהדורה חדשה.,החברה המרכזית להפצת משקאות בעמ,,,"י""ח",1.98,ליטר,false,1,36.70,17.63,true,1,
7290008909778,false,"קרלסברג שישייה 330מ""ל",החברה המרכזית להפצת משקאות בעמ,,,"י""ח",1.98,ליטר,false,1,42.70,20.66,true,1,
7290008909853,false,קוקה קולה ZIRO 0.5 ל,החברה המרכזית להפצת משקאות בעמ,,,"י""ח",500,"ל  מ""ל",false,1,6.30,1.20,false,1,
7290008989671,false,ציפוי עדיף פריך,בטר אנד דיפרנט בעמ,,,"י""ח",200,ל  גרם,false,1,10.90,5.45,false,1,
7290009076509,false,5 פיתות אסלי קפוא,שלמה א.אנג ל בעמ,,,"י""ח",1,,false,1,7.90,7.90,true,1,
7290010002023,false,כורכום הודי טחון 100 גרם צנצנת,א.ל.יצור ושיווקתבלינים בעמ,,,"י""ח",100,ל  גרם,false,1,12.90,12.90,false,1,
7290010002030,false,כמון 100 גרם צנצנת,א.ל.יצור ושיווקתבלינים בעמ,,,"י""ח",100,ל  גרם,false,1,12.90,12.90,false,1,
7290010002047,false,מלח לימון 200 גרם,א.ל.יצור ושיווקתבלינים בעמ,,,"י""ח",200,ל  גרם,false,1,9.90,4.95,false,1,
7290010002061,false,פלפל לבן טחון 100 גרם,א.ל.יצור ושיווקתבלינים בעמ,,,"י""ח",100,ל  גרם,false,1,17.90,17.90,false,1,
7290010002078,false,פלפל שחור טחון 100 גרם בצנצנת מימון.,א.ל.יצור ושיווקתבלינים בעמ,,,"י""ח",100,ל  גרם,false,1,15.50,15.50,false,1,
7290010002092,false,פלפל שחור גס דק90גר צנצנת מימון.,א.ל.יצור ושיווקתבלינים בעמ,,,"י""ח",90,ל  גרם,false,1,15.50,17.22,false,1,
7290010002108,false,פלפל שחור גרוס גס 90גר,א.ל.יצור ושיווקתבלינים בעמ,,,"י""ח",90,ל  גרם,false,1,14.90,16.56,false,1,
7290010002122,false,פפריקה הונגרית מתוקה 100,א.ל.יצור ושיווקתבלינים בעמ,,,"י""ח",100,ל  גרם,false,1,12.90,12.90,false,1,
7290010002146,false,פפריקה מרוקאית מתוקה 100,א.ל.יצור ושיווקתבלינים בעמ,,,"י""ח",100,ל  גרם,false,1,12.90,12.90,false,1,
7290010002153,false,פפריקה מרוקאית חריפה 100,א.ל.יצור ושיווקתבלינים בעמ,,,"י""ח",100,ל  גרם,false,1,12.90,12.90,false,1,
7290010002191,false,מקלות קינמון 50 גרם,א.ל.יצור ושיווקתבלינים בעמ,,,"י""ח",500,ל  גרם,false,1,12.90,2.58,false,1,
7290010002207,false,קינמון טחון 100גר.,א.ל.יצור ושיווקתבלינים בעמ,,,"י""ח",100,ל  גרם,false,1,9.90,9.90,false,1,
7290010002214,false,צ ילי מקסיקני גרוס 80גר,א.ל.יצור ושיווקתבלינים בעמ,,,"י""ח",80,ל  גרם,false,1,12.90,16.13,false,1,
7290010002238,false,תערובת לתיבול בשר ועוף 160ג,א.ל.יצור ושיווקתבלינים בעמ,,,"י""ח",160,ל  גרם,false,1,16.90,10.56,true,1,
7290010002290,false,תערובת לשוואמה טורקית 110,א.ל.יצור ושיווקתבלינים בעמ,,,"י""ח",100,ל  גרם,false,1,12.90,12.90,false,1,
7290010002306,false,תערובת לקציצות 100גר,א.ל.יצור ושיווקתבלינים בעמ,,,"י""ח",100,ל  גרם,false,1,12.90,12.90,false,1,
7290010002313,false,ראס אל חנות 100גר,א.ל.יצור ושיווקתבלינים בעמ,,,"י""ח",100,ל  גרם,false,1,12.90,12.90,false,1,
7290010002320,false,תבלין גריל עוף 100גר,א.ל.יצור ושיווקתבלינים בעמ,,,"י""ח",100,ל  גרם,false,1,12.90,12.90,false,1,
7290010002351,false,זעטר ושומשום בלדי 100,א.ל.יצור ושיווקתבלינים בעמ,,,"י""ח",110,ל  גרם,false,1,12.90,11.73,false,1,
7290010002368,false,תערובת חווג  למרק 100גר,א.ל.יצור ושיווקתבלינים בעמ,,,"י""ח",100,ל  גרם,false,1,12.90,12.90,false,1,
7290010002375,false,מדרס קארי 100גר.,א.ל.יצור ושיווקתבלינים בעמ,,,"י""ח",100,ל  גרם,false,1,12.90,12.90,false,1,
7290010002382,false,אורגנו 40גר.,א.ל.יצור ושיווקתבלינים בעמ,,,"י""ח",40,ל  גרם,false,1,9.90,24.75,false,1,
7290010002399,false,בזיליקום 40 גרם,א.ל.יצור ושיווקתבלינים בעמ,,,"י""ח",40,ל  גרם,false,1,9.90,24.75,false,1,
7290010002405,false,טימין הררי 40גר.,א.ל.יצור ושיווקתבלינים בעמ,,,"י""ח",40,ל  גרם,false,1,9.90,24.75,false,1,
7290010002429,false,עלי דפנה 20 גרם,א.ל.יצור ושיווקתבלינים בעמ,,,"י""ח",20,ל  גרם,false,1,9.90,49.50,false,1,
7290010002443,false,רוזמרין 40גר.,א.ל.יצור ושיווקתבלינים בעמ,,,"י""ח",40,ל  גרם,false,1,9.90,24.75,false,1,
7290010002450,false,שמיר 30 גרם,א.ל.יצור ושיווקתבלינים בעמ,,,"י""ח",30,ל  גרם,false,1,9.90,33,false,1,
7290010002481,false,שום טחון 100 גרם,א.ל.יצור ושיווקתבלינים בעמ,,,"י""ח",100,ל  גרם,false,1,14.90,14.90,false,1,
7290010002498,false,שום גבישי 120 גרם,א.ל.יצור ושיווקתבלינים בעמ,,,"י""ח",120,ל  גרם,false,1,14.90,12.42,false,1,
7290010002597,false,כוסברה ירוקה 30גר,א.ל.יצור ושיווקתבלינים בעמ,,,"י""ח",30,ל  גרם,false,1,9.90,33,false,1,
7290010002696,false,אקסטרה צ`יפס אורז חום מלא שמנת בצל 60ג,א.ל.יצור ושיווקתבלינים בעמ,,,"י""ח",60,ל  גרם,false,1,7.90,13.17,true,1,
7290010003686,false,עלי דפנה שקית 20ג,א.ל.יצור ושיווקתבלינים בעמ,,,"י""ח",20,ל  גרם,false,1,5.90,29.50,false,1,
7290010003693,false,פפריקה מתוקה  80ג שקית,א.ל.יצור ושיווקתבלינים בעמ,,,"י""ח",80,ל  גרם,false,1,6.40,8,false,1,
7290010003709,false,פלפל שחור טחון  50ג שקית,א.ל.יצור ושיווקתבלינים בעמ,,,"י""ח",50,ל  גרם,false,1,8.90,17.80,false,1,
7290010003754,false,כמון טחו 50ג שקית,א.ל.יצור ושיווקתבלינים בעמ,,,"י""ח",50,ל  גרם,false,1,6.90,13.80,false,1,
7290010003792,false,מלח לימון שקית 100ג,א.ל.יצור ושיווקתבלינים בעמ,,,"י""ח",100,ל  גרם,false,1,6.90,6.90,false,1,
7290010003808,false,זעתר ושומשום שקית 80ג,א.ל.יצור ושיווקתבלינים בעמ,,,"י""ח",80,ל  גרם,false,1,6.90,8.63,false,1,
7290010003822,false,פפריקה חריפה שקית 80ג,א.ל.יצור ושיווקתבלינים בעמ,,,"י""ח",80,ל  גרם,false,1,6.90,8.63,false,1,
7290010003839,false,קינמון טחון  שקית 80ג,א.ל.יצור ושיווקתבלינים בעמ,,,"י""ח",80,ל  גרם,false,1,6.90,8.63,false,1,
7290010003846,false,אורגנו שקית 20ג,א.ל.יצור ושיווקתבלינים בעמ,,,"י""ח",20,ל  גרם,false,1,6.90,34.50,false,1,
7290010003990,false,פטרוזיליה שקית 20ג,א.ל.יצור ושיווקתבלינים בעמ,,,"י""ח",20,ל  גרם,false,1,6.90,34.50,false,1,
7290010016471,false,עוגת פס גבינה/אוכמניות  450גר לייבוביץ,שדמה חג`ג`,,,"י""ח",450,ל  גרם,false,1,39.90,8.87,false,1,
7290010060863,false,דאודורנט רולאון אלו-ורה,פישר תעשיות פרמבצטיות בעמ,,,"י""ח",1,,false,1,11,11,false,1,
7290010065271,false,פרינוק מחית 130 גרם,גורי מוצרי צריכה בעמ,,,"י""ח",130,ל  גרם,false,1,5.90,4.54,false,1,
7290010065295,false,פרינוק מחית 130 גרם,גורי מוצרי צריכה בעמ,,,"י""ח",130,ל  גרם,false,1,5.90,4.54,false,1,
7290010065318,false,פרינוק 190 גרם,גורי מוצרי צריכה בעמ,,,"י""ח",190,ל  גרם,false,1,5.90,3.11,true,1,
7290010065332,false,פרינוק 190 גרם תפוח עץ/בננה,גורי מוצרי צריכה בעמ,,,"י""ח",760,ל  גרם,false,1,5.90,0.78,true,1,
7290010066513,false,טונה 4  יח`בשמן צמחי פילטונה 160 ג`,תעשיות פילטונה בעמ,,,"י""ח",640,ל  גרם,false,1,23.90,3.73,false,1,
7290010066575,false,טונה 4 יחי מים פילטונה 160 ג`,תעשיות פילטונה בעמ,,,"י""ח",640,ל  גרם,false,1,23.90,3.73,false,1,
7290010066582,false,טונה 4 יחי קנולה פילטונה 160 ג`,תעשיות פילטונה בעמ,,,"י""ח",640,ל  גרם,false,1,23.90,3.73,false,1,
7290010066599,false,טונה 4  יח`בשמן זית פילטונה 160 ג`,תעשיות פילטונה בעמ,,,"י""ח",640,ל  גרם,false,1,27.90,4.36,false,1,
7290010116980,false,שוקולית 850 ג  (שקית),"שטראוס גרופ בע""מ",,,"י""ח",850,ל  גרם,false,1,18.90,2.22,false,1,
7290010117864,false,דוריטוס חריף אש 70 גרם,"שטראוס פריטו ליי בע""מ",,,"י""ח",70,ל  גרם,false,1,3.90,5.57,true,1,
7290010129003,false,עוגיות אוזניות 600 ג,שיבולים ייצור ושיווק מאפה בעמ,,,"י""ח",600,ל  גרם,false,1,19.90,3.32,false,1,
7290010129027,false,עוגיות מרוקאיות 600 ג,שיבולים ייצור ושיווק מאפה בעמ,,,"י""ח",600,ל  גרם,false,1,19.90,3.32,false,1,
7290010129553,false,עוגיות רולדה תמרים 600 ג,שיבולים ייצור ושיווק מאפה בעמ,,,"י""ח",600,ל  גרם,false,1,19.90,3.32,false,1,
7290010129652,false,עוגיות לקפה  350ג מאפים של אדל,שיבולים ייצור ושיווק מאפה בעמ,,,"י""ח",350,ל  גרם,false,1,16.90,4.83,true,1,
7290010129669,false,עוגיות מלוחות ארוך 350ג,שיבולים ייצור ושיווק מאפה בעמ,,,"י""ח",350,ל  גרם,false,1,16.90,4.83,true,1,
7290010129676,false,עוגיות מרוקאיות ארוך 350ג,שיבולים ייצור ושיווק מאפה בעמ,,,"י""ח",350,ל  גרם,false,1,16.90,4.83,true,1,
7290010153503,false,שעועית אקסטרא  מיה,מיה תעשיות מזון מ.ת.מ בעמ,,,"י""ח",400,ל  גרם,false,1,7.90,1.98,false,1,
7290010153510,false,בורגול 500 גרם,מיה תעשיות מזון מ.ת.מ בעמ,,,"י""ח",500,ל  גרם,false,1,3.90,0.78,false,1,
7290010153527,false,ג רש 500 גרם,מיה תעשיות מזון מ.ת.מ בעמ,,,"י""ח",500,ל  גרם,false,1,3.90,0.78,false,1,
7290010153534,false,קמח תירס 400 גרם,מיה תעשיות מזון מ.ת.מ בעמ,,,"י""ח",400,ל  גרם,false,1,6,1.50,false,1,
7290010153794,false,ציפוי לשניצל עשבי תיבול 500 ג`,מיה תעשיות מזון מ.ת.מ בעמ,,,"י""ח",500,ל  גרם,false,1,12.90,2.58,false,1,
7290010153800,false,ציפוי לשניצל תיבול עדין 500 ג`,מיה תעשיות מזון מ.ת.מ בעמ,,,"י""ח",500,ל  גרם,false,1,12.90,2.58,false,1,
7290010153817,false,ריבת חלב 300 גרם מיה,מיה תעשיות מזון מ.ת.מ בעמ,,,"י""ח",300,ל  גרם,false,1,13.90,4.63,false,1,
7290010153848,false,פפריקה מרוקאית בשמן 80גר`,מיה תעשיות מזון מ.ת.מ בעמ,,,"י""ח",8000,ל  גרם,false,1,6.30,0.08,false,1,
7290010153978,false,קונפיטורה שזיפים לפסח,מיה תעשיות מזון מ.ת.מ בעמ,,,"י""ח",450,ל  גרם,false,1,13.90,3.09,false,1,
7290010154005,false,סחוג תימני 250 גרם,נטו מלינדה סחר בעמ,,,"י""ח",250,ל  גרם,false,1,14.90,5.96,false,1,
7290010154012,false,לימון כבוש יוחאי ביטון 250 גרם,נטו מלינדה סחר בעמ,,,"י""ח",250,ל  גרם,false,1,15.90,6.36,false,1,
7290010154029,false,אריסה מתוקה ביטון 250ג,נטו מלינדה סחר בעמ,,,"י""ח",250,ל  גרם,false,1,15.90,6.36,false,1,
7290010154050,false,ממרח שיפקה כבוש ביטון,נטו מלינדה סחר בעמ,,,"י""ח",250,ל  גרם,false,1,15.90,6.36,false,1,
7290010154241,false,חזרת ביתית 250 ג,נטו מלינדה סחר בעמ,,,"י""ח",250,ל  גרם,false,1,15.90,6.36,false,1,
7290010154425,false,סחוג ירוק 130ג,נטו מלינדה סחר בעמ,,,"י""ח",130,ל  גרם,false,1,10.90,8.38,false,1,
7290010154555,false,ממרח לימון כבוש 235ג,נטו מלינדה סחר בעמ,,,"י""ח",235,ל  גרם,false,1,15.90,6.77,false,1,
7290010154678,false,אריסה ביתית 250 גר,נטו מלינדה סחר בעמ,,,"י""ח",250,ל  גרם,false,1,15.90,6.36,false,1,
7290010154685,false,שום כתוש 250ג,נטו מלינדה סחר בעמ,,,"י""ח",250,ל  גרם,false,1,15.90,6.36,false,1,
7290010154692,false,סחוג אדום 250 גרם.,נטו מלינדה סחר בעמ,,,"י""ח",250,ל  גרם,false,1,15.90,6.36,false,1,
7290010173037,false,יין גליל רוזה,היכל היין שקד גולן בעמ,,,"י""ח",750,"ל  מ""ל",false,1,38.90,5.15,true,1,
7290010173044,false,יין גליל מרלו,היכל היין שקד גולן בעמ,,,"י""ח",750,"ל  מ""ל",false,1,38.90,5.15,true,1,
7290010173068,false,יין גליל קברנה סובניון,היכל היין שקד גולן בעמ,,,"י""ח",750,"ל  מ""ל",false,1,38.90,5.15,true,1,
7290010173334,false,יין גליל שיראז,היכל היין שקד גולן בעמ,,,"י""ח",750,ל  גרם,false,1,38.90,5.15,true,1,
7290010192120,false,צנונית ארוזה,ביכורי השדה צפון 1994 ג.ד. בעמ,,,"י""ח",1,,false,1,6.90,6.90,true,1,
7290010195275,false,פופ קורן טבעי למיקרוגל,דנשר (1963) בעמ,,,"י""ח",500,ל  גרם,false,1,13.80,2.76,true,1,
7290010237685,false,"היינקן בירה 330 מ""ל",טמפו משקאות בעמ,,,"י""ח",330,"ל  מ""ל",false,1,8.90,2.61,false,1,
7290010237890,false,"הייניקן 500  מ""ל(חוזר{",טמפו משקאות בעמ,,,"י""ח",500,"ל  מ""ל",false,1,8.90,1.54,false,1,
7290010259311,false,מי קוקוס 400 גרם]וויליפו,ג.וילי פוד אינטרנשיונל בעמ,,,"י""ח",400,ל  גרם,false,1,7.90,1.98,false,1,
7290010259366,false,נודלס אטריות מסולסל 200 ג,ג.וילי פוד אינטרנשיונל בעמ,,,"י""ח",200,ל  גרם,false,1,4.90,2.45,false,1,
7290010259830,false,מנת השף נודלס בטעם סיני-פיקנטי,ג.וילי פוד אינטרנשיונל בעמ,,,"י""ח",70,ל  גרם,false,1,5.90,8.43,false,1,
7290010259847,false,מנת השף נודלס בטעם תירס,ג.וילי פוד אינטרנשיונל בעמ,,,"י""ח",70,ל  גרם,false,1,5.90,8.43,false,1,
7290010259854,false,מנת השף נודלס בטעם פטריות,ג.וילי פוד אינטרנשיונל בעמ,,,"י""ח",70,ל  גרם,false,1,5.90,8.43,false,1,
7290010259861,false,מנת השף מרק עם נודלס בטעם ירקות,ג.וילי פוד אינטרנשיונל בעמ,,,"י""ח",70,ל  גרם,false,1,5.90,8.43,false,1,
7290010259991,false,צנימים 250 גרם,ג.וילי פוד אינטרנשיונל בעמ,,,"י""ח",250,ל  גרם,false,1,8.50,3.40,false,1,
7290010278916,false,שקית 10 מודפס,שמחה זה אנחנו,,,"י""ח",1,,false,1,8.90,8.90,false,1,
7290010328093,false,ממרח חלווה 400 גרם,אחדות בעמ,,,"י""ח",400,ל  גרם,false,1,10.70,2.68,false,1,
7290010328178,false,חלווה מסולסלת 250 גרם,אחדות בעמ,,,"י""ח",250,ל  גרם,false,1,9.90,3.96,false,1,
7290010328239,false,טחינה מתובלת 500 גרם,אחדות בעמ,,,"י""ח",500,ל  גרם,false,1,13.90,2.78,false,1,
7290010328246,false,טחינה  אחווה שומשום מלא 500 ג`,אחדות בעמ,,,"י""ח",500,ל  גרם,false,1,10.90,2.18,false,1,
7290010328253,false,טחינה גולמית אחווה 500גר,אחדות בעמ,,,"י""ח",500,ל  גרם,false,1,10.90,2.18,false,1,
7290010328345,false,חלבה 50גרם אחוה,אחדות בעמ,,,"י""ח",50,ל  גרם,false,1,1.50,3,false,1,
7290010328451,false,חלוה אחוה 400גר.,אחדות בעמ,,,"י""ח",400,ל  גרם,false,1,12.90,3.23,false,1,
7290010328468,false,חטיף מיני  חלבה  18יח,אחדות בעמ,,,"י""ח",18,"י""ח",false,1,9.90,0.55,false,1,
7290010328505,false,חטיף מיני  חלבה  ללא סוכר 12יח,אחדות בעמ,,,"י""ח",12,"י""ח",false,1,9.90,0.83,false,1,
7290010328680,false,עוגת אחוה שוקולד עם שוקוציפס 450ג,אחדות בעמ,,,"י""ח",450,ל  גרם,false,1,10.90,2.42,false,1,
7290010328765,false,חטיף חלווה שוקו וניל 50ג,אחדות בעמ,,,"י""ח",50,ל  גרם,false,1,1.50,3,false,1,
7290010328901,false,מאפין אחווה 45 גרם,אחדות בעמ,,,"י""ח",40,ל  גרם,false,1,1.50,3.75,true,1,
7290010429684,false,"מארז 2 דבשים 350 ג כשל""פ.","שטראוס גרופ בע""מ",,,"י""ח",700,ל  גרם,false,1,35.90,5.13,false,1,
7290010471669,false,דנונה קראנצי יוגורט תות עם קורנפלקס,"שטראוס גרופ ***בע""מ",,,"י""ח",175,"ל  מ""ל",false,1,4.60,2.63,false,1,
7290010509812,false,נתחי טונה  בשמן]המותג[,לפ עטרת תעשיות (1996 ) בעמ,,,"י""ח",160,ל  גרם,false,1,6.10,3.81,false,1,
7290010509836,false,מיץ  לימון(המותג),לפ עטרת תעשיות (1996 ) בעמ,,,"י""ח",1,ליטר,false,1,6.10,6.10,false,1,
7290010513727,false,פנקו פרורי לחם וומטרי 200גרם,מזרח ומערב יבוא ושיווק,,,"י""ח",200,ל  גרם,false,1,9.90,4.95,false,1,
7290010558599,false,ממרח שיפקה  200ג,עוזי טעמים של בית,,,"י""ח",1,"ק""ג",false,1,17.90,17.90,false,1,
7290010558681,false,ממרח עגבניות 200ג,עוזי טעמים של בית,,,"י""ח",1,,false,1,21.90,21.90,false,1,
7290010558889,false,שום כתוש 200 גרם,עוזי טעמים של בית,,,"י""ח",200,ל  גרם,false,1,14.90,7.45,false,1,
7290010627004,false,טחינה ירושלים 500 גר,תה ויסוצקי (ישראל)בעמ,,,"י""ח",500,ל  גרם,false,1,16.90,3.38,true,1,
7290010627844,false,טחינה ירושלים 500 מלא,תה ויסוצקי (ישראל)בעמ,,,"י""ח",500,ל  גרם,false,1,16.90,3.38,true,1,
7290010632107,false,מוצץ סיל  אורט  זוג קצר,אינטרסן (1996) בעמ,,,"י""ח",1,,false,1,16.90,16.90,false,1,
7290010632343,false,מברשת לבקבוק ופיטמה,אינטרסן (1996) בעמ,,,"י""ח",1,,false,1,23.90,23.90,true,1,
7290010632626,false,מוצץ גומי בליסטר 3יחי,אינטרסן (1996) בעמ,,,"י""ח",3,"י""ח",false,1,14.90,4.97,false,1,
7290010632787,false,צמרוני אוזניים מעץ 300,אינטרסן (1996) בעמ,,,"י""ח",300,"י""ח",false,1,4.50,0.02,false,1,
7290010650019,false,אנדיב/עולש,ביכורי השדה צפון 1994 ג.ד. בעמ,,,"י""ח",1,,false,1,13.90,13.90,false,1,
7290010650033,false,בצל שאלוט 350גר,ביכורי השדה צפון 1994 ג.ד. בעמ,,,"י""ח",350,ל  גרם,false,1,10.90,3.11,false,1,
7290010650828,false,פטריות שי-מג`י חום/לבן,ביכורי השדה צפון 1994 ג.ד. בעמ,,,"י""ח",150,ל  גרם,false,1,11.90,7.93,true,1,
7290010650996,false,פטריות שימג`י טרי,ביכורי השדה צפון 1994 ג.ד. בעמ,,,"י""ח",1,"י""ח",false,1,13.90,13.90,true,1,
7290010748860,false,אפקטיב קרם ידיים פישר,פישר תעשיות פרמבצטיות בעמ,,,"י""ח",150,"ל  מ""ל",false,1,16.90,11.27,true,1,
7290010748877,false,אפקטיב קרם גוף סנסטיב,פישר תעשיות פרמבצטיות בעמ,,,"י""ח",700,"ל  מ""ל",false,1,29.90,4.27,true,1,
7290010748884,false,אפקטיב קרם גוף עור יבש,פישר תעשיות פרמבצטיות בעמ,,,"י""ח",700,"ל  מ""ל",false,1,29.90,4.27,true,1,
7290010766949,false,ממרח תחתיות ארטישוק,תה ויסוצקי (ישראל)בעמ,,,"י""ח",1,,false,1,14.90,14.90,false,1,
7290010777150,false,פיתות בריבוע חיטה 8יח,גיא מאפים שיווק טוב בעמ,,,"י""ח",1,,false,1,15.90,15.90,false,1,
7290010777242,false,פיתות 10יח  מארז תימניות.,גיא מאפים שיווק טוב בעמ,,,"י""ח",1,,false,1,15.90,15.90,false,1,
7290010777297,false,פיתות 10יח  מארז(עבודת  יד),גיא מאפים שיווק טוב בעמ,,,"י""ח",1,,false,1,13.90,13.90,false,1,
7290010777358,false,מארז פיתה כוסמין ללא סוכר (8 יח),גיא מאפים שיווק טוב בעמ,,,"י""ח",1,,false,1,15.90,15.90,false,1,
7290010777488,false,מארז פיתה קמח מלא (8 יח).,גיא מאפים שיווק טוב בעמ,,,"י""ח",1,,false,1,15.90,15.90,false,1,
7290010777525,false,מארז פיתות כוסמין מלא,גיא מאפים שיווק טוב בעמ,,,"י""ח",1,,false,1,16.90,16.90,false,1,
7290010791538,false,מעדן עוף גורמה,דיפלומט מפיצים (1968) בעמ**,,,"י""ח",85,ל  גרם,false,1,6.90,8.12,false,1,
7290010791545,false,מעדן פטה כבד עוף,דיפלומט מפיצים (1968) בעמ**,,,"י""ח",85,ל  גרם,false,1,6.90,8.12,false,1,
7290010791576,false,מעדן דגי אוקיינוס,דיפלומט מפיצים (1968) בעמ**,,,"י""ח",85,ל  גרם,false,1,6.90,8.12,false,1,
7290010791583,false,מעדן דגי אוקינוס,דיפלומט מפיצים (1968) בעמ**,,,"י""ח",85,ל  גרם,false,1,6.90,8.12,false,1,
7290010814244,false,שוקולד שלישיות מריר 3*85גר,כרמית תעשיות ממתקים בעמ,,,"י""ח",255,ל  גרם,false,1,11.90,4.67,true,1,
7290010814251,false,שוקולד שלישיות חלב 85*3 גרם,כרמית תעשיות ממתקים בעמ,,,"י""ח",300,ל  גרם,false,1,11.90,3.97,true,1,
7290010814268,false,שוקולד שלישיות לבן כרמית,כרמית תעשיות ממתקים בעמ,,,"י""ח",300,ל  גרם,false,1,11.90,3.97,true,1,
7290010814695,false,שוקולד פרמיום מריר ללס 85ג,כרמית תעשיות ממתקים בעמ,,,"י""ח",85,ל  גרם,false,1,6.90,8.12,true,1,
7290010822362,false,אקווה נובה 0.5 שישיה,טמפו משקאות בעמ,,,"י""ח",3,ליטר,false,1,13.40,4.47,false,1,
7290010838219,false,מרמולייט  סטיביה 100שקיות,דנשר (1963) בעמ,,,"י""ח",100,"י""ח",false,1,25.90,0.26,false,1,
7290010839865,false,רכז רימונים 320 גר,ג.וילי פוד אינטרנשיונל בעמ,,,"י""ח",320,ל  גרם,false,1,10.90,3.41,false,1,
7290010849529,false,"למברוסקו די לואיג`י ביאנקו 750מ""ל",הכרם משקאות חריפים בעמ,,,"י""ח",750,"ל  מ""ל",false,1,25.90,3.41,false,1,
7290010883356,false,כפפות אלוורה L,החב הדרומית לשיווק,,,"י""ח",1,,false,1,10.90,10.90,false,1,
7290010883363,false,כפפות אלוורה S,החב הדרומית לשיווק,,,"י""ח",1,,false,1,10.90,10.90,false,1,
7290010883370,false,כפפות אלוורה M,החב הדרומית לשיווק,,,"י""ח",1,,false,1,10.90,10.90,false,1,
7290010931330,false,סלט מטבוחה 500 גרם אחלה,"שטראוס גרופ ***בע""מ",,,"י""ח",500,ל  גרם,false,1,14.90,2.98,true,1,
7290010945450,false,גבינה לבנה 3% 250  ג*,*החברה המרכזית להפצת משקאותבעמ,,,"י""ח",250,ל  גרם,false,1,4.98,1.99,false,1,
7290010945481,false,גבינה לבנה 5% מהדרין 500  *,*החברה המרכזית להפצת משקאותבעמ,,,"י""ח",500,ל  גרם,false,1,9.96,1.99,false,1,
7290011015862,false,"סירופ דיאט לימונענע 750מ""ל",החברה המרכזית להפצת משקאות בעמ,,,"י""ח",750,"ל  מ""ל",false,1,23.60,3.15,false,1,
7290011017866,false,פחית קוקה קולה סליק,החברה המרכזית להפצת משקאות בעמ,,,"י""ח",330,"ל  מ""ל",false,1,4.60,1.30,true,1,
7290011017873,false,פחית קוקה קולה זירו  סליק,החברה המרכזית להפצת משקאות בעמ,,,"י""ח",330,"ל  מ""ל",false,1,4.60,1.30,true,1,
7290011017880,false,פחית קוקה קולה דיאט  סליק,החברה המרכזית להפצת משקאות בעמ,,,"י""ח",330,"ל  מ""ל",false,1,4.60,1.30,true,1,
7290011018184,false,תה אפרסק 0.5 ליטר FUZE-T,החברה המרכזית להפצת משקאות בעמ,,,"י""ח",500,"ל  מ""ל",false,1,6.20,1.18,false,1,
7290011018832,false,"מארז FRIDGE-PACK ק""ק פח",החברה המרכזית להפצת משקאות בעמ,,,"י""ח",1.98,ליטר,false,1,23.90,11.16,false,1,
7290011026530,false,"ד""ר פישר קמיל בלו 500 מ""ל",פישר תעשיות פרמבצטיות בעמ,,,"י""ח",500,"ל  מ""ל",false,1,20.90,4.18,false,1,
7290011051358,false,שוופס סודה עם לימון 250,יפאורה שותפות מוגבלת לשיווק,,,"י""ח",250,"ל  מ""ל",false,1,3.50,1.28,true,1,
7290011051525,false,ספרינג -Tאפרסק   0.5 ל,יפאורה שותפות מוגבלת לשיווק,,,"י""ח",500,"ל  מ""ל",false,1,5.90,1.12,true,1,
7290011065416,false,פלפל שחור מטחנה 60גר,א.ל.יצור ושיווקתבלינים בעמ,,,"י""ח",60,ל  גרם,false,1,18.90,31.50,false,1,
7290011065430,false,צ`ילי מטחנה 50גר,א.ל.יצור ושיווקתבלינים בעמ,,,"י""ח",50,ל  גרם,false,1,18.90,37.80,false,1,
7290011081492,false,קרמיסימו שלושה שוקולדים שטראוס,גלידות שטראוס בעמ,,,"י""ח",1.33,ליטר,false,1,18.90,14.21,false,1,
7290011081690,false,קרמיסימו פרווה מייפל,גלידות שטראוס בעמ,,,"י""ח",1.33,ליטר,false,1,18.90,14.21,false,1,
7290011115258,false,סבון רביעיה לילך,החב הדרומית לשיווק,,,"י""ח",400,ל  גרם,false,1,10.90,2.73,false,1,
7290011115401,false,נקה  -AROMA7סבון מוצק*4,החב הדרומית לשיווק,,,"י""ח",400,ל  גרם,false,1,10.90,2.73,false,1,
7290011116255,false,סקין גארד-תחליב להגנת תינוק.,החב הדרומית לשיווק,,,"י""ח",250,"ל  מ""ל",false,1,39.90,15.96,false,1,
7290011126209,false,חליטת תפוח וקינמון גן קסום,תה ויסוצקי (ישראל)בעמ,,,"י""ח",55,ל  גרם,false,1,17.90,32.55,false,1,
7290011126452,false,חליטת קמומיל ונענע גן קסום,תה ויסוצקי (ישראל)בעמ,,,"י""ח",37.50,ל  גרם,false,1,17.90,47.73,false,1,
7290011126469,false,חליטת קמומיל ודבש גן קסום,תה ויסוצקי (ישראל)בעמ,,,"י""ח",37.50,ל  גרם,false,1,17.90,47.73,false,1,
7290011126940,false,תה ירוק מרווה,תה ויסוצקי (ישראל)בעמ,,,"י""ח",37.50,ל  גרם,false,1,24.90,66.40,true,1,
7290011131371,false,"מיזלי 1 ק""ג שקדים",מ.סידס ובנו בעמ,,,"י""ח",1,"ק""ג",false,1,27.90,27.90,false,1,
7290011131395,false,"מיזלי 1 ק""ג פירות",מ.סידס ובנו בעמ,,,"י""ח",1,"ק""ג",false,1,27.90,27.90,false,1,
7290011132583,false,"פפסי מקס 500מ""ל שישייה",טמפו משקאות בעמ,,,"י""ח",3,ליטר,false,1,21.90,6.70,true,1,
7290011142001,false,"לחם""דואט"" 550גר",מאפיית דואט בעמ,,,"י""ח",550,ל  גרם,false,1,11.90,2.16,false,1,
7290011142025,false,לחם שיפון כפרי 600גר,מאפיית דואט בעמ,,,"י""ח",600,ל  גרם,false,1,12.90,2.15,false,1,
7290011142032,false,לחם שיפון ביתי 630גר,מאפיית דואט בעמ,,,"י""ח",630,ל  גרם,false,1,12.90,2.05,false,1,
7290011142049,false,לחם דגנים 630גר,מאפיית דואט בעמ,,,"י""ח",630,ל  גרם,false,1,11.90,1.89,false,1,
7290011142094,false,"לחם  שיפון""פטרובסקי"" 700גר",מאפיית דואט בעמ,,,"י""ח",700,ל  גרם,false,1,13.90,1.99,false,1,
7290011142193,false,לחמניות מתוקות 400גר,מאפיית דואט בעמ,,,"י""ח",700,ל  גרם,false,1,12.90,1.84,false,1,
7290011142315,false,לחם מרוקאי מסורתי(פרנה),מאפיית דואט בעמ,,,"י""ח",700,ל  גרם,false,1,14.50,2.07,false,1,
7290011142407,false,"לחם שבע דגנים 1.1ק""ג",מאפיית דואט בעמ,,,"י""ח",1.10,"ק""ג",false,1,18.90,17.18,false,1,
7290011142650,false,לחם שיפון 100% 900גר,מאפיית דואט בעמ,,,"י""ח",900,ל  גרם,false,1,17.90,1.99,false,1,
7290011148805,false,שעועית ארוזה,ביכורי השדה צפון 1994 ג.ד. בעמ,,,"י""ח",1,,false,1,14.90,14.90,false,1,
7290011154080,false,.תרכיז תפוחים מבית טעמי הגליל צלול,ליימן שליסל,,,"י""ח",500,"ל  מ""ל",false,1,20.50,4.10,false,1,
7290011154899,false,"תרכיז תפוחים וענבים טבעי 500מ""ל",ליימן שליסל,,,"י""ח",500,"ל  מ""ל",false,1,27.90,5.58,true,1,
7290011174040,false,גזר ננסי קטנצ יק,ויטה- פרי גליל (החדשה) בעמ,,,"י""ח",800,ל  גרם,false,1,10.90,1.36,false,1,
7290011194215,false,דניאלה בננה,"שטראוס גרופ ***בע""מ",,,"י""ח",150,"ל  מ""ל",false,1,4.10,2.73,false,1,
7290011223229,false,טואלט דאק ג ל לאסלה,דנשר (1963) בעמ,,,"י""ח",55,"ל  מ""ל",false,1,9.90,18,false,1,
7290011223243,false,טואלט גק גל לאסלה,דנשר (1963) בעמ,,,"י""ח",55,"ל  מ""ל",false,1,11.90,21.64,false,1,
7290011239404,false,חטיף מתוק טעמים שונים 330גר,סוכניות עמוס ממתקים בעמ,,,"י""ח",330,ל  גרם,false,1,14.90,4.52,false,1,
7290011254018,false,שעועית מש 500 גרם,מיה תעשיות מזון מ.ת.מ בעמ,,,"י""ח",500,ל  גרם,false,1,6.90,1.38,false,1,
7290011254476,false,סוכריות ללא סוכר תפוח,מיה תעשיות מזון מ.ת.מ בעמ,,,"י""ח",1,,false,1,6.50,6.50,false,1,
7290011254490,false,סוכריות ללא סוכר פירות,מיה תעשיות מזון מ.ת.מ בעמ,,,"י""ח",1,,false,1,6.50,6.50,false,1,
7290011254759,false,שעועית שחורה 500גר`,מיה תעשיות מזון מ.ת.מ בעמ,,,"י""ח",500,ל  גרם,false,1,9.90,1.98,false,1,
7290011254766,false,"שעועית לוביה 400 גר`בד""ץ",מיה תעשיות מזון מ.ת.מ בעמ,,,"י""ח",400,ל  גרם,false,1,6.90,1.73,false,1,
7290011254773,false,שעועית ארגנטינאית 500גר`,מיה תעשיות מזון מ.ת.מ בעמ,,,"י""ח",500,ל  גרם,false,1,7.90,1.58,false,1,
7290011276485,false,חסה עגולה,ביכורי השדה צפון 1994 ג.ד. בעמ,,,"י""ח",1,,false,1,6.90,6.90,false,1,
7290011276621,false,שמיר מהדרין,ביכורי השדה צפון 1994 ג.ד. בעמ,,,"י""ח",1,,false,1,6.90,6.90,true,1,
7290011300982,false,"סבון נוזלי כחול אושן  500מ""ל",פנינה רוזנבלום בעמ,,,"י""ח",0.50,ליטר,false,1,6.90,13.80,false,1,
7290011378257,false,"מאגדת 7יח חטיף חלבה-פקאן  ופיסטוק לל""ס",קבוצת אוסם סחר-שות.מוגבלת,,,"י""ח",7,"י""ח",false,1,12.90,1.84,false,1,
7290011435226,false,דבש  לחיץ 650גר` יד מרדכי,"שטראוס גרופ בע""מ",,,"י""ח",650,ל  גרם,false,1,39,6,false,1,
7290011438142,false,"משקה חלב טעם קפה 350 מ""ל","שטראוס גרופ ***בע""מ",,,"י""ח",350,"ל  מ""ל",false,1,6.50,1.86,false,1,
7290011447304,false,מטרנה פרימיום א.חסכוןשלב 3,קבוצת אוסם סחר-שות.מוגבלת,,,"י""ח",700,ל  גרם,false,1,49.90,7.13,false,1,
7290011447359,false,מטרנה מהדרין חסכונית 1,קבוצת אוסם סחר-שות.מוגבלת,,,"י""ח",700,ל  גרם,false,1,49.90,7.13,false,1,
7290011447373,false,מטרנה מהדרין חיסכון} {2,קבוצת אוסם סחר-שות.מוגבלת,,,"י""ח",700,ל  גרם,false,1,49.90,7.13,false,1,
7290011461058,false,גומא ריחני במבוק,מוסקו בעמ,,,"י""ח",1,,false,1,19.90,19.90,false,1,
7290011473082,false,אורז בסמטי מלא  500ג,גורי מוצרי צריכה בעמ,,,"י""ח",500,ל  גרם,false,1,13.90,2.78,false,1,
7290011473099,false,אורז עגול מלא אורגני 500ג,גורי מוצרי צריכה בעמ,,,"י""ח",500,ל  גרם,false,1,12.90,2.58,false,1,
7290011473136,false,דלעת קלופה   אורגני  300ג,גורי מוצרי צריכה בעמ,,,"י""ח",300,ל  גרם,false,1,24.90,8.30,false,1,
7290011473242,false,פשטן זרעים  אורגני  500ג,גורי מוצרי צריכה בעמ,,,"י""ח",500,ל  גרם,false,1,11.50,2.30,false,1,
7290011473297,false,גריסי פנינה  אורגני 500ג,גורי מוצרי צריכה בעמ,,,"י""ח",500,ל  גרם,false,1,10.90,2.18,false,1,
7290011473327,false,שעועית מש אורגני  500ג,גורי מוצרי צריכה בעמ,,,"י""ח",500,ל  גרם,false,1,15.90,3.18,false,1,
7290011473648,false,סוכר דמררה אורגני 300ג,גורי מוצרי צריכה בעמ,,,"י""ח",300,ל  גרם,false,1,17.90,5.97,false,1,
7290011473723,false,"מלח הימליה דק שקית 1ק""ג",גורי מוצרי צריכה בעמ,,,"י""ח",1,"ק""ג",false,1,20.90,20.90,false,1,
7290011474133,false,מגדרה  אורגני 500ג,גורי מוצרי צריכה בעמ,,,"י""ח",500,ל  גרם,false,1,18.90,3.78,false,1,
7290011488062,false,בצלצלי שאלוט 350גר,ביכורי השדה צפון 1994 ג.ד. בעמ,,,"י""ח",350,ל  גרם,false,1,13.90,3.97,false,1,
7290011489595,false,קרקר טופז שומשום 110גר הדר,ח.כהן סוכנות מזון ומשקאות בע,,,"י""ח",110,ל  גרם,false,1,2.90,2.64,false,1,
7290011499051,false,פטה כבשים 250 גרם,מחלבות גד,,,"י""ח",250,ל  גרם,false,1,26.90,10.76,false,1,
7290011499105,false,בולגרית 5% 250 גרם,מחלבות גד,,,"י""ח",250,ל  גרם,false,1,24.90,9.96,false,1,
7290011499129,false,בולגרית  קוביות מעודנת 5% 200 ג,מחלבות גד,,,"י""ח",200,ל  גרם,false,1,24.90,12.45,false,1,
7290011499303,false,בולגרית מעודנת עיזים 5% 250 ג,מחלבות גד,,,"י""ח",250,ל  גרם,false,1,29.90,11.96,false,1,
7290011499327,false,בולגרית מעודנת חלב בקר 5%,מחלבות גד,,,"י""ח",250,ל  גרם,false,1,24.90,9.96,false,1,
7290011499341,false,קשקבלו 200 גרם  %26גד,מחלבות גד,,,"י""ח",200,ל  גרם,false,1,25.90,12.95,false,1,
7290011499358,false,פטה עיזים  200גר}גד{,מחלבות גד,,,"י""ח",200,ל  גרם,false,1,29.90,14.95,false,1,
7290011499365,false,חלומי גד 200גר.,מחלבות גד,,,"י""ח",200,ל  גרם,false,1,23.90,11.95,false,1,
7290011499419,false,קרם שמנת ניו יורק  5%  בטעם טבעי 200גר`,מחלבות גד,,,"י""ח",200,ל  גרם,false,1,11.90,5.95,false,1,
7290011499624,false,גבינת שמנת 30% בטעם טבעי ניו יורק,מחלבות גד,,,"י""ח",200,ל  גרם,false,1,13.90,6.95,false,1,
7290011499846,false,ריקוטה פרסקה 300גרם,מחלבות גד,,,"י""ח",300,ל  גרם,false,1,19.30,6.43,false,1,
7290011499853,false,גבינת שמנת 30% זיתים 200ג,מחלבות גד,,,"י""ח",200,ל  גרם,false,1,12.90,6.45,false,1,
7290011501082,false,תמר מג הול 400 גרם המותג,דין שיווק וקליה 2021 בעמ****,,,"י""ח",400,ל  גרם,false,1,15.90,3.98,false,1,
7290011501617,false,חמוציות ברכז תפוחים ללא סוכר 250גר,דין שיווק וקליה 2021 בעמ,,,"י""ח",250,ל  גרם,false,1,15.90,6.36,false,1,
7290011505776,false,שיפודי במבוק עבים במיוחד 75יח`,אינטרסן (1996) בעמ,,,"י""ח",1,,false,1,4,4,false,1,
7290011505806,false,קיסמי שיניים דנטאליים 200 יח`,אינטרסן (1996) בעמ,,,"י""ח",200,"י""ח",false,1,8.90,0.04,false,1,
7290011515911,false,מאגדת לייט ריבת חלב 6יח`,נגה גלידות,,,"י""ח",1,,false,1,29.90,29.90,false,1,
7290011518561,false,אקטימל מארז משפ  14יח   תות,"שטראוס גרופ ***בע""מ",,,"י""ח",1.40,ליטר,false,1,30.90,22.07,false,1,
7290011593087,false,"שמן זית סבא חביב  750מ""ל",בני פאוזי שמשום (2009) בעמ,,,"י""ח",750,"ל  מ""ל",false,1,29.90,3.99,true,1,
7290011593117,false,זית סורי ירוק מבוקע 800גרם,בני פאוזי שמשום (2009) בעמ,,,"י""ח",800,ל  גרם,false,1,24.90,3.11,false,1,
7290011598211,false,אנטי קאלק כללי 4ב1,החב הדרומית לשיווק,,,"י""ח",700,"ל  מ""ל",false,1,19.90,2.84,false,1,
7290011598402,false,מרכך כביסה מקסימה מאסק  4 ל,החב הדרומית לשיווק,,,"י""ח",4,ליטר,false,1,21.90,5.48,false,1,
7290011599836,false,משפר אפיה 100גר,סופר קמח רובינפלד בעמ,,,"י""ח",100,ל  גרם,false,1,10.90,10.90,false,1,
7290011607180,false,"קולון 1.250 ק""ג",רקיט בנקיזר (ניר איסט) בעמ,,,"י""ח",1.25,"ק""ג",false,1,14.90,11.92,false,1,
7290011860271,false,תפוגן ביסבול טבעי 700 ג,קבוצת אוסם סחר-שות.מוגבלת,,,"י""ח",700,ל  גרם,false,1,17.30,2.47,false,1,
7290011860301,false,תפוגן ביסבול תירס,קבוצת אוסם סחר-שות.מוגבלת,,,"י""ח",700,ל  גרם,false,1,15.90,2.27,false,1,
7290011870249,false,סוללות  *AAA12 פוגיקום,פוגיקום בעמ,,,"י""ח",1,,false,1,19.90,19.90,false,1,
7290011870270,false,סוללות   *AA12 פוגיקום,פוגיקום בעמ,,,"י""ח",1,,false,1,19.90,19.90,false,1,
7290011876388,false,קציצות עוף ובקר 600ג,תנובה בשר,,,"י""ח",600,ל  גרם,false,1,35.90,5.98,false,1,
7290011877156,false,סנפרש ענק מאסק,החב הדרומית לשיווק,,,"י""ח",375,"ל  מ""ל",false,1,10.90,2.91,false,1,
7290011877859,false,סנו אינסטלטור בקבוקון,החב הדרומית לשיווק,,,"י""ח",200,"ל  מ""ל",false,1,15.90,7.95,false,1,
7290011912642,false,"ליסטרין טאגד  500 מ""ל",שקד תבל בעמ,,,"י""ח",500,"ל  מ""ל",false,1,17.90,3.58,true,1,
7290011947309,false,זית סורי מבוקע עם לימון כבוש  220גר,תה ויסוצקי (ישראל)בעמ,,,"י""ח",560,ל  גרם,false,1,14.90,2.66,false,1,
7290011947521,false,שמן זית  זיתא כתית מעולה טעם מודגש 750,תה ויסוצקי (ישראל)בעמ,,,"י""ח",750,"ל  מ""ל",false,1,37.90,5.05,true,1,
7290011947743,false,מיקס זית ירוק וזית קלמטה 215ג,תה ויסוצקי (ישראל)בעמ,,,"י""ח",215,ל  גרם,false,1,14.90,6.93,false,1,
7290011947781,false,מיקס זית ירוק וקלמטה עם שמן זית  זיתא,תה ויסוצקי (ישראל)בעמ,,,"י""ח",190,ל  גרם,false,1,14.90,7.84,false,1,
7290011947798,false,זית קלמטה ללא גלעין עם שמן זית  זיתא,תה ויסוצקי (ישראל)בעמ,,,"י""ח",190,ל  גרם,false,1,14.90,7.84,false,1,
7290011964344,false,גבישי שום 120 גרם,תבליני טעם וריח בעמ,,,"י""ח",1,,false,1,9.90,9.90,true,1,
7290011964658,false,מלח לימון 170ג,תבליני טעם וריח בעמ,,,"י""ח",1,,false,1,9.90,9.90,true,1,
7290011964702,false,תיבול לשוורמה מיוחד 100 גרם,תבליני טעם וריח בעמ,,,"י""ח",1,,false,1,9.90,9.90,true,1,
7290011977665,false,סרדינים ברוטב עגבניות,טעמן שווק מזון בעמ,,,"י""ח",125,ל  גרם,false,1,4.90,3.92,true,1,
7290012001994,false,חרדל דיג`ון גרעינים 370  גר`דיפלומט,דיפלומט מפיצים (1968) בעמ**,,,"י""ח",370,ל  גרם,false,1,11.90,3.22,false,1,
7290012022203,false,קליליות חיטה מלאה,דילייט 2005 בעמ,,,"י""ח",140,ל  גרם,false,1,13.50,9.64,false,1,
7290012022227,false,קליליות חיטה טעם טבעי,דילייט 2005 בעמ,,,"י""ח",140,ל  גרם,false,1,11.90,8.50,false,1,
7290012022272,false,קליליות קידס 30גר,דילייט 2005 בעמ,,,"י""ח",30,ל  גרם,false,1,10.90,36.33,false,1,
7290012052309,false,"גרנולה תענוג בננה צימוק שקד 1ק""ג",כרמית תעשיות ממתקים בעמ,,,"י""ח",1,"ק""ג",false,1,24.90,24.90,false,1,
7290012116537,false,"#א.כביסה מקסימה מאסק 2.5 ק""ג",החב הדרומית לשיווק,,,"י""ח",2.50,"ק""ג",false,1,26.90,10.76,false,1,
7290012116551,false,אנטי קאלק  4ב 1   2 ליטר,החב הדרומית לשיווק,,,"י""ח",2,ליטר,false,1,20.90,10.45,false,1,
7290012117091,false,"סנו מקסימה סנסיטיב 6 ק""ג",החב הדרומית לשיווק,,,"י""ח",6,קוב,false,1,49.90,8.32,false,1,
7290012117350,false,ריצפז פרש לילך 2 ליטר,החב הדרומית לשיווק,,,"י""ח",2,מארז,false,1,19.90,9.95,false,1,
7290012117534,false,.מרכך מקסימה סופר מרוכז COOL 1 ליטר,החב הדרומית לשיווק,,,"י""ח",1,ליטר,false,1,17.90,17.90,false,1,
7290012117541,false,מרכך מקסימה סופר מרוכז ZEN 1ליטר,החב הדרומית לשיווק,,,"י""ח",1,ליטר,false,1,17.90,17.90,false,1,
7290012117558,false,מרכך מקסימה סופר מרוכז מאסק 1 ליטר,החב הדרומית לשיווק,,,"י""ח",1,ליטר,false,1,17.90,17.90,false,1,
7290012117732,false,מקסימה מרכך 4 ליטר שחור,החב הדרומית לשיווק,,,"י""ח",4,ליטר,false,1,21.90,5.48,false,1,
7290012117916,false,סנו אינסטלטור נוזלי 1 ליטר,החב הדרומית לשיווק,,,"י""ח",1,ליטר,false,1,29.90,29.90,false,1,
7290012139567,false,בונזו גוי ביסקוויט 90גרם,דיפלומט מפיצים (1968) בעמ**,,,"י""ח",3,"ק""ג",false,1,16.90,5.63,false,1,
7290012226021,false,סלמי מעושן פראג 400 ג`,זוגלובק שיווק בעמ,,,"י""ח",400,ל  גרם,false,1,20.90,5.23,true,1,
7290012226120,false,קבנוס 135 ג`,זוגלובק שיווק בעמ,,,"י""ח",135,ל  גרם,false,1,11,8.15,true,1,
7290012226342,false,נקניקיות מן הצומח עשיר בחלבון 460גר,זוגלובק שיווק בעמ,,,"י""ח",460,ל  גרם,false,1,27.90,6.07,true,1,
7290012226922,false,קבנוס טעם שום 135גרם,זוגלובק שיווק בעמ,,,"י""ח",135,ל  גרם,false,1,11,8.15,true,1,
7290012226939,false,קבנוס טעם צ`ילי 135גרם,זוגלובק שיווק בעמ,,,"י""ח",135,ל  גרם,false,1,11,8.15,true,1,
7290012226991,false,"נקניקיות ג`מבו 1.5 ק""ג",זוגלובק שיווק בעמ,,,"י""ח",1.50,"י""ח",false,1,28.90,19.27,true,1,
7290012227172,false,מארז פסטרמה כפרית חרמון 300גר+300גר,זוגלובק שיווק בעמ,,,"י""ח",600,ל  גרם,false,1,31.90,5.32,true,1,
7290012227912,false,קבנוס מעודן 135גר,זוגלובק שיווק בעמ,,,"י""ח",135,ל  גרם,false,1,10.90,8.07,true,1,
7290012227974,false,פסטרמה בדבש  120גר`,זוגלובק שיווק בעמ,,,"י""ח",120,ל  גרם,false,1,13.90,11.58,true,1,
7290012227981,false,פסטרמה ברביקיו 120גר`,זוגלובק שיווק בעמ,,,"י""ח",120,ל  גרם,false,1,13.90,11.58,true,1,
7290012227998,false,חזה בקר 120גר`,זוגלובק שיווק בעמ,,,"י""ח",120,ל  גרם,false,1,13.90,11.58,true,1,
7290012228261,false,נקניקיות הודו פרמיום  310גר,זוגלובק שיווק בעמ,,,"י""ח",310,ל  גרם,false,1,19.90,6.42,false,1,
7290012245176,false,וופל ציפס קריספי קפוא 700ג,קפוא זן תעשיות מזון בעמ,,,"י""ח",700,ל  גרם,false,1,15.90,2.27,false,1,
7290012245183,false,קריספי קלאסי 10*10 קפוא 700ג,קפוא זן תעשיות מזון בעמ,,,"י""ח",700,ל  גרם,false,1,14.90,2.13,false,1,
7290012245275,false,גולד צ`יפס בטטה קריספי,קפוא זן תעשיות מזון בעמ,,,"י""ח",1,"י""ח",false,1,27.90,27.90,false,1,
7290012245312,false,"גולד ציפס אמריקאי 1.5ק""ג",קפוא זן תעשיות מזון בעמ,,,"י""ח",1.50,"ק""ג",false,1,21.90,14.60,true,1,
7290012245329,false,"גולד ציפס קלאסי 1.5ק""ג",קפוא זן תעשיות מזון בעמ,,,"י""ח",1.50,"ק""ג",false,1,21.90,14.60,true,1,
7290012245336,false,"גולד סטייק ציפס  1.5ק""ג",קפוא זן תעשיות מזון בעמ,,,"י""ח",1.50,"ק""ג",false,1,21.90,14.60,true,1,
7290012245343,false,"גולד ציפס זיג זג 1.5ק""ג.",קפוא זן תעשיות מזון בעמ,,,"י""ח",1.50,"ק""ג",false,1,21.90,14.60,true,1,
7290012260827,false,שערות קדאיף 500גר G,א.ג בחירה חכמה בעמ,,,"י""ח",500,ל  גרם,false,1,13.90,2.78,false,1,
7290012295836,false,חסה לליק,ביכורי השדה צפון 1994 ג.ד. בעמ,,,"י""ח",100,ל  גרם,false,1,10.90,10.90,true,1,
7290012295973,false,עלי רוקולה פרמיום 100ג שמיטה,ביכורי השדה צפון 1994 ג.ד. בעמ,,,"י""ח",1,,false,1,9.90,9.90,false,1,
7290012309311,false,ערמונים 100גר ששון הקולה,דין שיווק וקליה 2021 בעמ,,,"י""ח",1,,false,1,5.90,5.90,false,1,
7290012309939,false,חלבה מסולסלת 500 גר`ששון הקולה,דין שיווק וקליה 2021 בעמ,,,"י""ח",1,,false,1,17.90,17.90,false,1,
7290012313073,false,מיקס זיתים מגולענים 2 A יבנה.,קבוצת יבנה מוצרי מזון בעמ,,,"י""ח",1,,false,1,11.90,11.90,false,1,
7290012313264,false,כרוב כבוש A2,קבוצת יבנה מוצרי מזון בעמ,,,"י""ח",1,,false,1,7.90,7.90,false,1,
7290012313394,false,קוביות מלפפון  A2 קבוצת יבנה,קבוצת יבנה מוצרי מזון בעמ,,,"י""ח",100,ל  גרם,false,1,6.20,6.20,false,1,
7290012317255,false,"קובה ירושלמי 1ק""ג",לפ עת-רן (1996 ) בעמ,,,"י""ח",1,"ק""ג",false,1,50,50,false,1,
7290012317644,false,"קובה למרק 1ק""ג.",עת -רן (1996) בעמ,,,"י""ח",1,"ק""ג",false,1,52.90,52.90,false,1,
7290012367700,false,"קרם גוף ד""ר פישר אפקטיב קר 700מ""ל",פישר תעשיות פרמבצטיות בעמ,,,"י""ח",700,"ל  מ""ל",false,1,29.90,4.27,true,1,
7290012404177,false,"שוופס מוגז תפוחים 330מ""ל",יפאורה שותפות מוגבלת לשיווק,,,"י""ח",330,"ל  מ""ל",false,1,5.90,1.70,true,1,
7290012404184,false,"שוופס מוגז לימונים 330מ""ל",יפאורה שותפות מוגבלת לשיווק,,,"י""ח",330,"ל  מ""ל",false,1,5.90,1.70,true,1,
7290012404955,false,ספרינג נקטר חמוציות 1.25,יפאורה שותפות מוגבלת לשיווק,,,"י""ח",1.25,ליטר,false,1,13.50,10.56,true,1,
7290012404993,false,ספרינג נקטר דיאט חמוציות 1.25,יפאורה שותפות מוגבלת לשיווק,,,"י""ח",1.25,ליטר,false,1,13.50,10.56,true,1,
7290012413643,false,תה ירוק קמומיל,תה ויסוצקי (ישראל)בעמ,,,"י""ח",37.50,ל  גרם,false,1,24.90,66.40,true,1,
7290012454172,false,סוכריות ללא סוכר טעם תות יוגורט,מיה תעשיות מזון מ.ת.מ בעמ,,,"י""ח",1,,false,1,6.50,6.50,false,1,
7290012454189,false,סוכריות ללא סוכר טעם אפרסק יוגורט,מיה תעשיות מזון מ.ת.מ בעמ,,,"י""ח",1,,false,1,6.50,6.50,false,1,
7290012454578,false,סוכריות לקישוט לבן,מיה תעשיות מזון מ.ת.מ בעמ,,,"י""ח",200,ל  גרם,false,1,5.40,2.70,false,1,
7290012483011,false,"פולי סויה קפואים 1 ק""ג",ג.וילי פוד אינטרנשיונל בעמ,,,"ק""ג",1,"ק""ג",false,1,14.90,14.90,false,1,
7290012483608,false,"אורז בסגנון בסמטי מובחר 5ק""ג DAWAT",ג.וילי פוד אינטרנשיונל בעמ,,,"י""ח",5,"ק""ג",false,1,49.90,9.98,false,1,
7290012561405,false,בצל חצי מטוגן,קבוצת אוסם סחר-שות.מוגבלת,,,"י""ח",180,ל  גרם,false,1,11.90,6.61,false,1,
7290012576362,false,יין ספיישל ריזרב קברנה סוביניון  750,טמפו משקאות בעמ,,,"י""ח",750,"ל  מ""ל",false,1,69.90,9.28,false,1,
7290012576379,false,"יין ספיישל רזרב מרלו 750מ""ל",טמפו משקאות בעמ,,,"י""ח",750,"ל  מ""ל",false,1,69.90,9.28,false,1,
7290012576607,false,יין פרימייר אדום קברנה סוביניון/מלבק,טמפו משקאות בעמ,,,"י""ח",750,"ל  מ""ל",false,1,27.90,3.68,false,1,
7290012576614,false,יין פרימייר לבן ריזלינג קולומברד,טמפו משקאות בעמ,,,"י""ח",750,"ל  מ""ל",false,1,27.90,3.68,false,1,
7290012588242,false,"מים מינרלים 500מ""ל 1/6 כדורגל",טמפו משקאות בעמ,,,"י""ח",1.98,ליטר,false,1,12.90,5.61,true,1,
7290012645020,false,"יוגורט  עיזים טבעי  500מ""ל","שטראוס גרופ ***בע""מ",,,"י""ח",500,"ל  מ""ל",false,1,12.80,2.56,false,1,
7290012645068,false,ישראלה גבינה מותכת מחלב עיזים 16%שומן,"שטראוס גרופ ***בע""מ",,,"י""ח",180,ל  גרם,false,1,23.90,13.28,true,1,
7290012645112,false,"יוגורט  עיזים 750מ""ל בדלי","שטראוס גרופ ***בע""מ",,,"י""ח",750,"ל  מ""ל",false,1,19.90,2.65,true,1,
7290012645129,false,"יוגורט  כבשים 750מ""ל בדלי","שטראוס גרופ ***בע""מ",,,"י""ח",750,"ל  מ""ל",false,1,20.50,2.73,true,1,
7290012645181,false,לאבנה עיזים 5% 200גר,"שטראוס גרופ ***בע""מ",,,"י""ח",200,ל  גרם,false,1,13.90,6.95,true,1,
7290012645280,false,"יוגורט  כבשים 150מ""ל","שטראוס גרופ ***בע""מ",,,"י""ח",150,"ל  מ""ל",false,1,5.90,3.93,true,1,
7290012645297,false,"יוגורט  עיזים טבעי  150מ""ל","שטראוס גרופ ***בע""מ",,,"י""ח",150,"ל  מ""ל",false,1,5.90,3.93,true,1,
7290012645389,false,יוגורט עיזים  טבעי 1ל בקבוק,"שטראוס גרופ ***בע""מ",,,"י""ח",1,ליטר,false,1,23,23,true,1,
7290012803055,false,סוכרלוז 100 שקיות אישיות,דנשר (1963) בעמ,,,"י""ח",100,ל  גרם,false,1,19.80,19.80,false,1,
7290012803451,false,טבלאות שוקולד טוסו מריר מעולה 62%  100,דנשר (1963) בעמ,,,"י""ח",100,ל  גרם,false,1,11.90,11.90,false,1,
7290012803765,false,טבלאות שוקולד טוסו  מר`שוקולד מריר 100ג,דנשר (1963) בעמ,,,"י""ח",100,ל  גרם,false,1,11.90,11.90,false,1,
7290012803772,false,טבלאות שוקולד טוסו  מר`שוקולד חלב 100ג,דנשר (1963) בעמ,,,"י""ח",100,ל  גרם,false,1,11.90,11.90,false,1,
7290012803789,false,טבלאות שוקולד טוסו  מר`שוקולד אגוז 100ג,דנשר (1963) בעמ,,,"י""ח",100,ל  גרם,false,1,11.90,11.90,false,1,
7290012803796,false,טבלאות שוקולד טוסו  מר`שוקולד אגוז 100,דנשר (1963) בעמ,,,"י""ח",100,ל  גרם,false,1,11.90,11.90,false,1,
7290012823398,false,מטליות לחות לריצפה ריצפז 10 יחידות,החב הדרומית לשיווק,,,"י""ח",1,,false,1,12.90,12.90,false,1,
7290012823541,false,מטליות לחות לריצפה ריצפז 10 יחידות,החב הדרומית לשיווק,,,"י""ח",1,,false,1,12.90,12.90,false,1,
7290012823558,false,מטליות לחות לרצפה ס.סושי 10 יחידות,החב הדרומית לשיווק,,,"י""ח",1,,false,1,12.90,12.90,false,1,
7290012823589,false,ריצפז פרש לימון 2 ליטר,החב הדרומית לשיווק,,,"י""ח",2,ליטר,false,1,19.90,9.95,false,1,
7290012823602,false,נייר טואלט סופט לבן 32 גלילים,החב הדרומית לשיווק,,,"י""ח",32,"י""ח",false,1,34.90,1.09,false,1,
7290012823657,false,"מילוי רסס כבס 750מ""ל",החב הדרומית לשיווק,,,"י""ח",750,"ל  מ""ל",false,1,9.90,1.32,false,1,
7290012838026,false,עוגיות מלוחות עבודת יד 350גר,הלל בן הלל שיווק ומסחר בעמ,,,"י""ח",350,ל  גרם,false,1,15.90,4.54,false,1,
7290012850011,false,מחית תפוח עץ  190ג,שקד תבל בעמ,,,"י""ח",190,"ל  מ""ל",false,1,5.90,3.11,true,1,
7290012850073,false,מחית סלט פירות   190ג,שקד תבל בעמ,,,"י""ח",190,"ל  מ""ל",false,1,5.90,3.11,true,1,
7290012864001,false,נבטי חמניה.,ביכורי השדה צפון 1994 ג.ד. בעמ,,,"י""ח",1,,false,1,9.90,9.90,false,1,
7290012864032,false,נבטוטים,ביכורי השדה צפון 1994 ג.ד. בעמ,,,"י""ח",1,,false,1,9.90,9.90,false,1,
7290012864131,false,עדשים שחורות,ביכורי השדה צפון 1994 ג.ד. בעמ,,,"י""ח",1,,false,1,9.90,9.90,false,1,
7290012884986,false,"צ יפס לתנור עד 4% שומן 1.5 ק""ג",קבוצת אוסם סחר-שות.מוגבלת,,,"י""ח",1.50,"ק""ג",false,1,26.90,17.93,false,1,
7290012901355,false,ארוחת איטריות עם גבינה 206גר,מור ים מרקטינג בעמ,,,"י""ח",206,ל  גרם,false,1,11.90,5.78,false,1,
7290012901959,false,ארוחת אטריות עם גבינה מסולסלים 156ג,מור ים מרקטינג בעמ,,,"י""ח",156,ל  גרם,false,1,11.90,7.63,false,1,
7290012921025,false,בירה מלכה בהירה,הכרם משקאות חריפים בעמ,,,"י""ח",660,"ל  מ""ל",false,1,12.90,1.91,true,1,
7290012921032,false,בירה מלכה אדמונית,הכרם משקאות חריפים בעמ,,,"י""ח",660,"ל  מ""ל",false,1,15.20,2.26,true,1,
7290012921063,false,בירה מלכה הינדי,הכרם משקאות חריפים בעמ,,,"י""ח",660,"ל  מ""ל",false,1,13.20,1.95,true,1,
7290012936838,false,הל טחון35גרם,א.ל.יצור ושיווקתבלינים בעמ,,,"י""ח",35,ל  גרם,false,1,17.90,51.14,false,1,
7290012936852,false,קימל טחון 40 גרם,א.ל.יצור ושיווקתבלינים בעמ,,,"י""ח",40,ל  גרם,false,1,9.90,24.75,false,1,
7290012936890,false,קצח 50גר.,א.ל.יצור ושיווקתבלינים בעמ,,,"י""ח",50,ל  גרם,false,1,12.90,25.80,false,1,
7290012936906,false,ציפורן שלם 25גר..,א.ל.יצור ושיווקתבלינים בעמ,,,"י""ח",25,ל  גרם,false,1,19.90,79.60,false,1,
7290012936937,false,בהרט 40 גרם.,א.ל.יצור ושיווקתבלינים בעמ,,,"י""ח",40,ל  גרם,false,1,12.90,32.25,false,1,
7290012936944,false,אגוז מוסקט טחון 40גר. צנצנת,א.ל.יצור ושיווקתבלינים בעמ,,,"י""ח",50,ל  גרם,false,1,14.90,29.80,false,1,
7290012938405,false,דיימונד עבה במיוחד,גורי ע.ע.ע. בעמ,,,"י""ח",100,ל  גרם,false,1,16.90,16.90,false,1,
7290012938580,false,"סנסודיין הלבנה עדינה 75מ""ל",גורי ע.ע.ע. בעמ,,,"י""ח",75,ל  גרם,false,1,23.90,31.87,true,1,
7290012938740,false,"סנסודין מנטה 75מ""ל",גורי ע.ע.ע. בעמ,,,"י""ח",1,,false,1,23.90,23.90,true,1,
7290012938924,false,"אקוה פרש מי פה 500מ""ל",גורי ע.ע.ע. בעמ,,,"י""ח",500,ל  גרם,false,1,19.70,3.94,true,1,
7290012962165,false,כפפות משק בית איזי טאץ גודל S/M/L/XL,אינטרסן (1996) בעמ,,,"י""ח",1,,false,1,3.70,3.70,true,1,
7290012962448,false,"מדליק פחמים נוזלי 250מ""ל עם פקק ביטחון",אינטרסן (1996) בעמ,,,"י""ח",250,"ל  מ""ל",false,1,9.80,3.92,false,1,
7290012962561,false,קיסמי שיניים 500יח,אינטרסן (1996) בעמ,,,"י""ח",200,"י""ח",false,1,5.30,0.03,true,1,
7290012962578,false,צימרוני אוזניים עץ בקופסת פלסטיק 300יח,אינטרסן (1996) בעמ,,,"י""ח",300,"י""ח",false,1,6.90,0.02,false,1,
7290012962684,false,"שקיות צליה גמבו 50/35ס""מ",אינטרסן (1996) בעמ,,,"י""ח",50,"ס""מ",false,1,5.90,11.80,false,1,
7290012962714,false,נובי כוס אולטרא מצויירת עם מנגנון קליק,אינטרסן (1996) בעמ,,,"י""ח",1,,false,1,33.90,33.90,false,1,
7290012962851,false,נובי מוצץ סיליקון סימטרי בינוני זוג,אינטרסן (1996) בעמ,,,"י""ח",1,,false,1,24.90,24.90,false,1,
7290012975875,false,כוסות יהלום בנדע שווה  75יח,ח.כהן סוכנות מזון ומשקאות בע,,,"י""ח",1,,false,1,10.90,10.90,true,1,
7290012981623,false,לחמניות קשר ביס1/8,לפ מאפיית רנטה בעמ,,,"י""ח",4,"י""ח",false,1,8.90,2.23,false,1,
7290012996610,false,טבליות הפלא לאסלה,יעקב יעקבי ובניו בעמ,,,"י""ח",1,,false,1,13.90,13.90,false,1,
7290012996672,false,סבוני אסלה כחול זוגי,יעקב יעקבי ובניו בעמ,,,"י""ח",88,"ל  מ""ל",false,1,9.90,11.25,false,1,
7290013027368,false,זוג לחמניות  באריזה,שלמה א.אנג ל בעמ,,,"י""ח",750,ל  גרם,false,1,3.20,0.43,false,1,
7290013027399,false,#לחם אנג ל 100 קל,שלמה א.אנג ל בעמ,,,"י""ח",750,ל  גרם,false,1,14.90,1.99,false,1,
7290013027405,false,חליה 100גר,שלמה א.אנג ל בעמ,,,"י""ח",1,"י""ח",false,1,2.50,2.50,false,1,
7290013038432,false,אקווה נובה 2 ליטר בודד,טמפו משקאות בעמ,,,"י""ח",2,ליטר,false,1,3.60,1.65,false,1,
7290013083678,false,מטרנה אקסטרה קר שלב 2חסכון 700גר`,קבוצת אוסם סחר-שות.מוגבלת,,,"י""ח",700,ל  גרם,false,1,59.90,8.56,false,1,
7290013117243,false,בורקס פילו בולגרית 600גר`,תנובה בשר,,,"י""ח",600,ל  גרם,false,1,22.30,3.72,false,1,
7290013117410,false,בצק עלים פריך   מתוק}מעדנות{900גר,תנובה בשר,,,"י""ח",900,ל  גרם,false,1,22.90,2.54,false,1,
7290013121028,false,לחם   500 גר`ללא גלוטן Green lite,גורי ע.ע.ע. בעמ,,,"י""ח",500,ל  גרם,false,1,17.90,3.58,false,1,
7290013121103,false,שליש באגט 4 400 גר`Green lite,גורי ע.ע.ע. בעמ,,,"י""ח",400,ל  גרם,false,1,17.90,4.48,false,1,
7290013121110,false,לחמניות בורגר 4 350 גר`Green lite,גורי ע.ע.ע. בעמ,,,"י""ח",350,ל  גרם,false,1,18.90,5.40,false,1,
7290013121127,false,לחמניות מיני 420גר Green lite,גורי ע.ע.ע. בעמ,,,"י""ח",420,ל  גרם,false,1,17.90,4.26,false,1,
7290013121158,false,רביעיית לחמניות סנדביץ 460גר. Green li,גורי ע.ע.ע. בעמ,,,"י""ח",460,ל  גרם,false,1,17.90,3.89,false,1,
7290013121691,false,שלישיית לאפות Green lite,גורי ע.ע.ע. בעמ,,,"י""ח",3,"י""ח",false,1,15.90,5.30,false,1,
7290013121776,false,לחם כפרי ללא סוכר 700גר Green lite,גורי ע.ע.ע. בעמ,,,"י""ח",700,ל  גרם,false,1,18.90,2.70,false,1,
7290013128317,false,ענבים לבן,ביכורי השדה צפון 1994 ג.ד. בעמ,,,"ק""ג",1,,true,1,22.90,22.90,false,1,
7290013144171,false,תערובת עוגת שוקולד 560גר`,א.ל.יצור ושיווקתבלינים בעמ,,,"י""ח",560,ל  גרם,false,1,16.90,3.02,true,1,
7290013144188,false,תערובת בראוניס 600גר`,א.ל.יצור ושיווקתבלינים בעמ,,,"י""ח",600,ל  גרם,false,1,16.90,2.82,true,1,
7290013144218,false,תערובת עוגת וניל 560גר`,א.ל.יצור ושיווקתבלינים בעמ,,,"י""ח",560,ל  גרם,false,1,16.90,3.02,true,1,
7290013144232,false,פודינג וניל,א.ל.יצור ושיווקתבלינים בעמ,,,"י""ח",8500,ל  גרם,false,1,5.90,0.07,true,1,
7290013144249,false,פודינג שוקולד מימונס,א.ל.יצור ושיווקתבלינים בעמ,,,"י""ח",1,,false,1,5.90,5.90,true,1,
7290013144263,false,מלבי 100גר`,א.ל.יצור ושיווקתבלינים בעמ,,,"י""ח",100,ל  גרם,false,1,9.90,9.90,false,1,
7290013144317,false,ג`וני גלילית וופל למילוי,א.ל.יצור ושיווקתבלינים בעמ,,,"י""ח",1,,false,1,23.90,23.90,false,1,
7290013144393,false,תמצית וניל,א.ל.יצור ושיווקתבלינים בעמ,,,"י""ח",1,,false,1,5.50,5.50,false,1,
7290013144409,false,תמצית רום,א.ל.יצור ושיווקתבלינים בעמ,,,"י""ח",1,,false,1,5.50,5.50,false,1,
7290013144515,false,צבע מאכל צהוב,א.ל.יצור ושיווקתבלינים בעמ,,,"י""ח",1,,false,1,4.60,4.60,false,1,
7290013144522,false,"צבע מאכל ירוק 50מ""ל.",א.ל.יצור ושיווקתבלינים בעמ,,,"י""ח",50,"ל  מ""ל",false,1,4.30,8.60,false,1,
7290013144539,false,צבע מאכל אדום,א.ל.יצור ושיווקתבלינים בעמ,,,"י""ח",1,,false,1,4.60,4.60,false,1,
7290013144560,false,"צבע מאכל כחול 50מ""ל",א.ל.יצור ושיווקתבלינים בעמ,,,"י""ח",1,,false,1,4.30,4.30,false,1,
7290013144751,false,"סירופ בטעם מייפל 500מ""ל",א.ל.יצור ושיווקתבלינים בעמ,,,"י""ח",500,"ל  מ""ל",false,1,14.90,2.98,true,1,
7290013144768,false,"סירופ בטעם שוקולד 500מ""ל",א.ל.יצור ושיווקתבלינים בעמ,,,"י""ח",500,"ל  מ""ל",false,1,13.90,2.78,true,1,
7290013144805,false,אייס קפה לייט 250גר מימונס.,א.ל.יצור ושיווקתבלינים בעמ,,,"י""ח",250,ל  גרם,false,1,20.90,8.36,true,1,
7290013145017,false,אגוז מלך קלוף 100גר`,א.ל.יצור ושיווקתבלינים בעמ,,,"י""ח",100,ל  גרם,false,1,12.90,12.90,false,1,
7290013145048,false,צנוברים 100 גר`מימונס,א.ל.יצור ושיווקתבלינים בעמ,,,"י""ח",100,ל  גרם,false,1,26.90,26.90,false,1,
7290013145055,false,פרג שלם 100גר`,א.ל.יצור ושיווקתבלינים בעמ,,,"י""ח",100,ל  גרם,false,1,6.90,6.90,false,1,
7290013145062,false,"סירופ מייפל אמיתי 100% 187מ""ל",א.ל.יצור ושיווקתבלינים בעמ,,,"י""ח",187,"ל  מ""ל",false,1,19.90,10.64,false,1,
7290013145079,false,שקד טבעי גרוס 100גר`,א.ל.יצור ושיווקתבלינים בעמ,,,"י""ח",100,ל  גרם,false,1,13.90,13.90,true,1,
7290013145093,false,שקד מולבן גרוס 100גר`,א.ל.יצור ושיווקתבלינים בעמ,,,"י""ח",100,ל  גרם,false,1,12.90,12.90,true,1,
7290013145109,false,שקד מולבן טחון 100 גר`מימונס,א.ל.יצור ושיווקתבלינים בעמ,,,"י""ח",100,ל  גרם,false,1,13.90,13.90,true,1,
7290013145116,false,שקד מולבן מקלות 100גר`,א.ל.יצור ושיווקתבלינים בעמ,,,"י""ח",100,ל  גרם,false,1,13.90,13.90,true,1,
7290013145123,false,שקד מולבן פרוס 100 גר`מימונס,א.ל.יצור ושיווקתבלינים בעמ,,,"י""ח",100,ל  גרם,false,1,13.90,13.90,true,1,
7290013145130,false,שקד מולבן חצוי 100גר,א.ל.יצור ושיווקתבלינים בעמ,,,"י""ח",100,ל  גרם,false,1,13.90,13.90,true,1,
7290013145161,false,פקאן מסוכר 100גר`.,א.ל.יצור ושיווקתבלינים בעמ,,,"י""ח",100,ל  גרם,false,1,16.90,16.90,false,1,
7290013145178,false,קוקוס טחון לבן 100 גר`מימונס,א.ל.יצור ושיווקתבלינים בעמ,,,"י""ח",100,ל  גרם,false,1,4.60,4.60,false,1,
7290013145192,false,שומשום 100 גר`מימונס,א.ל.יצור ושיווקתבלינים בעמ,,,"י""ח",100,ל  גרם,false,1,4.90,4.90,false,1,
7290013145215,false,שומשום 400גר` מימונס,א.ל.יצור ושיווקתבלינים בעמ,,,"י""ח",400,ל  גרם,false,1,15.90,3.98,false,1,
7290013145246,false,גרעין חמניה מקולף 100ג,א.ל.יצור ושיווקתבלינים בעמ,,,"י""ח",50,ל  גרם,false,1,5.90,11.80,false,1,
7290013145277,false,עלים לקרמשניט 300ג,א.ל.יצור ושיווקתבלינים בעמ,,,"י""ח",300,ל  גרם,false,1,17.90,5.97,false,1,
7290013145390,false,שוקולד צ`יפס 250 גר`מימונס,א.ל.יצור ושיווקתבלינים בעמ,,,"י""ח",250,ל  גרם,false,1,9.90,3.96,false,1,
7290013145406,false,שוקולד צ`יפס לבן 250 גר`מימונס,א.ל.יצור ושיווקתבלינים בעמ,,,"י""ח",250,"ל  מ""ל",false,1,10.90,4.36,false,1,
7290013145437,false,שוקולד ציפס  אמיתי 48% 250ג מימונס,א.ל.יצור ושיווקתבלינים בעמ,,,"י""ח",250,ל  גרם,false,1,13.90,5.56,false,1,
7290013145444,false,שוקולד צ`יפס 66% מימונס 250 ג,א.ל.יצור ושיווקתבלינים בעמ,,,"י""ח",250,"ל  מ""ל",false,1,16.90,6.76,false,1,
7290013145529,false,סוכריות צבעונית לקישוט 90גר`,א.ל.יצור ושיווקתבלינים בעמ,,,"י""ח",1,,false,1,5.90,5.90,false,1,
7290013145536,false,סוכריות בטעם שוקולד לקישוט 90גר`.,א.ל.יצור ושיווקתבלינים בעמ,,,"י""ח",1,,false,1,5.90,5.90,false,1,
7290013145567,false,מיני מיני עדשים 90גר`.,א.ל.יצור ושיווקתבלינים בעמ,,,"י""ח",1,,false,1,10.90,10.90,false,1,
7290013145628,false,סוכריות צבעוניות 200גר,א.ל.יצור ושיווקתבלינים בעמ,,,"י""ח",400,ל  גרם,false,1,8.90,2.23,false,1,
7290013145710,false,דובדבנים מסוכרים 100גר`,א.ל.יצור ושיווקתבלינים בעמ,,,"י""ח",100,ל  גרם,false,1,9.90,9.90,false,1,
7290013145840,false,סוכר וניל מימונס 10יח בצלופן,א.ל.יצור ושיווקתבלינים בעמ,,,"י""ח",10,"י""ח",false,1,3.50,0.35,false,1,
7290013145857,false,אבקת אפיה  מימונס 10יח בצלופן,א.ל.יצור ושיווקתבלינים בעמ,,,"י""ח",10,"י""ח",false,1,2.90,0.29,false,1,
7290013145871,false,שמרים יבשים אישי,לפ מימונס אפיה בעמ,,,"י""ח",1,,false,1,9.90,9.90,false,1,
7290013145918,false,אבקת סוכר 100 גר`מימונס,א.ל.יצור ושיווקתבלינים בעמ,,,"י""ח",100,ל  גרם,false,1,2.30,2.30,false,1,
7290013145956,false,שמרים יבשים בואקום 500גרם מימונס,א.ל.יצור ושיווקתבלינים בעמ,,,"י""ח",500,ל  גרם,false,1,14.50,2.90,false,1,
7290013145963,false,שמרים יבשים בואקום 125גרם מימונס,א.ל.יצור ושיווקתבלינים בעמ,,,"י""ח",125,ל  גרם,false,1,6.50,5.20,false,1,
7290013145970,false,קורנפלור מימונס 200גר`,א.ל.יצור ושיווקתבלינים בעמ,,,"י""ח",100,ל  גרם,false,1,4.40,4.40,false,1,
7290013146007,false,מלית פרג 400גר`,א.ל.יצור ושיווקתבלינים בעמ,,,"י""ח",400,ל  גרם,false,1,15.90,3.98,true,1,
7290013146014,false,מלית אוכמניות 70% פרי 400גר`,א.ל.יצור ושיווקתבלינים בעמ,,,"י""ח",400,ל  גרם,false,1,15.90,3.98,false,1,
7290013146199,false,קרם נוגט למילוי ואפיה 350ג,א.ל.יצור ושיווקתבלינים בעמ,,,"י""ח",350,ל  גרם,false,1,15.90,4.54,true,1,
7290013146274,false,מארז 8 תחתיות מרנג 100 גרם,א.ל.יצור ושיווקתבלינים בעמ,,,"י""ח",1,,false,1,19.90,19.90,false,1,
7290013146298,false,תחתיות בצק פריך למילוי 120ג,א.ל.יצור ושיווקתבלינים בעמ,,,"י""ח",120,ל  גרם,false,1,20.90,17.42,false,1,
7290013146403,false,סירופ בטעם קרמל מלוח 500 גרם,א.ל.יצור ושיווקתבלינים בעמ,,,"י""ח",50,ל  גרם,false,1,16.90,33.80,false,1,
7290013146427,false,נשיקות לקישוט צבע לבן,א.ל.יצור ושיווקתבלינים בעמ,,,"י""ח",1,,false,1,15.90,15.90,true,1,
7290013146441,false,נשיקות לקישוט צבע ורוד,א.ל.יצור ושיווקתבלינים בעמ,,,"י""ח",1,,false,1,15.90,15.90,true,1,
7290013146656,false,כוכבים תכלת ירוק לבן לקישוט 60גר.,א.ל.יצור ושיווקתבלינים בעמ,,,"י""ח",60,ל  גרם,false,1,11.90,19.83,false,1,
7290013146663,false,אטריות צבעוניות לקישוט 55גר.,א.ל.יצור ושיווקתבלינים בעמ,,,"י""ח",55,ל  גרם,false,1,11.90,21.64,true,1,
7290013146670,false,סוכריות לב סגול ורוד לבן לקישוט 60גר,א.ל.יצור ושיווקתבלינים בעמ,,,"י""ח",60,ל  גרם,false,1,11.90,19.83,true,1,
7290013146762,false,"קצפת לזילוף 24% שומן 200מ""ל מימונס",קפוא זן תעשיות מזון בעמ,,,"י""ח",200,"ל  מ""ל",false,1,6.90,3.45,true,1,
7290013146816,false,אבקת סוכר שקית 500ג.,א.ל.יצור ושיווקתבלינים בעמ,,,"י""ח",200,ל  גרם,false,1,7.70,3.85,false,1,
7290013146854,false,קוקוס לבן 400ג מימונס,א.ל.יצור ושיווקתבלינים בעמ,,,"י""ח",1,,false,1,15.90,15.90,false,1,
7290013156006,false,אצבעות מתוקות 350ג גאקובס,הלל בן הלל שיווק ומסחר בעמ,,,"י""ח",300,ל  גרם,false,1,16.90,5.63,true,1,
7290013156822,false,עוגיות רייף 350ג גאקובס,הלל בן הלל שיווק ומסחר בעמ,,,"י""ח",350,ל  גרם,false,1,16.90,4.83,true,1,
7290013156846,false,מלוח קצח  350ג גאקובס,הלל בן הלל שיווק ומסחר בעמ,,,"י""ח",350,ל  גרם,false,1,16.90,4.83,true,1,
7290013156914,false,כעך טוניסאי  350ג גאקובס,הלל בן הלל שיווק ומסחר בעמ,,,"י""ח",350,ל  גרם,false,1,16.90,4.83,true,1,
7290013156921,false,אצבעות מתוקות   350ג גאקובס,הלל בן הלל שיווק ומסחר בעמ,,,"י""ח",350,ל  גרם,false,1,16.90,4.83,true,1,
7290013195395,false,גפילטע פיש ביתי 7יח שדות,אחים אגא (א.מ.) שיווק,,,"י""ח",7,"י""ח",false,1,11.90,1.70,false,1,
7290013268020,false,מרכך כביסה מקסימה 1 ליטר א.פרש,החב הדרומית לשיווק,,,"י""ח",1,ליטר,false,1,17.90,17.90,false,1,
7290013268037,false,מרכך כביסה מקסימה 1 ליטר מרוכז,החב הדרומית לשיווק,,,"י""ח",1,ליטר,false,1,17.90,17.90,false,1,
7290013268242,false,ריצפז פרש הום  2ל לרצפה מלון מפנק,החב הדרומית לשיווק,,,"י""ח",1.45,ליטר,false,1,21.90,15.10,false,1,
7290013268372,false,פוליויקס פרקט 2 ליטר בתוספת שמן ארגן,החב הדרומית לשיווק,,,"י""ח",2,ליטר,false,1,19.90,9.95,false,1,
7290013268884,false,ריצפז פרש מאסק 2 ליטר,החב הדרומית לשיווק,,,"י""ח",2,ליטר,false,1,19.90,9.95,false,1,
7290013268983,false,מרכך מקסימה סופר מרוכז MOMENTS 1 ליטר,החב הדרומית לשיווק,,,"י""ח",1,ליטר,false,1,17.90,17.90,false,1,
7290013268990,false,מרכך כביסה ביו מקסימה 1 ליטר מרוכז,החב הדרומית לשיווק,,,"י""ח",1,ליטר,false,1,17.90,17.90,false,1,
7290013269263,false,סנו ג ל כביסה 3ליטר קריסטל,החב הדרומית לשיווק,,,"י""ח",3,ליטר,false,1,29.60,9.87,false,1,
7290013269287,false,סנו ג ל כביסה 3ליטר ביו,החב הדרומית לשיווק,,,"י""ח",3,ליטר,false,1,29.60,9.87,false,1,
7290013269300,false,ניילון נצמד +150מטר סנו,החב הדרומית לשיווק,,,"י""ח",1,,false,1,23.90,23.90,false,1,
7290013269652,false,פוליווקס 2 ל  גרניט פורצל,החב הדרומית לשיווק,,,"י""ח",2,ליטר,false,1,22.90,11.45,false,1,
7290013269669,false,ריצפז פנטזיה  3 ליטר,החב הדרומית לשיווק,,,"י""ח",3,ליטר,false,1,12.90,4.30,false,1,
7290013269706,false,סנובון ג ל אסלה,החב הדרומית לשיווק,,,"י""ח",65,"ל  מ""ל",false,1,5.90,9.08,false,1,
7290013269751,false,מטליות לחות לרצפה מלון בוטיק  10 יחידו,החב הדרומית לשיווק,,,"י""ח",1,,false,1,12.90,12.90,false,1,
7290013269911,false,K-333 הגנה מחרקים,החב הדרומית לשיווק,,,"י""ח",750,"ל  מ""ל",false,1,29.90,3.99,false,1,
7290013276124,false,"בירה אמבר אייל  330מ""ל",הכרם משקאות חריפים בעמ,,,"י""ח",330,"ל  מ""ל",false,1,13.20,3.91,true,1,
7290013284662,false,רוטב פיצה  240גר פריניר,ח.כהן סוכנות מזון ומשקאות בע,,,"י""ח",70,ל  גרם,false,1,5.90,8.43,false,1,
7290013310101,false,שיפודי במבוק ג`מבו 50יח,אינטרסן (1996) בעמ,,,"י""ח",1,,false,1,5.30,5.30,false,1,
7290013310118,false,ממחטות כיס שישייה,אינטרסן (1996) בעמ,,,"י""ח",1,,false,1,3.90,3.90,true,1,
7290013310323,false,נובי קליפס עם מחזיק מוצץ,אינטרסן (1996) בעמ,,,"י""ח",1,"י""ח",false,1,19.90,19.90,false,1,
7290013310378,false,כפפות ניטריל  80יח S EASY TOUCH,אינטרסן (1996) בעמ,,,"י""ח",80,"י""ח",false,1,24.90,0.31,false,1,
7290013310385,false,כפפות ניטריל   80יח M EASY TOUCH,אינטרסן (1996) בעמ,,,"י""ח",80,"י""ח",false,1,24.90,0.31,false,1,
7290013310392,false,כפפות ניטריל 80יח L EASY TOUCH,אינטרסן (1996) בעמ,,,"י""ח",80,"י""ח",false,1,24.90,0.31,false,1,
7290013358356,false,פירורי לחם מוזהבים 320גרם מאסטרשף,ש.שסטוביץ בעמ,,,"י""ח",320,ל  גרם,false,1,7.80,2.44,false,1,
7290013358417,false,"רוטב טריאקי 300מ""ל",ש.שסטוביץ בעמ,,,"י""ח",300,"ל  מ""ל",false,1,10.90,3.63,false,1,
7290013358523,false,שבבי בצל מטוגן 150ג מאסטר שף,ש.שסטוביץ בעמ,,,"י""ח",150,ל  גרם,false,1,13.90,9.27,false,1,
7290013358530,false,"רוטב צ`ילי מתוק  700מ""ל מאסטר שף",ש.שסטוביץ בעמ,,,"י""ח",700,"ל  מ""ל",false,1,12.90,1.84,false,1,
7290013358578,false,איטריות אורז רחבות 5ממ 400גר,ש.שסטוביץ בעמ,,,"י""ח",400,ל  גרם,false,1,8.90,2.23,false,1,
7290013361981,false,"צ`פס 2ק""ג פרי גליל",ויטה- פרי גליל (החדשה) בעמ,,,"י""ח",2,"ק""ג",false,1,21.90,10.95,false,1,
7290013430083,false,"בירה אלכסנדר בלונד 330מ""ל",אגודת הכורמים,,,"י""ח",330,"ל  מ""ל",false,1,12.90,3.82,true,1,
7290013430090,false,"בירה אלכסנדר אמברה 330מ""ל",אגודת הכורמים,,,"י""ח",330,"ל  מ""ל",false,1,12.90,3.82,true,1,
7290013430205,false,"בירה אלכסנדר בלאק 330מ""ל",אגודת הכורמים,,,"י""ח",330,"ל  מ""ל",false,1,12.90,3.82,true,1,
7290013430250,false,"בירה אלכסנדר חיטה ישראלית 330מ""ל",אגודת הכורמים,,,"י""ח",330,"ל  מ""ל",false,1,12.90,3.82,true,1,
7290013430304,false,"בירה אלכסנדר גרין 330מ""ל",אגודת הכורמים,,,"י""ח",330,"ל  מ""ל",false,1,12.90,3.82,true,1,
7290013430403,false,"בירה אלכסנדר בלייזר 330מ""ל",אגודת הכורמים,,,"י""ח",330,"ל  מ""ל",false,1,12.90,3.82,true,1,
7290013440648,false,קרחונים 6יח שרבט פרווה טעם אבטיח,נגה גלידות,,,"י""ח",540,ל  גרם,false,1,23.90,4.43,false,1,
7290013472199,false,ערמונים 100גרם ויליפוד,ג.וילי פוד אינטרנשיונל בעמ,,,"י""ח",100,ל  גרם,false,1,5.90,5.90,true,1,
7290013492005,false,"תפו""א ננסי  למיקרו שמיטה",ביכורי השדה צפון 1994 ג.ד. בעמ,,,"י""ח",1,,false,1,8.90,8.90,true,1,
7290013525253,false,טחינה מיוחדת 160גרם,סלטי שמיר2006בעמ,,,"י""ח",160,ל  גרם,false,1,5.90,3.69,false,1,
7290013525260,false,חציל במיונז 160גרם,סלטי שמיר2006בעמ,,,"י""ח",160,ל  גרם,false,1,5.90,3.69,false,1,
7290013525710,false,חומוס עם טחינה  160גרם,סלטי שמיר2006בעמ,,,"י""ח",160,ל  גרם,false,1,5.90,3.69,false,1,
7290013525727,false,חומוס אבו גוש 160גרם,סלטי שמיר2006בעמ,,,"י""ח",160,ל  גרם,false,1,5.90,3.69,false,1,
7290013525741,false,חומוס  מסבחה   160גרם,סלטי שמיר2006בעמ,,,"י""ח",160,ל  גרם,false,1,5.90,3.69,false,1,
7290013531117,false,"רוטב פסטה קיד  240ג בד""ץ",זנלכל בעמ,,,"י""ח",240,ל  גרם,false,1,6.50,2.71,false,1,
7290013531490,false,פול מתובל יכין  A2,זנלכל בעמ,,,"י""ח",550,ל  גרם,false,1,9.90,1.80,false,1,
7290013531582,false,שלישייה זיתים חרוזית יכין 3*200גר,זנלכל בעמ,,,"י""ח",600,ל  גרם,false,1,14.90,2.48,false,1,
7290013531612,false,רוטב נפוליטנה 240 גר`פלסטיק.,זנלכל בעמ,,,"י""ח",240,ל  גרם,false,1,5.50,2.29,false,1,
7290013531629,false,רוטב פומודורו 240 גר`פלסטיק,זנלכל בעמ,,,"י""ח",240,ל  גרם,false,1,5.50,2.29,false,1,
7290013531759,false,שעועית  אפויה במים,זנלכל בעמ,,,"י""ח",600,ל  גרם,false,1,11.90,1.98,false,1,
7290013534057,false,"צ`יפס בטטה טבעי 100גרם כשל""פ",מיה תעשיות מזון מ.ת.מ בעמ,,,"י""ח",100,ל  גרם,false,1,9.90,9.90,false,1,
7290013585233,false,"פחית ספרייט ZERO  סליק 330מ""ל",החברה המרכזית להפצת משקאות בעמ,,,"י""ח",330,"ל  מ""ל",false,1,4.60,1.30,true,1,
7290013585387,false,קוקה קולה 1ליטר ZERO,החברה המרכזית להפצת משקאות בעמ,,,"י""ח",1,ליטר,false,1,7.50,7.50,false,1,
7290013585394,false,קוקה קולה 1ליטר,החברה המרכזית להפצת משקאות בעמ,,,"י""ח",1,ליטר,false,1,7.50,7.50,false,1,
7290013585967,false,מארז ספרייט זירו 6 פחיות FRIDGE PACK,החברה המרכזית להפצת משקאות בעמ,,,"י""ח",330,"ל  מ""ל",false,1,23.90,6.70,false,1,
7290013608260,false,פרימור מיץ רימון  100% 1ליטר,"שטראוס גרופ ***בע""מ",,,"י""ח",1,ליטר,false,1,23.50,23.50,false,1,
7290013608864,false,פרימור פירות הדר בתוספת ויטמין C  1 ליטר,"שטראוס גרופ ***בע""מ",,,"י""ח",1,ליטר,false,1,15.90,15.90,false,1,
7290013625229,false,פילה מקרל טעים פלפל חריף בשמן צמחי,טעמן שווק מזון בעמ,,,"י""ח",1,,false,1,7.90,7.90,false,1,
7290013625403,false,חצאי אפרסק בסירופ 820 גרם,טעמן שווק מזון בעמ,,,"י""ח",820,ל  גרם,false,1,11.90,1.45,false,1,
7290013675194,false,שניצל אמיתי ביתי ללא גלוטן,תנובה בשר,,,"י""ח",700,ל  גרם,false,1,39.90,5.70,false,1,
7290013675545,false,שניצל כלי תחבורה מאמא עוף 700ג,תנובה בשר,,,"י""ח",650,ל  גרם,false,1,39.90,6.14,false,1,
7290013677563,false,קינואה אדומה  500 גרם,מיה תעשיות מזון מ.ת.מ בעמ,,,"י""ח",500,ל  גרם,false,1,21.90,4.38,true,1,
7290013702036,false,"שוופס 500מ""ל טעם אפרסק",יפאורה שותפות מוגבלת לשיווק,,,"י""ח",500,"ל  מ""ל",false,1,6.50,1.24,true,1,
7290013702050,false,שוופס ווטר ענבים 0.5ל,יפאורה שותפות מוגבלת לשיווק,,,"י""ח",500,"ל  מ""ל",false,1,6.50,1.24,true,1,
7290013702388,false,"שוופס 500מ""ל טעם תפוח",יפאורה שותפות מוגבלת לשיווק,,,"י""ח",500,"ל  מ""ל",false,1,6.50,1.24,true,1,
7290013702883,false,שוופס לימונייד 0.5ל פינק,יפאורה שותפות מוגבלת לשיווק,,,"י""ח",500,"ל  מ""ל",false,1,6.50,1.24,true,1,
7290013713001,false,"ג מס בקבוק Amber ale  330מ""ל",אגודת הכורמים,,,"י""ח",330,"ל  מ""ל",false,1,12.90,3.82,true,1,
7290013713025,false,"ג מס בקבוק פילס  330מ""ל",אגודת הכורמים,,,"י""ח",330,"ל  מ""ל",false,1,12.90,3.82,true,1,
7290013713032,false,"ג מס בקבוק חיטה  330מ""ל",אגודת הכורמים,,,"י""ח",330,"ל  מ""ל",false,1,12.90,3.82,true,1,
7290013713049,false,"ג מס בקבוק 330מ""ל 5% אלכוהול",אגודת הכורמים,,,"י""ח",330,"ל  מ""ל",false,1,12.90,3.82,true,1,
7290013713124,false,"ג מס בקבוק מודניאל  330מ""ל",אגודת הכורמים,,,"י""ח",330,"ל  מ""ל",false,1,12.90,3.82,true,1,
7290013724939,false,שוקולד מריר עם חמוציות 140 גרם,דין שיווק וקליה 2021 בעמ,,,"י""ח",140,ל  גרם,false,1,12.90,9.21,false,1,
7290013724984,false,בוטנים בשוקולד מריר בקופסא 160 גרם,דין שיווק וקליה 2021 בעמ,,,"י""ח",160,ל  גרם,false,1,12.90,8.06,false,1,
7290013725820,false,אגוזי לוז בשוקולד מריר בקופסא 140 גרם,דין שיווק וקליה 2021 בעמ,,,"י""ח",140,ל  גרם,false,1,15.80,11.29,false,1,
7290013725837,false,שומשום בשוקולד חלב בקופסא 140 גרם,דין שיווק וקליה 2021 בעמ,,,"י""ח",140,ל  גרם,false,1,12.90,9.21,false,1,
7290013725844,false,שומשום בשוקולד מריר בקופסא 140 גרם,דין שיווק וקליה 2021 בעמ,,,"י""ח",140,ל  גרם,false,1,12.90,9.21,false,1,
7290013787392,false,רביולי גבינות קלאסי 330ג.,תנובה בעמ ***,,,"י""ח",330,ל  גרם,false,1,27.20,8.24,false,1,
7290013847119,false,טונה סטארקיסט רביעייה בשמן קנולה4*160,דיפלומט מפיצים (1968) בעמ**,,,"י""ח",560,ל  גרם,false,1,27.90,4.98,true,1,
7290013847867,false,טונה סטארקיסט בשמן סויה 140גר(זוג),דיפלומט מפיצים (1968) בעמ**,,,"י""ח",280,ל  גרם,false,1,12.90,4.61,true,1,
7290013848611,false,רדיד אלומיניום 61 מטר,החב הדרומית לשיווק,,,"י""ח",1,,false,1,41.90,41.90,false,1,
7290013848758,false,ג`ל כביסה מקסימה  בייבי 3ליטר,החב הדרומית לשיווק,,,"י""ח",3,ליטר,false,1,32.90,10.97,false,1,
7290013861054,false,צימוקים בשוקולד חלב בקופסא 140 גרם,דין שיווק וקליה 2021 בעמ,,,"י""ח",140,ל  גרם,false,1,12.90,9.21,false,1,
7290013883148,false,הפי  סופג ריחות במקרר,יעקב יעקבי ובניו בעמ,,,"י""ח",300,"ל  מ""ל",false,1,14,4.67,false,1,
7290013883407,false,דזיטול מרסס,יעקב יעקבי ובניו בעמ,,,"י""ח",1,ליטר,false,1,10.90,10.90,false,1,
7290013906052,false,נקניקיות פרגיות 300גרם,תנובה בשר,,,"י""ח",300,ל  גרם,false,1,15,5,false,1,
7290013906212,false,"נקניקיות  וינר 1ק""ג טירת צבי",תנובה בשר,,,"י""ח",1.80,"ק""ג",false,1,27.90,15.50,false,1,
7290013906441,false,קבנוס 120ג טירת צבי,תנובה בשר,,,"י""ח",120,ל  גרם,false,1,11.90,9.92,false,1,
7290013906489,false,חטיפי קבנוס 120ג,תנובה בשר,,,"י""ח",120,ל  גרם,false,1,12.90,10.75,false,1,
7290013906687,false,צמד כפרי ברביקיו ודבש 600ג,תנובה בשר,,,"י""ח",600,ל  גרם,false,1,29.90,4.98,false,1,
7290013927040,false,עוגיות ממולא שוקולד 600 גרם אחוה,אחדות בעמ,,,"י""ח",600,ל  גרם,false,1,11.90,1.98,false,1,
7290013927101,false,עוגת תפוחים ללא סוכר 450גרם,אחדות בעמ,,,"י""ח",450,ל  גרם,false,1,11.90,2.64,false,1,
7290013927156,false,עוגת פירות יער ללא סוכר 450גרם,אחדות בעמ,,,"י""ח",450,ל  גרם,false,1,11.90,2.64,false,1,
7290013927323,false,עוגת בראוניס 400גרם אחוה,אחדות בעמ,,,"י""ח",450,ל  גרם,false,1,10.90,2.42,false,1,
7290013927514,false,רוגעלך קינמון מגש 400ג,אחדות בעמ,,,"י""ח",400,ל  גרם,false,1,13.90,3.48,false,1,
7290013927637,false,חלוה ללא ת.סוכר 400ג מגש,אחדות בעמ,,,"י""ח",400,ל  גרם,false,1,12.90,3.23,false,1,
7290013971555,false,סוללות 12יח מעורב פוגיקום,פוגיקום בעמ,,,"י""ח",1,,false,1,19.90,19.90,false,1,
7290014002197,false,חליטת  קמומיל ולימונית גן קסום,תה ויסוצקי (ישראל)בעמ,,,"י""ח",37.50,ל  גרם,false,1,17.90,47.73,false,1,
7290014002203,false,חליטת  לימונית ולואיזה גן קסום 25 יח,תה ויסוצקי (ישראל)בעמ,,,"י""ח",37.50,ל  גרם,false,1,17.90,47.73,false,1,
7290014002470,false,תה ויסוצקי 1.5/75 קלאסיק.,תה ויסוצקי (ישראל)בעמ,,,"י""ח",75,"י""ח",false,1,13.90,0.19,false,1,
7290014002944,false,גן הקסום חליטת  חמדת שקד 25שק,תה ויסוצקי (ישראל)בעמ,,,"י""ח",1,,false,1,17.90,17.90,false,1,
7290014046016,false,פסטרמה של פעם 100% חומרים טבעיים 250גר,מעדני יחיעם 1993 בעמ,,,"י""ח",250,ל  גרם,false,1,27.90,11.16,false,1,
7290014046047,false,צמד פסטרמות 600ג,מעדני יחיעם 1993 בעמ,,,"י""ח",600,ל  גרם,false,1,24.90,4.15,false,1,
7290014046474,false,"נקניקיות עוף 1.5ק""ג יחיעם",מעדני יחיעם 1993 בעמ,,,"י""ח",1.50,"ק""ג",false,1,34.20,22.80,true,1,
7290014046580,false,פסטרמה מעודנת על גחלים 300 גרם,מעדני יחיעם 1993 בעמ,,,"י""ח",300,ל  גרם,false,1,20.90,6.97,false,1,
7290014046757,false,סלמי תה 300ג סד. שרולה,מעדני יחיעם 1993 בעמ,,,"י""ח",300,ל  גרם,false,1,20.90,6.97,false,1,
7290014046764,false,סלמי פפרוני 200גר,מעדני יחיעם 1993 בעמ,,,"י""ח",200,ל  גרם,false,1,12.90,6.45,false,1,
7290014059436,false,"סנסודיין לשיקום והגנה מלבינה 75מ""ל",גורי ע.ע.ע. בעמ,,,"י""ח",75,"ל  מ""ל",false,1,26.90,35.87,true,1,
7290014066359,false,קפסולות קפה לנדוור בלנסד  10יח,ש.שסטוביץ בעמ,,,"י""ח",10,"י""ח",false,1,16.90,1.69,false,1,
7290014066380,false,קפסולות קפה לנדוור סופרימו  10יח,ש.שסטוביץ בעמ,,,"י""ח",10,"י""ח",false,1,16.90,1.69,false,1,
7290014066526,false,קפסולות קפה לנדוור תערובת הבית 10יח,ש.שסטוביץ בעמ,,,"י""ח",10,"י""ח",false,1,16.90,1.69,false,1,
7290014068353,false,לחם מחמצת,מאפיית הראשונים מ.ל. בעמ,,,"י""ח",1,"י""ח",false,1,18.90,18.90,false,1,
7290014083165,false,ניוקי 500 גר`וויליפוד,ג.וילי פוד אינטרנשיונל בעמ,,,"י""ח",500,ל  גרם,false,1,8.40,1.68,false,1,
7290014083479,false,גבינת גאודה פרוסה 28% שומן 150גר,ג.וילי פוד אינטרנשיונל בעמ,,,"י""ח",150,ל  גרם,false,1,9.90,6.60,false,1,
7290014083806,false,עוגיות דניות 350 גרם בפח,ג.וילי פוד אינטרנשיונל בעמ,,,"י""ח",350,ל  גרם,false,1,11.10,3.17,false,1,
7290014083813,false,שפרוטים  מעושנים בשמן 190גר`,ג.וילי פוד אינטרנשיונל בעמ,,,"י""ח",160,ל  גרם,false,1,9.90,6.19,false,1,
7290014090514,false,אפונה עדינה מאוד 600 גרם,עת -רן (1996) בעמ,,,"י""ח",600,ל  גרם,false,1,13.90,2.32,false,1,
7290014094352,false,אגוזי מלך 200גר בקופסא,דין שיווק וקליה 2021 בעמ,,,"י""ח",250,ל  גרם,false,1,15.90,6.36,false,1,
7290014094796,false,משמש שקית  300ג,דין שיווק וקליה 2021 בעמ,,,"י""ח",300,ל  גרם,false,1,23.90,7.97,false,1,
7290014094826,false,שזיף מגולען 300ג,דין שיווק וקליה 2021 בעמ,,,"י""ח",300,ל  גרם,false,1,23.90,7.97,false,1,
7290014094833,false,צימוק לבן שקית  300ג.,דין שיווק וקליה 2021 בעמ,,,"י""ח",300,ל  גרם,false,1,13.90,4.63,false,1,
7290014094840,false,צימוק חום שקית  300ג,דין שיווק וקליה 2021 בעמ,,,"י""ח",300,ל  גרם,false,1,13.90,4.63,false,1,
7290014094895,false,אגוזי מלך קלופים  150ג (דין שיווק),דין שיווק וקליה 2021 בעמ,,,"י""ח",150,ל  גרם,false,1,13.90,9.27,false,1,
7290014094901,false,פקאן טבעי 150ג,דין שיווק וקליה 2021 בעמ,,,"י""ח",150,ל  גרם,false,1,23.90,15.93,false,1,
7290014095953,false,משוקלדים פקאן חלב 140גר קופסא,דין שיווק וקליה 2021 בעמ,,,"י""ח",140,ל  גרם,false,1,12.90,9.21,false,1,
7290014204560,false,"סבון 500מ""ל שלישייה פנינה",פנינה רוזנבלום בעמ,,,"י""ח",0.50,ליטר,false,1,14.90,29.80,true,1,
7290014204690,false,סבון 1ל משאבה ורוד,פנינה רוזנבלום בעמ,,,"י""ח",1,ליטר,false,1,13.90,13.90,false,1,
7290014204706,false,סבון 1ל משאבה קורל,פנינה רוזנבלום בעמ,,,"י""ח",1,ליטר,false,1,13.90,13.90,false,1,
7290014205024,false,קערה אובלית 25  יח`לבן,ח.כהן סוכנות מזון ומשקאות בע,,,"י""ח",30,"י""ח",false,1,5.90,0.20,true,1,
7290014205031,false,"לפתניה""שווה""לבן 25",ח.כהן סוכנות מזון ומשקאות בע,,,"י""ח",25,"י""ח",false,1,4.90,0.20,true,1,
7290014205048,false,"מרקיה""שווה""לבן 25",ח.כהן סוכנות מזון ומשקאות בע,,,"י""ח",2500,ל  גרם,false,1,7.90,0.32,false,1,
7290014205055,false,"צלחת   עמוקה""שווה""30יח לבן",ח.כהן סוכנות מזון ומשקאות בע,,,"י""ח",30,"י""ח",false,1,14.90,0.50,false,1,
7290014205062,false,"כוסות ח""פ פלסטיק ""100שווה"".",ח.כהן סוכנות מזון ומשקאות בע,,,"י""ח",100,"י""ח",false,1,7.90,0.08,false,1,
7290014205093,false,דבש  350ג שווה,ח.כהן סוכנות מזון ומשקאות בע,,,"י""ח",350,ל  גרם,false,1,18.90,5.40,false,1,
7290014205130,false,"צלחת גדולה  ""שווה"" צבעוני 25",ח.כהן סוכנות מזון ומשקאות בע,,,"י""ח",2500,ל  גרם,false,1,11.90,0.48,false,1,
7290014205147,false,"צלחת   קטן""שווה""צבעוני 25",ח.כהן סוכנות מזון ומשקאות בע,,,"י""ח",25,"י""ח",false,1,6.90,0.28,false,1,
7290014205178,false,"מרקיה  ""שווה"" צבעוני 25",ח.כהן סוכנות מזון ומשקאות בע,,,"י""ח",2500,ל  גרם,false,1,8.90,0.36,false,1,
7290014205222,false,"כפיות   שקוף""שווה""50",ח.כהן סוכנות מזון ומשקאות בע,,,"י""ח",50,"י""ח",false,1,9.90,0.20,false,1,
7290014205604,false,"פחם דרום אפריקאי שווה 2 ק""ג",ח.כהן סוכנות מזון ומשקאות בע,,,"י""ח",2,"ק""ג",false,1,26.90,13.45,false,1,
7290014205611,false,"פחם  שווה 5 ק""ג איכותי",ח.כהן סוכנות מזון ומשקאות בע,,,"י""ח",5,"ק""ג",false,1,39.90,7.98,false,1,
7290014205673,false,שמן סויה מזוכך 1 ליטר,ח.כהן סוכנויות מזון ומשקאות***,,,"י""ח",1,ליטר,false,1,9.90,9.90,false,1,
7290014205697,false,"אננס חתוך  565 ג ""שווה""A2",ח.כהן סוכנות מזון ומשקאות בע,,,"י""ח",600,ל  גרם,false,1,7.90,1.32,true,1,
7290014205765,false,מפות שולחן 8* עבה במיוחד 1.35/2.4 מ`שו,ח.כהן סוכנות מזון ומשקאות בע,,,"י""ח",25,"י""ח",false,1,11.90,0.48,false,1,
7290014205772,false,"מפות שולחן 8* עבה  שקוף""שווה""",ח.כהן סוכנות מזון ומשקאות בע,,,"י""ח",1,,false,1,7.90,7.90,false,1,
7290014205802,false,שקיות הקפאה שווה 200יח זוג,ח.כהן סוכנות מזון ומשקאות בע,,,"י""ח",200,"י""ח",false,1,7.90,0.04,false,1,
7290014205819,false,"שקיות אפור ""75/90  שווה""20 יח`ממוחזר",ח.כהן סוכנות מזון ומשקאות בע,,,"י""ח",20,"י""ח",false,1,17.90,0.90,true,1,
7290014205840,false,"שקיות אשפה 52/65 עם  שרון""שווה""",ח.כהן סוכנות מזון ומשקאות בע,,,"י""ח",20,"י""ח",false,1,6.90,0.35,false,1,
7290014205857,false,"שקיות אפור ""75/90  שווה""20 יח`ממוחזר.",ח.כהן סוכנות מזון ומשקאות בע,,,"י""ח",20,"י""ח",false,1,11.90,0.60,true,1,
7290014205864,false,"שקיות כתום  75/90  ""שווה"" 50יח",ח.כהן סוכנות מזון ומשקאות בע,,,"י""ח",50,"י""ח",false,1,11.90,0.24,false,1,
7290014206021,false,מאפינס נייר קטנים 20יח שווה,ח.כהן סוכנות מזון ומשקאות בע,,,"י""ח",12,"י""ח",false,1,7.90,0.66,false,1,
7290014206038,false,מאפינס נייר גדולים 20יח שווה,ח.כהן סוכנות מזון ומשקאות בע,,,"י""ח",12,"י""ח",false,1,7.90,0.66,false,1,
7290014206052,false,מאפינס נייר אלומיניום גדולים 12יח,ח.כהן סוכנות מזון ומשקאות בע,,,"י""ח",12,"י""ח",false,1,7.90,0.66,false,1,
7290014206120,false,תבניות נייר עגולות גדולות  3יח שווה,ח.כהן סוכנות מזון ומשקאות בע,,,"י""ח",12,"י""ח",false,1,9.90,0.83,false,1,
7290014206250,false,מפיות נייר 1/80 מעוטרות שווה,ח.כהן סוכנות מזון ומשקאות בע,,,"י""ח",80,"י""ח",false,1,6.90,0.09,true,1,
7290014206267,false,מפיות מוטבעות תלת שכבתי שווה,ח.כהן סוכנות מזון ומשקאות בע,,,"י""ח",1,"י""ח",false,1,7.90,7.90,true,1,
7290014206410,false,נוזל חלונות זוג 1ל שווה,ח.כהן סוכנות מזון ומשקאות בע,,,"י""ח",2,ליטר,false,1,8.90,4.45,false,1,
7290014206793,false,"כפפות ניילון ח""פ 100יח  שווה",ח.כהן סוכנות מזון ומשקאות בע,,,"י""ח",10,"י""ח",false,1,4.90,0.49,false,1,
7290014206861,false,סרדינים בשמן זית 125גר שווה,ח.כהן סוכנות מזון ומשקאות בע,,,"י""ח",125,ל  גרם,false,1,5.90,4.72,false,1,
7290014206878,false,סרדינים ברוטב עגבניות  125גר שווה מרוק,ח.כהן סוכנות מזון ומשקאות בע,,,"י""ח",125,ל  גרם,false,1,5.90,4.72,false,1,
7290014206908,false,אננס שלם A2  שווה,ח.כהן סוכנות מזון ומשקאות בע,,,"י""ח",227,ל  גרם,false,1,7.90,3.48,false,1,
7290014217010,false,מיכל T-BUL דגים 90 גרם,תבליני טעם וריח בעמ,,,"י""ח",90,ל  גרם,false,1,14.90,16.56,false,1,
7290014217027,false,מיכל T-BUL עוף 120 גרם,תבליני טעם וריח בעמ,,,"י""ח",120,ל  גרם,false,1,14.90,12.42,false,1,
7290014217065,false,אורגנו עלים 30ג,תבליני טעם וריח בעמ,,,"י""ח",30,ל  גרם,false,1,9.90,33,true,1,
7290014217164,false,פטרוזיליה 20 גרם,תבליני טעם וריח בעמ,,,"י""ח",1,,false,1,9.90,9.90,true,1,
7290014217171,false,תערובת תיבול גריל דג 100 גרם,תבליני טעם וריח בעמ,,,"י""ח",1,,false,1,9.90,9.90,true,1,
7290014217201,false,סומק 45ג,תבליני טעם וריח בעמ,,,"י""ח",45,ל  גרם,false,1,5.90,13.11,false,1,
7290014217225,false,מיכל גריל עוף 120 גרם.,תבליני טעם וריח בעמ,,,"י""ח",1,,false,1,9.90,9.90,true,1,
7290014217348,false,צ`ילי כתוש 70 גרם,תבליני טעם וריח בעמ,,,"י""ח",70,ל  גרם,false,1,9.90,14.14,true,1,
7290014217355,false,מיכל אבקת קרי 100 גרם,תבליני טעם וריח בעמ,,,"י""ח",1,,false,1,9.90,9.90,true,1,
7290014217478,false,תערובת עשבי תיבול איטלקי ים תיכוני 30,תבליני טעם וריח בעמ,,,"י""ח",1,,false,1,9.90,9.90,true,1,
7290014217911,false,פלפל אדום מתוק 150ג,תבליני טעם וריח בעמ,,,"י""ח",150,ל  גרם,false,1,13.90,9.27,false,1,
7290014218536,false,"בצק עלים מופחת שומן 1ק""ג",תנובה בשר,,,"י""ח",1,"ק""ג",false,1,22.90,22.90,false,1,
7290014218932,false,חטיפי פיצה  עם זיתים מעדנות,תנובה בשר,,,"י""ח",710,ל  גרם,false,1,37.90,5.34,false,1,
7290014256620,false,יין אדום יאנג סלקטד BUZZ,אגודת הכורמים,,,"י""ח",750,"ל  מ""ל",false,1,27.90,3.68,true,1,
7290014256637,false,סלקטד לבן יאנג  BUZZ מוסקטו,אגודת הכורמים,,,"י""ח",750,"ל  מ""ל",false,1,27.90,3.68,true,1,
7290014265929,false,"יין יתיר הר עמשא  אדום בציר 750מ""ל",אגודת הכורמים,,,"י""ח",750,"ל  מ""ל",false,1,100.20,13.32,false,1,
7290014288058,false,"להבונים 50 שקית  ""שווה""",ח.כהן סוכנות מזון ומשקאות בע,,,"י""ח",1,,false,1,10.90,10.90,true,1,
7290014288072,false,כריות יפניות רביעייה   שווה,ח.כהן סוכנות מזון ומשקאות בע,,,"י""ח",1,"י""ח",false,1,6.90,6.90,false,1,
7290014288089,false,סרטי קירצוף זוגות שווה איכותי,ח.כהן סוכנות מזון ומשקאות בע,,,"י""ח",10,"י""ח",false,1,5.90,0.59,false,1,
7290014288096,false,מטליות מיקרופייבר 5* ניקוי כלל   שווה,ח.כהן סוכנות מזון ומשקאות בע,,,"י""ח",3,"י""ח",false,1,9.90,3.30,false,1,
7290014288102,false,מטליות מיקרופייבר לרצפה   שווה,ח.כהן סוכנות מזון ומשקאות בע,,,"י""ח",3,"י""ח",false,1,8.90,2.97,false,1,
7290014288119,false,ממרקות מתכת  4יח שווה,ח.כהן סוכנות מזון ומשקאות בע,,,"י""ח",1,,false,1,5.90,5.90,false,1,
7290014288270,false,טרופיל 8* ללא צבע מאכל,ח.כהן סוכנות מזון ומשקאות בע,,,"י""ח",8,"י""ח",false,1,5.90,0.74,false,1,
7290014288300,false,טורטיה 8יח 320ג שווה,ח.כהן סוכנות מזון ומשקאות בע,,,"י""ח",320,ל  גרם,false,1,10.90,3.41,true,1,
7290014288317,false,טורטיה 6יח 420ג שווה,ח.כהן סוכנות מזון ומשקאות בע,,,"י""ח",320,ל  גרם,false,1,10.90,3.41,true,1,
7290014288324,false,טורטיה קמח מלא 8יח 320ג שווה,ח.כהן סוכנות מזון ומשקאות בע,,,"י""ח",320,ל  גרם,false,1,10.90,3.41,true,1,
7290014288331,false,נודלס טעם עוף  60ג שווה,ח.כהן סוכנות מזון ומשקאות בע,,,"י""ח",60,ל  גרם,false,1,4.90,8.17,true,1,
7290014288348,false,נודלס טעם ירקות  60ג שווה,ח.כהן סוכנות מזון ומשקאות בע,,,"י""ח",60,ל  גרם,false,1,4.90,8.17,true,1,
7290014288379,false,ערמונים 100ג שווה,ח.כהן סוכנות מזון ומשקאות בע,,,"י""ח",100,ל  גרם,false,1,5.90,5.90,true,1,
7290014288393,false,"רוטב סויה 500מ""ל     שווה",ח.כהן סוכנות מזון ומשקאות בע,,,"י""ח",700,"ל  מ""ל",false,1,9.90,1.41,false,1,
7290014288409,false,"רוטב טריאקי 300מ""ל     שווה",ח.כהן סוכנות מזון ומשקאות בע,,,"י""ח",500,"ל  מ""ל",false,1,9.90,1.98,false,1,
7290014288461,false,"נר נשמה פחית ""שווה""",ח.כהן סוכנות מזון ומשקאות בע,,,"י""ח",1,,false,1,2.90,2.90,true,1,
7290014288584,false,נייר אפיה 50יח איכותי  שווה,ח.כהן סוכנות מזון ומשקאות בע,,,"י""ח",50,"י""ח",false,1,9.90,0.20,true,1,
7290014288621,false,רדיד אלומיניום ארוך כוכבים שווה 16M,ח.כהן סוכנות מזון ומשקאות בע,,,,10,"י""ח",false,1,26.90,2.69,false,1,
7290014288645,false,מגבונים מגבופיל 72יח  שווה,ח.כהן סוכנות מזון ומשקאות בע,,,"י""ח",72,"י""ח",false,1,18.90,0.26,false,1,
7290014288720,false,כוסות וודקה 350CC שווה,ח.כהן סוכנות מזון ומשקאות בע,,,,10,"י""ח",false,1,9.90,0.99,false,1,
7290014288843,false,נרות שבת מספרים שווה,ח.כהן סוכנות מזון ומשקאות בע,,,"י""ח",1,,false,1,3.90,3.90,false,1,
7290014288980,false,.נייר טישו 1/5 דו שכבתי שווה,ח.כהן סוכנות מזון ומשקאות בע,,,"י""ח",5,"י""ח",false,1,12.90,2.58,false,1,
7290014298217,false,"בקבוק שתיה קטן  350 מ""ל",מוסקו בעמ,,,"י""ח",1,,false,1,24.90,24.90,false,1,
7290014298996,false,"בקבוק תרמי לשתיה קרה/חמה  500 מ""ל",מוסקו בעמ,,,"י""ח",1,,false,1,59.90,59.90,false,1,
7290014325036,false,סוכריות ג`לי שמחה,מיה תעשיות מזון מ.ת.מ בעמ,,,"י""ח",750,ל  גרם,false,1,19.90,2.65,false,1,
7290014325043,false,"פודינג וניל 1ק""ג",מיה תעשיות מזון מ.ת.מ בעמ,,,"י""ח",1,"ק""ג",false,1,13.90,13.90,false,1,
7290014325050,false,קורנפלור 500ג,מיה תעשיות מזון מ.ת.מ בעמ,,,"י""ח",300,ל  גרם,false,1,3.90,1.30,false,1,
7290014356061,false,ספגטי 500גר שדות,אחים אגא (א.מ.) שיווק,,,"י""ח",500,ל  גרם,false,1,3.90,0.78,true,1,
7290014356085,false,פסטה מסולסלת  500גר שדות,אחים אגא (א.מ.) שיווק,,,"י""ח",500,ל  גרם,false,1,3.90,0.78,true,1,
7290014356108,false,פסטה קרניים  500גר שדות,אחים אגא (א.מ.) שיווק,,,"י""ח",500,ל  גרם,false,1,3.90,0.78,true,1,
7290014356245,false,שמן קנולה 1 ליטר שדות.,אחים אגא (א.מ.) שיווק,,,"י""ח",1,ליטר,false,1,12.90,12.90,false,1,
7290014356450,false,פסטה צדפים  500גר שדות,אחים אגא (א.מ.) שיווק,,,"י""ח",500,ל  גרם,false,1,3.90,0.78,true,1,
7290014356818,false,"סוכר   לבן שדות  1ק""ג.",אחים אגא (א.מ.) שיווק,,,"י""ח",1,"ק""ג",false,1,4.30,4.30,false,1,
7290014356887,false,פטריות  שלמות  400 גרם שדות,אחים אגא (א.מ.) שיווק,,,"י""ח",400,ל  גרם,false,1,7.90,1.98,false,1,
7290014356931,false,קוסקוס דק 350גר אגא,אחים אגא (א.מ.) שיווק,,,"י""ח",500,ל  גרם,false,1,4.50,0.90,true,1,
7290014356948,false,קוסקוס בינוני 350גר אגא,אחים אגא (א.מ.) שיווק,,,"י""ח",500,ל  גרם,false,1,4.50,0.90,true,1,
7290014356955,false,קוסקוס עבה 350גר אגא,אחים אגא (א.מ.) שיווק,,,"י""ח",500,ל  גרם,false,1,4.50,0.90,true,1,
7290014397286,false,מרכך כביסה מקסימה 1 ליטר מרוכז,החב הדרומית לשיווק,,,"י""ח",1,ליטר,false,1,17.50,17.50,false,1,
7290014397675,false,מרכך כביסה חלב ודבש 4 ליטר,החב הדרומית לשיווק,,,"י""ח",4,ליטר,false,1,21.90,5.48,false,1,
7290014397781,false,ריצפז פרש הום סבון מפנק  2ל לרצפה,החב הדרומית לשיווק,,,"י""ח",1.45,ליטר,false,1,21.90,15.10,false,1,
7290014435360,false,חומוס עם רוטב חריף 400ג,סלטי שמיר2006בעמ,,,"י""ח",400,ל  גרם,false,1,11.90,2.98,true,1,
7290014435377,false,חומוס עם רוטב מסבחה 400ג,סלטי שמיר2006בעמ,,,"י""ח",400,ל  גרם,false,1,11.90,2.98,true,1,
7290014435384,false,חומוס עם טחינה מיוחדת  400ג,סלטי שמיר2006בעמ,,,"י""ח",400,ל  גרם,false,1,11.90,2.98,true,1,
7290014435391,false,חומוס אורגינל עם גרגרים   400ג,סלטי שמיר2006בעמ,,,"י""ח",400,ל  גרם,false,1,11.90,2.98,true,1,
7290014435704,false,סלמון מעושן פרוס  100ג(שמיר),סלטי שמיר2006בעמ,,,"י""ח",100,ל  גרם,false,1,24.90,24.90,false,1,
7290014435803,false,מטיאס הולנדי עם בצל בשמן 180ג,סלטי שמיר2006בעמ,,,"י""ח",180,ל  גרם,false,1,19.90,11.06,false,1,
7290014435810,false,הרינג כבוש עם בצל  חמוץ מתוק 180ג,סלטי שמיר2006בעמ,,,"י""ח",180,ל  גרם,false,1,19.90,11.06,false,1,
7290014435827,false,פילה מקרל מעושן בשמן 180ג,סלטי שמיר2006בעמ,,,"י""ח",180,ל  גרם,false,1,26.90,14.94,false,1,
7290014435834,false,מקרל מעושן פרוס בשמן 180ג,סלטי שמיר2006בעמ,,,"י""ח",180,ל  גרם,false,1,26.90,14.94,false,1,
7290014435841,false,פילה מטיאס הולנדי  בשמן 180ג,סלטי שמיר2006בעמ,,,"י""ח",180,ל  גרם,false,1,19.90,11.06,false,1,
7290014435872,false,סלט הרינג  עם מיונז  200ג,סלטי שמיר2006בעמ,,,"י""ח",200,ל  גרם,false,1,19.90,9.95,false,1,
7290014435889,false,סלט מטיאס  עם מיונז  200ג,סלטי שמיר2006בעמ,,,"י""ח",200,ל  גרם,false,1,19.90,9.95,false,1,
7290014455245,false,גרנה פדנו משולש 200ג,מחלבות גד,,,"י""ח",200,ל  גרם,false,1,24.90,12.45,false,1,
7290014455252,false,גרנה פדנו מגורד 100ג,מחלבות גד,,,"י""ח",100,ל  גרם,false,1,12.90,12.90,false,1,
7290014455467,false,מעדן שיבולת שועל וחלב 2% 150גר,מחלבות גד,,,"י""ח",150,"ל  מ""ל",false,1,6,4,true,1,
7290014459373,false,"תפוגן ציפס קראנצי לתנור 1.5ק""ג",קבוצת אוסם סחר-שות.מוגבלת,,,"י""ח",1.50,"ק""ג",false,1,26.40,17.60,false,1,
7290014459472,false,"תפוגן צ יפס קלאסי 2ק""ג  (תפוגן)",קבוצת אוסם סחר-שות.מוגבלת,,,"י""ח",2.50,"ק""ג",false,1,29.90,11.96,false,1,
7290014459632,false,"תפוגן צ יפס טוגן 1.5 ק""ג",קבוצת אוסם סחר-שות.מוגבלת,,,"י""ח",1.50,"ק""ג",false,1,17.90,11.93,false,1,
7290014466128,false,"יין הר חרמון אינדיגו 750 מ""ל",היכל היין שקד גולן בעמ,,,"י""ח",750,"ל  מ""ל",false,1,33.90,4.48,true,1,
7290014466463,false,"יין הר חרמון מוסקטו 750 מ""ל",היכל היין שקד גולן בעמ,,,"י""ח",750,"ל  מ""ל",false,1,36.90,4.88,true,1,
7290014466609,false,יין גמלא מרלו `2016,היכל היין שקד גולן בעמ,,,"י""ח",1,,false,1,65.90,65.90,true,1,
7290014471412,false,"מוזלי בוטנים אגוזים ושקדים 1ק""ג",דין שיווק וקליה 2021 בעמ,,,"י""ח",0,"ק""ג",false,1,19.90,19.90,false,1,
7290014471429,false,"מוזלי פירות 1ק""ג",דין שיווק וקליה 2021 בעמ,,,"י""ח",0,"ק""ג",false,1,19.90,19.90,false,1,
7290014471443,false,"גרנולה אגוזים 1ק""ג",דין שיווק וקליה 2021 בעמ,,,"י""ח",0,"ק""ג",false,1,19.90,19.90,false,1,
7290014472136,false,גרעין שחור קלוי 150גר ששון הקולה,דין שיווק וקליה 2021 בעמ,,,"י""ח",150,ל  גרם,false,1,6.90,4.60,false,1,
7290014472426,false,קונפיטורה דובדבן 70% פרי 450גר,דין שיווק וקליה 2021 בעמ,,,"י""ח",450,ל  גרם,false,1,13.90,3.09,false,1,
7290014472464,false,קונפיטורה משמש 70% פרי 450גר,דין שיווק וקליה 2021 בעמ,,,"י""ח",450,ל  גרם,false,1,13.90,3.09,false,1,
7290014472471,false,גרעין חמניה קלוי ענק 200גר,דין שיווק וקליה 2021 בעמ,,,"י""ח",200,ל  גרם,false,1,8.90,4.45,false,1,
7290014501232,false,גליל לבן,היכל היין שקד גולן בעמ,,,"י""ח",750,"ל  מ""ל",false,1,38.90,5.15,true,1,
7290014503137,false,"יין כנען אדום דלתון 750מ""ל",הכרם משקאות חריפים בעמ,,,"י""ח",750,"ל  מ""ל",false,1,44.90,5.95,true,1,
7290014547322,false,זוג מברשות סנסודיין שיקום,גורי ע.ע.ע. בעמ,,,"י""ח",75,"ל  מ""ל",false,1,29.90,39.87,true,1,
7290014562691,false,פריכיות תירס דקות מרובעות 130גר,בטר אנד דיפרנט בעמ,,,"י""ח",130,ל  גרם,false,1,6.90,5.31,false,1,
7290014603028,false,סולרו וניל ותות שדה,גלידות שטראוס בעמ,,,"י""ח",76,ל  גרם,false,1,10,13.16,true,1,
7290014673014,false,פלפל אנגלי שלם 90גר.,א.ל.יצור ושיווקתבלינים בעמ,,,"י""ח",50,ל  גרם,false,1,13.90,27.80,false,1,
7290014673038,false,תערובת תיבול טוסקנה 120ג,א.ל.יצור ושיווקתבלינים בעמ,,,"י""ח",120,ל  גרם,false,1,11.50,9.58,true,1,
7290014673359,false,מלח לימון 400גר,א.ל.יצור ושיווקתבלינים בעמ,,,"י""ח",400,ל  גרם,false,1,21.90,5.48,false,1,
7290014673366,false,"כורכום 250 גר. בצנצנת כשל""פ",א.ל.יצור ושיווקתבלינים בעמ,,,"י""ח",250,ל  גרם,false,1,21.90,8.76,false,1,
7290014673373,false,פפריקה חריפה 250 גר בצנצנת,א.ל.יצור ושיווקתבלינים בעמ,,,"י""ח",250,ל  גרם,false,1,21.90,8.76,false,1,
7290014673380,false,כמון 250 גר בצנצנת,א.ל.יצור ושיווקתבלינים בעמ,,,"י""ח",250,ל  גרם,false,1,21.90,8.76,false,1,
7290014673410,false,פלפל גרוס דק 250 גר בצנצנת,א.ל.יצור ושיווקתבלינים בעמ,,,"י""ח",250,ל  גרם,false,1,27.90,11.16,false,1,
7290014673434,false,פלפל שחור גרוס דק  שקית 80ג,א.ל.יצור ושיווקתבלינים בעמ,,,"י""ח",80,ל  גרם,false,1,9.90,12.38,false,1,
7290014692305,false,גבינת קממבר  125ג  ויליפוד,ג.וילי פוד אינטרנשיונל בעמ,,,"י""ח",125,ל  גרם,false,1,15.90,12.72,false,1,
7290014692541,false,צהובה מגורדת 500ג Golden,ג.וילי פוד אינטרנשיונל בעמ,,,"י""ח",500,ל  גרם,false,1,19.90,3.98,false,1,
7290014692565,false,גרעיני תירס מתוק 285/320ג,ג.וילי פוד אינטרנשיונל בעמ,,,"י""ח",320,ל  גרם,false,1,5.90,1.84,true,1,
7290014692817,false,גבינת מוצרלה מגורדת 200ג ויליפוד,ג.וילי פוד אינטרנשיונל בעמ,,,"י""ח",200,ל  גרם,false,1,16.90,8.45,false,1,
7290014749863,false,שניצל דק ענק קריספי צ`יפס עוף טוב,קבוצת אוסם סחר-שות.מוגבלת,,,"י""ח",720,ל  גרם,false,1,29.90,4.15,true,1,
7290014749887,false,שניצל דק ענק קריספי קלאסי עוף טוב.,קבוצת אוסם סחר-שות.מוגבלת,,,"י""ח",720,ל  גרם,false,1,30.90,4.29,true,1,
7290014758100,false,מאגדת *8יוגורט BIO 3% 150ג,תנובה בעמ ***,,,"י""ח",1.20,ליטר,false,1,17.40,14.50,true,1,
7290014758117,false,מאגדת *8יוגורט BIO 1.5% 150ג,תנובה בעמ ***,,,"י""ח",1.20,ליטר,false,1,17.40,14.50,true,1,
7290014758124,false,יוגורט תנובה ביו,תנובה בעמ ***,,,"י""ח",200,ל  גרם,false,1,2.90,1.45,false,1,
7290014758131,false,יוגורט תנובה ביו,תנובה בעמ ***,,,"י""ח",200,ל  גרם,false,1,2.50,1.25,false,1,
7290014758162,false,חלב עיזים מלא 3.6%,תנובה בעמ ***,,,"י""ח",1,ליטר,false,1,15.40,15.40,false,1,
7290014759084,false,נפוליאון 16% סקיני 225גר,תנובה בעמ ***,,,"י""ח",225,ל  גרם,false,1,15,6.67,false,1,
7290014760134,false,מעדן סויה טעם וניל,תנובה בעמ ***,,,"י""ח",125,"ל  מ""ל",false,1,4.20,3.36,false,1,
7290014760141,false,משקה שקדים טרי 1ל,תנובה בעמ ***,,,"י""ח",1,ליטר,false,1,13.90,13.90,true,1,
7290014761018,false,ג לי בטעם וניל 125גר,תנובה בעמ ***,,,"י""ח",125,"ל  מ""ל",false,1,1.50,1.20,false,1,
7290014761056,false,YOLO מעדן שוקולד חלב מעולה,תנובה בעמ ***,,,"י""ח",123,"ל  מ""ל",false,1,4.70,3.82,false,1,
7290014761063,false,YOLO מעדן שוקולד מריר  מעולה,תנובה בעמ ***,,,"י""ח",123,"ל  מ""ל",false,1,4.70,3.82,false,1,
7290014761070,false,YOLO מעדן שוקולד לבן מעולה,תנובה בעמ ***,,,"י""ח",123,"ל  מ""ל",false,1,4.70,3.82,false,1,
7290014762800,false,מעדן סויה בטעם שוקולד  בגביע 125ג,תנובה בעמ ***,,,"י""ח",125,"ל  מ""ל",false,1,4.20,3.36,false,1,
7290014762831,false,נפוליאון עם חלפיניו 225 ג`,תנובה בעמ ***,,,"י""ח",225,ל  גרם,false,1,15,6.67,false,1,
7290014762909,false,מוצרלה פתיתים 20% שומן 200ג,תנובה בעמ ***,,,"י""ח",200,ל  גרם,false,1,16.90,8.45,false,1,
7290014789913,false,אוראו  מארז שלישייה,דיפלומט מפיצים (1968) בעמ**,,,"י""ח",352,ל  גרם,false,1,23.90,6.79,true,1,
7290014791572,false,"שוופס מוגז ענבים 330מ""ל",יפאורה שותפות מוגבלת לשיווק,,,"י""ח",330,"ל  מ""ל",false,1,5.90,1.70,true,1,
7290014791626,false,"שוופס סודה נענע ליים 250 מ""ל",יפאורה שותפות מוגבלת לשיווק,,,"י""ח",250,"ל  מ""ל",false,1,3.50,1.28,true,1,
7290014855434,false,מגבונים בייבי סיטר פרפורמנס רבעייה מבו,שקד תבל בעמ,,,"י""ח",1,,false,1,16.90,16.90,true,1,
7290014855458,false,מגבונים בייבי סיטר פרפורמנס רבעייה ללא,שקד תבל בעמ,,,"י""ח",1,,false,1,16.90,16.90,true,1,
7290014860070,false,"מקלוני אורז ללא גלוטן 5מ""מ 454גר",מזרח ומערב יבוא ושיווק,,,"י""ח",454,ל  גרם,false,1,10.90,2.40,true,1,
7290014905498,false,הפי מטליות גם וגם,יעקב יעקבי ובניו בעמ,,,"י""ח",1,,false,1,11.90,11.90,false,1,
7290014905689,false,הפי לכלים ירוק יעקבי,יעקב יעקבי ובניו בעמ,,,"י""ח",750,"ל  מ""ל",false,1,7.90,1.05,false,1,
7290014905696,false,הפי לכלים  לימון יעקבי,יעקב יעקבי ובניו בעמ,,,"י""ח",750,"ל  מ""ל",false,1,7.90,1.05,false,1,
7290014905733,false,"הפי פרפקט לשמשות 750מ""ל",יעקב יעקבי ובניו בעמ,,,"י""ח",750,"ל  מ""ל",false,1,8.90,1.19,true,1,
7290014940901,false,לחם פשוט מלא.אנגל,שלמה א.אנג ל בעמ,,,"י""ח",750,ל  גרם,false,1,14.90,1.99,false,1,
7290015014168,false,בייבי מיקס בוסטן,ביכורי השדה צפון 1994 ג.ד. בעמ,,,"י""ח",300,ל  גרם,false,1,9.90,3.30,true,1,
7290015014182,false,לבבות קיסר,ביכורי השדה צפון 1994 ג.ד. בעמ,,,"י""ח",300,ל  גרם,false,1,9.90,3.30,true,1,
7290015014427,false,אורגנו,ביכורי השדה צפון 1994 ג.ד. בעמ,,,"י""ח",1,,false,1,6.90,6.90,true,1,
7290015014458,false,מרווה,ביכורי השדה צפון 1994 ג.ד. בעמ,,,"י""ח",1,,false,1,6.90,6.90,true,1,
7290015014465,false,רוזמרין,ביכורי השדה צפון 1994 ג.ד. בעמ,,,"י""ח",1,,false,1,6.90,6.90,true,1,
7290015014472,false,טימין,ביכורי השדה צפון 1994 ג.ד. בעמ,,,"י""ח",1,,false,1,6.90,6.90,true,1,
7290015027021,false,עוגות שמרים פרימיום 500גר,הלל בן הלל שיווק ומסחר בעמ,,,"י""ח",500,ל  גרם,false,1,21.90,4.38,false,1,
7290015039246,false,טונה וילפוד 4 יחידות בשמן צימחי,ג.וילי פוד אינטרנשיונל בעמ,,,"י""ח",640,ל  גרם,false,1,22.90,3.58,false,1,
7290015039338,false,נתחי טונה במים רביעייה 160ג,ג.וילי פוד אינטרנשיונל בעמ,,,"י""ח",640,ל  גרם,false,1,19.90,3.11,false,1,
7290015129121,false,סקיני פסטה נודלס 270גר,נטורפוד בעמ,,,"י""ח",270,ל  גרם,false,1,11.90,4.41,false,1,
7290015129145,false,סקיני פסטה ספרטי 270גר,נטורפוד בעמ,,,"י""ח",270,ל  גרם,false,1,11.90,4.41,false,1,
7290015139250,false,שוקולד כרמית מריר עם פצ.אור ללא סוכר 8,כרמית תעשיות ממתקים בעמ,,,"י""ח",85,ל  גרם,false,1,6.90,8.12,true,1,
7290015139267,false,שוקולד פרמיום מריר ללס שקדים 85ג,כרמית תעשיות ממתקים בעמ,,,"י""ח",85,ל  גרם,false,1,6.90,8.12,true,1,
7290015150088,false,מחית עגבניות בלה איטליה 700גר,תה ויסוצקי (ישראל)בעמ,,,"י""ח",700,ל  גרם,false,1,12.50,1.79,true,1,
7290015150118,false,עגבניות חתוכות בלה איטליה   400ג3X,תה ויסוצקי (ישראל)בעמ,,,"י""ח",400,ל  גרם,false,1,17.90,4.48,false,1,
7290015150361,false,תה ירוק נענע סטיביה,תה ויסוצקי (ישראל)בעמ,,,"י""ח",1,,false,1,24.90,24.90,true,1,
7290015155823,false,פרינוק מחית תפוח 120ג פאוץ,גורי מוצרי צריכה בעמ,,,"י""ח",120,ל  גרם,false,1,6.60,5.50,true,1,
7290015155847,false,פרינוק מחית תסלט פירות  120ג,גורי מוצרי צריכה בעמ,,,"י""ח",120,ל  גרם,false,1,6.60,5.50,true,1,
7290015156776,false,פרינוק מחית פירות טרופיים 120ג,גורי מוצרי צריכה בעמ,,,"י""ח",120,ל  גרם,false,1,6.60,5.50,true,1,
7290015156790,false,פרינוק מחית לפתן פירות 120ג,גורי מוצרי צריכה בעמ,,,"י""ח",120,ל  גרם,false,1,6.60,5.50,true,1,
7290015164856,false,מחית קארי אדומה 400גר,מזרח ומערב יבוא ושיווק,,,"י""ח",400,ל  גרם,false,1,19.90,4.98,false,1,
7290015176781,false,מכונת גילוח,פוגיקום בעמ,,,"י""ח",1,,false,1,99.90,99.90,false,1,
7290015178273,false,מרינדה לעוף בגריל  530ג,תה ויסוצקי (ישראל)בעמ,,,"י""ח",530,"ל  מ""ל",false,1,13.90,2.62,true,1,
7290015282000,false,איקרא אדומה 200גר SEVEN SEAS,סלטי שמיר2006בעמ,,,"י""ח",200,ל  גרם,false,1,14.90,7.45,false,1,
7290015282024,false,איקרא לבנה 200גר SEVEN SEAS,סלטי שמיר2006בעמ,,,"י""ח",200,ל  גרם,false,1,14.90,7.45,false,1,
7290015282390,false,תורכי  200ג,סלטי שמיר2006בעמ,,,"י""ח",200,ל  גרם,false,1,12.90,6.45,true,1,
7290015282581,false,חומוס אבו גוש עם חריף 200ג,סלטי שמיר2006בעמ,,,"י""ח",200,ל  גרם,false,1,11.90,5.95,true,1,
7290015282598,false,חומוס מסעדות  200ג,סלטי שמיר2006בעמ,,,"י""ח",200,ל  גרם,false,1,11.90,5.95,true,1,
7290015282604,false,טחינה מיוחדת  200ג,סלטי שמיר2006בעמ,,,"י""ח",200,ל  גרם,false,1,11.90,5.95,true,1,
7290015282628,false,חציל בטעם כבד  200ג,סלטי שמיר2006בעמ,,,"י""ח",200,ל  גרם,false,1,12.90,6.45,true,1,
7290015282635,false,חומוס מסבחה  200ג,סלטי שמיר2006בעמ,,,"י""ח",200,ל  גרם,false,1,11.90,5.95,true,1,
7290015282642,false,חומוס אבו גוש  200ג,סלטי שמיר2006בעמ,,,"י""ח",200,ל  גרם,false,1,11.90,5.95,true,1,
7290015282666,false,סלט טונה בריאות 200ג,סלטי שמיר2006בעמ,,,"י""ח",200,ל  גרם,false,1,18.90,9.45,false,1,
7290015282673,false,חציל במיונז ביתי   200ג,סלטי שמיר2006בעמ,,,"י""ח",200,ל  גרם,false,1,11.90,5.95,true,1,
7290015282680,false,קישוא בטעם כבד  200ג,סלטי שמיר2006בעמ,,,"י""ח",200,ל  גרם,false,1,12.90,6.45,true,1,
7290015282697,false,כרוב אדום  200ג,סלטי שמיר2006בעמ,,,"י""ח",200,ל  גרם,false,1,12.90,6.45,true,1,
7290015282710,false,קוביות סלק  200ג,סלטי שמיר2006בעמ,,,"י""ח",200,ל  גרם,false,1,11.90,5.95,true,1,
7290015282734,false,מטבוחה ביתית  200ג,סלטי שמיר2006בעמ,,,"י""ח",200,ל  גרם,false,1,12.90,6.45,true,1,
7290015282741,false,חציל תאילנדי  200ג,סלטי שמיר2006בעמ,,,"י""ח",200,ל  גרם,false,1,12.90,6.45,true,1,
7290015282796,false,תפוח אדמה  200ג,סלטי שמיר2006בעמ,,,"י""ח",200,ל  גרם,false,1,12.90,6.45,true,1,
7290015324007,false,פלפל שחור גרוס 80 גרם (שקית),תבליני טעם וריח בעמ,,,"י""ח",1,,false,1,10.90,10.90,false,1,
7290015324014,false,פלפל שחור טחון 80 גרם(שקית),תבליני טעם וריח בעמ,,,"י""ח",1,,false,1,10.90,10.90,false,1,
7290015324038,false,פפריקה בשמן 80 גרם,תבליני טעם וריח בעמ,,,"י""ח",1,,false,1,5.90,5.90,false,1,
7290015324045,false,פפריקה חריפה 80 גרם,תבליני טעם וריח בעמ,,,"י""ח",1,,false,1,5.90,5.90,false,1,
7290015324052,false,פפריקה מתוקה 80  גרם(שקית),תבליני טעם וריח בעמ,,,"י""ח",1,,false,1,5.90,5.90,false,1,
7290015324083,false,מלח לימון 80 גרם,תבליני טעם וריח בעמ,,,"י""ח",1,,false,1,5.90,5.90,false,1,
7290015324090,false,כמון מזרחי 80 גרם,תבליני טעם וריח בעמ,,,"י""ח",1,,false,1,5.90,5.90,false,1,
7290015324106,false,כורכום 80 גרם,תבליני טעם וריח בעמ,,,"י""ח",1,,false,1,5.90,5.90,false,1,
7290015324113,false,בהרט 80 גרם,תבליני טעם וריח בעמ,,,"י""ח",1,,false,1,5.90,5.90,false,1,
7290015324120,false,אבקת שום 80 גרם,תבליני טעם וריח בעמ,,,"י""ח",1,,false,1,5.90,5.90,false,1,
7290015324281,false,שבבי בצל מטוגן 200 גרם,תבליני טעם וריח בעמ,,,"י""ח",1,,false,1,12.90,12.90,false,1,
7290015324519,false,פיצה שקית  80 גרם,תבליני טעם וריח בעמ,,,"י""ח",80,ל  גרם,false,1,5.90,7.38,false,1,
7290015324533,false,רוזמרין 55ג מיכל גדול,תבליני טעם וריח בעמ,,,"י""ח",55,ל  גרם,false,1,9.90,18,true,1,
7290015324540,false,טימין 30ג מיכל גדול,תבליני טעם וריח בעמ,,,"י""ח",30,ל  גרם,false,1,9.90,33,true,1,
7290015324557,false,בהרט לבישול 80ג  מיכל גדול,תבליני טעם וריח בעמ,,,"י""ח",80,ל  גרם,false,1,9.90,12.38,true,1,
7290015324564,false,כוסברה טחונה 70ג   מיכל גדול,תבליני טעם וריח בעמ,,,"י""ח",70,ל  גרם,false,1,9.90,14.14,true,1,
7290015324571,false,פפריקה מתוקה בשמן בסגנון מרוקאי 400גרם.,תבליני טעם וריח בעמ,,,"י""ח",400,ל  גרם,false,1,19.90,4.98,false,1,
7290015324588,false,פלפל לבן 100ג (במיכל),תבליני טעם וריח בעמ,,,"י""ח",100,ל  גרם,false,1,14.90,14.90,true,1,
7290015324670,false,מטחנת פלפל שחור שלם 50גר,תבליני טעם וריח בעמ,,,"י""ח",30,ל  גרם,false,1,14.90,49.67,true,1,
7290015347273,false,נטיפי שוקולד 250ג מיה,מיה תעשיות מזון מ.ת.מ בעמ,,,"י""ח",250,ל  גרם,false,1,10.90,4.36,false,1,
7290015347464,false,קינואה מעורבת  500 גרם,מיה תעשיות מזון מ.ת.מ בעמ,,,"י""ח",500,ל  גרם,false,1,14.90,2.98,true,1,
7290015347525,false,ציפס  בטטה עם שום ורוזמרין  80ג,מיה תעשיות מזון מ.ת.מ בעמ,,,"י""ח",80,ל  גרם,false,1,7.90,9.88,false,1,
7290015347532,false,ציפס  בטטה עם שמן זית ועשבי טיבול 80ג,מיה תעשיות מזון מ.ת.מ בעמ,,,"י""ח",80,ל  גרם,false,1,9.90,12.38,false,1,
7290015348423,false,תירוש משפחה  1ליטר,טמפו משקאות בעמ,,,"י""ח",7.50,"י""ח",false,1,15.90,2.08,false,1,
7290015350150,false,"יין סגל אדום חצי יבש 750מ""ל",טמפו משקאות בעמ,,,"י""ח",750,"ל  מ""ל",false,1,22.90,3.01,true,1,
7290015366663,false,אקווה פרש מנטה משחה 100,גורי ע.ע.ע. בעמ,,,"י""ח",100,ל  גרם,false,1,8.90,8.90,true,1,
7290015366670,false,אקווה פרש משחת שיניים 100,גורי ע.ע.ע. בעמ,,,"י""ח",100,ל  גרם,false,1,8.90,8.90,true,1,
7290015596398,false,"אלכוגל 100מ""ל קיווי לימון",פישר תעשיות פרמבצטיות בעמ,,,"י""ח",1,,false,1,10,10,true,1,
7290015597326,false,מאגדת אסקימו קלי קלות,גלידות שטראוס בעמ,,,"י""ח",1,,false,1,26.90,26.90,false,1,
7290015603188,false,אטריות ביצים 454ג,מזרח ומערב יבוא ושיווק,,,"י""ח",0.4540,"ק""ג",false,1,10.90,24.01,true,1,
7290015603195,false,אטריות תרד 454 גרם,מזרח ומערב יבוא ושיווק,,,"י""ח",454,ל  גרם,false,1,10.90,2.40,true,1,
7290015603201,false,אטריות מחיטה מלאה 454גר,מזרח ומערב יבוא ושיווק,,,"י""ח",454,ל  גרם,false,1,10.90,2.40,true,1,
7290015603218,false,אטריות עם עגבניות 454ג,מזרח ומערב יבוא ושיווק,,,"י""ח",454,ל  גרם,false,1,10.90,2.40,true,1,
7290015603225,false,אטריות עם גזר  454ג,מזרח ומערב יבוא ושיווק,,,"י""ח",454,ל  גרם,false,1,10.90,2.40,true,1,
7290015603232,false,אטריות עם דלעת  454ג,מזרח ומערב יבוא ושיווק,,,"י""ח",454,ל  גרם,false,1,10.90,2.40,true,1,
7290015603546,false,"שימורי קרם קוקוס 19% 400מ""ל כשל""פ",מזרח ומערב יבוא ושיווק,,,"י""ח",400,ל  גרם,false,1,10.90,2.73,false,1,
7290015603560,false,"שימורי קרם קוקוס 20-22% 400מ""ל",מזרח ומערב יבוא ושיווק,,,"י""ח",400,"ל  מ""ל",false,1,10.90,2.73,false,1,
7290015603638,false,"אורז קלרוז 1ק""ג",מזרח ומערב יבוא ושיווק,,,"י""ח",1,"ק""ג",false,1,11.90,11.90,false,1,
7290015644297,false,לחמניות פשוט מלא 1/6,שלמה א.אנג ל בעמ,,,"י""ח",6,"י""ח",false,1,11.90,1.98,false,1,
7290015644426,false,לחם צרפתי חיטה מלאה ודגנים 600גרם,שלמה א.אנג ל בעמ,,,"י""ח",600,ל  גרם,false,1,16.90,2.82,false,1,
7290015644433,false,לחם צרפתי חיטה שיפון 100% קל 650גרם,שלמה א.אנג ל בעמ,,,"י""ח",650,ל  גרם,false,1,16.90,2.60,false,1,
7290015652070,false,קשיו קלוי 150גר,דין שיווק וקליה 2021 בעמ,,,"י""ח",150,ל  גרם,false,1,13.90,9.27,false,1,
7290015652087,false,תערובת פיצוחים 150גר,דין שיווק וקליה 2021 בעמ,,,"י""ח",150,ל  גרם,false,1,14.90,9.93,false,1,
7290015652124,false,"רוטב סריראצה חריף מאוד""אהרוני ג""450",דין שיווק וקליה 2021 בעמ,,,"י""ח",450,"ל  מ""ל",false,1,16.90,3.76,false,1,
7290015652254,false,גרעיני חמניה קלויים 400גרם ששון הקולה,דין שיווק וקליה 2021 בעמ,,,"י""ח",400,ל  גרם,false,1,9.90,2.48,false,1,
7290015652261,false,בוטנים קלויים 300 גרם,דין שיווק וקליה 2021 בעמ,,,"י""ח",300,ל  גרם,false,1,9.90,3.30,false,1,
7290015652278,false,תערובת פיצוחים 250גר ששון הקולה,דין שיווק וקליה 2021 בעמ,,,"י""ח",250,ל  גרם,false,1,20,8,false,1,
7290015652285,false,אגוזים קלופים 250גר מדבקה,דין שיווק וקליה 2021 בעמ,,,"י""ח",250,ל  גרם,false,1,20,8,false,1,
7290015652292,false,קבוקים עם שומשום 400 גרם,דין שיווק וקליה 2021 בעמ,,,"י""ח",400,ל  גרם,false,1,10,2.50,false,1,
7290015652308,false,מנצ`ס 300גרם,דין שיווק וקליה 2021 בעמ,,,"י""ח",300,ל  גרם,false,1,10,3.33,false,1,
7290015652322,false,בוטנים אמריקאים מצופים 400 גרם,דין שיווק וקליה 2021 בעמ,,,"י""ח",400,ל  גרם,false,1,10,2.50,false,1,
7290015652605,false,מיקס קלוף  150 גרם,דין שיווק וקליה 2021 בעמ,,,"י""ח",150,ל  גרם,false,1,25.90,17.27,false,1,
7290015733465,false,מטרנה קורנפלור 2 ב1 300גר,קבוצת אוסם סחר-שות.מוגבלת,,,"י""ח",300,ל  גרם,false,1,19.90,6.63,false,1,
7290015781008,false,"יין מרלו VISION 750מ""ל",יקבי טפרברג 1870 בעמ,,,"י""ח",750,"ל  מ""ל",false,1,39.90,5.28,true,1,
7290015781046,false,"יין לבן חצי יבש VISION 750מ""ל",יקבי טפרברג 1870 בעמ,,,"י""ח",750,"ל  מ""ל",false,1,39.90,5.28,true,1,
7290015781053,false,"יין לבן יבש VISION 750מ""ל",יקבי טפרברג 1870 בעמ,,,"י""ח",750,"ל  מ""ל",false,1,39.90,5.28,true,1,
7290015781107,false,"יין סנג`ובזה  IMPRESSION  750מ""ל",יקבי טפרברג 1870 בעמ,,,"י""ח",750,"ל  מ""ל",false,1,49.90,6.61,true,1,
7290015781114,false,"יין מרלו IMPRESSION  750מ""ל",יקבי טפרברג 1870 בעמ,,,"י""ח",750,"ל  מ""ל",false,1,49.90,6.61,true,1,
7290015781121,false,"יין קברנה סוביניון IMPRESSION  750מ""ל",יקבי טפרברג 1870 בעמ,,,"י""ח",750,"ל  מ""ל",false,1,49.90,6.61,true,1,
7290015781169,false,"יין אדום חצי יבש  IMPRESSION  750מ""ל",יקבי טפרברג 1870 בעמ,,,"י""ח",750,"ל  מ""ל",false,1,49.90,6.61,true,1,
7290015781268,false,"יין אדום מוסקטו  750מ""ל",יקבי טפרברג 1870 בעמ,,,"י""ח",750,"ל  מ""ל",false,1,39.90,5.28,true,1,
7290015781282,false,"יין גוורצטרמינר  IMPRESSION  750מ""ל",יקבי טפרברג 1870 בעמ,,,"י""ח",750,"ל  מ""ל",false,1,49.90,6.61,true,1,
7290015858106,false,פסטו ביתי  על הלחם 180גר*,"שטראוס גרופ ***בע""מ",,,"י""ח",180,ל  גרם,false,1,16.90,9.39,false,1,
7290015858113,false,ממרח עגבניות מיובשות 180גר,"שטראוס גרופ ***בע""מ",,,"י""ח",180,ל  גרם,false,1,16.90,9.39,false,1,
7290015858144,false,ממרח ארטישוק  180גר,"שטראוס גרופ ***בע""מ",,,"י""ח",180,ל  גרם,false,1,16.90,9.39,false,1,
7290015858243,false,צימיצורי 180גר,"שטראוס גרופ ***בע""מ",,,"י""ח",180,ל  גרם,false,1,16.90,9.39,false,1,
7290015858328,false,איולי פסטו עללחם 295גר*,"שטראוס גרופ ***בע""מ",,,"י""ח",295,ל  גרם,false,1,14.90,5.05,false,1,
7290015872553,false,חומוס של שמיר  מסעדה 700ג,סלטי שמיר2006בעמ,,,"י""ח",0.70,"ק""ג",false,1,13.90,19.86,true,1,
7290015951227,false,גמלא השמורה,היכל היין שקד גולן בעמ,,,"י""ח",750,"ל  מ""ל",false,1,63.90,8.48,true,1,
7290015951869,false,"יין הר חרמון רוזה 750 מ""ל",היכל היין שקד גולן בעמ,,,"י""ח",750,"ל  מ""ל",false,1,36.90,4.88,true,1,
7290015968041,false,בקבוק ציבעוני מעוצב שישייה טוליפס,אינטרסן (1996) בעמ,,,"י""ח",1,,false,1,25.90,25.90,false,1,
7290015968102,false,קיסמי שיניים רפואיים עם חוט דנטאלי 100,אינטרסן (1996) בעמ,,,"י""ח",200,"י""ח",false,1,15.90,0.08,true,1,
7290015968393,false,נשכן בננה מברשת שיניים,אינטרסן (1996) בעמ,,,"י""ח",1,,false,1,33.90,33.90,false,1,
7290016006025,false,שוופס לסודה 0.5ל,יפאורה שותפות מוגבלת לשיווק,,,"י""ח",500,"ל  מ""ל",false,1,2.60,0.46,false,1,
7290016006148,false,שוופס ענבים 0.5ל,יפאורה שותפות מוגבלת לשיווק,,,"י""ח",500,"ל  מ""ל",false,1,6.50,1.24,true,1,
7290016006346,false,סודה שוופס 0.5ל שישייה,יפאורה שותפות מוגבלת לשיווק,,,"י""ח",300,"ל  מ""ל",false,1,14.90,4.37,true,1,
7290016006377,false,"שוופס מוגז תות ליים 330מ""ל",יפאורה שותפות מוגבלת לשיווק,,,"י""ח",330,"ל  מ""ל",false,1,5.90,1.70,true,1,
7290016014624,false,תרד,ביכורי השדה צפון 1994 ג.ד. בעמ,,,"י""ח",1,,false,1,11.90,11.90,false,1,
7290016076035,false,פרנה  מאמא אובלי מארז 4יח,גיא מאפים שיווק טוב בעמ,,,"י""ח",1,,false,1,14.90,14.90,false,1,
7290016077759,false,רוטב ברביקיו קלאסי 480גר,דיפלומט מפיצים (1968) בעמ**,,,"י""ח",480,ל  גרם,false,1,16.90,3.52,false,1,
7290016087499,false,עגבניות חתוכות דק 400ג שלישיה,ח.כהן סוכנות מזון ומשקאות בע,,,"י""ח",400,ל  גרם,false,1,13.90,3.48,false,1,
7290016094695,false,"אלכוג`ל פישר על היגיינת הידיים 500מ""",פישר תעשיות פרמבצטיות בעמ,,,"י""ח",500,"ל  מ""ל",false,1,24.90,4.98,true,1,
7290016096491,false,טונה  בשמן צמחי 80גרם*מארז שלישיה,תעשיות פילטונה בעמ,,,"י""ח",240,ל  גרם,false,1,11.90,4.96,true,1,
7290016096705,false,מארז טונה בשמן צמחי רביעייה  110 גרם,תעשיות פילטונה בעמ,,,"י""ח",440,ל  גרם,false,1,19.90,4.52,false,1,
7290016096934,false,זוגות סלט טונה 160גר פילטונה,תעשיות פילטונה בעמ,,,"י""ח",320,ל  גרם,false,1,11.90,3.72,true,1,
7290016114300,false,לילי גליל כפול 16 גלילים,קימברלי קלארק ישראל שיווק בעמ,,,"י""ח",1953,ל  גרם,false,1,41.90,2.15,true,1,
7290016136746,false,אטריות מקלונים   ללא גלוטן 340ג,גורי מוצרי צריכה בעמ,,,"י""ח",340,ל  גרם,false,1,14.90,4.38,false,1,
7290016144000,false,"קמח חיטה  מלא נפלאות   80% 1ק""ג",תה ויסוצקי (ישראל)בעמ,,,"י""ח",1,"ק""ג",false,1,9.90,9.90,false,1,
7290016144017,false,"קמח מלא נפלאות 100% 1ק""ג",תה ויסוצקי (ישראל)בעמ,,,"י""ח",1,"ק""ג",false,1,10.90,10.90,false,1,
7290016144031,false,"קמח לבן מנופה  1ק""ג נפלאות",תה ויסוצקי (ישראל)בעמ,,,"י""ח",1,"ק""ג",false,1,7.90,7.90,false,1,
7290016144055,false,"קמח כוסמין 80%   1ק""ג",תה ויסוצקי (ישראל)בעמ,,,"י""ח",1,"ק""ג",false,1,16.90,16.90,false,1,
7290016144062,false,"קמח שיפון מלא   1ק""ג",תה ויסוצקי (ישראל)בעמ,,,"י""ח",1,"ק""ג",false,1,11.90,11.90,false,1,
7290016144079,false,"קמח חיטה כפרי   1ק""ג",תה ויסוצקי (ישראל)בעמ,,,"י""ח",1,"ק""ג",false,1,11.90,11.90,false,1,
7290016144093,false,"קמח לחם 1ק""ג",תה ויסוצקי (ישראל)בעמ,,,"י""ח",1,"ק""ג",false,1,9.90,9.90,false,1,
7290016144109,false,"קמח פיצה 1ק""ג",תה ויסוצקי (ישראל)בעמ,,,"י""ח",1,"ק""ג",false,1,17.90,17.90,false,1,
7290016144116,false,"קמח תופח   1ק""ג",תה ויסוצקי (ישראל)בעמ,,,"י""ח",1,"ק""ג",false,1,11.90,11.90,false,1,
7290016150117,false,סלק בואקום לירון 500גר,ביכורי השדה צפון 1994 ג.ד. בעמ,,,"י""ח",500,ל  גרם,false,1,8.90,1.78,true,1,
7290016150865,false,"מיזלי 1 ק""ג בננה ותמר",מ.סידס ובנו בעמ,,,"י""ח",1,"ק""ג",false,1,27.90,27.90,false,1,
7290016162264,false,עוגת גבינה אפויה  רנסנס 450גר,קפולסקי אדל בעמ,,,"י""ח",450,ל  גרם,false,1,44.90,9.98,false,1,
7290016197488,false,מטלית קסם לשיש שלשות.,קימברלי קלארק ישראל שיווק בעמ,,,"י""ח",3,"י""ח",false,1,16.90,5.63,false,1,
7290016197495,false,מטלית קסם לרצפה זוג ניקול.,קימברלי קלארק ישראל שיווק בעמ,,,"י""ח",2,"י""ח",false,1,21.90,10.95,false,1,
7290016197600,false,דיפנד  תחבושות נורמל,קימברלי קלארק ישראל שיווק בעמ,,,"י""ח",1,,false,1,19.90,19.90,true,1,
7290016197617,false,דיפנד תחבושות אקסטרה,קימברלי קלארק ישראל שיווק בעמ,,,"י""ח",1,,false,1,19.90,19.90,true,1,
7290016217742,false,חיצל בטחינה  200ג,סלטי שמיר2006בעמ,,,"י""ח",200,ל  גרם,false,1,11.90,5.95,true,1,
7290016217759,false,חיצל מרוקאי  200ג,סלטי שמיר2006בעמ,,,"י""ח",200,ל  גרם,false,1,12.90,6.45,true,1,
7290016270709,false,עגבניות שרי קלמרים.,ביכורי השדה צפון 1994 ג.ד. בעמ,,,"י""ח",1,,false,1,11.90,11.90,true,1,
7290016273090,false,סוכריה על מקל 31ג,גורי ע.ע.ע. בעמ,,,"י""ח",31,ל  גרם,false,1,4.90,15.81,false,1,
7290016276534,false,"שמן קוקוס לא מזוכך 500מ""ל",דין שיווק וקליה 2021 בעמ,,,"י""ח",500,"ל  מ""ל",false,1,33.90,6.78,false,1,
7290016276831,false,תבשיל איטריות בטעם בקר 70גר.,דין שיווק וקליה 2021 בעמ,,,"י""ח",70,ל  גרם,false,1,4.90,7,false,1,
7290016276855,false,תבשיל איטריות בטעם ירקות 70גר.,דין שיווק וקליה 2021 בעמ,,,"י""ח",70,ל  גרם,false,1,4.90,7,false,1,
7290016277470,false,שיבולת שועל דקה 350ג,דין שיווק וקליה 2021 בעמ,,,"י""ח",350,ל  גרם,false,1,3.90,1.11,true,1,
7290016277487,false,שיבולת שועל עבה 350ג,דין שיווק וקליה 2021 בעמ,,,"י""ח",350,ל  גרם,false,1,3.90,1.11,true,1,
7290016321661,false,פרש ואנס רביעייה SENSITIVA CARE,דנשר (1963) בעמ,,,"י""ח",4,"י""ח",false,1,19.90,4.98,true,1,
7290016321678,false,פרש ואנס רביעייה NATURAL CARE,דנשר (1963) בעמ,,,"י""ח",4,"י""ח",false,1,19.90,4.98,true,1,
7290016334036,false,עירית,ביכורי השדה צפון 1994 ג.ד. בעמ,,,"י""ח",1,,false,1,6.90,6.90,true,1,
7290016334050,false,סלרי חתוך.,ביכורי השדה צפון 1994 ג.ד. בעמ,,,"י""ח",1,,false,1,6.90,6.90,true,1,
7290016334166,false,לוף,ביכורי השדה צפון 1994 ג.ד. בעמ,,,"י""ח",1,,false,1,9.90,9.90,false,1,
7290016334173,false,פלפל טינקרבל שמיטה,ביכורי השדה צפון 1994 ג.ד. בעמ,,,"י""ח",1,,false,1,8.90,8.90,true,1,
7290016334180,false,מלפפון בייבי שמיטה,ביכורי השדה צפון 1994 ג.ד. בעמ,,,"י""ח",1,,false,1,8.90,8.90,true,1,
7290016334296,false,ברוקולי ארוז יחידה שמיטה,ביכורי השדה צפון 1994 ג.ד. בעמ,,,"י""ח",1,,false,1,11.90,11.90,false,1,
7290016334432,false,שורש פטרוזילה,ביכורי השדה צפון 1994 ג.ד. בעמ,,,"י""ח",1,,false,1,6.90,6.90,false,1,
7290016334456,false,בזיליקום,ביכורי השדה צפון 1994 ג.ד. בעמ,,,"י""ח",1,,false,1,5.90,5.90,true,1,
7290016334463,false,סלרי ראש,ביכורי השדה צפון 1994 ג.ד. בעמ,,,"י""ח",1,,false,1,6.90,6.90,false,1,
7290016334494,false,חסה ערבית,ביכורי השדה צפון 1994 ג.ד. בעמ,,,"י""ח",1,,false,1,4.90,4.90,true,1,
7290016334500,false,חסה לבבות מארז זוג,ביכורי השדה צפון 1994 ג.ד. בעמ,,,"י""ח",300,ל  גרם,false,1,8.90,2.97,true,1,
7290016334579,false,פטרוזיליה ארוז,ביכורי השדה צפון 1994 ג.ד. בעמ,,,"י""ח",1,,false,1,3.90,3.90,true,1,
7290016334586,false,כוסברה ארוז,ביכורי השדה צפון 1994 ג.ד. בעמ,,,"י""ח",1,,false,1,4.90,4.90,true,1,
7290016334593,false,שמיר ארוז,ביכורי השדה צפון 1994 ג.ד. בעמ,,,"י""ח",1,,false,1,4.90,4.90,true,1,
7290016334609,false,נענע,ביכורי השדה צפון 1994 ג.ד. בעמ,,,"י""ח",1,,false,1,4.90,4.90,true,1,
7290016334616,false,בצל ירוק,ביכורי השדה צפון 1994 ג.ד. בעמ,,,"י""ח",1,,false,1,5.90,5.90,true,1,
7290016334623,false,סלרי עלים,ביכורי השדה צפון 1994 ג.ד. בעמ,,,"י""ח",1,"י""ח",false,1,5.90,5.90,false,1,
7290016334647,false,סלק עלים,ביכורי השדה צפון 1994 ג.ד. בעמ,,,"י""ח",1,,false,1,6.90,6.90,false,1,
7290016334654,false,תרד ניוזילנדי 200גר.,ביכורי השדה צפון 1994 ג.ד. בעמ,,,"י""ח",200,ל  גרם,false,1,14.90,7.45,false,1,
7290016334784,false,גינגר ארוז 200ג שמיטה,ביכורי השדה צפון 1994 ג.ד. בעמ,,,"י""ח",1,,false,1,11.90,11.90,false,1,
7290016334814,false,חסה סלנובה,ביכורי השדה צפון 1994 ג.ד. בעמ,,,"י""ח",1,,false,1,11.90,11.90,true,1,
7290016334883,false,שרי תמר בוסתן שמיטה,ביכורי השדה צפון 1994 ג.ד. בעמ,,,"י""ח",1,,false,1,11.90,11.90,false,1,
7290016334890,false,שרי ליקופן שמיטה,ביכורי השדה צפון 1994 ג.ד. בעמ,,,"י""ח",1,,false,1,11.90,11.90,false,1,
7290016334906,false,מיקס עגבניות שרי.,ביכורי השדה צפון 1994 ג.ד. בעמ,,,"י""ח",1,,false,1,12.90,12.90,false,1,
7290016334975,false,אספרגוס.,ביכורי השדה צפון 1994 ג.ד. בעמ,,,"י""ח",1,,false,1,29.90,29.90,false,1,
7290016370096,false,זית מרוקאי יבש  A2 יבנה.,קבוצת יבנה מוצרי מזון בעמ,,,"י""ח",1,,false,1,12.90,12.90,false,1,
7290016370225,false,תחתיות ארטישוק 220ג,קבוצת יבנה מוצרי מזון בעמ,,,"י""ח",220,ל  גרם,false,1,7.90,3.59,false,1,
7290016370270,false,זית קלמטה ללא גלעין A2,קבוצת יבנה מוצרי מזון בעמ,,,"י""ח",560,ל  גרם,false,1,11.90,2.13,false,1,
7290016370973,false,פלפל קלויה גמביה בצנצנת 580 גרם,קבוצת יבנה מוצרי מזון בעמ,,,"י""ח",58,ל  גרם,false,1,9.90,17.07,false,1,
7290016372342,false,עגבניות תחוכות לקוביות 400גר*3יח,תה ויסוצקי (ישראל)בעמ,,,"י""ח",400,ל  גרם,false,1,17.90,4.48,false,1,
7290016372373,false,רוטב עגבניות 140גר*2יח,תה ויסוצקי (ישראל)בעמ,,,"י""ח",280,ל  גרם,false,1,7.90,2.82,false,1,
7290016372458,false,תה לימונית ולואיזה 50 הגן הקסום,תה ויסוצקי (ישראל)בעמ,,,"י""ח",75,ל  גרם,false,1,33.70,44.93,false,1,
7290016372489,false,חליטת ג`ינג`ר ולימון סודות הצמחים,תה ויסוצקי (ישראל)בעמ,,,"י""ח",20,"י""ח",false,1,17.90,0.90,false,1,
7290016372496,false,חליטת ג`ינג`ר ודבש סודות הצמחים,תה ויסוצקי (ישראל)בעמ,,,"י""ח",20,"י""ח",false,1,17.90,0.90,false,1,
7290016373035,false,ליצ`י שלם מקולף 567 גרם בסירופ,טעמן שווק מזון בעמ,,,"י""ח",900,ל  גרם,false,1,10.90,1.21,false,1,
7290016373707,false,מקלות חמוצים 20ג אפרסק,טעמן שווק מזון בעמ,,,"י""ח",20,ל  גרם,false,1,1.90,9.50,false,1,
7290016373738,false,מקלות חמוצים 275ג תותי פרוטי,טעמן שווק מזון בעמ,,,"י""ח",275,ל  גרם,false,1,9.90,3.60,false,1,
7290016400243,false,מפיות נייר תלת שכבתי מעוטרות 20יח שווה,ח.כהן סוכנות מזון ומשקאות בע,,,"י""ח",10,"י""ח",false,1,6.90,0.69,true,1,
7290016400281,false,שיפודים 70יח שווה,ח.כהן סוכנות מזון ומשקאות בע,,,"י""ח",70,"י""ח",false,1,3.90,0.06,false,1,
7290016400298,false,שיפודים עבים 50יח שווה,ח.כהן סוכנות מזון ומשקאות בע,,,"י""ח",70,"י""ח",false,1,3.90,0.06,false,1,
7290016400328,false,קיסמי שיניים חבת 500יח שווה,ח.כהן סוכנות מזון ומשקאות בע,,,"י""ח",1,,false,1,3.90,3.90,false,1,
7290016400380,false,גפרורים ארוך שווה,ח.כהן סוכנות מזון ומשקאות בע,,,"י""ח",10,"י""ח",false,1,6.90,0.69,true,1,
7290016400403,false,שקיות שחור 75/90 גליל 50יח  שווה,ח.כהן סוכנות מזון ומשקאות בע,,,"י""ח",50,"י""ח",false,1,14.90,0.30,false,1,
7290016400434,false,אשפתון גופיה 75/90 חזק אפור 25יח שווה,ח.כהן סוכנות מזון ומשקאות בע,,,"י""ח",25,"י""ח",false,1,17.90,0.72,true,1,
7290016400441,false,אשפתון גופיה 75/90 קרם 40יח שווה,ח.כהן סוכנות מזון ומשקאות בע,,,"י""ח",40,"י""ח",false,1,20.90,0.52,false,1,
7290016400502,false,גפרורים 10 חדש שווה,ח.כהן סוכנות מזון ומשקאות בע,,,"י""ח",10,"י""ח",false,1,4,0.40,false,1,
7290016400540,false,"קינוחיות עגול קטן+מכסה 12יח  ""שווה""",ח.כהן סוכנות מזון ומשקאות בע,,,"י""ח",12,"י""ח",false,1,9.90,0.83,false,1,
7290016400793,false,מפיות נייר 100יח שווה,ח.כהן סוכנות מזון ומשקאות בע,,,"י""ח",100,"י""ח",false,1,5.90,0.06,true,1,
7290016400960,false,"מפת פלאנל ח""פ אטומה לנוזלים שווה",ח.כהן סוכנות מזון ומשקאות בע,,,"י""ח",1,,false,1,7.90,7.90,false,1,
7290016400977,false,מפת פלאנל עם ראנר אטומה לנוזלים שווה,ח.כהן סוכנות מזון ומשקאות בע,,,"י""ח",1,,false,1,8.90,8.90,false,1,
7290016401141,false,טורטיה תירס 1/8 320ג שווה,ח.כהן סוכנות מזון ומשקאות בע,,,"י""ח",320,ל  גרם,false,1,10.90,3.41,true,1,
7290016401158,false,נודלס דקות 200ג שווה,ח.כהן סוכנות מזון ומשקאות בע,,,"י""ח",200,ל  גרם,false,1,5.90,2.95,false,1,
7290016401165,false,נודלס רחבות 200ג שווה,ח.כהן סוכנות מזון ומשקאות בע,,,"י""ח",200,ל  גרם,false,1,5.90,2.95,false,1,
7290016401240,false,"נוזל קוקוס 400מ""ל 5-7% שווה",ח.כהן סוכנות מזון ומשקאות בע,,,"י""ח",400,"ל  מ""ל",false,1,7.90,1.98,false,1,
7290016401257,false,"קרם קוקוס 400מ""ל 21-22% שווה",ח.כהן סוכנות מזון ומשקאות בע,,,"י""ח",400,"ל  מ""ל",false,1,9.90,2.48,false,1,
7290016401264,false,עלי גפן ממולא 400גר  שווה,ח.כהן סוכנות מזון ומשקאות בע,,,"י""ח",400,ל  גרם,false,1,8.90,2.23,false,1,
7290016401295,false,"רוטב צילי מתוק 700מ""ל שווה",ח.כהן סוכנות מזון ומשקאות בע,,,"י""ח",700,"ל  מ""ל",false,1,11.90,1.70,false,1,
7290016401394,false,פטריות  חתוך  400ג  שווה,ח.כהן סוכנות מזון ומשקאות בע,,,"י""ח",400,ל  גרם,false,1,5.90,1.48,false,1,
7290016401400,false,פטריות  שלמות  400ג  שווה,ח.כהן סוכנות מזון ומשקאות בע,,,"י""ח",400,ל  גרם,false,1,8.90,2.23,false,1,
7290016401493,false,רוטב לימון משומר 1ליטר שווה,ח.כהן סוכנות מזון ומשקאות בע,,,"י""ח",1,ליטר,false,1,6.90,6.90,false,1,
7290016401509,false,חומץ 1ליטר 5% שווה,ח.כהן סוכנות מזון ומשקאות בע,,,"י""ח",1,ליטר,false,1,5.90,5.90,false,1,
7290016401578,false,זוג רדיד אלומיניום ארוך  שווה,ח.כהן סוכנות מזון ומשקאות בע,,,"י""ח",1,"י""ח",false,1,14.90,14.90,false,1,
7290016401585,false,זוג רדיד אלומיניות קצר   שווה,ח.כהן סוכנות מזון ומשקאות בע,,,"י""ח",1,"י""ח",false,1,10.90,10.90,false,1,
7290016401677,false,נרונים 6שעות 72יח,ח.כהן סוכנות מזון ומשקאות בע,,,"י""ח",72,"י""ח",false,1,27.90,0.39,false,1,
7290016401684,false,נרונים 6שעות 24יח,ח.כהן סוכנות מזון ומשקאות בע,,,"י""ח",24,"י""ח",false,1,9.90,0.41,false,1,
7290016401721,false,קשיות מתקפלות 200יח שווה,ח.כהן סוכנות מזון ומשקאות בע,,,"י""ח",200,"י""ח",false,1,9.90,0.05,false,1,
7290016401745,false,קיסמי שיניים דנטליים עם חוט 50יח שווה,ח.כהן סוכנות מזון ומשקאות בע,,,"י""ח",50,"י""ח",false,1,6.90,0.14,false,1,
7290016401752,false,קיסמי שיניים דנטליים עם מברשת 200יח שו,ח.כהן סוכנות מזון ומשקאות בע,,,"י""ח",200,"י""ח",false,1,9.90,0.05,false,1,
7290016401783,false,שקיות לקוביות קרח 12יח שווה,ח.כהן סוכנות מזון ומשקאות בע,,,"י""ח",1,"י""ח",false,1,3.90,3.90,false,1,
7290016401806,false,תבניות לחלה עבות במיוחד 4* שווה,ח.כהן סוכנות מזון ומשקאות בע,,,"י""ח",4,"י""ח",false,1,9.90,2.48,true,1,
7290016401820,false,תבניות רוסטר עבות במיוחד 4* שווה,ח.כהן סוכנות מזון ומשקאות בע,,,"י""ח",4,"י""ח",false,1,9.90,2.48,true,1,
7290016401844,false,תבניות רוסטר גדול עבות במיוחד 2* שוו,ח.כהן סוכנות מזון ומשקאות בע,,,"י""ח",2,"י""ח",false,1,9.90,4.95,true,1,
7290016401899,false,מטליות מיקרופייבר 1/10 ניקוי כללי,ח.כהן סוכנות מזון ומשקאות בע,,,"י""ח",10,"י""ח",false,1,18.90,1.89,false,1,
7290016401905,false,שקיות לפח קטן 40/45 שווה,ח.כהן סוכנות מזון ומשקאות בע,,,"י""ח",10,"י""ח",false,1,9.90,0.99,false,1,
7290016401929,false,שקיות אוכל עם ידיות 200יח שווה,ח.כהן סוכנות מזון ומשקאות בע,,,"י""ח",200,"י""ח",false,1,7.90,0.04,false,1,
7290016401998,false,"נר נשמה 26 שעות  זכוכית""שווה""",ח.כהן סוכנות מזון ומשקאות בע,,,"י""ח",1,,false,1,2.90,2.90,false,1,
7290016408119,false,טרליני כעכים בטעם קלאסי 225ג,כרמית תעשיות ממתקים בעמ,,,"י""ח",225,ל  גרם,false,1,6.90,3.07,false,1,
7290016408133,false,טרליני כעכים בטעם בצל וזיתים 225ג,כרמית תעשיות ממתקים בעמ,,,"י""ח",225,ל  גרם,false,1,6.90,3.07,false,1,
7290016408294,false,"מרשמלו  כרמית  150גר בד""ץ",כרמית תעשיות ממתקים בעמ,,,"י""ח",1,,false,1,5.90,5.90,true,1,
7290016408416,false,חטיף קרקר עם צ`ילי פיקנטי 130גר,כרמית תעשיות ממתקים בעמ,,,"י""ח",130,ל  גרם,false,1,6.90,5.31,false,1,
7290016408430,false,חטיף קרקר עם תערובת תבלינים 130גר,כרמית תעשיות ממתקים בעמ,,,"י""ח",130,ל  גרם,false,1,6.90,5.31,false,1,
7290016408447,false,חטיף קרקר עם עגבניות ובזיליקום 130גר,כרמית תעשיות ממתקים בעמ,,,"י""ח",130,ל  גרם,false,1,6.90,5.31,false,1,
7290016408720,false,מיקסים בייגלה מצופה שוקולד לבן 55ג,כרמית תעשיות ממתקים בעמ,,,"י""ח",55,ל  גרם,false,1,3.90,7.09,true,1,
7290016509809,false,פרסיל ג ל קולור 2.5ליטר,גורי שיווק בעמ,,,"י""ח",2.50,ליטר,false,1,34.90,13.96,false,1,
7290016510096,false,שמפו הוואי מי קוקוס 700,הנקל סוד בעמ,,,"י""ח",700,"ל  מ""ל",false,1,10.90,1.56,true,1,
7290016510232,false,"הוואי תחליב רחצה 700 מ""ל יוגורט קוקוס",הנקל סוד בעמ,,,"י""ח",750,"ל  מ""ל",false,1,10.90,1.45,true,1,
7290016510249,false,"הוואי תחליב רחצה 700 מ""ל יוגורט שקדים",הנקל סוד בעמ,,,"י""ח",750,"ל  מ""ל",false,1,10.90,1.45,true,1,
7290016510768,false,"הוואי תחליב רחצה 700 מ""ל יוגורט אוכמניות",הנקל סוד בעמ,,,"י""ח",750,"ל  מ""ל",false,1,10.90,1.45,true,1,
7290016510904,false,מרכך הוואי פריחת הדובדבן 700.,הנקל סוד בעמ,,,"י""ח",700,"ל  מ""ל",false,1,10.90,1.56,true,1,
7290016517088,false,שקדי מרק 400 גרם,אחים אגא (א.מ.) שיווק,,,"י""ח",400,ל  גרם,false,1,8.60,2.15,false,1,
7290016517286,false,ספגטי חיטה מלאה 500ג שדות,אחים אגא (א.מ.) שיווק,,,"י""ח",500,ל  גרם,false,1,4.30,0.86,false,1,
7290016517415,false,"קמח חיטה 100% 1ק""ג",אחים אגא (א.מ.) שיווק,,,"י""ח",1,"ק""ג",false,1,6.90,6.90,false,1,
7290016517422,false,"קמח כוסמין 80% 1ק""ג",אחים אגא (א.מ.) שיווק,,,"י""ח",1,"ק""ג",false,1,12.90,12.90,false,1,
7290016517439,false,"קמח כוסמין 100% 1ק""ג",אחים אגא (א.מ.) שיווק,,,"י""ח",1,"ק""ג",false,1,11.90,11.90,false,1,
7290016517453,false,"קמח לבן מנופה שדות 1ק""ג",אחים אגא (א.מ.) שיווק,,,"י""ח",1,"ק""ג",false,1,7.90,7.90,true,1,
7290016517743,false,עגבניות מרוסקות 400גר *3שדות,אחים אגא (א.מ.) שיווק,,,"י""ח",120,ל  גרם,false,1,12.90,10.75,false,1,
7290016542509,false,"טוסקנה שמפנייה מבעבע יבש 750מ""ל",בני פאוזי שמשום (2009) בעמ,,,"י""ח",750,"ל  מ""ל",false,1,16.20,2.12,false,1,
7290016542516,false,"טוסקנה שמפנייה מבעבע  חצי יבש 750מ""ל",בני פאוזי שמשום (2009) בעמ,,,"י""ח",750,"ל  מ""ל",false,1,16.20,2.12,false,1,
7290016566178,false,"בקבוק שתיה לילדים 550מ""ל",מוסקו בעמ,,,"י""ח",1,,false,1,29.90,29.90,false,1,
7290016621341,false,אל סבון נוזלי לידיים קמיל 1ליטר,פישר תעשיות פרמבצטיות בעמ,,,"י""ח",1,ליטר,false,1,15.90,15.90,true,1,
7290016682083,false,מיץ תות בננה 400 מל פריניב,תנובה בעמ ***,,,"י""ח",1,,false,1,9.20,9.20,true,1,
7290016682328,false,פריניב מיץ תפוזים 2ליטר 100%.,תנובה בעמ ***,,,"י""ח",2,ליטר,false,1,21.90,10.80,false,1,
7290016682342,false,תפוז וולניה סחוט 100% 2ל.,תנובה בעמ ***,,,"י""ח",2,ליטר,false,1,28.60,14.15,true,1,
7290016682359,false,תפוז שמוטי סחוט 100% 2ל.,תנובה בעמ ***,,,"י""ח",2,ליטר,false,1,28.50,14.10,true,1,
7290016682380,false,מיץ לימונדה לואיזה ולימון גראס 2 ליטר.,תנובה בעמ ***,,,"י""ח",2,ליטר,false,1,20.90,10.30,false,1,
7290016682441,false,מיץ תפוזים סחוט עשוי מרכז 1ל,תנובה בעמ ***,,,"י""ח",1,ליטר,false,1,13.90,13.90,false,1,
7290016717631,false,מוסקט  PC,אגודת הכורמים,,,"י""ח",500,"ל  מ""ל",false,1,39.90,7.92,true,1,
7290016717754,false,"יין ישן נושן  750מ""ל",אגודת הכורמים,,,"י""ח",750,"ל  מ""ל",false,1,20.90,2.75,true,1,
7290016717976,false,סלקטד לבן יאנג  BUZZ אפרסק,אגודת הכורמים,,,"י""ח",750,"ל  מ""ל",false,1,27.90,3.68,true,1,
7290016865943,false,אטריות ביצים פטוציני 400ג,גורי מוצרי צריכה בעמ,,,"י""ח",400,ל  גרם,false,1,13.90,3.48,false,1,
7290016866445,false,תערובת קמח תופח 500גר ללא גלוטן,גורי מוצרי צריכה בעמ,,,"י""ח",500,ל  גרם,false,1,16.90,3.38,false,1,
7290016866643,false,"משחת פרודונטקס פרש  75מ""ל",גורי ע.ע.ע. בעמ,,,"י""ח",75,"ל  מ""ל",false,1,30.90,41.20,true,1,
7290016866650,false,"משחת פרודונטקס אוריגינל 75מ""ל",גורי ע.ע.ע. בעמ,,,"י""ח",75,"ל  מ""ל",false,1,30.90,41.20,true,1,
7290016866674,false,"משחת פרודונטקס מלבינה 75מ""ל",גורי ע.ע.ע. בעמ,,,"י""ח",75,"ל  מ""ל",false,1,30.90,41.20,true,1,
7290016867008,false,לחם כוסמין מחמצת 700גר,המאפה של דר מרק בריאו בעמ,,,"י""ח",700,ל  גרם,false,1,16.90,2.41,false,1,
7290016867114,false,לחם קל כוסמין  500גר,המאפה של דר מרק בריאו בעמ,,,"י""ח",500,ל  גרם,false,1,17.90,3.58,false,1,
7290016867152,false,פיתות קלות כוסמין 330גר,המאפה של דר מרק בריאו בעמ,,,"י""ח",330,ל  גרם,false,1,13.90,4.21,false,1,
7290016867176,false,לחמניות ק.כוסמין שומשום 351גר,המאפה של דר מרק בריאו בעמ,,,"י""ח",351,ל  גרם,false,1,13.90,3.96,false,1,
7290016867251,false,לחם קל שיפון 450גר,המאפה של דר מרק בריאו בעמ,,,"י""ח",450,ל  גרם,false,1,14.90,3.31,false,1,
7290016912494,false,"אפקטיב קר תרחיץ פנים 180מ""ל",פישר תעשיות פרמבצטיות בעמ,,,"י""ח",180,"ל  מ""ל",false,1,16.90,9.39,false,1,
7290016967074,false,לחם אנגיל חיטה מלאה 750גר,שלמה א.אנג ל בעמ,,,"י""ח",750,ל  גרם,false,1,16.90,2.25,false,1,
7290016967456,false,לחם צרפתי 100% כוסמין 600גר,שלמה א.אנג ל בעמ,,,"י""ח",600,ל  גרם,false,1,16.90,2.82,false,1,
7290016998184,false,עלי חסהערבית שטופים 250גר.,ביכורי השדה צפון 1994 ג.ד. בעמ,,,"י""ח",150,ל  גרם,false,1,9.90,6.60,false,1,
7290016998207,false,לקט קסם השדה  350גר.,ביכורי השדה צפון 1994 ג.ד. בעמ,,,"י""ח",350,ל  גרם,false,1,11.90,3.40,false,1,
7290016998221,false,מיקס צבעי הטבע 350גר.,ביכורי השדה צפון 1994 ג.ד. בעמ,,,"י""ח",350,"ל  מ""ל",false,1,11.90,3.40,false,1,
7290016998238,false,כרוב לבן קצוץ 400גר.,ביכורי השדה צפון 1994 ג.ד. בעמ,,,"י""ח",400,ל  גרם,false,1,9.90,2.48,false,1,
7290016998245,false,מיקס שורשים 400גר.,ביכורי השדה צפון 1994 ג.ד. בעמ,,,"י""ח",400,ל  גרם,false,1,11.90,2.98,false,1,
7290016998269,false,לקט קולסלאו 400גר.,ביכורי השדה צפון 1994 ג.ד. בעמ,,,"י""ח",400,ל  גרם,false,1,9.90,2.48,false,1,
7290016998276,false,גזר חתוך דק 250גר.,ביכורי השדה צפון 1994 ג.ד. בעמ,,,"י""ח",250,ל  גרם,false,1,8.90,3.56,false,1,
7290016998320,false,לבבות קיסר,ביכורי השדה צפון 1994 ג.ד. בעמ,,,"י""ח",300,ל  גרם,false,1,10.90,3.63,true,1,
7290017004280,false,תיק קניות איכותי,שפע טוב סנטר בעמ,,,"י""ח",1,,false,1,4.90,4.90,false,1,
7290017004426,false,לבבות דקל שלם  400ג פנטולה,אפריקנה ספרד בעמ,,,"י""ח",400,ל  גרם,false,1,19.90,4.98,true,1,
7290017004433,false,פתי בר 500גר פינטולה,2121 ייבוא וסחר,,,"י""ח",5,"ק""ג",false,1,8.90,1.78,true,1,
7290017004440,false,מארז זוג לבבות דקל שלם  400ג*2.,אפריקנה ספרד בעמ,,,"י""ח",800,ל  גרם,false,1,19.90,2.49,true,1,
7290017004457,false,תירוש ענבים 100% זהב ליטר,יקבי הכורמים (תשלח) בעמ ~~~,,,"י""ח",1,ליטר,false,1,17.90,17.90,true,1,
7290017004778,false,קורנפלקס 750גר קלאסי פנטולה,מ.ר. ניאוברנד בעמ,,,"י""ח",750,ל  גרם,false,1,12.90,1.72,true,1,
7290017004785,false,פסטה קרניים 500גר פנטולה,מ.ר. ניאוברנד בעמ,,,"י""ח",500,ל  גרם,false,1,4.90,0.98,true,1,
7290017004792,false,פסטה פנה 500גר פנטולה,מ.ר. ניאוברנד בעמ,,,"י""ח",500,ל  גרם,false,1,4.90,0.98,true,1,
7290017004808,false,פסטה פוזילי 500גר פנטולה,מ.ר. ניאוברנד בעמ,,,"י""ח",500,ל  גרם,false,1,4.90,0.98,true,1,
7290017004815,false,ספגטי 500גר פנטולה,מ.ר. ניאוברנד בעמ,,,"י""ח",500,ל  גרם,false,1,4.90,0.98,true,1,
7290017004877,false,טחינה  גולמית 500ג מחנה יהודה,אחדות בעמ,,,"י""ח",500,ל  גרם,false,1,14.90,2.98,true,1,
7290017023212,false,"שוופס מוגז תפוח  330מ""ל 1/4",יפאורה שותפות מוגבלת לשיווק,,,"י""ח",1.32,ליטר,false,1,14.70,10.23,true,1,
7290017023229,false,"שוופס מוגז תות ליים  330מ""ל 1/4",יפאורה שותפות מוגבלת לשיווק,,,"י""ח",1.32,ליטר,false,1,14.70,10.23,true,1,
7290017023854,false,"סודה שוופס 250מ""ל 1/4",יפאורה שותפות מוגבלת לשיווק,,,"י""ח",1,ליטר,false,1,13.10,13.10,true,1,
7290017023861,false,"סודה שוופס למון  250מ""ל 1/4",יפאורה שותפות מוגבלת לשיווק,,,"י""ח",1,ליטר,false,1,13.10,13.10,true,1,
7290017040028,false,מארז טריו דונאטס עם ציפוי,פלקו בעמ,,,"י""ח",100,ל  גרם,false,1,24.90,24.90,false,1,
7290017040035,false,מארז מיני דונאטס עם מילוי,בלדי בעמ,,,"י""ח",100,ל  גרם,false,1,19.90,19.90,false,1,
7290017062679,false,מרכך כביסה מרוכז צהוב 1 ל`טאצ`,סאסאטק אגשח בעמ,,,"י""ח",1,ליטר,false,1,14.90,14.90,true,1,
7290017062723,false,מרכך כביסה מרוכז ירוק 1 ל`טאצ`,סאסאטק אגשח בעמ,,,"י""ח",1,ליטר,false,1,14.90,14.90,true,1,
7290017062747,false,"נוזל כלים תפוח 36% 750מ""ל טאץ",סאסאטק אגשח בעמ,,,"י""ח",750,"ל  מ""ל",false,1,10.90,1.45,true,1,
7290017062952,false,"מבשם כביסה ולבית סגול 500מ""ל פלירוסו",סאסאטק אגשח בעמ,,,"י""ח",500,"ל  מ""ל",false,1,29.90,5.98,false,1,
7290017065007,false,מוצרלה פרוסה 200ג,מחלבות גד,,,"י""ח",200,ל  גרם,false,1,19.60,9.80,false,1,
7290017065137,false,ריקוטה למריחה 5% טבעית,מחלבות גד,,,"י""ח",200,ל  גרם,false,1,10.90,5.45,false,1,
7290017065144,false,ריקוטה למריחה 5% עם בזיליקום,מחלבות גד,,,"י""ח",200,ל  גרם,false,1,10.90,5.45,false,1,
7290017065168,false,גבינה כחולה 100ג גד,מחלבות גד,,,"י""ח",100,ל  גרם,false,1,17.90,17.90,false,1,
7290017065212,false,קרם מסקרפונה 250ג,מחלבות גד,,,"י""ח",250,ל  גרם,false,1,20.90,8.36,false,1,
7290017065236,false,בולגרית מעודנת 24% 250ג,מחלבות גד,,,"י""ח",250,ל  גרם,false,1,21.90,8.76,false,1,
7290017065311,false,פרוסות מוצרלה מעושנת 200ג,מחלבות גד,,,"י""ח",200,ל  גרם,false,1,19.50,9.75,false,1,
7290017065380,false,גרנה פדנו שבבים100ג,מחלבות גד,,,"י""ח",100,ל  גרם,false,1,13.90,13.90,false,1,
7290017065434,false,פרוסות גאודה 200ג,מחלבות גד,,,"י""ח",200,ל  גרם,false,1,19.90,9.95,false,1,
7290017065441,false,פרוסות גאודה עיזים  200ג,מחלבות גד,,,"י""ח",200,ל  גרם,false,1,31.90,15.95,false,1,
7290017065526,false,קוואטרו פורמאג 200ג,מחלבות גד,,,"י""ח",200,ל  גרם,false,1,27.90,13.95,false,1,
7290017065588,false,יוגורט יווני 600 גרם גד.,מחלבות גד,,,"י""ח",600,ל  גרם,false,1,16.90,2.82,false,1,
7290017065663,false,בולגרית מעודנת עיזים 5% 250 ג.,מחלבות גד,,,"י""ח",250,ל  גרם,false,1,29.90,11.96,false,1,
7290017065786,false,גבינה צ`דר 210גר,מחלבות גד,,,"י""ח",210,ל  גרם,false,1,19.90,9.48,false,1,
7290017068350,false,עדשים שחורים בלוגה 500 מיה,מיה תעשיות מזון מ.ת.מ בעמ,,,"י""ח",500,ל  גרם,false,1,8.90,1.78,true,1,
7290017068367,false,שמרים יבשים  125  גרם,מיה תעשיות מזון מ.ת.מ בעמ,,,"י""ח",125,ל  גרם,false,1,3.90,3.12,false,1,
7290017068848,false,סוכריות לקישוט לעוגה 200ג צנצנת,מיה תעשיות מזון מ.ת.מ בעמ,,,"י""ח",200,ל  גרם,false,1,8.90,4.45,false,1,
7290017068855,false,סוכריות לקישוט לעוגה 200ג צנצנת,מיה תעשיות מזון מ.ת.מ בעמ,,,"י""ח",200,ל  גרם,false,1,8.90,4.45,false,1,
7290017068893,false,סוכריות ג`לי דגיגים בציפוי סוכר 350גר,מיה תעשיות מזון מ.ת.מ בעמ,,,"י""ח",350,ל  גרם,false,1,14.90,4.26,false,1,
7290017068923,false,סוכריות ג`לי בינס קרנבל 375גר,מיה תעשיות מזון מ.ת.מ בעמ,,,"י""ח",375,ל  גרם,false,1,14.90,3.97,false,1,
7290017068978,false,שיבולת שועל מלאה להכנה מהירה  500 ג,מיה תעשיות מזון מ.ת.מ בעמ,,,"י""ח",500,ל  גרם,false,1,10,2,true,1,
7290017068985,false,שיבולת שועל מלאה עבה  500 ג,מיה תעשיות מזון מ.ת.מ בעמ,,,"י""ח",500,ל  גרם,false,1,10,2,true,1,
7290017079356,false,קשיות 100 יח  עם אבקה,טעמן שווק מזון בעמ,,,"י""ח",100,"י""ח",false,1,18.90,0.19,false,1,
7290017079677,false,שוקולד חלב 270ג,טעמן שווק מזון בעמ,,,"י""ח",270,ל  גרם,false,1,11.90,4.41,false,1,
7290017079684,false,שוקולד מריר  270ג,טעמן שווק מזון בעמ,,,"י""ח",270,ל  גרם,false,1,11.90,4.41,false,1,
7290017079691,false,שוקולד חלב עם אגוזים  270ג,טעמן שווק מזון בעמ,,,"י""ח",270,ל  גרם,false,1,11.90,4.41,false,1,
7290017079707,false,שוקולד מריר עם אגוזים  270ג,טעמן שווק מזון בעמ,,,"י""ח",270,ל  גרם,false,1,11.90,4.41,false,1,
7290017079714,false,שוקולד חלב עם בוטנים  270ג,טעמן שווק מזון בעמ,,,"י""ח",270,ל  גרם,false,1,11.90,4.41,false,1,
7290017088051,false,חיתולי בייביסיטר  מידה 3 52יח,שקד תבל בעמ,,,"י""ח",1,,false,1,34.90,34.90,true,1,
7290017088068,false,חיתולי בייביסיטר  מידה 4 42יח,שקד תבל בעמ,,,"י""ח",1,,false,1,34.90,34.90,true,1,
7290017088075,false,חיתולי בייביסיטר  מידה 4+ 40יח,שקד תבל בעמ,,,"י""ח",1,,false,1,34.90,34.90,true,1,
7290017088082,false,חיתולי בייביסיטר  מידה 5 36יח,שקד תבל בעמ,,,"י""ח",1,,false,1,34.90,34.90,true,1,
7290017088099,false,חיתולי בייביסיטר  מידה 6 34יח,שקד תבל בעמ,,,"י""ח",1,,false,1,34.90,34.90,true,1,
7290017088464,false,טופ פד סופגנית מקסי לונג 20יח,שקד תבל בעמ,,,"י""ח",20,"י""ח",false,1,19.90,1,true,1,
7290017088631,false,מגבונים  טולי מארז 4 יחידות,שקד תבל בעמ,,,"י""ח",4,"י""ח",false,1,12.90,3.23,true,1,
7290017088693,false,קוויק מטליות  לחות לניקוי וחיטוי רצפות,שקד תבל בעמ,,,"י""ח",10,"י""ח",false,1,11.90,1.19,true,1,
7290017088846,false,תחבושות BREEZE מקסי 8יח,שקד תבל בעמ,,,"י""ח",10,"י""ח",false,1,17.90,1.79,true,1,
7290017088969,false,חיתולי בייביסיטר ניו בורן מידה1,שקד תבל בעמ,,,"י""ח",42,"י""ח",false,1,29.90,0.71,true,1,
7290017088983,false,חיתולי בייביסיטר ניו בורן מידה 2,שקד תבל בעמ,,,"י""ח",38,"י""ח",false,1,29.90,0.79,true,1,
7290017105048,false,זיתים ירוקים טבעות שלשות יכין,זנלכל בעמ,,,"י""ח",200,ל  גרם,false,1,14.90,7.45,false,1,
7290017105079,false,שעועית אפויה 6OZ יכין 200גר,זנלכל בעמ,,,"י""ח",200,ל  גרם,false,1,4.90,2.45,true,1,
7290017105086,false,שעועית צ`ילי 6OZ יכין 200גר,זנלכל בעמ,,,"י""ח",200,ל  גרם,false,1,4.90,2.45,true,1,
7290017105116,false,תורמוס 6OZ יכין 200גר,זנלכל בעמ,,,"י""ח",200,ל  גרם,false,1,4.90,2.45,true,1,
7290017105369,false,סירופ תה אפרסק דיאט 1 ליטר,זנלכל בעמ,,,"י""ח",1,ליטר,false,1,18.90,18.90,false,1,
7290017105468,false,אפונה שלישייה 6OZ יכין,זנלכל בעמ,,,"י""ח",200,ל  גרם,false,1,16.90,8.45,false,1,
7290017105895,false,גרגרי חומוס מסעדות יכין 560גר,זנלכל בעמ,,,"י""ח",560,ל  גרם,false,1,10.90,1.95,true,1,
7290017121048,false,פלפל צ`ומה 250גר*,"שטראוס גרופ ***בע""מ",,,"י""ח",250,ל  גרם,false,1,14.90,5.96,false,1,
7290017121093,false,אריסה חריפה 250גר,"שטראוס גרופ ***בע""מ",,,"י""ח",250,ל  גרם,false,1,14.90,5.96,false,1,
7290017121390,false,לימון בלאדי 250גר,"שטראוס גרופ ***בע""מ",,,"י""ח",250,ל  גרם,false,1,14.90,5.96,false,1,
7290017129327,false,פניני טוסטונים צנימים שומשום 100ג,כרמית תעשיות ממתקים בעמ,,,"י""ח",100,ל  גרם,false,1,6.90,6.90,false,1,
7290017129532,false,כרמית לקקן תות 90ג,כרמית תעשיות ממתקים בעמ,,,"י""ח",90,ל  גרם,false,1,5.90,6.56,true,1,
7290017129549,false,כרמית לקקן גלידה  90ג,כרמית תעשיות ממתקים בעמ,,,"י""ח",90,ל  גרם,false,1,5.90,6.56,true,1,
7290017129754,false,שוקולד אגו פרמיום 100ג 70%,כרמית תעשיות ממתקים בעמ,,,"י""ח",100,ל  גרם,false,1,7.90,7.90,false,1,
7290017129761,false,שוקולד אגו פרמיום תפוז  100ג 70%,כרמית תעשיות ממתקים בעמ,,,"י""ח",100,ל  גרם,false,1,7.90,7.90,false,1,
7290017129778,false,שוקולד אגו פרמיום קפה  100ג 70%,כרמית תעשיות ממתקים בעמ,,,"י""ח",100,ל  גרם,false,1,7.90,7.90,false,1,
7290017129839,false,שוקולד אגו פרמיום פטל  100ג 70%,כרמית תעשיות ממתקים בעמ,,,"י""ח",100,ל  גרם,false,1,7.90,7.90,false,1,
7290017129884,false,שוקולד מריר 60% 85ג חמישייה,כרמית תעשיות ממתקים בעמ,,,"י""ח",85,ל  גרם,false,1,17.90,21.06,true,1,
7290017142111,false,פתיתי טונה  בהירה בשמן זית אריזת טו גו,סוגת תעשיות בעמ,,,"י""ח",100,ל  גרם,false,1,9.90,9.90,false,1,
7290017142128,false,"שמן זית כתית עץ הזית  750 מ""ל",סוגת תעשיות בעמ,,,"י""ח",750,"ל  מ""ל",false,1,31.90,4.25,true,1,
7290017142159,false,נתחי טונה  בהירה בשמן זית 80ג שלישייה,סוגת תעשיות בעמ,,,"י""ח",240,ל  גרם,false,1,19.90,8.29,false,1,
7290017142166,false,פילה טונה פרוס עם בשמן זית 120ג עץ הזי,סוגת תעשיות בעמ,,,"י""ח",120,ל  גרם,false,1,14.90,12.42,false,1,
7290017142180,false,פילה טונה פרוס עם בשמן זית 120ג עץ הזי,סוגת תעשיות בעמ,,,"י""ח",120,ל  גרם,false,1,14.90,12.42,false,1,
7290017142203,false,פילה טונה פרוס עם בשמן זית 120ג עץ הזי,סוגת תעשיות בעמ,,,"י""ח",120,ל  גרם,false,1,14.90,12.42,false,1,
7290017142234,false,פתיתי טונה  בהירה שמן ז. 85ג,סוגת תעשיות בעמ,,,"י""ח",85,ל  גרם,false,1,9.90,11.65,false,1,
7290017142289,false,"תרסיס שמן חמניות 200מ""ל עץ הזית",סוגת תעשיות בעמ,,,"י""ח",200,"ל  מ""ל",false,1,14.90,7.45,false,1,
7290017142340,false,שמן זרעי ענבים מזוכך 1ל עץ הזית,סוגת תעשיות בעמ,,,"י""ח",1,ליטר,false,1,24.90,24.90,false,1,
7290017142395,false,פסטה עם טונה בשמן ז. 160ג,סוגת תעשיות בעמ,,,"י""ח",160,ל  גרם,false,1,13.90,8.69,false,1,
7290017142456,false,נתחי טונה בשמן ז. 160ג*2יח.,סוגת תעשיות בעמ,,,"י""ח",320,ל  גרם,false,1,27.90,8.72,false,1,
7290017142487,false,בורגול עם גרגירי חומוס עם טונה 160ג,סוגת תעשיות בעמ,,,"י""ח",160,ל  גרם,false,1,13.90,8.69,false,1,
7290017142609,false,"תרסיס שמן זית טעם לימון עץ הזית 150מ""ל",סוגת תעשיות בעמ,,,"י""ח",150,"ל  מ""ל",false,1,19.90,13.27,false,1,
7290017217307,false,נרות חימום ריחניים בניחוח ורדים 50יח,אינטרסן (1996) בעמ,,,"י""ח",50,"י""ח",false,1,13.90,0.28,false,1,
7290017217321,false,נרות חימום ריחניים בניחוח לוונדר 50יח,אינטרסן (1996) בעמ,,,"י""ח",50,"י""ח",false,1,13.90,0.28,false,1,
7290017239767,false,מקלות סורימי אורוגנל 35% 250ג קפוא.,פוד קולקשן בעמ,,,"י""ח",250,ל  גרם,false,1,19.90,7.96,false,1,
7290017239774,false,מקלות סורימי רויאל 54% 150ג קפוא.,פוד קולקשן בעמ,,,"י""ח",150,ל  גרם,false,1,16.90,11.27,false,1,
7290017252636,false,"עוגת דבש עוגל""ה 270גר.",בני פאוזי שמשום (2009) בעמ,,,"י""ח",270,ל  גרם,false,1,5.90,2.19,false,1,
7290017266343,false,וופל קראנץ בטעם שוקולד 150 גרם עלמה.,ח.כהן סוכנות מזון ומשקאות בע,,,"י""ח",15,ל  גרם,false,1,3.20,21.33,false,1,
7290017266527,false,וופל קראנץ בטעם אגוז 150 גרם עלמה.,ח.כהן סוכנות מזון ומשקאות בע,,,"י""ח",15,ל  גרם,false,1,3.20,21.33,false,1,
7290017275147,false,עוגת שמרים אישית קינמון 120ג,אחדות בעמ,,,"י""ח",120,ל  גרם,false,1,3.90,3.25,true,1,
7290017275338,false,טחינה  גולמית 500ג טורקיז,אחדות בעמ,,,"י""ח",500,ל  גרם,false,1,9.90,1.98,false,1,
7290017275345,false,טחינה  אחוה גולמית 350ג לחיץ,אחדות בעמ,,,"י""ח",350,ל  גרם,false,1,7.90,2.26,true,1,
7290017289168,false,"יין אדום יבש סדרת ישראלי 750מ""ל",יקבי טפרברג 1870 בעמ,,,"י""ח",750,"ל  מ""ל",false,1,21.90,2.88,false,1,
7290017289182,false,"יין לבן חצי יבש סדרת ישראלי 750מ""ל",יקבי טפרברג 1870 בעמ,,,"י""ח",750,"ל  מ""ל",false,1,21.90,2.88,false,1,
7290017296142,false,גרנולה חלבה ושוקולד  400גר,פנינה רוזנבלום בעמ,,,"י""ח",400,ל  גרם,false,1,25.90,6.48,true,1,
7290017297392,false,תירס  קפוא פרי אדמה 800ג,ויטה פרי גליל (החדשה) בעמ,,,"י""ח",800,ל  גרם,false,1,12.90,1.61,true,1,
7290017297408,false,אפונה עדינה  קפואה פרי אדמה 600ג,ויטה פרי גליל (החדשה) בעמ,,,"י""ח",600,ל  גרם,false,1,14.90,2.48,true,1,
7290017297422,false,אפונה וגזר  קפוא פרי אדמה 800ג,ויטה פרי גליל (החדשה) בעמ,,,"י""ח",800,ל  גרם,false,1,12.90,1.61,true,1,
7290017297453,false,שעועית שלמה  קפואה פרי אדמה 800ג,ויטה פרי גליל (החדשה) בעמ,,,"י""ח",800,ל  גרם,false,1,12.90,1.61,true,1,
7290017297477,false,פול  קפוא פרי אדמה 800ג,ויטה פרי גליל (החדשה) בעמ,,,"י""ח",800,ל  גרם,false,1,14.90,1.86,true,1,
7290017297491,false,חומוס פרי אדמה 800ג,ויטה פרי גליל (החדשה) בעמ,,,"י""ח",800,ל  גרם,false,1,14.90,1.86,true,1,
7290017297507,false,גזר גמדי פרי אדמה 800ג,ויטה פרי גליל (החדשה) בעמ,,,"י""ח",800,ל  גרם,false,1,12.90,1.61,true,1,
7290017297514,false,לקט ירק מעורב פרי אדמה 700ג,ויטה פרי גליל (החדשה) בעמ,,,"י""ח",700,ל  גרם,false,1,12.90,1.84,true,1,
7290017297521,false,ברוקולי פרי אדמה 800ג,ויטה פרי גליל (החדשה) בעמ,,,"י""ח",800,ל  גרם,false,1,19.90,2.49,true,1,
7290017297538,false,כרובית פרי אדמה 800ג,ויטה פרי גליל (החדשה) בעמ,,,"י""ח",800,ל  גרם,false,1,14.90,1.86,true,1,
7290017297545,false,תחתיות ארטישוק פרי אדמה 400ג,ויטה פרי גליל (החדשה) בעמ,,,"י""ח",400,ל  גרם,false,1,10.90,2.73,true,1,
7290017297552,false,במיה פרי אדמה 600ג,ויטה פרי גליל (החדשה) בעמ,,,"י""ח",600,ל  גרם,false,1,12.90,2.15,true,1,
7290017297590,false,"ציפס זיגזג 2ק""ג קפוא  פרי אדמה",ויטה פרי גליל (החדשה) בעמ,,,"י""ח",2,"ק""ג",false,1,22.90,11.45,true,1,
7290017304885,false,לחם שיפון וחיטה מלאה 750ג,שלמה א.אנג ל בעמ,,,"י""ח",750,ל  גרם,false,1,16.90,2.25,false,1,
7290017457734,false,"סוד מרכך מרוכז ורוד 900מ""ל",גורי שיווק בעמ,,,"י""ח",90,"ל  מ""ל",false,1,12.90,14.33,false,1,
7290017477169,false,קשיו 250ג ששון הקולה,דין שיווק וקליה 2021 בעמ,,,"י""ח",250,ל  גרם,false,1,19.90,7.96,false,1,
7290017477282,false,גרעיני דלעת קלופים 200ג,דין שיווק וקליה 2021 בעמ,,,"י""ח",200,ל  גרם,false,1,8.90,4.45,false,1,
7290017477299,false,ג עלה 200ג,דין שיווק וקליה 2021 בעמ,,,"י""ח",200,ל  גרם,false,1,8.90,4.45,false,1,
7290017477350,false,תערובת לסלט ירוק 200ג,דין שיווק וקליה 2021 בעמ,,,"י""ח",200,ל  גרם,false,1,9.90,4.95,false,1,
7290017477596,false,תמר מג`הול פרימיום 400 גר,דין שיווק וקליה 2021 בעמ,,,"י""ח",400,ל  גרם,false,1,19.90,4.98,false,1,
7290017504001,false,פטריות שמפיניון ארוז,ביכורי השדה צפון 1994 ג.ד. בעמ,,,"י""ח",1,,false,1,10.90,10.90,true,1,
7290017504018,false,פטריות זוגות לבן,ביכורי השדה צפון 1994 ג.ד. בעמ,,,"י""ח",1,,false,1,18.90,18.90,false,1,
7290017504032,false,פטריות זוגות איטלקי,ביכורי השדה צפון 1994 ג.ד. בעמ,,,"י""ח",1,,false,1,18.90,18.90,false,1,
7290017513393,false,תה ירוק  25 סופר גרין,תה ויסוצקי (ישראל)בעמ,,,"י""ח",37.50,ל  גרם,false,1,24.90,66.40,true,1,
7290017513485,false,מחית עגבניות רוסטיקה גרנד איטליה 700גר,תה ויסוצקי (ישראל)בעמ,,,"י""ח",700,ל  גרם,false,1,11.90,1.70,true,1,
7290017513775,false,פליפז בייגלה מצופה ש. חלב  140ג,תה ויסוצקי (ישראל)בעמ,,,"י""ח",140,ל  גרם,false,1,8.90,6.36,true,1,
7290017586007,false,גזר ארוז,ביכורי השדה צפון 1994 ג.ד. בעמ,,,"ק""ג",1,"ק""ג",true,1,3.90,3.90,true,1,
7290017589565,false,"יין קלאסיק ברקן קלאסיק גוורץ 750מ""ל",טמפו משקאות בעמ,,,"י""ח",750,"ל  מ""ל",false,1,32.90,4.35,true,1,
7290017589633,false,רזרב  קברנה סובניון ברקן GOLD EDITION,טמפו משקאות בעמ,,,"י""ח",750,"ל  מ""ל",false,1,49.90,6.61,true,1,
7290017599236,false,םטנט 200 טבליות סטיוויה,"שטראוס גרופ בע""מ",,,"י""ח",200,"י""ח",false,1,24.90,0.12,false,1,
7290017599274,false,סוכרזית סטיוויה 120שקיות 100גרם,"שטראוס גרופ בע""מ",,,"י""ח",100,ל  גרם,false,1,34.90,34.90,false,1,
7290017599304,false,סוכרזית סטיוויה כפית לכפית 400גר,"שטראוס גרופ בע""מ",,,"י""ח",400,"י""ח",false,1,35.90,0.09,false,1,
7290017617046,false,סטארקיסט רביעייה בשמן זית 140ג,דיפלומט מפיצים (1968) בעמ**,,,"י""ח",560,"ל  מ""ל",false,1,27.90,4.98,false,1,
7290017617107,false,סטארקיסט מיקס טוגו עם 4דגנים 185ג,דיפלומט מפיצים (1968) בעמ**,,,"י""ח",185,ל  גרם,false,1,13.90,7.51,false,1,
7290017617275,false,ממרח טונה סטארקיסט 160ג שלישייה,דיפלומט מפיצים (1968) בעמ**,,,"י""ח",540,ל  גרם,false,1,24.90,4.61,false,1,
7290017617411,false,סטארקיסט מיקס סלמון עם אורז 160ג,דיפלומט מפיצים (1968) בעמ**,,,"י""ח",80,ל  גרם,false,1,14.90,18.63,false,1,
7290017641096,false,"שוקולד פרימיום 70% לל""ס 100גר בד""ץ",כרמית תעשיות ממתקים בעמ,,,"י""ח",100,ל  גרם,false,1,8.90,8.90,false,1,
7290017641102,false,"שוקולד פרימיום 70% לל""ס 100גר בד""ץ תפו",כרמית תעשיות ממתקים בעמ,,,"י""ח",100,ל  גרם,false,1,8.90,8.90,false,1,
7290017641119,false,"שוקולד פרימיום 85%  100גר בד""ץ",כרמית תעשיות ממתקים בעמ,,,"י""ח",100,ל  גרם,false,1,7.90,7.90,false,1,
7290017641676,false,מאגדת שוקולד מריר אגוזים  3יח *85ג,כרמית תעשיות ממתקים בעמ,,,"י""ח",255,ל  גרם,false,1,12.90,5.06,false,1,
7290017641720,false,שוקולד מריר %70שברי שקד  100ג,כרמית תעשיות ממתקים בעמ,,,"י""ח",85,ל  גרם,false,1,7.90,9.29,false,1,
7290017641744,false,"איגלו סטיקס נשברים  800מ""ל",כרמית תעשיות ממתקים בעמ,,,"י""ח",800,"ל  מ""ל",false,1,7.50,0.94,true,1,
7290017647425,false,יין גמלא קברנה סוביניון,היכל היין שקד גולן בעמ,,,"י""ח",750,"ל  מ""ל",false,1,69.90,9.28,true,1,
7290017647470,false,"יין הר חרמון מג נטה 750 מ""ל",היכל היין שקד גולן בעמ,,,"י""ח",750,"ל  מ""ל",false,1,36.90,4.88,true,1,
7290017647708,false,"גמלא גוורצטרמינר  750מ""ל",היכל היין שקד גולן בעמ,,,"י""ח",750,"ל  מ""ל",false,1,65.90,8.75,true,1,
7290017647722,false,"גמלא בלאנקו 750מ""ל",היכל היין שקד גולן בעמ,,,"י""ח",750,"ל  מ""ל",false,1,65.90,8.75,true,1,
7290017677804,false,"רוטב סויה קיקומן 444מ""ל",דיפלומט מפיצים (1968) בעמ**,,,"י""ח",444,"ל  מ""ל",false,1,16.90,3.81,false,1,
7290017724034,false,עוגיות סנדוויץ ריבה 250ג,הלל בן הלל שיווק ומסחר בעמ,,,"י""ח",250,ל  גרם,false,1,23.90,9.56,false,1,
7290017724058,false,מעדן תמר אגוז 250ג,הלל בן הלל שיווק ומסחר בעמ,,,"י""ח",250,ל  גרם,false,1,23.90,9.56,false,1,
7290017724065,false,"מעדן תפו""ע  250ג",הלל בן הלל שיווק ומסחר בעמ,,,"י""ח",250,ל  גרם,false,1,23.90,9.56,false,1,
7290017724072,false,רולדה שוקולד תמר  200ג,הלל בן הלל שיווק ומסחר בעמ,,,"י""ח",200,ל  גרם,false,1,23.90,11.95,false,1,
7290017724096,false,רולדה לוקום  200ג,הלל בן הלל שיווק ומסחר בעמ,,,"י""ח",200,ל  גרם,false,1,23.90,11.95,false,1,
7290017724102,false,סיגרים תמרים 250ג,הלל בן הלל שיווק ומסחר בעמ,,,"י""ח",250,ל  גרם,false,1,23.90,9.56,false,1,
7290017724119,false,אוזניים  250ג,הלל בן הלל שיווק ומסחר בעמ,,,"י""ח",200,ל  גרם,false,1,23.90,11.95,false,1,
7290017724126,false,עוגיות טחינה  250ג,הלל בן הלל שיווק ומסחר בעמ,,,"י""ח",250,ל  גרם,false,1,23.90,9.56,false,1,
7290017724157,false,"מעדן תפו""ע  ללא סוכר 200ג",הלל בן הלל שיווק ומסחר בעמ,,,"י""ח",250,ל  גרם,false,1,23.90,9.56,false,1,
7290017724164,false,אוזניים ללא סוכר 250ג,הלל בן הלל שיווק ומסחר בעמ,,,"י""ח",250,ל  גרם,false,1,23.90,9.56,false,1,
7290017724171,false,סנדוויץ ריבה  ללא סוכר 250ג,הלל בן הלל שיווק ומסחר בעמ,,,"י""ח",250,ל  גרם,false,1,23.90,9.56,false,1,
7290017724201,false,ואן גוך   ללא סוכר 250ג,הלל בן הלל שיווק ומסחר בעמ,,,"י""ח",250,ל  גרם,false,1,23.90,9.56,false,1,
7290017724218,false,מעדן תמר ללא סוכר 200ג,הלל בן הלל שיווק ומסחר בעמ,,,"י""ח",250,ל  גרם,false,1,23.90,9.56,false,1,
7290017724232,false,סומסומיט  200ג,הלל בן הלל שיווק ומסחר בעמ,,,"י""ח",200,ל  גרם,false,1,23.90,11.95,false,1,
7290017724256,false,שומשומית   ללא סוכר 200ג,הלל בן הלל שיווק ומסחר בעמ,,,"י""ח",250,ל  גרם,false,1,23.90,9.56,false,1,
7290017724263,false,בטהובן  ללא סוכר 300ג,הלל בן הלל שיווק ומסחר בעמ,,,"י""ח",300,ל  גרם,false,1,23.90,7.97,false,1,
7290017724270,false,אשכול בריאות  ללא סוכר 200ג,הלל בן הלל שיווק ומסחר בעמ,,,"י""ח",200,ל  גרם,false,1,23.90,11.95,false,1,
7290017724287,false,אצבעות פקאן  ללא סוכר 200ג,הלל בן הלל שיווק ומסחר בעמ,,,"י""ח",200,ל  גרם,false,1,23.90,11.95,false,1,
7290017812069,false,"יין אקסלנס ריזלינג שרדונה 750מ""",אגודת הכורמים,,,"י""ח",750,"ל  מ""ל",false,1,24.90,3.28,false,1,
7290017812571,false,תירוש אדום 1 ליטר כרמל.,אגודת הכורמים,,,"י""ח",1,ליטר,false,1,19.90,19.90,false,1,
7290017812588,false,תירוש לבן ליטר חדש,אגודת הכורמים,,,"י""ח",1,ליטר,false,1,19.90,19.90,false,1,
7290017812618,false,תירוש רוזה 1ליטר חדש,אגודת הכורמים,,,"י""ח",1,ליטר,false,1,19.90,19.90,false,1,
7290017812830,false,PC רוזה  0.75 ל,אגודת הכורמים,,,"י""ח",750,"ל  מ""ל",false,1,39.90,5.28,true,1,
7290017812861,false,VINO לבן יבש כרמל 750,אגודת הכורמים,,,"י""ח",750,"ל  מ""ל",false,1,21,2.76,true,1,
7290017841168,false,קינוחיות סיר עם מכסה 12  יח`שווה,ח.כהן סוכנות מזון ומשקאות בע,,,"י""ח",30,"י""ח",false,1,9.90,0.33,false,1,
7290017841243,false,"צלחות 1ק""ג שווה ענקית",ח.כהן סוכנות מזון ומשקאות בע,,,"י""ח",1,"ק""ג",false,1,44.90,44.90,false,1,
7290017841250,false,נוזל חלונות 1ליטר שווה,ח.כהן סוכנות מזון ומשקאות בע,,,"י""ח",1,ליטר,false,1,6.90,6.90,false,1,
7290017841502,false,נרות שבת ארוך 72  שווה,ח.כהן סוכנות מזון ומשקאות בע,,,"י""ח",1,"י""ח",false,1,26.90,26.90,false,1,
7290017841540,false,תבניות נייר איגליש מעוטרת 3יח שווה,ח.כהן סוכנות מזון ומשקאות בע,,,"י""ח",3,"י""ח",false,1,7.90,2.63,true,1,
7290017841557,false,תבניות נייר מלבניות מעוטרת 3יח שווה,ח.כהן סוכנות מזון ומשקאות בע,,,"י""ח",3,"י""ח",false,1,7.90,2.63,true,1,
7290017841632,false,מטליות מיקרופייבר כליי 10יח נשלפות,ח.כהן סוכנות מזון ומשקאות בע,,,"י""ח",10,"י""ח",false,1,16.90,1.69,true,1,
7290017841670,false,ספוג הפלא 6יח איכות שווה,ח.כהן סוכנות מזון ומשקאות בע,,,"י""ח",6,"י""ח",false,1,7.90,1.32,true,1,
7290017841731,false,מטליות מיקרופייבר גדולות במיוחד,ח.כהן סוכנות מזון ומשקאות בע,,,"י""ח",2,"י""ח",false,1,14.90,7.45,false,1,
7290017841762,false,"חומץ תפוחי עץ  500מ""ל 5% שווה",ח.כהן סוכנות מזון ומשקאות בע,,,"י""ח",500,"ל  מ""ל",false,1,11.90,2.38,false,1,
7290017841885,false,דלי מגבונים ניקוי כללי 400יח שווה.,ח.כהן סוכנות מזון ומשקאות בע,,,"י""ח",400,"י""ח",false,1,19.90,0.05,false,1,
7290017842004,false,תבניות+מכסים טוסר אובן  שווה,ח.כהן סוכנות מזון ומשקאות בע,,,"י""ח",5,"י""ח",false,1,9.90,1.98,false,1,
7290017842028,false,תבניות+מכסים מלבנית ארוכה שווה,ח.כהן סוכנות מזון ומשקאות בע,,,"י""ח",5,"י""ח",false,1,9.90,1.98,false,1,
7290017842035,false,תבניות+מכסים מבלנית עמוקה 80A+R64 שווה,ח.כהן סוכנות מזון ומשקאות בע,,,"י""ח",5,"י""ח",false,1,9.90,1.98,false,1,
7290017842127,false,ניירות סנדוויץ מאוירות שווה,ח.כהן סוכנות מזון ומשקאות בע,,,"י""ח",100,"י""ח",false,1,9.90,0.10,false,1,
7290017842202,false,נייר טישו כיס מארז 10 יח` שווה,ח.כהן סוכנות מזון ומשקאות בע,,,"י""ח",1,,false,1,6.90,6.90,true,1,
7290017842226,false,פילה סרדין 125 ג בשמן צמחי ללא עור,ח.כהן סוכנות מזון ומשקאות בע,,,"י""ח",125,"ל  מ""ל",false,1,5.90,4.72,false,1,
7290017842233,false,מקרל בשמן צמחי 125 גרם שווה,ח.כהן סוכנות מזון ומשקאות בע,,,"י""ח",125,"ל  מ""ל",false,1,4.90,3.92,false,1,
7290017842332,false,פירורי לחם מוזהב 200 גרם שווה.,ח.כהן סוכנות מזון ומשקאות בע,,,"י""ח",200,"ל  מ""ל",false,1,4.40,2.20,false,1,
7290017842431,false,סילאן לחיץ 100% טבעי 470ג שווה,ח.כהן סוכנות מזון ומשקאות בע,,,"י""ח",700,ל  גרם,false,1,14.90,2.13,true,1,
7290017842448,false,אננס שלם 227ג  שווה,ח.כהן סוכנות מזון ומשקאות בע,,,"י""ח",227,ל  גרם,false,1,4.90,2.16,false,1,
7290017842493,false,תירס גמדי 425גר שווה,ח.כהן סוכנות מזון ומשקאות בע,,,"י""ח",425,"ל  מ""ל",false,1,7.90,1.86,false,1,
7290017842516,false,שקיות אוכל זיפר קטנות 30יח  שווה,ח.כהן סוכנות מזון ומשקאות בע,,,"י""ח",30,"י""ח",false,1,6.90,0.23,false,1,
7290017842530,false,שקיות אוכל ריץ רץ קטנות 15יח שווה,ח.כהן סוכנות מזון ומשקאות בע,,,"י""ח",15,"י""ח",false,1,6.90,0.46,false,1,
7290017842561,false,חמאת בוטנים קראנץ 510גר קראנץ שווה,ח.כהן סוכנות מזון ומשקאות בע,,,"י""ח",510,ל  גרם,false,1,11.90,2.33,true,1,
7290017842578,false,"חמאת בוטנים טבעית בד""צ שווה",ח.כהן סוכנות מזון ומשקאות בע,,,"י""ח",510,ל  גרם,false,1,10.90,2.14,true,1,
7290017842615,false,צלחות קטנות מתכלות  שווה,ח.כהן סוכנות מזון ומשקאות בע,,,"י""ח",1,,false,1,15.90,15.90,false,1,
7290017842622,false,צלחות גדולות מתכלות  שווה,ח.כהן סוכנות מזון ומשקאות בע,,,"י""ח",1,,false,1,24.90,24.90,false,1,
7290017842752,false,צלחת  גדולה חושן 20יח שווה,ח.כהן סוכנות מזון ומשקאות בע,,,"י""ח",20,"י""ח",false,1,13.90,0.70,false,1,
7290017842769,false,צלחת ענקית חושן 20יח שווה,ח.כהן סוכנות מזון ומשקאות בע,,,"י""ח",20,"י""ח",false,1,18.90,0.95,false,1,
7290017842776,false,מרקיה  חושן מתכלה 20יח שווה,ח.כהן סוכנות מזון ומשקאות בע,,,"י""ח",20,"י""ח",false,1,12.90,0.65,false,1,
7290017842783,false,קערית אובלית חושן 20יח שווה,ח.כהן סוכנות מזון ומשקאות בע,,,"י""ח",20,"י""ח",false,1,8.90,0.45,false,1,
7290017845029,false,פטריות צמד משפחתי,ביכורי השדה צפון 1994 ג.ד. בעמ,,,"י""ח",1,,false,1,18.90,18.90,false,1,
7290017845203,false,פטריות שמפיניון בודד,ביכורי השדה צפון 1994 ג.ד. בעמ,,,"י""ח",1,,false,1,10.90,10.90,true,1,
7290017864259,false,בזיליקום 100ג,ביכורי השדה צפון 1994 ג.ד. בעמ,,,"י""ח",1,,false,1,8.90,8.90,false,1,
7290017864440,false,"ארטישוק ירושלמי 1ק""ג",ביכורי השדה צפון 1994 ג.ד. בעמ,,,"י""ח",1,"ק""ג",false,1,19.90,19.90,false,1,
7290017864471,false,עלי בייבי250ג,ביכורי השדה צפון 1994 ג.ד. בעמ,,,"י""ח",250,ל  גרם,false,1,14.90,5.96,false,1,
7290017864549,false,רוקולה 250גר,ביכורי השדה צפון 1994 ג.ד. בעמ,,,"י""ח",250,ל  גרם,false,1,15.90,6.36,false,1,
7290017864594,false,שיני שום מובחרות,ביכורי השדה צפון 1994 ג.ד. בעמ,,,"י""ח",1,,false,1,14.90,14.90,false,1,
7290017871431,false,טוסו חטיף תמרים אגוזי לוז ללא סוכר וגל,דנשר (1963) בעמ,,,"י""ח",140,ל  גרם,false,1,15.90,11.36,false,1,
7290017871981,false,מרמולייט ג לי משמש 25גר,דנשר (1963) בעמ,,,"י""ח",1,"י""ח",false,1,10.90,10.90,false,1,
7290017871998,false,מרמולייט ג לי וניל 25גר,דנשר (1963) בעמ,,,"י""ח",1,"י""ח",false,1,10.90,10.90,false,1,
7290017872179,false,עוגיות טחינה 200 גרם טוסו,דנשר (1963) בעמ,,,"י""ח",200,ל  גרם,false,1,15.90,7.95,false,1,
7290017872193,false,עוגיות שקדים וקינמון 200 גרם טוסו,דנשר (1963) בעמ,,,"י""ח",200,ל  גרם,false,1,15.90,7.95,false,1,
7290017872957,false,אדג` מכשיר גילוח רב פעמי ידית+3סכינים,דנשר (1963) בעמ,,,"י""ח",92,ל  גרם,false,1,66.90,72.72,true,1,
7290017872971,false,אדג` 4 סכיני גילוח לעור רגיש,דנשר (1963) בעמ,,,"י""ח",92,ל  גרם,false,1,46.90,50.98,true,1,
7290017873015,false,גלילונית גופיה  עם ידיות 30יח,דנשר (1963) בעמ,,,"י""ח",30,"י""ח",false,1,14.90,0.50,false,1,
7290017888026,false,"פרוט ווג אננס תפוח גזר  350מ""ל..",יפאורה שותפות מוגבלת לשיווק,,,"י""ח",350,"ל  מ""ל",false,1,7.50,2.06,true,1,
7290017888033,false,"פרוט ווג בננה מלון נענע   350מ""ל.",יפאורה שותפות מוגבלת לשיווק,,,"י""ח",350,"ל  מ""ל",false,1,7.50,2.06,true,1,
7290017888101,false,"שוופס מוגז עדין 330מ""ל 1/4 אפרסק",יפאורה שותפות מוגבלת לשיווק,,,"י""ח",1.50,ליטר,false,1,13.20,8,true,1,
7290017888354,false,"מי עדן  750 מ""ל בודד",יפאורה שותפות מוגבלת לשיווק,,,"י""ח",750,"ל  מ""ל",false,1,4.20,0.52,false,1,
7290017888644,false,"פרוט ווג אננס בננה כורכום 350מ""ל",יפאורה שותפות מוגבלת לשיווק,,,"י""ח",350,"ל  מ""ל",false,1,7.50,2.06,true,1,
7290017888729,false,סודה שוופס 1ל,יפאורה שותפות מוגבלת לשיווק,,,"י""ח",1,ליטר,false,1,4.50,4.50,true,1,
7290017888972,false,מי עדן 1ל פקק ספורט בודד,יפאורה שותפות מוגבלת לשיווק,,,"י""ח",1,ליטר,false,1,3.90,3.90,false,1,
7290017917450,false,קמיל בלו סנסיטיב אל סבון ושמפו 1ליטר.,פישר תעשיות פרמבצטיות בעמ,,,"י""ח",1,ליטר,false,1,32.90,32.90,true,1,
7290017925363,false,"בירה נגב פאטה מורגנה  330מ""ל",הכרם משקאות חריפים בעמ,,,"י""ח",330,"ל  מ""ל",false,1,13.20,3.91,true,1,
7290017928036,false,מאיר בייגל מקלות גריסיני שומשום 175גר,דנשר (1963) בעמ,,,"י""ח",175,ל  גרם,false,1,12.90,7.37,true,1,
7290017928098,false,מאיר בייגל שטוחלה מלח  300גר,דנשר (1963) בעמ,,,"י""ח",300,ל  גרם,false,1,12.90,4.30,true,1,
7290017928210,false,מאיר בייגל בייגלה גדול שומשום 250גר,דנשר (1963) בעמ,,,"י""ח",250,ל  גרם,false,1,10.90,4.36,true,1,
7290017928296,false,שברי בייגלה דבש חרדל וחרדל 300גרם סמא,דנשר (1963) בעמ,,,"י""ח",300,"ל  מ""ל",false,1,11.90,3.97,false,1,
7290017928494,false,שברי בייגלה בטעם צ`דר 300גרם סמאש,דנשר (1963) בעמ,,,"י""ח",300,"ל  מ""ל",false,1,11.90,3.97,false,1,
7290017928609,false,מאיר בייגל טבעות שומשום 300גר,דנשר (1963) בעמ,,,"י""ח",300,ל  גרם,false,1,10.90,3.63,true,1,
7290017928616,false,מאיר בייגל שטוחלה שומשום  300גר,דנשר (1963) בעמ,,,"י""ח",300,ל  גרם,false,1,12.90,4.30,true,1,
7290017928661,false,שברי בייגלה בטעם צדר  300גרם סמאש,דנשר (1963) בעמ,,,"י""ח",300,"ל  מ""ל",false,1,11.90,3.97,true,1,
7290017928685,false,מאיר בייגל שמיניות מלח 330גר,דנשר (1963) בעמ,,,"י""ח",330,ל  גרם,false,1,12.90,3.91,true,1,
7290017928807,false,מאיר בייגל אצבעות שומשום 300גר,דנשר (1963) בעמ,,,"י""ח",300,ל  גרם,false,1,12.90,4.30,true,1,
7290017928821,false,מאיר בייגל מקלות גריסיני קלאסי 200גר,דנשר (1963) בעמ,,,"י""ח",200,ל  גרם,false,1,12.90,6.45,true,1,
7290017932088,false,תחתית אפויה לפאי 170 גרם גאלה,מור ים מרקטינג בעמ,,,"י""ח",170,ל  גרם,false,1,13.90,8.18,false,1,
7290017932231,false,סירופ מייפל טהור 100% 250גר,מור ים מרקטינג בעמ,,,"י""ח",250,ל  גרם,false,1,34.90,13.96,false,1,
7290017946474,false,"הוואי ת. רחצה סודות פולינזיה  700 מ""ל",הנקל סוד בעמ,,,"י""ח",700,"ל  מ""ל",false,1,10.90,1.56,true,1,
7290017947105,false,לחם אנגיל בסגנון אמריקה 500גר,שלמה א.אנג ל בעמ,,,"י""ח",500,ל  גרם,false,1,14.90,2.98,false,1,
7290017947389,false,מארז לחמניות קלועות 4*125גר,שלמה א.אנג ל בעמ,,,"י""ח",500,ל  גרם,false,1,12.60,2.52,false,1,
7290017947396,false,מארז לחמניות שומשום 4*125גר,שלמה א.אנג ל בעמ,,,"י""ח",500,ל  גרם,false,1,12.60,2.52,false,1,
7290017947402,false,מארז לחמניות כפריות 4*125גר,שלמה א.אנג ל בעמ,,,"י""ח",500,ל  גרם,false,1,12.60,2.52,false,1,
7290017947419,false,מארז לחמניות מזונות 4*125גר,שלמה א.אנג ל בעמ,,,"י""ח",500,ל  גרם,false,1,12.60,2.52,false,1,
7290017947464,false,פיתות כוסמין מארז 8 יח אנגל,שלמה א.אנג ל בעמ,,,"י""ח",8,"י""ח",false,1,14.90,1.86,true,1,
7290017947495,false,לחמניות כוסמין שישייה,שלמה א.אנג ל בעמ,,,"י""ח",450,ל  גרם,false,1,15.90,3.53,false,1,
7290017947891,false,לחם אנגיל כוסמין וחיטה מלאה 750גר,שלמה א.אנג ל בעמ,,,"י""ח",750,ל  גרם,false,1,15.90,2.12,false,1,
7290017947921,false,לחמניות  להמבורגר 450גר.,שלמה א.אנג ל בעמ,,,"י""ח",450,ל  גרם,false,1,12.90,2.87,false,1,
7290017947938,false,מארז 8 מיני לחמניות המבורגר אמריקה,שלמה א.אנג ל בעמ,,,"י""ח",400,ל  גרם,false,1,14.90,3.73,false,1,
7290018043844,false,חטיף בוטנים  בטעם קרמל קראנץ 60ג,דיפלומט מפיצים (1968) בעמ**,,,"י""ח",60,ל  גרם,false,1,13.90,23.17,false,1,
7290018045497,false,דגנים במילוי קרם שוקולד 480גר,ר.ב. מוצרי דגנים בעמ,,,"י""ח",750,ל  גרם,false,1,21.90,2.92,true,1,
7290018045893,false,דגנים במילוי קרם נוגט 480גר,ר.ב. מוצרי דגנים בעמ,,,"י""ח",750,ל  גרם,false,1,21.90,2.92,true,1,
7290018071212,false,כפפות ניטרו -Vכחולות ללא אבקה M EASY TOU,אינטרסן (1996) בעמ,,,"י""ח",100,"י""ח",false,1,22.90,0.23,true,1,
7290018071229,false,כפפות ניטרו -Vכחולות ללא אבקה L EASY T,אינטרסן (1996) בעמ,,,"י""ח",100,"י""ח",false,1,22.90,0.23,true,1,
7290018071267,false,כפפות פלסטיק שחורות אלסטיות L ללא אבקה,אינטרסן (1996) בעמ,,,"י""ח",1,,false,1,14.90,14.90,true,1,
7290018071533,false,נר נשמה בכוס 48 שעות.,אינטרסן (1996) בעמ,,,"י""ח",1,,false,1,4.90,4.90,false,1,
7290018071540,false,נר נשמה בכוס 72 שעות,אינטרסן (1996) בעמ,,,"י""ח",1,,false,1,6.90,6.90,false,1,
7290018071557,false,נר נשמה בכוס 72 שעות,אינטרסן (1996) בעמ,,,"י""ח",1,,false,1,10.90,10.90,false,1,
7290018091029,false,"מקלות פילו תפו""א  450ג קפוא",תנובה בשר,,,"י""ח",450,ל  גרם,false,1,17.30,3.84,false,1,
7290018091036,false,.פיצה אנטיפסאטי  250ג,תנובה בשר,,,"י""ח",250,ל  גרם,false,1,15.40,6.16,false,1,
7290018091258,false,חטיפי פיצה  עם גרעיני תירס  מעדנות,תנובה בשר,,,"י""ח",710,ל  גרם,false,1,24.90,3.51,false,1,
7290018091470,false,גלילת בסיקוויטים טעם שוקולד  300ג,תנובה בשר,,,"י""ח",300,ל  גרם,false,1,15.90,5.30,true,1,
7290018091616,false,מקלות פילו גבינה 450ג קפוא,תנובה בשר,,,"י""ח",450,ל  גרם,false,1,17.60,3.91,false,1,
7290018098233,false,מרק אפונה ירוק מן הצומח 500גר,קפוא זן תעשיות מזון בעמ,,,"י""ח",500,ל  גרם,false,1,16.90,3.38,false,1,
7290018098240,false,מרק ירקות ירוק מן הצומח 500גר,קפוא זן תעשיות מזון בעמ,,,"י""ח",500,ל  גרם,false,1,16.90,3.38,false,1,
7290018098257,false,מרק שעועית ירוק מן הצומח 500גר,קפוא זן תעשיות מזון בעמ,,,"י""ח",500,ל  גרם,false,1,16.90,3.38,false,1,
7290018098264,false,מרק מינסטרונה ירוק מן הצומח 500גר,קפוא זן תעשיות מזון בעמ,,,"י""ח",500,ל  גרם,false,1,16.90,3.38,false,1,
7290018098486,false,פיצה מרגריטה Beef free 350גר,גורי מוצרי צריכה בעמ,,,"י""ח",350,ל  גרם,false,1,21.90,6.26,false,1,
7290018098493,false,פיצה מרגריטה בתוספת זיתי Beef free 350גר,גורי מוצרי צריכה בעמ,,,"י""ח",350,ל  גרם,false,1,21.90,6.26,false,1,
7290018098578,false,המבורגר Beef free 230גר,גורי מוצרי צריכה בעמ,,,"י""ח",230,ל  גרם,false,1,21.90,9.52,false,1,
7290018131077,false,נסטלה מילקה שלגון וניל 71ג,נגה גלידות,,,"י""ח",70,ל  גרם,false,1,12.90,18.43,true,1,
7290018131251,false,אקסטרים מטבע שוק. לבן קרם עוגיות,נגה גלידות,,,"י""ח",1,,false,1,9,9,true,1,
7290018131596,false,מיני בייטס אוראו 8י אימפלס   54  גר`,נגה גלידות,,,"י""ח",54,ל  גרם,false,1,10.90,20.19,true,1,
7290018131756,false,נסטלה וניל מצופה תות מאגדת 8*55גר,נגה גלידות,,,"י""ח",440,ל  גרם,false,1,29.90,6.80,false,1,
7290018131770,false,שלגון וניל מצופה תות כשל``פ,נגה גלידות,,,"י""ח",1,,false,1,6.90,6.90,true,1,
7290018131831,false,מאגדת שלגון מילקה וניל 4*66גר,נגה גלידות,,,"י""ח",284,ל  גרם,false,1,36.90,12.99,false,1,
7290018131954,false,לה פרוטה מאגדת תות שוקולד 5*70גר,נגה גלידות,,,"י""ח",350,ל  גרם,false,1,29.90,8.54,false,1,
7290018156124,false,"אל סבון שלישייה קמיל בלו ד""ר פישר צבעו",פישר תעשיות פרמבצטיות בעמ,,,"י""ח",3,"י""ח",false,1,19.90,6.63,false,1,
7290018165010,false,"רזרב גולד  גוורצטרמינר 750מ""ל ברקן",טמפו משקאות בעמ,,,"י""ח",750,"ל  מ""ל",false,1,49.90,6.61,true,1,
7290018194331,false,"משקה מוגז פליי בטעם תפוח 250מ""ל",בני פאוזי שמשום (2009) בעמ,,,"י""ח",250,"ל  מ""ל",false,1,3.90,1.44,true,1,
7290018195512,false,ארוחת אורז אושפלו 250גר,טעמן שווק מזון בעמ,,,"י""ח",250,ל  גרם,false,1,12.90,5.16,false,1,
7290018195529,false,ארוחת אורז מג`דרה 250גר,טעמן שווק מזון בעמ,,,"י""ח",250,ל  גרם,false,1,12.90,5.16,false,1,
7290018195536,false,ארוחת אורז בסגנון איטלקי 250גר,טעמן שווק מזון בעמ,,,"י""ח",250,ל  גרם,false,1,12.90,5.16,false,1,
7290018195543,false,ארוחת אורז מקסיקני 250גר,טעמן שווק מזון בעמ,,,"י""ח",250,ל  גרם,false,1,12.90,5.16,false,1,
7290018198254,false,"תפוגן קריספי צ`יפס פוטטוס 1.25ק""ג",קבוצת אוסם סחר-שות.מוגבלת,,,"י""ח",1.50,"ק""ג",false,1,27.90,18.60,false,1,
7290018208472,false,"תמר מג`הול 1ק""ג מחנה יהודה.",א.מ. עישבי תיבול תקומה בעמ,,,"י""ח",1,"ק""ג",false,1,19.90,19.90,true,1,
7290018208489,false,תמר מג`הול 800גר פרימים מחנה יהודה,א.מ. עישבי תיבול תקומה בעמ,,,"י""ח",800,ל  גרם,false,1,24.90,3.11,true,1,
7290018208496,false,תמר מג`הול 650גר סופר פרימים מחנה יהוד,א.מ. עישבי תיבול תקומה בעמ,,,"י""ח",650,ל  גרם,false,1,24.90,3.83,true,1,
7290018237489,false,עוף טוב דק דק פסטרמה ברביקיו 220גר.,קבוצת אוסם סחר-שות.מוגבלת,,,"י""ח",220,ל  גרם,false,1,21.90,9.95,false,1,
7290018237922,false,שניצלונים ציפוי צ`יפס ]עוף  טוב[,קבוצת אוסם סחר-שות.מוגבלת,,,"י""ח",700,ל  גרם,false,1,14.90,2.13,true,1,
7290018237939,false,שניצלונים]עוף  טוב[.,קבוצת אוסם סחר-שות.מוגבלת,,,"י""ח",700,ל  גרם,false,1,14.90,2.13,true,1,
7290018237960,false,עוף טוב כתף בקר עסיסי 265 גרם,קבוצת אוסם סחר-שות.מוגבלת,,,"י""ח",265,ל  גרם,false,1,29.90,11.28,true,1,
7290018294000,false,K.D  רוזה,אגודת הכורמים,,,"י""ח",750,"ל  מ""ל",false,1,21.90,2.88,true,1,
7290018294192,false,PC בלנד היינן 0.75 ל,אגודת הכורמים,,,"י""ח",750,"ל  מ""ל",false,1,39.90,5.28,true,1,
7290018294352,false,"ארק כרמל 700מ""ל.",אגודת הכורמים,,,"י""ח",700,"ל  מ""ל",false,1,59.90,8.51,true,1,
7290018294901,false,"מונלייט אדום יבש 750מ""ל",אגודת הכורמים,,,"י""ח",750,"ל  מ""ל",false,1,45.90,6.08,true,1,
7290018333242,false,טופי מיקס פירות  50ג,כרמית תעשיות ממתקים בעמ,,,"י""ח",50,ל  גרם,false,1,2,4,true,1,
7290018333945,false,חטיף אגוזים רפאלס שקד ווניל 150ג,כרמית תעשיות ממתקים בעמ,,,"י""ח",150,ל  גרם,false,1,15.90,10.60,false,1,
7290018333952,false,חטיף אגוזים רפאלס וחמוציות  150ג,כרמית תעשיות ממתקים בעמ,,,"י""ח",150,ל  גרם,false,1,15.90,10.60,false,1,
7290018333969,false,חטיף אגוזים רפאלס שקדים וטחינה  150ג,כרמית תעשיות ממתקים בעמ,,,"י""ח",150,ל  גרם,false,1,15.90,10.60,false,1,
7290018333976,false,חטיף אגוזים רפאלס קשיו וקוקוס  150ג,כרמית תעשיות ממתקים בעמ,,,"י""ח",150,ל  גרם,false,1,15.90,10.60,false,1,
7290018359334,false,רוטב  עגבניות טבעי פריכוז שף 580ג,זנלכל בעמ,,,"י""ח",580,ל  גרם,false,1,11.90,2.05,false,1,
7290018359495,false,תירס מהשדה ללא תוספת סוכר 550ג יכין,זנלכל בעמ,,,"י""ח",550,ל  גרם,false,1,9.90,1.80,false,1,
7290018359518,false,תירס מהשדה ללא תוספת סוכר 3*200ג יכין,זנלכל בעמ,,,"י""ח",600,ל  גרם,false,1,16.90,2.82,false,1,
7290018359556,false,תירס מהשדה ללא תוספת סוכר 400ג יכין,זנלכל בעמ,,,"י""ח",400,ל  גרם,false,1,6.90,1.73,false,1,
7290018359570,false,שעועית צ`ילי הקטניה הטובה יכין 3*200גר.,זנלכל בעמ,,,"י""ח",600,ל  גרם,false,1,12.90,2.15,true,1,
7290018359587,false,חומוס הקטניה הטובה יכין 3*200גר.,זנלכל בעמ,,,"י""ח",600,ל  גרם,false,1,12.90,2.15,true,1,
7290018359655,false,פטריות לתוכות יכין מארז 3*200ג,זנלכל בעמ,,,"י""ח",600,ל  גרם,false,1,11.90,1.98,false,1,
7290018359662,false,קוביות סלק יכין 3*200גר.,זנלכל בעמ,,,"י""ח",600,ל  גרם,false,1,14.90,2.48,false,1,
7290018359679,false,שעועית לימה יכין 550ג,זנלכל בעמ,,,"י""ח",520,ל  גרם,false,1,9.90,1.90,false,1,
7290018359686,false,~חומוס ענק יכין 550ג,זנלכל בעמ,,,"י""ח",520,ל  גרם,false,1,10.90,2.10,false,1,
7290018359716,false,רוטב פיצה טוסקנה יכין 240גר,זנלכל בעמ,,,"י""ח",240,"ל  מ""ל",false,1,6.50,2.71,false,1,
7290018359860,false,רסק עגבניות ליקופן טבעי 2*200גר יכין .,זנלכל בעמ,,,"י""ח",400,ל  גרם,false,1,14.90,3.73,true,1,
7290018359884,false,פולפה ליקופן טבעית 2*400גר יכין A1.,זנלכל בעמ,,,"י""ח",800,ל  גרם,false,1,16.90,2.11,true,1,
7290018359938,false,רוטב עגבניות לשקשוקה יכין 400גר,זנלכל בעמ,,,"י""ח",400,ל  גרם,false,1,10.90,2.73,false,1,
7290018440223,false,חווית צאי מסאלה 25יח,תה ויסוצקי (ישראל)בעמ,,,"י""ח",25,"י""ח",false,1,19.90,0.80,true,1,
7290018440230,false,חווית צאי ורדים  25יח,תה ויסוצקי (ישראל)בעמ,,,"י""ח",25,"י""ח",false,1,19.90,0.80,true,1,
7290018440247,false,חווית צאי שקדים  25יח,תה ויסוצקי (ישראל)בעמ,,,"י""ח",25,"י""ח",false,1,19.90,0.80,true,1,
7290018440254,false,חווית צאי קרמל מלוח  25יח,תה ויסוצקי (ישראל)בעמ,,,"י""ח",25,"י""ח",false,1,19.90,0.80,true,1,
7290018440407,false,תה ירוק מאטה קקאו לוז 25יח,תה ויסוצקי (ישראל)בעמ,,,"י""ח",25,"י""ח",false,1,24.90,1,true,1,
7290018440438,false,טונה בשמן זית שלישיה *65גרם,תה ויסוצקי (ישראל)בעמ,,,"י""ח",195,ל  גרם,false,1,26.90,13.79,true,1,
7290018440445,false,טונה בשמן זית 160ג,תה ויסוצקי (ישראל)בעמ,,,"י""ח",160,ל  גרם,false,1,17.90,11.19,true,1,
7290018440490,false,סלט טונה עם קוסקוס 150ג,תה ויסוצקי (ישראל)בעמ,,,"י""ח",150,ל  גרם,false,1,13.90,9.27,true,1,
7290018440513,false,סלט קליפורניה עם טונה  150ג,תה ויסוצקי (ישראל)בעמ,,,"י""ח",150,ל  גרם,false,1,13.90,9.27,true,1,
7290018441626,false,גלידה פיינטים מנטה עוגיות,מוצרי איכות אמריקאיים בעמ,,,"י""ח",500,"ל  מ""ל",false,1,19.90,3.98,true,1,
7290018443040,false,נבטים סיניים שמיטה,ביכורי השדה צפון 1994 ג.ד. בעמ,,,"י""ח",1,,false,1,7.90,7.90,true,1,
7290018443057,false,נבטים חמניה שמיטה,ביכורי השדה צפון 1994 ג.ד. בעמ,,,"י""ח",1,,false,1,8.90,8.90,false,1,
7290018443293,false,מיקס נבטים תקומה שמיטה,ביכורי השדה צפון 1994 ג.ד. בעמ,,,"י""ח",1,,false,1,9.90,9.90,true,1,
7290018443545,false,פלפל צ`ילי אדום 200גר,ביכורי השדה צפון 1994 ג.ד. בעמ,,,"י""ח",200,ל  גרם,false,1,10.90,5.45,false,1,
7290018443712,false,כרובית ארוזה,ביכורי השדה צפון 1994 ג.ד. בעמ,,,"י""ח",1,"י""ח",false,1,10.90,10.90,false,1,
7290018443728,false,באק-צוי זוג פראש,לפ ביכורי הנגב מ.ד בעמ,,,"י""ח",1,"ק""ג",false,1,12.90,12.90,true,1,
7290018443736,false,בייבי מיקס 150גר פראש,ביכורי השדה צפון 1994 ג.ד. בעמ,,,"י""ח",1,,false,1,10.90,10.90,true,1,
7290018443828,false,צמד חסה אייסברג,ביכורי השדה צפון 1994 ג.ד. בעמ,,,"י""ח",150,ל  גרם,false,1,10.90,7.27,false,1,
7290018449035,false,שיבה בעציץ,פרח הארץ שיווק והפצה(2011)בעמ,,,"י""ח",1,,false,1,9.90,9.90,false,1,
7290018468319,false,נקניקיה צמחית סגנון צוריסוס 400ג,תנובה בשר,,,"י""ח",1.80,"ק""ג",false,1,42.90,23.83,false,1,
7290018471029,false,סודה  טעם לימון שוופס 0.5ל שישייה,יפאורה שותפות מוגבלת לשיווק,,,"י""ח",300,"ל  מ""ל",false,1,13.90,4.03,false,1,
7290018471043,false,"נקטר ספרינג פחית פירות טרופיים 330מ""ל",יפאורה שותפות מוגבלת לשיווק,,,"י""ח",330,"ל  מ""ל",false,1,5.90,1.70,true,1,
7290018471050,false,"נקטר ספרינג פחית אגס תפוח סברס 330מ""ל",יפאורה שותפות מוגבלת לשיווק,,,"י""ח",330,"ל  מ""ל",false,1,5.90,1.70,true,1,
7290018471197,false,פרוט  ווג`תפוח בננה מלון נענע 1ליטר,יפאורה שותפות מוגבלת לשיווק,,,"י""ח",1,ליטר,false,1,12.90,12.90,false,1,
7290018471210,false,ספרינג נקטר אגס סברס תפוח 1ליטר קרטוני,יפאורה שותפות מוגבלת לשיווק,,,"י""ח",1,ליטר,false,1,6.90,6.90,true,1,
7290018471302,false,"שוופס טוניק  250מ""ל 1/4",יפאורה שותפות מוגבלת לשיווק,,,"י""ח",1,ליטר,false,1,21.10,21.10,true,1,
7290018471395,false,פרוט  ווג` סלק רימון גזר,יפאורה שותפות מוגבלת לשיווק,,,"י""ח",1,ליטר,false,1,12.90,12.90,false,1,
7290018471401,false,פרוט  ווג`אננס בננה כורכום 1ליטר,יפאורה שותפות מוגבלת לשיווק,,,"י""ח",1,ליטר,false,1,12.90,12.90,false,1,
7290018471449,false,ספרינג שייק בננה תמר תפוז קרטונית 1,יפאורה שותפות מוגבלת לשיווק,,,"י""ח",1,ליטר,false,1,11.60,11.60,true,1,
7290018471456,false,ספרינג שייק אננס מנגו פסיפלורה קרטונית 1,יפאורה שותפות מוגבלת לשיווק,,,"י""ח",1,ליטר,false,1,11.60,11.60,true,1,
7290018471463,false,תפוזינה נקטר תפוז מנגו 1ל קרטון,יפאורה שותפות מוגבלת לשיווק,,,"י""ח",1,ליטר,false,1,8.10,8.10,false,1,
7290018471470,false,תפוזינה נקטר תפוז פסיפלורה 1ל קרטון,יפאורה שותפות מוגבלת לשיווק,,,"י""ח",1,ליטר,false,1,8.10,8.10,false,1,
7290018471487,false,תפוזינה נקטר תפוז אננס 1ל קרטון,יפאורה שותפות מוגבלת לשיווק,,,"י""ח",1,ליטר,false,1,8.10,8.10,false,1,
7290018471494,false,תפוזינה נקטר תפוז גזר 1ל קרטון,יפאורה שותפות מוגבלת לשיווק,,,"י""ח",1,ליטר,false,1,8.10,8.10,false,1,
7290018471630,false,.שוופס טוניק מלפפון ליים 1ליטר,יפאורה שותפות מוגבלת לשיווק,,,"י""ח",1,ליטר,false,1,9.40,9.40,true,1,
7290018471692,false,ספרינג שייק בננה אננס קוקוס קרטונית 1,יפאורה שותפות מוגבלת לשיווק,,,"י""ח",1,ליטר,false,1,11.60,11.60,true,1,
7290018471906,false,שוופס מוגז פירות לימונדה ורודה   1.5ל,יפאורה שותפות מוגבלת לשיווק,,,"י""ח",1.50,ליטר,false,1,8.80,5.67,true,1,
7290018471913,false,שוופס מוגז פירות תפוחים 1.5ל,יפאורה שותפות מוגבלת לשיווק,,,"י""ח",1.50,ליטר,false,1,8.80,5.67,true,1,
7290018471920,false,שוופס מוגז פירות ענבים 1.5ל,יפאורה שותפות מוגבלת לשיווק,,,"י""ח",1.50,ליטר,false,1,8.80,5.67,true,1,
7290018471944,false,שוופס מוגז פירות לימונייד 1.5ל,יפאורה שותפות מוגבלת לשיווק,,,"י""ח",1.50,ליטר,false,1,8.80,5.67,true,1,
7290018471951,false,שוופס מוגז פירות אשכולית אדומה 1.5ל,יפאורה שותפות מוגבלת לשיווק,,,"י""ח",1.50,ליטר,false,1,8.80,5.67,true,1,
7290018493045,false,"קרם ידיים אפקטיב קר ש.קוקוס 100מ""ל",פישר תעשיות פרמבצטיות בעמ,,,"י""ח",100,ל  גרם,false,1,12.90,12.90,false,1,
7290018493076,false,"קרם ידיים אפקטיב קר ש.ארגן 100מ""ל",פישר תעשיות פרמבצטיות בעמ,,,"י""ח",100,ל  גרם,false,1,15.90,15.90,false,1,
7290018493144,false,אל סבון נוזלי לידיים קמיל ש. ארגן 1ליט,פישר תעשיות פרמבצטיות בעמ,,,"י""ח",1,ליטר,false,1,15.90,15.90,true,1,
7290018493892,false,"קמיל בלו סנסיטיב אל סבון 750 מ""ל משאבה",פישר תעשיות פרמבצטיות בעמ,,,"י""ח",750,"ל  מ""ל",false,1,19.90,2.65,false,1,
7290018493908,false,"קמיל בלו סנסיטיב אל דמע 750 מ""ל משאבה",פישר תעשיות פרמבצטיות בעמ,,,"י""ח",750,"ל  מ""ל",false,1,19.90,2.65,false,1,
7290018500361,false,לחם אחיד פרוס אנג ל 900גרם  *,שלמה א.אנג ל בעמ,,,"י""ח",900,ל  גרם,false,1,8.53,0.95,false,1,
7290018500460,false,לחם חצי מלא אנג`ל 700גר.,שלמה א.אנג ל בעמ,,,"י""ח",750,ל  גרם,false,1,11.90,1.59,false,1,
7290018540329,false,פיתה אנגל בלדי 8יח.,שלמה א.אנג ל בעמ,,,"י""ח",8,"י""ח",false,1,12.90,1.61,false,1,
7290018540817,false,לחם מחמצת כוסמין 500גרם ארטיזנל,שלמה א.אנג ל בעמ,,,"י""ח",500,ל  גרם,false,1,17.90,3.58,true,1,
7290018540824,false,לחם מחמצת כפרי 500גרם ארטיזנל,שלמה א.אנג ל בעמ,,,"י""ח",500,ל  גרם,false,1,17.90,3.58,true,1,
7290018540831,false,לחם מחמצת חיטה מלאה 500גרם ארטיזנל,שלמה א.אנג ל בעמ,,,"י""ח",500,ל  גרם,false,1,17.90,3.58,true,1,
7290018556924,false,משקה אלכהלי מחנה יהודה לימון 700 מייל,פיירוואטר בעמ,,,"י""ח",750,"ל  מ""ל",false,1,40.20,5.32,true,1,
7290018564608,false,בזיליקום קצוץ צנצנת 200ג שף הטבע,קפוא זן תעשיות מזון בעמ,,,"י""ח",200,ל  גרם,false,1,16.90,8.45,false,1,
7290018571095,false,טופי ממולא בטעמי פירות 600ג,מיה תעשיות מזון מ.ת.מ בעמ,,,"י""ח",600,ל  גרם,false,1,15.90,2.65,false,1,
7290018571224,false,סילאן  טבעי לחיץ 470 גרם מיה,מיה תעשיות מזון מ.ת.מ בעמ,,,"י""ח",470,ל  גרם,false,1,17.90,3.81,false,1,
7290018571231,false,עדשי שוקולד לאפיה 400גר,מיה תעשיות מזון מ.ת.מ בעמ,,,"י""ח",400,ל  גרם,false,1,18.90,4.73,false,1,
7290018571408,false,לקקנים בטעם תותי פרוטי   220ג,מיה תעשיות מזון מ.ת.מ בעמ,,,"י""ח",200,ל  גרם,false,1,9.20,4.60,false,1,
7290018571415,false,לקקנים בטעם תות בננה   220ג,מיה תעשיות מזון מ.ת.מ בעמ,,,"י""ח",200,ל  גרם,false,1,9.20,4.60,false,1,
7290018571422,false,לקקנים מולטיקולור מיקס 65יח,מיה תעשיות מזון מ.ת.מ בעמ,,,"י""ח",65,"י""ח",false,1,18.90,0.29,false,1,
7290018571507,false,סוכריות ויטמין C ילדים דובונים 175גר מיה,מיה תעשיות מזון מ.ת.מ בעמ,,,"י""ח",175,ל  גרם,false,1,39.90,22.80,false,1,
7290018571545,false,סוכריות כורכומין מבוגרים אצבעות 210גר,מיה תעשיות מזון מ.ת.מ בעמ,,,"י""ח",210,ל  גרם,false,1,39.90,19,false,1,
7290018571569,false,"תמצית וניל טהורה 30מ""ל",מיה תעשיות מזון מ.ת.מ בעמ,,,"י""ח",30,ל  גרם,false,1,29.90,99.67,false,1,
7290018571620,false,סוכריות מולטי ויטמין נשים 240גר,מיה תעשיות מזון מ.ת.מ בעמ,,,"י""ח",240,ל  גרם,false,1,39.90,16.63,false,1,
7290018571637,false,סוכריות מולטי ויטמין גברים 220גר,מיה תעשיות מזון מ.ת.מ בעמ,,,"י""ח",220,ל  גרם,false,1,39.90,18.14,false,1,
7290018571644,false,סוכריות קוסמטיקה מבוגרים אצבעות רחבות,מיה תעשיות מזון מ.ת.מ בעמ,,,"י""ח",210,ל  גרם,false,1,39.90,19,false,1,
7290018571699,false,קמח שקדים 250גר,מיה תעשיות מזון מ.ת.מ בעמ,,,"י""ח",250,ל  גרם,false,1,25.90,10.36,false,1,
7290018571705,false,"אורז יסמין 1 ק""ג",מיה תעשיות מזון מ.ת.מ בעמ,,,"י""ח",1,"ק""ג",false,1,10.90,10.90,true,1,
7290018571712,false,"אורז בסגנון פרסי 1 ק""ג",מיה תעשיות מזון מ.ת.מ בעמ,,,"י""ח",1,"ק""ג",false,1,9.90,9.90,true,1,
7290018571729,false,"אורז ריזוטו עגול 1 ק""ג",מיה תעשיות מזון מ.ת.מ בעמ,,,"י""ח",1,"ק""ג",false,1,8.90,8.90,false,1,
7290018571736,false,"אורז בסמטי 1 ק""ג",מיה תעשיות מזון מ.ת.מ בעמ,,,"י""ח",1,"ק""ג",false,1,10.90,10.90,true,1,
7290018571743,false,"אורז מלא 1 ק""ג",מיה תעשיות מזון מ.ת.מ בעמ,,,"י""ח",1,"ק""ג",false,1,8.90,8.90,false,1,
7290018571750,false,"סילאן טבעי  900גרם בד""ץ העדה חרדית",מיה תעשיות מזון מ.ת.מ בעמ,,,"י""ח",900,ל  גרם,false,1,21.90,2.43,false,1,
7290018571767,false,"חומץ בלסמי 500 מ""ל(מיה)",מיה תעשיות מזון מ.ת.מ בעמ,,,"י""ח",500,"ל  מ""ל",false,1,19.90,3.98,false,1,
7290018571798,false,ג`לי שמחות 2 צבעים 540גר,מיה תעשיות מזון מ.ת.מ בעמ,,,"י""ח",540,ל  גרם,false,1,19.90,3.69,false,1,
7290018571811,false,סירופ מייפל טהור 250גר.,מיה תעשיות מזון מ.ת.מ בעמ,,,"י""ח",250,"ל  מ""ל",false,1,32.90,13.16,false,1,
7290018626283,false,פיצה מרגריטה 350ג.,***אדום גרופ למזון שיווק***,,,"י""ח",350,ל  גרם,false,1,10.90,3.11,false,1,
7290018652688,false,לה קרמריה פירות טרופיים,נגה גלידות,,,"י""ח",1.40,ליטר,false,1,19.90,14.21,false,1,
7290018652770,false,טילון גולדה 115גר,נגה גלידות,,,"י""ח",115,ל  גרם,false,1,9.90,8.61,true,1,
7290018652886,false,מאגדת שוקו בננה 8יח,נגה גלידות,,,"י""ח",600,ל  גרם,false,1,29.90,4.98,false,1,
7290018652909,false,מאגדת אספרסו שוקולד 5*43גר,נגה גלידות,,,"י""ח",215,ל  גרם,false,1,29.90,13.91,false,1,
7290018652923,false,מאגדת תות עוגת גבינה 5*43גר,נגה גלידות,,,"י""ח",215,ל  גרם,false,1,29.90,13.91,false,1,
7290018652947,false,קראנצ  שלגון  נסטלה פיסטוק,נגה גלידות,,,"י""ח",1,,false,1,11.90,11.90,true,1,
7290018732809,false,אבוקדו בשל מארז.,ביכורי השדה צפון 1994 ג.ד. בעמ,,,"י""ח",1,"ק""ג",false,1,8.90,8.90,true,1,
7290018835029,false,מרק טעם עוף 400גר,א.ל.יצור ושיווקתבלינים בעמ,,,"י""ח",400,ל  גרם,false,1,12.90,3.23,true,1,
7290018860984,false,אטריות ביצים דקות 400ג,מזרח ומערב יבוא ושיווק,,,"י""ח",4,"ק""ג",false,1,9.90,2.48,true,1,
7290018860991,false,אטריות ביצים רחבות  400ג,מזרח ומערב יבוא ושיווק,,,"י""ח",4,"ק""ג",false,1,9.90,2.48,true,1,
7290018878088,false,שוקולד מריר ללא סוכר שלשות *85ג,כרמית תעשיות ממתקים בעמ,,,"י""ח",255,ל  גרם,false,1,15.90,6.24,false,1,
7290018878095,false,שוקולד חלב ללא סוכר שלשות *85ג,כרמית תעשיות ממתקים בעמ,,,"י""ח",255,ל  גרם,false,1,15.90,6.24,false,1,
7290018879801,false,טופי ממולא בטעם פירות 50 גר`,כרמית תעשיות ממתקים בעמ,,,"י""ח",50,ל  גרם,false,1,1.50,3,true,1,
7290018893005,false,חטיפי בייגלה אפוי דבש וחרדל 160ג.,ש.שסטוביץ בעמ,,,"י""ח",200,ל  גרם,false,1,6.90,3.45,false,1,
7290018893098,false,צ`וקטה ביסקוויט מצופה שוקולד חלב 100גר,ש.שסטוביץ בעמ,,,"י""ח",100,ל  גרם,false,1,9.90,9.90,true,1,
7290018893135,false,צוקטה גריסיני מלח 120גר,ש.שסטוביץ בעמ,,,"י""ח",120,ל  גרם,false,1,6.90,5.75,true,1,
7290018893258,false,צוקטה עוגות אישיות עשירייה קרמל,ש.שסטוביץ בעמ,,,"י""ח",300,ל  גרם,false,1,14.90,4.97,false,1,
7290018893340,false,צוקטה גריסיני שומשום 120גר,ש.שסטוביץ בעמ,,,"י""ח",120,ל  גרם,false,1,6.90,5.75,true,1,
7290018893425,false,ממרח צ`וקטה אגוזי לוז וחלב 700גרם,ש.שסטוביץ בעמ,,,"י""ח",385,ל  גרם,false,1,18.90,4.91,false,1,
7290018893456,false,צוקטה עוגות אישיות עשירייה.,ש.שסטוביץ בעמ,,,"י""ח",300,ל  גרם,false,1,14.90,4.97,false,1,
7290018893487,false,צוקטה עוגות אישיות עשירייה קוקוס,ש.שסטוביץ בעמ,,,"י""ח",300,ל  גרם,false,1,14.90,4.97,false,1,
7290018893647,false,עוגיות סנדוויץ מצופות שוקולד,ש.שסטוביץ בעמ,,,"י""ח",150,ל  גרם,false,1,9.90,6.60,true,1,
7290018893654,false,חטיפי בייגלה שטוח מלח 200ג,ש.שסטוביץ בעמ,,,"י""ח",200,ל  גרם,false,1,6.90,3.45,false,1,
7290018893845,false,צוקטה פתי בר טעם חמאה 400ג,ש.שסטוביץ בעמ,,,"י""ח",400,ל  גרם,false,1,8.90,2.23,false,1,
7290018893920,false,לוקיטוס סוכריות גלי טעם פירות 700ג.,ש.שסטוביץ בעמ,,,"י""ח",700,ל  גרם,false,1,19.90,2.84,false,1,
7290018894040,false,שוקולד חלב צוקטה חמישייה 100ג.,ש.שסטוביץ בעמ,,,"י""ח",500,"ל  מ""ל",false,1,19.90,3.98,false,1,
7290018894248,false,שוקולד חלב צוקטה שלישייה 100ג.,ש.שסטוביץ בעמ,,,"י""ח",300,"ל  מ""ל",false,1,13.90,4.63,true,1,
7290018894446,false,צוקטה שוקולד חלב במילוי קרם בוטנים,ש.שסטוביץ בעמ,,,"י""ח",123,ל  גרם,false,1,11.90,9.67,false,1,
7290018894804,false,בלקוני וופל אגוזים 175ג,ש.שסטוביץ בעמ,,,"י""ח",175,ל  גרם,false,1,7.90,4.51,true,1,
7290018921029,false,מגבוני קמיל בלו רביעייה סנסיטיב.,פישר תעשיות פרמבצטיות בעמ,,,"י""ח",4,"י""ח",false,1,21.90,5.48,true,1,
7290018921166,false,קמיל בלו אל סבון היגייני לניקוי יסודי,פישר תעשיות פרמבצטיות בעמ,,,"י""ח",1,ליטר,false,1,15.90,15.90,true,1,
7290018921265,false,אפקטיב קר תחליב רחצה מועשר בתמצית 700מ,פישר תעשיות פרמבצטיות בעמ,,,"י""ח",700,"ל  מ""ל",false,1,16.90,2.41,true,1,
7290018921609,false,משחת החתלה לתינוק קלנדולה 120ג,פישר תעשיות פרמבצטיות בעמ,,,"י""ח",120,ל  גרם,false,1,21.90,18.25,true,1,
7290018921616,false,מגבוני קמיל בלו רביעייה שיבולת שועל,פישר תעשיות פרמבצטיות בעמ,,,"י""ח",4,"י""ח",false,1,22.90,5.73,false,1,
7290018921807,false,משחת החתלה לתינוק צמחי מרפא 120ג,פישר תעשיות פרמבצטיות בעמ,,,"י""ח",120,ל  גרם,false,1,21.90,18.25,true,1,
7290018925065,false,פרימור מיץ תפוזים סחוט 2ל`,"שטראוס גרופ ***בע""מ",,,"י""ח",2,ליטר,false,1,26.90,13.30,false,1,
7290018925072,false,פרימור משקה קל לימונים ונענע 2ל`,"שטראוס גרופ ***בע""מ",,,"י""ח",2,ליטר,false,1,26.90,13.30,false,1,
7290018925409,false,"מיץ לימון ואננס 400 מ""ל","שטראוס גרופ ***בע""מ",,,"י""ח",400,"ל  מ""ל",false,1,7.90,1.90,false,1,
7290018989005,false,פולפה טבעית 3*400גר יכין A1.,זנלכל בעמ,,,"י""ח",800,ל  גרם,false,1,16.90,2.11,true,1,
7290018989081,false,חומוס הבית להכנת חומוס טרי יכין 410ג,זנלכל בעמ,,,"י""ח",410,ל  גרם,false,1,8.90,2.17,false,1,
7290018989128,false,סירופ בטעם ענבים יכין 1ליטר,זנלכל בעמ,,,"י""ח",1,ליטר,false,1,19.90,19.90,false,1,
7290019036234,false,שיני שום קלופות 200גר,ביכורי השדה צפון 1994 ג.ד. בעמ,,,"י""ח",1,,false,1,12.90,12.90,false,1,
7290019038252,false,מאפין ילדים ממולא 50גר,שלמה א.אנג ל בעמ,,,"י""ח",1,,false,1,2.50,2.50,true,1,
7290019038559,false,עוגה בחושה שוקוצ`יפס 350גר,שלמה א.אנג ל בעמ,,,"י""ח",270,ל  גרם,false,1,12.90,4.78,false,1,
7290019056027,false,שוופס מוגז פירות תפוחים ללא סוכר 1.5ל,יפאורה שותפות מוגבלת לשיווק,,,"י""ח",1.50,ליטר,false,1,7.90,5.07,true,1,
7290019056041,false,שוופס מוגז פירות לחמונייד ללא סוכר 1.5ל,יפאורה שותפות מוגבלת לשיווק,,,"י""ח",1.50,ליטר,false,1,7.90,5.07,true,1,
7290019056058,false,שוופס מוגז עדין תפוח ליים 1.5ליטר,יפאורה שותפות מוגבלת לשיווק,,,"י""ח",1.50,ליטר,false,1,8.60,5.53,true,1,
7290019056065,false,שוופס מוגז עדין פירות יער 1.5ליטר,יפאורה שותפות מוגבלת לשיווק,,,"י""ח",1.50,ליטר,false,1,7.80,5,true,1,
7290019056072,false,שוופס מוגז עדין אננס 1.5ליטר,יפאורה שותפות מוגבלת לשיווק,,,"י""ח",1.50,ליטר,false,1,7.80,5,true,1,
7290019056089,false,שוופס מוגז עדין ענבי ריזלינג 1.5ליטר,יפאורה שותפות מוגבלת לשיווק,,,"י""ח",1.50,ליטר,false,1,7.80,5,true,1,
7290019056096,false,שוופס מוגז עדין אפרסק 1.5ליטר,יפאורה שותפות מוגבלת לשיווק,,,"י""ח",1.50,ליטר,false,1,7.80,5,true,1,
7290019056119,false,סודה 1.5 ליטר,יפאורה שותפות מוגבלת לשיווק,,,"י""ח",1.50,ליטר,false,1,4.80,3,true,1,
7290019056164,false,שוופס סודה רביעיה 1.5 ל,יפאורה שותפות מוגבלת לשיווק,,,"י""ח",6,ליטר,false,1,11.90,1.78,true,1,
7290019056171,false,שוופס סודה רביעיה 1.5 ל לימון,יפאורה שותפות מוגבלת לשיווק,,,"י""ח",6,ליטר,false,1,11.90,1.78,true,1,
7290019056188,false,שוופס סודה רביעיה 1.5 ל נענע ליים,יפאורה שותפות מוגבלת לשיווק,,,"י""ח",6,ליטר,false,1,11.90,1.78,true,1,
7290019056201,false,שוופס סודה רביעיה 1.5 ל פירות יער,יפאורה שותפות מוגבלת לשיווק,,,"י""ח",6,ליטר,false,1,11.90,1.78,true,1,
7290019056232,false,שוופס מוגז עדין ליים מוחיטו 1.5ליטר,יפאורה שותפות מוגבלת לשיווק,,,"י""ח",1.50,ליטר,false,1,7.80,5,true,1,
7290019056256,false,שוופס מים בטעמים תפוחים 1.5 ליטר,יפאורה שותפות מוגבלת לשיווק,,,"י""ח",1.50,ליטר,false,1,8.50,5.47,true,1,
7290019056270,false,שוופס מים בטעמים פירות יער 1.5 ליטר,יפאורה שותפות מוגבלת לשיווק,,,"י""ח",1.50,ליטר,false,1,8.50,5.47,true,1,
7290019056294,false,שוופס ג`ינג`ר אייל 1.5ליטר,יפאורה שותפות מוגבלת לשיווק,,,"י""ח",1.50,ליטר,false,1,13.20,8.60,false,1,
7290019056300,false,שוופס ביטר למון 1.5ליטר,יפאורה שותפות מוגבלת לשיווק,,,"י""ח",1.50,ליטר,false,1,12.50,8.13,false,1,
7290019056317,false,שוופס ראשן 1.5ליטר,יפאורה שותפות מוגבלת לשיווק,,,"י""ח",1.50,ליטר,false,1,12.50,8.13,false,1,
7290019056324,false,שוופס טוניק 1.5ליטר,יפאורה שותפות מוגבלת לשיווק,,,"י""ח",1.50,ליטר,false,1,12.50,8.13,false,1,
7290019056331,false,.שוופס טוניק ללא סוכר 1.5ליטר,יפאורה שותפות מוגבלת לשיווק,,,"י""ח",1.50,ליטר,false,1,11.90,7.73,false,1,
7290019056355,false,תפוזינה  לימונענע 1.5 ליטר,יפאורה שותפות מוגבלת לשיווק,,,"י""ח",1.50,ליטר,false,1,9.20,5.93,true,1,
7290019056379,false,תפוזינה  תפוחים 1.5 ליטר,יפאורה שותפות מוגבלת לשיווק,,,"י""ח",1.50,ליטר,false,1,9.20,5.93,true,1,
7290019056386,false,תפוזינה  אשכוליות 1.5 ליטר,יפאורה שותפות מוגבלת לשיווק,,,"י""ח",1.50,ליטר,false,1,9.20,5.93,true,1,
7290019056409,false,תפוזינה  מנגו 1.5 ליטר,יפאורה שותפות מוגבלת לשיווק,,,"י""ח",1.50,ליטר,false,1,9.20,5.93,true,1,
7290019056423,false,תפוזינה  תפוחים 1.5 ליטר,יפאורה שותפות מוגבלת לשיווק,,,"י""ח",1.50,ליטר,false,1,9.20,5.93,true,1,
7290019056430,false,תפוזינה  תפוזים לייט 1.5 ליטר,יפאורה שותפות מוגבלת לשיווק,,,"י""ח",1.50,ליטר,false,1,9.20,5.93,true,1,
7290019056447,false,תפוזינה  אשכוליות לייט 1.5 ליטר,יפאורה שותפות מוגבלת לשיווק,,,"י""ח",1.50,ליטר,false,1,9.20,5.93,true,1,
7290019056454,false,קולה RC 1.5 ליטר בודד,יפאורה שותפות מוגבלת לשיווק,,,"י""ח",1.50,ליטר,false,1,7.50,4.80,false,1,
7290019056478,false,ספרינג -Tאפרסק  1.5 ל,יפאורה שותפות מוגבלת לשיווק,,,"י""ח",1.50,ליטר,false,1,7.50,4.80,true,1,
7290019056485,false,ספרינג -Tתה ירוק לימון לואיזה 1.5ליטר,יפאורה שותפות מוגבלת לשיווק,,,"י""ח",1.50,ליטר,false,1,7.50,4.80,true,1,
7290019056492,false,ספרינג -Tמנגו אפרסק 1.5ליטר,יפאורה שותפות מוגבלת לשיווק,,,"י""ח",1.50,ליטר,false,1,7.50,4.80,true,1,
7290019056508,false,פרוט ווטר ענבים 1.5 ליטר,יפאורה שותפות מוגבלת לשיווק,,,"י""ח",1.50,ליטר,false,1,8.50,5.47,true,1,
7290019056515,false,פרוט ווטר אננס 1.5 ליטר,יפאורה שותפות מוגבלת לשיווק,,,"י""ח",1.50,ליטר,false,1,8.50,5.47,true,1,
7290019056522,false,פרוט ווטר תות 1.5 ליטר,יפאורה שותפות מוגבלת לשיווק,,,"י""ח",1.50,ליטר,false,1,8.50,5.47,true,1,
7290019056539,false,פרוט ווטר אפרסק 1.5 ליטר,יפאורה שותפות מוגבלת לשיווק,,,"י""ח",1.50,ליטר,false,1,8.50,5.47,true,1,
7290019056546,false,פרוט ווטר אבטיח 1.5 ליטר,יפאורה שותפות מוגבלת לשיווק,,,"י""ח",1.50,ליטר,false,1,8.50,5.47,true,1,
7290019056553,false,עין גדי 2 ליטר שישיה,יפאורה שותפות מוגבלת לשיווק,,,"י""ח",12,ליטר,false,1,13.70,0.99,false,1,
7290019056560,false,מים עין גדי 2 ליטר.,יפאורה שותפות מוגבלת לשיווק,,,"י""ח",2,ליטר,false,1,3.30,1.50,false,1,
7290019056577,false,ספרינג מנגו 1.5 ליטר,יפאורה שותפות מוגבלת לשיווק,,,"י""ח",1.50,ליטר,false,1,9.10,5.87,true,1,
7290019056584,false,ספרינג תפוזים 1.5 ליטר,יפאורה שותפות מוגבלת לשיווק,,,"י""ח",1.50,ליטר,false,1,9.10,5.87,true,1,
7290019056591,false,ספרינג ענבים 1.5 ליטר,יפאורה שותפות מוגבלת לשיווק,,,"י""ח",1.50,ליטר,false,1,9.10,5.87,true,1,
7290019056607,false,ספרינג תפוחים 1.5 ליטר,יפאורה שותפות מוגבלת לשיווק,,,"י""ח",1.50,ליטר,false,1,9.10,5.87,true,1,
7290019056614,false,ספרינג אפרסק 1.5 ליטר,יפאורה שותפות מוגבלת לשיווק,,,"י""ח",1.50,ליטר,false,1,9.10,5.87,true,1,
7290019056621,false,ספרינג פירות טרופיים 1.5 ליטר,יפאורה שותפות מוגבלת לשיווק,,,"י""ח",1.50,ליטר,false,1,9.10,5.87,true,1,
7290019056638,false,ספרינג תות בננה 1.5 ליטר,יפאורה שותפות מוגבלת לשיווק,,,"י""ח",1.50,ליטר,false,1,9.10,5.87,true,1,
7290019056645,false,ספרינג אגס תפוח סברס 1.5 ליטר,יפאורה שותפות מוגבלת לשיווק,,,"י""ח",1.50,ליטר,false,1,9.10,5.87,true,1,
7290019056652,false,ספרינג אננס בננה 1.5 ליטר,יפאורה שותפות מוגבלת לשיווק,,,"י""ח",1.50,ליטר,false,1,9.10,5.87,true,1,
7290019056669,false,ספרינג תפוחים דיאט 1.5 ליטר,יפאורה שותפות מוגבלת לשיווק,,,"י""ח",1.50,ליטר,false,1,9.20,5.93,true,1,
7290019056676,false,ספרינג תאשכוליות אננס דיאט 1.5 ליטר,יפאורה שותפות מוגבלת לשיווק,,,"י""ח",1.50,ליטר,false,1,8.80,5.67,true,1,
7290019056959,false,מים מינרלים מי עדן  1.5ליטר,יפאורה שותפות מוגבלת לשיווק,,,"י""ח",1.50,ליטר,false,1,3.60,2.20,false,1,
7290019056973,false,מי עדן 1.5 ליטר שישיה,יפאורה שותפות מוגבלת לשיווק,,,"י""ח",9,ליטר,false,1,14.90,1.46,true,1,
7290019075103,false,קמיל בלו אקסטרה סופט שמפו לתינוק 1ל,פישר תעשיות פרמבצטיות בעמ,,,"י""ח",1,ליטר,false,1,32.90,32.90,false,1,
7290019075400,false,"אפקטיב קר תחליב רחצה מועשר   700מ""",פישר תעשיות פרמבצטיות בעמ,,,"י""ח",700,"ל  מ""ל",false,1,16.90,2.41,true,1,
7290019075608,false,"אפקטיב קר תחליב רחצה מועשר בתה   700מ""",פישר תעשיות פרמבצטיות בעמ,,,"י""ח",700,"ל  מ""ל",false,1,16.90,2.41,true,1,
7290019075899,false,קמיל בלו אקסטרה סופט אל סבון לתינוק 1ל,פישר תעשיות פרמבצטיות בעמ,,,"י""ח",1,ליטר,false,1,32.90,32.90,false,1,
7290019101833,false,כוסות חד פעמי שתיה חמה 8OZ,ח.כהן סוכנות מזון ומשקאות בע,,,"י""ח",1,"י""ח",false,1,7.90,7.90,false,1,
7290019105022,false,אל סבון נוזלי בניחוח מאסק 1ליטר,טרופיקל דגיל תעשיות קוסמטיקה,,,"י""ח",1,ליטר,false,1,10.90,10.90,true,1,
7290019105220,false,אל סבון נוזלי בניחוח פרש 1ליטר,טרופיקל דגיל תעשיות קוסמטיקה,,,"י""ח",1,ליטר,false,1,10.90,10.90,true,1,
7290019105817,false,אל סבון נוזלי בניחוח וניל ודבש 1ליטר,טרופיקל דגיל תעשיות קוסמטיקה,,,"י""ח",1,ליטר,false,1,10.90,10.90,true,1,
7290019145813,false,ערק  מחנה יהודה 40% 700 מייל,פיירוואטר בעמ,,,"י""ח",700,"ל  מ""ל",false,1,49.90,7.09,true,1,
7290019145868,false,משקה כהלי מחנה יהודה לימון 250 מייל,פיירוואטר בעמ,,,"י""ח",250,"ל  מ""ל",false,1,9.90,3.84,true,1,
7290019153009,false,קולה דיאט RC 1.5 ליטר בודד,יפאורה שותפות מוגבלת לשיווק,,,"י""ח",1.50,ליטר,false,1,7.50,4.80,false,1,
7290019153078,false,שוופס ביטר למון לייט 1.5ליטר,יפאורה שותפות מוגבלת לשיווק,,,"י""ח",1.50,ליטר,false,1,12.50,8.13,false,1,
7290019153085,false,שוופס ללא סוכר מוחיטו 1.5ל.,יפאורה שותפות מוגבלת לשיווק,,,"י""ח",1.50,ליטר,false,1,8.80,5.67,true,1,
7290019153252,false,שוופס סודה רביעיה 1.5 ל תפוח,יפאורה שותפות מוגבלת לשיווק,,,"י""ח",6,ליטר,false,1,11.90,1.78,true,1,
7290019153313,false,"פרוט ווג תפוח חמוציות אוכמניות 350מ""ל",יפאורה שותפות מוגבלת לשיווק,,,"י""ח",350,"ל  מ""ל",false,1,7.50,2.06,true,1,
7290019153344,false,תפוזינה  סנגרייה 1.5 ליטר,יפאורה שותפות מוגבלת לשיווק,,,"י""ח",1.50,ליטר,false,1,9.20,5.93,true,1,
7290019153351,false,תפוזינה  פינק אוזו 1.5 ליטר,יפאורה שותפות מוגבלת לשיווק,,,"י""ח",1.50,ליטר,false,1,9.20,5.93,true,1,
7290019153375,false,תפוזינה  מוחיטו 1.5 ליטר,יפאורה שותפות מוגבלת לשיווק,,,"י""ח",1.50,ליטר,false,1,9.20,5.93,true,1,
7290019153566,false,ספרינג רימון אוכמניות דובדבן  1.5 ליטר,יפאורה שותפות מוגבלת לשיווק,,,"י""ח",1.50,ליטר,false,1,9.10,5.87,true,1,
7290019162018,false,גרב חלק גבר/נשים,ליאור יבוא ושיווק מוצרי הלבשה,,,"י""ח",1,,false,1,14.90,14.90,false,1,
7290019162056,false,גרב טרמו מקופל,ליאור יבוא ושיווק מוצרי הלבשה,,,"י""ח",1,,false,1,19.90,19.90,false,1,
7290019162100,false,גרב עקב *3 לגבר,ליאור יבוא ושיווק מוצרי הלבשה,,,"י""ח",1,,false,1,21,21,false,1,
7290019162124,false,גרב מחממת *2 לגבר,ליאור יבוא ושיווק מוצרי הלבשה,,,"י""ח",1,,false,1,23.50,23.50,false,1,
7290019162162,false,גרב כותנה גבר/נשים,ליאור יבוא ושיווק מוצרי הלבשה,,,"י""ח",1,,false,1,10,10,false,1,
7290019162216,false,בוקסר כותנה,ליאור יבוא ושיווק מוצרי הלבשה,,,"י""ח",1,,false,1,14.90,14.90,false,1,
7290019162315,false,בוקסר לייקרה,ליאור יבוא ושיווק מוצרי הלבשה,,,"י""ח",1,,false,1,15,15,false,1,
7290019162339,false,תחתון מיני  שלישיה בקופסא,ליאור יבוא ושיווק מוצרי הלבשה,,,"י""ח",1,,false,1,34.90,34.90,false,1,
7290019162391,false,חגורה,ליאור יבוא ושיווק מוצרי הלבשה,,,"י""ח",1,,false,1,24.90,24.90,false,1,
7290019167020,false,עוגת גבינה עם פירות יער לייט 82ג,תנובה בעמ ***,,,"י""ח",82,"ל  מ""ל",false,1,6.90,8.41,false,1,
7290019167037,false,תותים ברצפת 82ג,תנובה בעמ ***,,,"י""ח",82,"ל  מ""ל",false,1,6.90,8.41,false,1,
7290019167044,false,קצפת עם קרם בייגלה מתוק מלוח 82ג,תנובה בעמ ***,,,"י""ח",82,"ל  מ""ל",false,1,6.90,8.41,false,1,
7290019204008,false,עוף טוב פסטרמה ארבעה פלפלים 350 גרם,קבוצת אוסם סחר-שות.מוגבלת,,,"י""ח",350,ל  גרם,false,1,29.90,8.54,true,1,
7290019204107,false,עוף טוב פסטרמה בטעם אווז 320 גרם,קבוצת אוסם סחר-שות.מוגבלת,,,"י""ח",320,ל  גרם,false,1,29.90,9.34,true,1,
7290019204206,false,עוף טוב פסטרמה בסגנון רומני 320 גרם,קבוצת אוסם סחר-שות.מוגבלת,,,"י""ח",320,ל  גרם,false,1,29.90,9.34,true,1,
7290019204305,false,חזה הודו ברביקיו  350 גרם,קבוצת אוסם סחר-שות.מוגבלת,,,"י""ח",350,ל  גרם,false,1,29.90,8.54,true,1,
7290019232094,false,חליטת פירות וצמחים בטעם אפרסק,תה ויסוצקי (ישראל)בעמ,,,"י""ח",20,"י""ח",false,1,17.90,0.90,false,1,
7290019232803,false,הולגריין ביסקוויט עם קרם 300ג,תה ויסוצקי (ישראל)בעמ,,,"י""ח",300,ל  גרם,false,1,10.90,3.63,true,1,
7290019232827,false,הולגריין ביסקוויט מילוי אגוזים 300ג,תה ויסוצקי (ישראל)בעמ,,,"י""ח",300,ל  גרם,false,1,10.90,3.63,true,1,
7290019233022,false,שקשוקה חצילים  420ג,תה ויסוצקי (ישראל)בעמ,,,"י""ח",350,"ל  מ""ל",false,1,13.90,3.97,false,1,
7290019233046,false,זית קלמטה בלונד-מרינד עם שמן 215גר רבנ,תה ויסוצקי (ישראל)בעמ,,,"י""ח",560,ל  גרם,false,1,14.90,2.66,false,1,
7290019297543,false,חמאת בוטנים 510גר`,דין שיווק וקליה 2021 בעמ,,,"י""ח",510,ל  גרם,false,1,10.90,2.14,false,1,
7290019297628,false,שקד טבעי 150ג,דין שיווק וקליה 2021 בעמ,,,"י""ח",150,ל  גרם,false,1,15.90,10.60,false,1,
7290019302315,false,סלקטד  BUZZ אבטיח לימון,אגודת הכורמים,,,"י""ח",750,"ל  מ""ל",false,1,27.90,3.68,true,1,
7290019305989,false,פלפל קלוי 200ג,עוזי טעמים של בית,,,"י""ח",200,ל  גרם,false,1,16.90,8.45,false,1,
7290019443124,false,"בירה נגב אואזיס  330מ""ל",הכרם משקאות חריפים בעמ,,,"י""ח",330,"ל  מ""ל",false,1,13.20,3.91,true,1,
7290022005562,false,קריספי פירורי לחם שום 300גר,א.ל.יצור ושיווקתבלינים בעמ,,,"י""ח",300,ל  גרם,false,1,7.90,2.63,true,1,
7290067642005,false,"גולדסטאר SLOW BREW בקבוק 330 מ""ל",טמפו משקאות בעמ,,,"י""ח",300,"ל  מ""ל",false,1,6.90,2.20,false,1,
7290100240144,false,בדין תרסיס מייבש ורוד,יוניליוור ישראל שיווק בעמ,,,"י""ח",500,"ל  מ""ל",false,1,17.90,3.58,false,1,
7290100240632,false,"פתית 6דגנים 250גר  בד""ץ",יוניליוור ישראל שיווק בעמ,,,"י""ח",250,ל  גרם,false,1,16.90,6.76,true,1,
7290100240656,false,"פתית שיפון 300גר  בד""ץ",יוניליוור ישראל שיווק בעמ,,,"י""ח",300,ל  גרם,false,1,16.90,5.63,true,1,
7290100243084,false,מיונז אמיתי הלמנס 789גר`,יוניליוור ישראל שיווק בעמ,,,"י""ח",789,ל  גרם,false,1,19.90,2.52,false,1,
7290100243671,false,"בדין אקסטרא כחול 960 מ""ל",יוניליוור ישראל שיווק בעמ,,,"י""ח",960,"ל  מ""ל",false,1,16.90,1.76,true,1,
7290100245231,false,נמס בכוס ועוד טעם עוף שקדי מרק 50גר,יוניליוור ישראל שיווק בעמ,,,"י""ח",50,ל  גרם,false,1,6.90,13.80,true,1,
7290100412442,false,מגבונים לניקוי שירוקלחת מנטה קוויק,שקד תבל בעמ,,,"י""ח",50,"י""ח",false,1,8.90,0.18,true,1,
7290100412459,false,מגבונים לניקוי שירוקלחת לבנדר קוויק,שקד תבל בעמ,,,"י""ח",50,"י""ח",false,1,8.90,0.18,true,1,
7290100412466,false,קוויק מטליות  לחות לניקוי וחיטוי רצפות,שקד תבל בעמ,,,"י""ח",10,"י""ח",false,1,11.90,1.19,true,1,
7290100412763,false,"דר עור ת.רחצה קלאסי לבנדר 700מ""ל",שקד תבל בעמ,,,"י""ח",700,ל  גרם,false,1,14.90,2.13,true,1,
7290100412794,false,"דר עור פילינג עדין לפנים 150מ""ל",שקד תבל בעמ,,,"י""ח",150,ל  גרם,false,1,24.90,16.60,true,1,
7290100412800,false,"דר עור ת.רחצה עור יבש פרחי בר 700מ""ל",שקד תבל בעמ,,,"י""ח",700,ל  גרם,false,1,14.90,2.13,true,1,
7290100412831,false,"דר עור ת.רחצה וניל טרופי   700מ""ל",שקד תבל בעמ,,,"י""ח",700,ל  גרם,false,1,14.90,2.13,true,1,
7290100653586,false,ליידי ספיד סטיק ג ל ורוד,ש.שסטוביץ בעמ,,,"י""ח",1,"י""ח",false,1,19.90,19.90,true,1,
7290100658338,false,פלמוליב לכלים אוקסי פלוס,ש.שסטוביץ בעמ,,,"י""ח",750,"ל  מ""ל",false,1,12.90,1.72,true,1,
7290100680650,false,מנה חמה נודלס תאילנדי,קבוצת אוסם סחר-שות.מוגבלת,,,"י""ח",76,ל  גרם,false,1,7.90,10.39,true,1,
7290100680667,false,מנה חמה נודלס ירקות ט.סצ`ואן,קבוצת אוסם סחר-שות.מוגבלת,,,"י""ח",76,ל  גרם,false,1,7.90,10.39,true,1,
7290100680711,false,פירורית זהב 350 גרם אוסם,קבוצת אוסם סחר-שות.מוגבלת,,,"י""ח",350,ל  גרם,false,1,10.10,2.89,false,1,
7290100680728,false,פירורית]אוסם[,קבוצת אוסם סחר-שות.מוגבלת,,,"י""ח",350,ל  גרם,false,1,8.60,2.46,false,1,
7290100681138,false,אפרופו מארז  3 יח.,קבוצת אוסם סחר-שות.מוגבלת,,,"י""ח",150,ל  גרם,false,1,14.10,9.40,true,1,
7290100683880,false,פירה אסם,קבוצת אוסם סחר-שות.מוגבלת,,,"י""ח",260,ל  גרם,false,1,17.10,6.58,false,1,
7290100684139,false,פסטה אסם מיני מקרוני,קבוצת אוסם סחר-שות.מוגבלת,,,"י""ח",500,ל  גרם,false,1,6.90,1.38,true,1,
7290100685136,false,"מרק טעם עוף 1  ק""ג}אסם{",קבוצת אוסם סחר-שות.מוגבלת,,,"י""ח",1,"ק""ג",false,1,14.90,14.90,false,1,
7290100685242,false,במבה מתוקה טבעית,קבוצת אוסם סחר-שות.מוגבלת,,,"י""ח",30,ל  גרם,false,1,3.10,10.33,false,1,
7290100685334,false,אבקת מרק עוף רכיבים טבעיי,קבוצת אוסם סחר-שות.מוגבלת,,,"י""ח",400,ל  גרם,false,1,25.90,6.48,false,1,
7290100685341,false,מרק תיבול טעם רך 400 ג,קבוצת אוסם סחר-שות.מוגבלת,,,"י""ח",400,ל  גרם,false,1,17.30,4.33,false,1,
7290100685938,false,"עוגת דבש ותפו""ע",קבוצת אוסם סחר-שות.מוגבלת,,,"י""ח",400,ל  גרם,false,1,17.50,4.38,false,1,
7290100687109,false,במבה במילוי נוגט,קבוצת אוסם סחר-שות.מוגבלת,,,"י""ח",60,ל  גרם,false,1,4.90,8.17,true,1,
7290100689301,false,מרק טעם עוף זך עדיף 400גר.,קבוצת אוסם סחר-שות.מוגבלת,,,"י""ח",400,ל  גרם,false,1,17.40,4.35,false,1,
7290100700006,false,"חיטה 1 ק""ג סוגת",סוגת תעשיות בעמ,,,"י""ח",1,"ק""ג",false,1,9.90,9.90,true,1,
7290100700020,false,גריסי פנינה סוגת,סוגת תעשיות בעמ,,,"י""ח",200,ל  גרם,false,1,4.90,2.45,true,1,
7290100700075,false,פירורי לחם מוזהבים 200 גרם סוגת,סוגת תעשיות בעמ,,,"י""ח",200,ל  גרם,false,1,3.90,1.95,false,1,
7290100700157,false,"אורז סושי 1ק""ג סוגת",סוגת תעשיות בעמ,,,"י""ח",1,"ק""ג",false,1,14,14,false,1,
7290100700242,false,אורז מלא עגול,סוגת תעשיות בעמ,,,"י""ח",1,"ק""ג",false,1,9.90,9.90,false,1,
7290100700266,false,פירורי לחם לבנים 200גרם,סוגת תעשיות בעמ,,,"י""ח",200,ל  גרם,false,1,3.90,1.95,false,1,
7290100700273,false,קינואה 500 גרם סוגת,סוגת תעשיות בעמ,,,"י""ח",500,ל  גרם,false,1,12.90,2.58,true,1,
7290100700297,false,עדשים שחורות 500 גר סוגת.,סוגת תעשיות בעמ,,,"י""ח",500,ל  גרם,false,1,7.90,1.58,true,1,
7290100700310,false,"כוסמת 1 ק""ג סוגת",סוגת תעשיות בעמ,,,"י""ח",1,"ק""ג",false,1,13.90,13.90,true,1,
7290100700402,false,"חומוס ענק 1 ק""ג סוגת",סוגת תעשיות בעמ,,,"י""ח",1,"ק""ג",false,1,19.90,19.90,true,1,
7290100700587,false,בורגול 500 גר`סוגת,סוגת תעשיות בעמ,,,"י""ח",500,ל  גרם,false,1,4.90,0.98,true,1,
7290100701300,false,קינואה אדומה 500גר`,סוגת תעשיות בעמ,,,"י""ח",500,ל  גרם,false,1,12.90,2.58,true,1,
7290100701454,false,גרישה 500גר`,סוגת תעשיות בעמ,,,"י""ח",500,ל  גרם,false,1,4.90,0.98,true,1,
7290100702260,false,קוסקוס דק 350 גר`סוגת,סוגת תעשיות בעמ,,,"י""ח",350,ל  גרם,false,1,4.90,1.40,false,1,
7290100702277,false,קוסקוס עבה 350גר`,סוגת תעשיות בעמ,,,"י""ח",350,ל  גרם,false,1,4.90,1.40,false,1,
7290100702284,false,קוסקוס מלא 350גר`,סוגת תעשיות בעמ,,,"י""ח",350,ל  גרם,false,1,4.90,1.40,false,1,
7290100702611,false,פתיתים אפויים אורז 500ג סוגת,סוגת תעשיות בעמ,,,"י""ח",500,ל  גרם,false,1,5.90,1.18,true,1,
7290100702628,false,פתיתים אפויים קוסקוס  500ג סוגת,סוגת תעשיות בעמ,,,"י""ח",500,ל  גרם,false,1,5.90,1.18,true,1,
7290100702635,false,פתיתים אפויים כוכבים  500ג,סוגת תעשיות בעמ,,,"י""ח",500,ל  גרם,false,1,5.90,1.18,true,1,
7290100702642,false,פתיתים אפויים טבעות  500ג,סוגת תעשיות בעמ,,,"י""ח",500,ל  גרם,false,1,5.90,1.18,true,1,
7290100702994,false,סוכר חום דמררה שקית 500ג,סוגת תעשיות בעמ,,,"י""ח",500,ל  גרם,false,1,4.90,0.98,false,1,
7290100703007,false,עדשים שחורים בלוגה 500ג,סוגת תעשיות בעמ,,,"י""ח",500,ל  גרם,false,1,7.90,1.58,true,1,
7290100703854,false,סוכר דמררה קוביות 500ג,סוגת תעשיות בעמ,,,"י""ח",0.50,"ק""ג",false,1,9.90,19.80,false,1,
7290100704493,false,"קמח שמרים פיצה 1ק""ג",סוגת תעשיות בעמ,,,"י""ח",1,"ק""ג",false,1,8.90,8.90,false,1,
7290100704622,false,סוכר דמררה דק דק בצנצנת 500גר,סוגת תעשיות בעמ,,,"י""ח",500,ל  גרם,false,1,7.90,1.58,false,1,
7290100704684,false,"קמח שמרים כוסמין רב תכליתי 1ק""ג",סוגת תעשיות בעמ,,,"י""ח",1,"ק""ג",false,1,19.90,19.90,false,1,
7290100850909,false,דוריטוס נאצו 70 גרם,"שטראוס פריטו ליי בע""מ",,,"י""ח",70,ל  גרם,false,1,3.90,5.57,true,1,
7290100850916,false,דוריטוס חמוץ חריף 70 גרם,"שטראוס פריטו ליי בע""מ",,,"י""ח",70,ל  גרם,false,1,3.90,5.57,true,1,
7290100850923,false,דוריטוס גריל 70 גרם,"שטראוס פריטו ליי בע""מ",,,"י""ח",70,ל  גרם,false,1,3.90,5.57,true,1,
7290100850930,false,דוריטוס טבעי 70 גרם,"שטראוס פריטו ליי בע""מ",,,"י""ח",70,ל  גרם,false,1,3.90,5.57,true,1,
7290100851968,false,מארז קפה נמס עלית זוגות,"שטראוס גרופ בע""מ",,,"י""ח",400,ל  גרם,false,1,39.40,9.85,true,1,
7290100858592,false,שקית קקאו 150 גרם עלית,"שטראוס גרופ בע""מ",,,"י""ח",150,ל  גרם,false,1,10.20,6.80,false,1,
7290100858608,false,שקית קקאו 500 גרם עלית,"שטראוס גרופ בע""מ",,,"י""ח",500,ל  גרם,false,1,26.90,5.38,false,1,
7290100921401,false,שמפו הוואי קרטין מחזק  700,הנקל סוד בעמ,,,"י""ח",700,"ל  מ""ל",false,1,10.90,1.56,true,1,
7290100921418,false,מרכך  הוואי קרטין מחזק  700,הנקל סוד בעמ,,,"י""ח",700,"ל  מ""ל",false,1,10.90,1.56,true,1,
7290100924457,false,סוד סבון אסלה מארז 1/3 לימון,גורי שיווק בעמ,,,"י""ח",750,"ל  מ""ל",false,1,15.90,2.12,false,1,
7290100925676,false,דפים למכונת כביסה קולור קאצ`ר 20יח,גורי שיווק בעמ,,,"י""ח",20,"י""ח",false,1,20.90,1.05,false,1,
7290100926598,false,"פרסיל 5 ק""ג",גורי שיווק בעמ,,,"י""ח",5,"ק""ג",false,1,43.90,8.78,false,1,
7290101112228,false,מאגדת שמינייה פופסיקל אננס,פלקו בעמ,,,"י""ח",1,,false,1,21.90,21.90,false,1,
7290101112921,false,מאגדת שמינייה פופסיקל פירות טרופי,פלקו בעמ,,,"י""ח",8,"י""ח",false,1,21.90,2.74,false,1,
7290101113393,false,מ.חמישייה גלידה יופלה יוגורט פירות יער,פלקו בעמ,,,"י""ח",1,,false,1,17.90,17.90,false,1,
7290101113454,false,מאגדת שמינייה גלידל  יוגורט אפרסק,פלקו בעמ,,,"י""ח",1,,false,1,27.90,27.90,false,1,
7290101113584,false,מאגדת טילונים שוקולד לבן עם ליבת שוקול,פלקו בעמ,,,"י""ח",1,,false,1,19.90,19.90,false,1,
7290101113720,false,שלגון יולו שוקולד לבן ועוגיות,פלקו בעמ,,,"י""ח",1,,false,1,11.90,11.90,true,1,
7290101113751,false,מאגדת שלגונים יולו ס.קרמל ש.בלונדי 4יח,פלקו בעמ,,,"י""ח",1,,false,1,17.90,17.90,false,1,
7290101113768,false,מאגדת שלגונים יולו עוגיות ש.חלב 4יח,פלקו בעמ,,,"י""ח",1,,false,1,17.90,17.90,false,1,
7290101113904,false,קרמבו מנבו וניל 12 יח`.,פלקו בעמ,,,"י""ח",12,"י""ח",false,1,25.90,2.16,false,1,
7290101551027,false,"קפסולות אספרסו חזק עלית 14יח כשל""פ","שטראוס גרופ בע""מ",,,"י""ח",50,ל  גרם,false,1,19.90,39.80,true,1,
7290101551263,false,סילאן  טבעי 700ג יד מרדכי,"שטראוס גרופ בע""מ",,,"י""ח",700,ל  גרם,false,1,22.90,3.27,true,1,
7290101551300,false,סילאן  טבעי לחיץ 380ג יד מרדכי,"שטראוס גרופ בע""מ",,,"י""ח",380,ל  גרם,false,1,15.60,4.11,false,1,
7290101551539,false,דנונה פרו 20גר אפרסק,"שטראוס גרופ ***בע""מ",,,"י""ח",20,"ל  מ""ל",false,1,5.90,29.50,false,1,
7290101551584,false,מארז תפוצ`יפס קידס  *10 20 גרם,"שטראוס פריטו ליי בע""מ",,,"י""ח",10,"י""ח",false,1,13.90,1.39,false,1,
7290101551614,false,מארז ציטוס קראנץ גבינה 1/8,"שטראוס פריטו ליי בע""מ",,,"י""ח",550,ל  גרם,false,1,11.90,2.16,false,1,
7290101551638,false,מארז צ יטוס כאפה 1/10,"שטראוס פריטו ליי בע""מ",,,"י""ח",10,"י""ח",false,1,12.90,1.29,false,1,
7290101551645,false,מארז צ יטוס איקס עיגול 1/10,"שטראוס פריטו ליי בע""מ",,,"י""ח",10,"י""ח",false,1,12.90,1.29,false,1,
7290101863410,false,סיליט ספריי אקונומיקה,רקיט בנקיזר (ניר איסט) בעמ,,,"י""ח",1,,false,1,12.90,12.90,false,1,
7290101864127,false,"קליה אוקסי ספריי 750מ""ל",רקיט בנקיזר (ניר איסט) בעמ,,,"י""ח",750,"ל  מ""ל",false,1,17.90,2.39,true,1,
7290101865261,false,"פיניש הברקה 800מ""ל",רקיט בנקיזר (ניר איסט) בעמ,,,"י""ח",800,"ל  מ""ל",false,1,19.90,2.49,false,1,
7290101866633,false,קליה ג`ל 3ל,רקיט בנקיזר (ניר איסט) בעמ,,,"י""ח",1.70,ליטר,false,1,29.90,17.59,true,1,
7290101866787,false,קליה ג`ל 3ל לבן,רקיט בנקיזר (ניר איסט) בעמ,,,"י""ח",3,ליטר,false,1,29.90,9.97,true,1,
7290101869771,false,מילוי מבשם אוטומטי חטאים מתוקים,רקיט בנקיזר (ניר איסט) בעמ,,,"י""ח",1,,false,1,15.90,15.90,true,1,
7290101869795,false,מילוי מבשם אוטומטי ליל קיץ,רקיט בנקיזר (ניר איסט) בעמ,,,"י""ח",1,,false,1,15.90,15.90,true,1,
7290102006526,false,נייר אכיל ספיידרמן עיצוב 3,שמחה זה אנחנו,,,"י""ח",1,,false,1,19.90,19.90,false,1,
7290102030330,false,תפוצ יפס קראנצ  מקסיקני,"שטראוס פריטו ליי בע""מ",,,"י""ח",200,ל  גרם,false,1,11.50,5.75,true,1,
7290102032334,false,קפה נמס וניל 200 גרם,"שטראוס גרופ בע""מ",,,"י""ח",200,ל  גרם,false,1,24.90,12.45,false,1,
7290102060979,false,אלמקס משחת שיניים משפחתית,ש.שסטוביץ בעמ,,,"י""ח",100,ל  גרם,false,1,18.90,18.90,true,1,
7290102300822,false,צדר אנגלי  כתום  200ג נטו,א. סיימן סחר בעמ,,,"י""ח",200,ל  גרם,false,1,25.90,12.95,true,1,
7290102300860,false,צדר אנגלי לבן 200ג,א. סיימן סחר בעמ,,,"י""ח",200,ל  גרם,false,1,25.90,12.95,true,1,
7290102302246,false,גאודה 200גרם נטו,א. סיימן סחר בעמ,,,"י""ח",200,ל  גרם,false,1,27.90,13.95,true,1,
7290102302253,false,גאודה עיזים 200גרם נטו,א. סיימן סחר בעמ,,,"י""ח",200,ל  גרם,false,1,36.90,18.45,true,1,
7290102302987,false,גבינה גאיה צדר פרוסות 150ג,א. סיימן סחר בעמ,,,"י""ח",150,ל  גרם,false,1,23.90,15.93,true,1,
7290102303977,false,טונה רוברט בשמן זית 140ג,א. סיימן סחר בעמ,,,"י""ח",140,ל  גרם,false,1,11.90,8.50,true,1,
7290102303984,false,גוש טונה רוברט במים  140ג,א. סיימן סחר בעמ,,,"י""ח",140,ל  גרם,false,1,10.90,7.79,true,1,
7290102390427,false,מולר תות FROOP MULLER,*החברה המרכזית להפצת משקאותבעמ,,,"י""ח",150,"ל  מ""ל",false,1,5.30,3.53,false,1,
7290102390465,false,מולר אפרסק ופסיפלורה,*החברה המרכזית להפצת משקאותבעמ,,,"י""ח",150,"ל  מ""ל",false,1,5.30,3.53,false,1,
7290102390489,false,"מולר150 מ""ל לימון",*החברה המרכזית להפצת משקאותבעמ,,,"י""ח",150,"ל  מ""ל",false,1,5.30,3.53,false,1,
7290102391844,false,מולר פירות יער FROOP MULLER,*החברה המרכזית להפצת משקאותבעמ,,,"י""ח",150,"ל  מ""ל",false,1,5.30,3.53,false,1,
7290102392094,false,חלב עיזים בקרטון 1ליטר,*החברה המרכזית להפצת משקאותבעמ,,,"י""ח",1,ליטר,false,1,15.90,15.90,false,1,
7290102392728,false,מולר ביאנקו נטורל יוגורט טבעי 2.8%,*החברה המרכזית להפצת משקאותבעמ,,,"י""ח",200,ל  גרם,false,1,3.90,1.95,false,1,
7290102393039,false,מולר מיקס יוגורט קרמי עם פצפוצי שוקלד,*החברה המרכזית להפצת משקאותבעמ,,,"י""ח",500,ל  גרם,false,1,5.90,1.18,false,1,
7290102393169,false,סימפלי פרויט תות שדה,*החברה המרכזית להפצת משקאותבעמ,,,"י""ח",150,"ל  מ""ל",false,1,5.10,3.40,true,1,
7290102393176,false,סימפלי פרויט אפרסק,*החברה המרכזית להפצת משקאותבעמ,,,"י""ח",150,"ל  מ""ל",false,1,5.10,3.40,true,1,
7290102393190,false,סימפלי פרויט פירות יער,*החברה המרכזית להפצת משקאותבעמ,,,"י""ח",150,"ל  מ""ל",false,1,5.10,3.40,true,1,
7290102393268,false,גבינה לבנה 5% 750 גר`*,*החברה המרכזית להפצת משקאותבעמ,,,"י""ח",750,ל  גרם,false,1,14.94,1.99,false,1,
7290102393299,false,יוגורט עיזים בבקבוק,*החברה המרכזית להפצת משקאותבעמ,,,"י""ח",500,"ל  מ""ל",false,1,11.90,2.38,false,1,
7290102393848,false,"יוגורט עזים 3% תות בגביע 150מ""ל",*החברה המרכזית להפצת משקאותבעמ,,,"י""ח",140,"ל  מ""ל",false,1,6.30,4.50,false,1,
7290102393947,false,סימפלי פרויט  קיווי,*החברה המרכזית להפצת משקאותבעמ,,,"י""ח",150,"ל  מ""ל",false,1,5.10,3.40,true,1,
7290102394081,false,מולר מיקס יוגורט קרמי עם קורנפלקס מצופה,*החברה המרכזית להפצת משקאותבעמ,,,"י""ח",500,ל  גרם,false,1,5.90,1.18,false,1,
7290102394258,false,מה  עז 180גרם 9% שומן  צוריאל,*החברה המרכזית להפצת משקאותבעמ,,,"י""ח",180,ל  גרם,false,1,23,12.78,false,1,
7290102394463,false,גבינה צהובה נעם 500 גרם פרוס 28%,*החברה המרכזית להפצת משקאותבעמ,,,"י""ח",500,ל  גרם,false,1,26.90,5.38,false,1,
7290102394821,false,גבינה צהובה 28% דק דק לפתיחה חוזרת 200,*החברה המרכזית להפצת משקאותבעמ,,,"י""ח",200,ל  גרם,false,1,15.60,7.80,true,1,
7290102394845,false,גבינה צהובה  9% 200גר דק דק לפתיחה חוזרת,*החברה המרכזית להפצת משקאותבעמ,,,"י""ח",200,ל  גרם,false,1,16.30,8.15,true,1,
7290102395224,false,מאגדת שמינייה מולר ביאנקו נטורל 1.7%,*החברה המרכזית להפצת משקאותבעמ,,,"י""ח",900,ל  גרם,false,1,16.90,1.88,false,1,
7290102395231,false,מאגדת שמינייה מולר ביאנקו נטורל 2.8%,*החברה המרכזית להפצת משקאותבעמ,,,"י""ח",900,ל  גרם,false,1,17.90,1.99,false,1,
7290102395262,false,מאגדת שמינייה מולר 3% פירות,*החברה המרכזית להפצת משקאותבעמ,,,"י""ח",150,"ל  מ""ל",false,1,30.90,20.60,false,1,
7290102395477,false,מעדן מוו שוקולד,*החברה המרכזית להפצת משקאותבעמ,,,"י""ח",250,ל  גרם,false,1,2.80,1.12,false,1,
7290102395521,false,"שמנת לבישול 15% 500מ""ל",*החברה המרכזית להפצת משקאותבעמ,,,"י""ח",500,"ל  מ""ל",false,1,15.90,3.18,false,1,
7290102396405,false,מאגדת מוו שמינייה מעדן וניל 100גר,*החברה המרכזית להפצת משקאותבעמ,,,"י""ח",800,ל  גרם,false,1,13.90,1.74,false,1,
7290102396597,false,מעדן מוו וניל ומוס שוקולד 123גר,*החברה המרכזית להפצת משקאותבעמ,,,"י""ח",123,ל  גרם,false,1,2.80,2.28,false,1,
7290102396665,false,גבינה צהובה  15% 200גר נעם דק דק סגור,*החברה המרכזית להפצת משקאותבעמ,,,"י""ח",200,ל  גרם,false,1,15.90,7.95,true,1,
7290102396672,false,גבינה צהובה  9% 360גר נעם דק דק סגור,*החברה המרכזית להפצת משקאותבעמ,,,"י""ח",360,ל  גרם,false,1,27.50,7.64,false,1,
7290102396719,false,סימפלי פרויט תות שדה%0,*החברה המרכזית להפצת משקאותבעמ,,,"י""ח",150,"ל  מ""ל",false,1,5.10,3.40,true,1,
7290102396740,false,מאגדת סימפלי פרויט תות ואפרסק 8יח 0%,*החברה המרכזית להפצת משקאותבעמ,,,"י""ח",8,"י""ח",false,1,30.90,3.86,false,1,
7290102397075,false,יוגורט 4% 1.5 ל בקרטון,*החברה המרכזית להפצת משקאותבעמ,,,"י""ח",1.50,ליטר,false,1,13.50,9,false,1,
7290102397204,false,גבינה צהובה  22% 200גר נעם דק דק סגור,*החברה המרכזית להפצת משקאותבעמ,,,"י""ח",200,ל  גרם,false,1,15.90,7.95,true,1,
7290102397310,false,מאגדת שמינייה מיני מוו שוקולד קצפת,*החברה המרכזית להפצת משקאותבעמ,,,"י""ח",250,ל  גרם,false,1,11.90,4.76,false,1,
7290102397464,false,מולר ביאנקו  לבן עם חמניה/אגוזי פקאן ג,*החברה המרכזית להפצת משקאותבעמ,,,"י""ח",170,ל  גרם,false,1,5.90,3.47,false,1,
7290102397730,false,אמנטל נעם 200ג,*החברה המרכזית להפצת משקאותבעמ,,,"י""ח",200,ל  גרם,false,1,16.90,8.45,true,1,
7290102397747,false,מוצרלה נעם 200ג,*החברה המרכזית להפצת משקאותבעמ,,,"י""ח",200,ל  גרם,false,1,18.90,9.45,true,1,
7290102397891,false,גבינת מותכת 100ג צוריאל,*החברה המרכזית להפצת משקאותבעמ,,,"י""ח",100,"ל  מ""ל",false,1,7.30,7.30,false,1,
7290102398065,false,חלב טרה קרטון 2 ליטר   מהדרין*%*3,*החברה המרכזית להפצת משקאותבעמ,,,"י""ח",2,ליטר,false,1,12.46,6.23,false,1,
7290102398072,false,חלב הומוגוני 1  ליטר% }3   טרה{*קרטון*,*החברה המרכזית להפצת משקאותבעמ,,,"י""ח",1,ליטר,false,1,6.23,6.23,false,1,
7290102398331,false,חלב מועשר דל לקטוז1ליטר קרטון,*החברה המרכזית להפצת משקאותבעמ,,,"י""ח",1,ליטר,false,1,7.70,7.70,false,1,
7290102398577,false,"שוקו מעושר 250מ""ל בקבוק פקק ספורט",*החברה המרכזית להפצת משקאותבעמ,,,"י""ח",250,"ל  מ""ל",false,1,5.40,2.16,false,1,
7290102398614,false,משקה חלב טעם בננה  1ל בקבוק,*החברה המרכזית להפצת משקאותבעמ,,,"י""ח",1,ליטר,false,1,11.90,11.90,false,1,
7290102398782,false,משקה סויה קלאסי 1ל בקבוק משק צוריא,*החברה המרכזית להפצת משקאותבעמ,,,"י""ח",1,ליטר,false,1,11.90,11.90,false,1,
7290102399048,false,קשקבל נעם 200גרם,*החברה המרכזית להפצת משקאותבעמ,,,"י""ח",200,ל  גרם,false,1,22.90,11.45,true,1,
7290102399772,false,ממרח חמאת מולר במליחות עדינה 250ג,*החברה המרכזית להפצת משקאותבעמ,,,"י""ח",250,ל  גרם,false,1,15.90,6.36,false,1,
7290102399789,false,ממרח חמאת מולר ללא מלח  250ג,*החברה המרכזית להפצת משקאותבעמ,,,"י""ח",250,ל  גרם,false,1,15.90,6.36,false,1,
7290102399796,false,מולר אקטיב יוגורט לבן 200ג,*החברה המרכזית להפצת משקאותבעמ,,,"י""ח",200,"ל  מ""ל",false,1,5.90,2.95,true,1,
7290102399802,false,מולר אקטיב יוגורט עם תות  200ג,*החברה המרכזית להפצת משקאותבעמ,,,"י""ח",200,"ל  מ""ל",false,1,5.90,2.95,true,1,
7290102399857,false,מולר אקטיב לייט יוגורט עם תות 0%  200ג,*החברה המרכזית להפצת משקאותבעמ,,,"י""ח",200,"ל  מ""ל",false,1,5.90,2.95,true,1,
7290103124588,false,"פלמוליב סבון נוזלי סגול משאבה 750 מ""ל",ש.שסטוביץ בעמ,,,"י""ח",750,"ל  מ""ל",false,1,19.90,2.65,true,1,
7290103124601,false,"פלמוליב סבון נוזלי חלב משאבה 750 מ""ל",ש.שסטוביץ בעמ,,,"י""ח",750,"ל  מ""ל",false,1,19.90,2.65,true,1,
7290103126797,false,"קולגייט  סנסטיב פרו ריליף 75מ""ל",ש.שסטוביץ בעמ,,,"י""ח",75,"ל  מ""ל",false,1,18.90,25.20,false,1,
7290103128739,false,צמרונים לתינוק,ש.שסטוביץ בעמ,,,"י""ח",1,"י""ח",false,1,5.90,5.90,false,1,
7290103129378,false,ספיד סטיק 5X ג`ל,ש.שסטוביץ בעמ,,,"י""ח",100,ל  גרם,false,1,24.90,24.90,true,1,
7290103401429,false,קפה נמס ברזילאי  200גר,"שטראוס גרופ בע""מ",,,"י""ח",200,ל  גרם,false,1,28.80,14.40,true,1,
7290103404758,false,כרוב 120גר`,"שטראוס גרופ ***בע""מ",,,"י""ח",120,ל  גרם,false,1,4.80,4,false,1,
7290103681210,false,"יין אדום תבור הר שרדונה 750מ""ל",*החברה המרכזית להפצת משקאותבעמ,,,"י""ח",750,"ל  מ""ל",false,1,35.90,4.75,false,1,
7290103681227,false,"יין אדום תבור הר גוורצטרמינר 750מ""ל",*החברה המרכזית להפצת משקאותבעמ,,,"י""ח",750,"ל  מ""ל",false,1,35.90,4.75,false,1,
7290103700034,false,טאצ`מטליות בגליל,שניב תעשיות נייר בעמ,,,"י""ח",1,,false,1,18.90,18.90,false,1,
7290103700393,false,טאצ`כריות קרצוף רביעייה,שניב תעשיות נייר בעמ,,,"י""ח",1,,false,1,9.90,9.90,true,1,
7290103700652,false,טאצ`ספוג הפלא מארז שישיה.,שניב תעשיות נייר בעמ,,,"י""ח",1,,false,1,10.90,10.90,true,1,
7290103701017,false,נייר אפיה טאצ,שניב תעשיות נייר בעמ,,,"י""ח",10,"י""ח",false,1,9.90,0.99,true,1,
7290103701161,false,טאצ ניילון נצמד  150מטר,שניב תעשיות נייר בעמ,,,"י""ח",150,מטר,false,1,25.90,0.17,false,1,
7290103702212,false,ממחטות כיס  טאצ`מארז 10 יח,שניב תעשיות נייר בעמ,,,"י""ח",10,"י""ח",false,1,7.90,0.79,false,1,
7290103702236,false,טאצ`מפות שולחן שישיה עבות במיוחד,שניב תעשיות נייר בעמ,,,"י""ח",1,,false,1,9.90,9.90,false,1,
7290103702243,false,טאצ`אשפתון עבה עם ידיות 25יח 75/90,שניב תעשיות נייר בעמ,,,"י""ח",50,"י""ח",false,1,19.90,0.40,true,1,
7290103702540,false,נייר טואלט מהדורה כדור פורח 30יח,שניב תעשיות נייר בעמ,,,"י""ח",30,"י""ח",false,1,26.90,0.90,false,1,
7290103703226,false,מטליות לחות לניקוי כללי טאץ,שניב תעשיות נייר בעמ,,,"י""ח",1,"י""ח",false,1,8.90,8.90,false,1,
7290103703370,false,מגבוני טואלט לחים 1/3.,שניב תעשיות נייר בעמ,,,"י""ח",3,"י""ח",false,1,14.90,4.97,true,1,
7290103703578,false,נייר טואלט לוולי תלת שכבתי 32 גלילים,שניב תעשיות נייר בעמ,,,"י""ח",32,"י""ח",false,1,39.90,1.25,false,1,
7290103703745,false,טאצ מפות עבות 45מטר בגליל,שניב תעשיות נייר בעמ,,,"י""ח",45,מטר,false,1,18.90,0.42,false,1,
7290103703899,false,מפיות  טאצ `80 יח`חד שכבתיות,שניב תעשיות נייר בעמ,,,"י""ח",80,"י""ח",false,1,4.90,0.06,false,1,
7290103704186,false,מגבות מטבח 6 יח כפול  טאצ` מהדורת2021,שניב תעשיות נייר בעמ,,,"י""ח",6,"י""ח",false,1,20.90,3.48,true,1,
7290103746001,false,ממחטות אף  חמישייה טאצ`,שניב תעשיות נייר בעמ,,,"י""ח",1,,false,1,13.90,13.90,true,1,
7290104061417,false,חומוס טחינה 400 גר`אחלה,"שטראוס גרופ ***בע""מ",,,"י""ח",400,ל  גרם,false,1,10.90,2.73,false,1,
7290104061424,false,חומוס זעתר 400גר`,"שטראוס גרופ ***בע""מ",,,"י""ח",400,ל  גרם,false,1,10.90,2.73,false,1,
7290104061431,false,חומוס אחלה צנובר 400גר`,"שטראוס גרופ ***בע""מ",,,"י""ח",400,ל  גרם,false,1,10.90,2.73,false,1,
7290104061448,false,חומוס אחלה חריף 400 גר`שטראוס,"שטראוס גרופ ***בע""מ",,,"י""ח",400,ל  גרם,false,1,10.90,2.73,false,1,
7290104062599,false,מארז סופר גמדים תות בננה שמינייה,"שטראוס גרופ ***בע""מ",,,"י""ח",800,ל  גרם,false,1,18.70,2.34,false,1,
7290104064012,false,חטיף GOOD2 שוקולד לבן פסק זמן 36גרם,"שטראוס גרופ בע""מ",,,"י""ח",36,ל  גרם,false,1,5.90,16.39,false,1,
7290104066566,false,סלט טחינה שומשום מלא 500גר אחלה,"שטראוס גרופ ***בע""מ",,,"י""ח",500,ל  גרם,false,1,14.90,2.98,true,1,
7290104067693,false,חומוס חריף 150גר,"שטראוס גרופ ***בע""מ",,,"י""ח",150,ל  גרם,false,1,5.50,3.67,false,1,
7290104500572,false,אפרופו איטליאנו 50 גרם,קבוצת אוסם סחר-שות.מוגבלת,,,"י""ח",50,ל  גרם,false,1,5.80,11.60,true,1,
7290104504228,false,דובונים  מארז 5*20ג,קבוצת אוסם סחר-שות.מוגבלת,,,"י""ח",100,ל  גרם,false,1,15.30,15.30,true,1,
7290104508189,false,גביעי גלידה ממותקים 24 אוסם,קבוצת אוסם סחר-שות.מוגבלת,,,"י""ח",24,"י""ח",false,1,14.10,0.59,false,1,
7290104508943,false,במבה  קלאסי 200 גרם אוסם,קבוצת אוסם סחר-שות.מוגבלת,,,"י""ח",200,ל  גרם,false,1,10.60,5.30,false,1,
7290104570513,false,"תמר מג`הול  מובחר 1 ק""ג",דין שיווק וקליה 2021 בעמ,,,"י""ח",1,,false,1,15.90,15.90,true,1,
7290104570636,false,ממרח תמרים 450 ג תמר הענק,בני ג ורג שוקחה (חיפה) בעמ,,,"י""ח",450,ל  גרם,false,1,5.90,1.31,false,1,
7290104721762,false,קפה שלשות 85גר` עלית,"שטראוס גרופ בע""מ",,,"י""ח",1,"י""ח",false,1,24.80,24.80,false,1,
7290104722530,false,תפוצי פס 200 ג,"שטראוס פריטו ליי בע""מ",,,"י""ח",200,ל  גרם,false,1,11.50,5.75,true,1,
7290104726712,false,"מארז מילקי שמינייה רובין כשל""פ 1064גר","שטראוס גרופ ***בע""מ",,,"י""ח",868,"ל  מ""ל",false,1,20.90,2.41,false,1,
7290104728310,false,שמנת להקצפה 38%  שומן  מהדרין*פ(יטבתה),"שטראוס גרופ ***בע""מ",,,"י""ח",250,"ל  מ""ל",false,1,6.47,2.59,false,1,
7290104729003,false,"שמן זית יד מרדכי כ.מעולה 750 מ""ל  מד.","שטראוס גרופ בע""מ",,,"י""ח",750,"ל  מ""ל",false,1,36.80,4.91,true,1,
7290104960239,false,"תחליב רחצה נקה7 לבן 750 מ""ל",החב הדרומית לשיווק,,,"י""ח",750,"ל  מ""ל",false,1,9.90,1.32,false,1,
7290104961878,false,שמפו קרטין אינטנס,החב הדרומית לשיווק,,,"י""ח",700,"ל  מ""ל",false,1,29.90,4.27,false,1,
7290104963001,false,מגבונים סופטקר בניחוח עדין רביעייה,החב הדרומית לשיווק,,,"י""ח",4,"י""ח",false,1,17.90,4.48,false,1,
7290104965661,false,קרליין נושם ספריי,החב הדרומית לשיווק,,,"י""ח",1,,false,1,14.90,14.90,false,1,
7290105306432,false,טחינה  עם פטרוזיליה 125גרם,"שטראוס גרופ ***בע""מ",,,"י""ח",125,ל  גרם,false,1,5,4,false,1,
7290105360250,false,קפסולות מקיאטו עלית 50גר,"שטראוס גרופ בע""מ",,,"י""ח",50,ל  גרם,false,1,19.90,39.80,true,1,
7290105360335,false,קפסולות אספרסו  עלית 50גר,"שטראוס גרופ בע""מ",,,"י""ח",50,ל  גרם,false,1,19.90,39.80,true,1,
7290105360878,false,מארז תפוצ יפס 50*4.,"שטראוס פריטו ליי בע""מ",,,"י""ח",200,ל  גרם,false,1,11.90,5.95,false,1,
7290105362339,false,שמנת לבישול 15% שומן מהדרין(יטבתה,"שטראוס גרופ ***בע""מ",,,"י""ח",250,"ל  מ""ל",false,1,8.40,3.36,true,1,
7290105363602,false,כיף כף מקלות קלאסי 40גר,"שטראוס גרופ בע""מ",,,"י""ח",40,ל  גרם,false,1,5.30,13.25,true,1,
7290105364289,false,כיף כף מקלות פיצפוצים 40גר,"שטראוס גרופ בע""מ",,,"י""ח",40,ל  גרם,false,1,5.20,13,true,1,
7290105364302,false,כיף כף מקלות אגוזים 42גר,"שטראוס גרופ בע""מ",,,"י""ח",40,ל  גרם,false,1,5.20,13,true,1,
7290105364678,false,משקה אקטיביה בודד אפרסק,"שטראוס גרופ ***בע""מ",,,"י""ח",250,"ל  מ""ל",false,1,5,2,false,1,
7290105366023,false,סלט אחלה חצילים טעם כבד 400 גרם,"שטראוס גרופ ***בע""מ",,,"י""ח",400,ל  גרם,false,1,14.90,3.73,true,1,
7290105366047,false,טחינה לבנה אחלה 400גרם,"שטראוס גרופ ***בע""מ",,,"י""ח",400,ל  גרם,false,1,14.90,3.73,true,1,
7290105366993,false,סימפוניה פלפל שיפקה  200גר,"שטראוס גרופ ***בע""מ",,,"י""ח",200,ל  גרם,false,1,11.40,5.70,false,1,
7290105368904,false,שמנת מתוקה להקצפה 32% שומן מהדרין,"שטראוס גרופ ***בע""מ",,,"י""ח",250,"ל  מ""ל",false,1,7.60,3.04,false,1,
7290105368928,false,"שמנת 9% מהדרין 200מ""ל","שטראוס גרופ ***בע""מ",,,"י""ח",200,"ל  מ""ל",false,1,3.10,1.55,false,1,
7290105369130,false,סימפוניה בצל ירוק 3% 200גר,"שטראוס גרופ ***בע""מ",,,"י""ח",200,ל  גרם,false,1,11.40,5.70,false,1,
7290105430441,false,"פלמוליב סבון נוזלי שחור משאבה 750 מ""ל",ש.שסטוביץ בעמ,,,"י""ח",750,"ל  מ""ל",false,1,19.90,2.65,true,1,
7290105430458,false,"פלמוליב סבון נוזלי שקדים משאבה 750 מ""ל",ש.שסטוביץ בעמ,,,"י""ח",750,"ל  מ""ל",false,1,19.90,2.65,true,1,
7290105431868,false,סבון נוזלי פלמוליב ספא,ש.שסטוביץ בעמ,,,"י""ח",500,"ל  מ""ל",false,1,15.90,3.18,false,1,
7290105436382,false,חטיף דגנים מארז פרי תמרים קשיוחמישיה,ש.שסטוביץ בעמ,,,"י""ח",90,ל  גרם,false,1,16.90,18.78,false,1,
7290105439499,false,מיונז 481ג מאסטר שף,ש.שסטוביץ בעמ,,,"י""ח",481,ל  גרם,false,1,11.90,2.47,false,1,
7290105439505,false,קרם בטעם מיונס לייט 521ג מנה,ש.שסטוביץ בעמ,,,"י""ח",521,ל  גרם,false,1,11.90,2.28,false,1,
7290105439581,false,חרדל דיזון 370ג צרפתי מאסטר שף,ש.שסטוביץ בעמ,,,"י""ח",370,ל  גרם,false,1,11.90,3.22,false,1,
7290105474179,false,לה קט מעדן פטה 100ג,דיפלומט מפיצים (1968) בעמ**,,,"י""ח",100,ל  גרם,false,1,15.90,15.90,false,1,
7290105478320,false,לה קט מולטיפק 4*100ג סלמון ועוף,דיפלומט מפיצים (1968) בעמ**,,,"י""ח",400,ל  גרם,false,1,15.90,3.98,false,1,
7290105500151,false,וודקה פינלנדיה רגיל 700,מ.אקרמן בעמ,,,"י""ח",750,"ל  מ""ל",false,1,68.90,9.15,false,1,
7290105691224,false,חטיפי פריכונים טורטיה שום בצל 60 גר,קבוצת אוסם סחר-שות.מוגבלת,,,"י""ח",60,ל  גרם,false,1,9.20,15.33,false,1,
7290105691712,false,עוגיות הפסקת קפה 230גר,קבוצת אוסם סחר-שות.מוגבלת,,,"י""ח",230,ל  גרם,false,1,10.90,4.74,true,1,
7290105691934,false,"קמח שמרים 1ק""ג",קבוצת אוסם סחר-שות.מוגבלת,,,"י""ח",1,"ק""ג",false,1,10.90,10.90,false,1,
7290105693457,false,עוגת הבית דמקה טעם שוקו וניל,קבוצת אוסם סחר-שות.מוגבלת,,,"י""ח",400,ל  גרם,false,1,14.10,3.53,false,1,
7290105694614,false,ספגטי מהיר הכנה,קבוצת אוסם סחר-שות.מוגבלת,,,"י""ח",500,ל  גרם,false,1,6.90,1.38,true,1,
7290105695024,false,פתיתים אפויים אורז עם אטריות,קבוצת אוסם סחר-שות.מוגבלת,,,"י""ח",500,ל  גרם,false,1,7.90,1.58,true,1,
7290105695321,false,עוגת בראוניז  פאדג`380גר`,קבוצת אוסם סחר-שות.מוגבלת,,,"י""ח",380,ל  גרם,false,1,18.90,4.97,false,1,
7290105695895,false,עוגת הבית דמקה דבש 320גר,קבוצת אוסם סחר-שות.מוגבלת,,,"י""ח",320,ל  גרם,false,1,14.90,4.66,false,1,
7290105962331,false,סחוג אדום זהבי  220גרם,"שטראוס גרופ ***בע""מ",,,"י""ח",220,ל  גרם,false,1,11.50,5.23,false,1,
7290105964564,false,חומוס אחלה  400 גרם. שטראוס,"שטראוס גרופ ***בע""מ",,,"י""ח",400,ל  גרם,false,1,8.50,2.13,false,1,
7290105965738,false,"משקה בוקר לשתיה תות בננה 267מ""ל","שטראוס גרופ ***בע""מ",,,"י""ח",267,ל  גרם,false,1,5,1.87,false,1,
7290105966469,false,"חומץ בלסמי יד מרדכי 250מ""ל","שטראוס גרופ בע""מ",,,"י""ח",250,"ל  מ""ל",false,1,16.80,6.72,false,1,
7290105968098,false,סלט קולסלאו 500גר,"שטראוס גרופ ***בע""מ",,,"י""ח",500,ל  גרם,false,1,14.90,2.98,true,1,
7290105968777,false,פרכיות  אנרג`תחתית שוקולד מריר70גר,"שטראוס גרופ בע""מ",,,"י""ח",1,,false,1,8.90,8.90,false,1,
7290106520066,false,אצבעות רבע לשבע 160גר`,"שטראוס גרופ בע""מ",,,"י""ח",160,ל  גרם,false,1,12.90,8.06,false,1,
7290106520288,false,דנונה WOW תות 2.4%  150גר,"שטראוס גרופ ***בע""מ",,,"י""ח",150,"ל  מ""ל",false,1,4.90,3.27,true,1,
7290106520912,false,שמנת לבישול 9% שומן 258גר  מהדרין יטבתה,"שטראוס גרופ ***בע""מ",,,"י""ח",258,"ל  מ""ל",false,1,8.40,3.26,true,1,
7290106524439,false,תפוצ יפס פופס 60ג,"שטראוס פריטו ליי בע""מ",,,"י""ח",60,ל  גרם,false,1,4.50,7.50,false,1,
7290106525320,false,שוקולית לאפיה  500 גר,"שטראוס גרופ בע""מ",,,"י""ח",500,ל  גרם,false,1,16.50,3.30,false,1,
7290106525368,false,אצבעות רבע לשבע שחור לבן 120גר`,"שטראוס גרופ בע""מ",,,"י""ח",120,ל  גרם,false,1,12.90,10.75,false,1,
7290106525399,false,קפסולות ברזיל 06 עלית 50גר,"שטראוס גרופ בע""מ",,,"י""ח",50,ל  גרם,false,1,19.90,39.80,true,1,
7290106525405,false,קפסולות נטול למכונות נספרסו 50גר,"שטראוס גרופ בע""מ",,,"י""ח",50,ל  גרם,false,1,19.90,39.80,true,1,
7290106526822,false,פריכיות אנרג`י תחתית  חלב 80גר,"שטראוס גרופ בע""מ",,,"י""ח",80,ל  גרם,false,1,9,11.25,false,1,
7290106528567,false,דוריטוס גריל 185ג,"שטראוס פריטו ליי בע""מ",,,"י""ח",185,ל  גרם,false,1,6.90,3.73,false,1,
7290106528628,false,דוריטוס טבעי  185ג,"שטראוס פריטו ליי בע""מ",,,"י""ח",185,ל  גרם,false,1,6.90,3.73,false,1,
7290106572027,false,לחמית חמישה דגנים 190גר,קבוצת אוסם סחר-שות.מוגבלת,,,"י""ח",230,ל  גרם,false,1,9.90,4.30,true,1,
7290106572065,false,חטיפי פריכונים טורטיה חמוץ מתוק 60 גר,קבוצת אוסם סחר-שות.מוגבלת,,,"י""ח",60,ל  גרם,false,1,10.30,17.17,false,1,
7290106572997,false,"קמח שמרים לפיצה 1ק""ג",קבוצת אוסם סחר-שות.מוגבלת,,,"י""ח",1,"ק""ג",false,1,10.90,10.90,false,1,
7290106573314,false,קריספי טאפאס פיזורים 150גרם,קבוצת אוסם סחר-שות.מוגבלת,,,"י""ח",150,ל  גרם,false,1,12.90,8.60,false,1,
7290106574120,false,"גומיגם נסטלה כשל""פ",נגה גלידות,,,"י""ח",1,,false,1,8.90,8.90,true,1,
7290106574793,false,עוגת בראוניס ביס שוקולד 216גר,קבוצת אוסם סחר-שות.מוגבלת,,,"י""ח",216,ל  גרם,false,1,13.10,6.06,false,1,
7290106574953,false,שטוחים  בייגלה שומשום 300גר,קבוצת אוסם סחר-שות.מוגבלת,,,"י""ח",300,ל  גרם,false,1,11.70,3.90,false,1,
7290106574977,false,שטוחים בייגלה  עם מלח  300גר,קבוצת אוסם סחר-שות.מוגבלת,,,"י""ח",300,ל  גרם,false,1,11.70,3.90,false,1,
7290106575011,false,פתיתים אפויים קוסקוס פלוס ח.מלאה 400גר,קבוצת אוסם סחר-שות.מוגבלת,,,"י""ח",500,ל  גרם,false,1,7.60,1.52,false,1,
7290106575431,false,עוגת סופלה טעם שוקו וניל 340גר,קבוצת אוסם סחר-שות.מוגבלת,,,"י""ח",340,ל  גרם,false,1,14.10,4.15,false,1,
7290106576797,false,לה קרמריה וניל איטלקי  1.4ליטר,נגה גלידות,,,"י""ח",1.40,ליטר,false,1,19.90,14.21,false,1,
7290106576810,false,לה קרמריה רבת חלב  1.4ליטר,נגה גלידות,,,"י""ח",1.40,ליטר,false,1,19.90,14.21,false,1,
7290106576834,false,לה קרמריה פונש בננה  1.4ליטר,נגה גלידות,,,"י""ח",1.40,ליטר,false,1,19.90,14.21,false,1,
7290106576858,false,לה קרמריה תותים בשמנת  1.4ליטר,נגה גלידות,,,"י""ח",1.40,ליטר,false,1,19.90,14.21,false,1,
7290106576919,false,לה קרמריה סורבה תות לימון1.4ליטר,נגה גלידות,,,"י""ח",1.40,ליטר,false,1,19.90,14.21,false,1,
7290106576957,false,לה קרמריה שוקו וניל פליק פרווה 1.4ליטר,נגה גלידות,,,"י""ח",1.40,ליטר,false,1,19.90,14.21,false,1,
7290106576971,false,לה קרמריה שוקולד בלגי  1.4ליטר,נגה גלידות,,,"י""ח",1.40,ליטר,false,1,19.90,14.21,false,1,
7290106576995,false,לה קרמריה סורבה תות מנג לייט  1.4 ליטר,נגה גלידות,,,"י""ח",1.40,ליטר,false,1,19.90,14.21,false,1,
7290106577039,false,לה קרמריה וניל שוקו פליק  1.4ליטר,נגה גלידות,,,"י""ח",1.40,ליטר,false,1,19.90,14.21,false,1,
7290106577541,false,כרוב אדום צבר  400גר,קבוצת אוסם סחר-שות.מוגבלת,,,"י""ח",400,ל  גרם,false,1,13.90,3.48,true,1,
7290106578692,false,ביסלי במבה מיקס מהדורת אליפות 80גר,קבוצת אוסם סחר-שות.מוגבלת,,,"י""ח",60,ל  גרם,false,1,5.20,8.67,true,1,
7290106652996,false,כיף כף מקלות קוקוס   40גר,"שטראוס גרופ בע""מ",,,"י""ח",40,ל  גרם,false,1,5.20,13,true,1,
7290106654099,false,מילקי  CAKE מאגדת שמינייה שטראוס,"שטראוס גרופ ***בע""מ",,,"י""ח",272,ל  גרם,false,1,20,7.35,false,1,
7290106656727,false,"חיוכים שוקו 600גר בד""ץ","שטראוס גרופ בע""מ",,,"י""ח",600,ל  גרם,false,1,18.70,3.12,false,1,
7290106656734,false,"חיוכים וניל 600גר בד""ץ","שטראוס גרופ בע""מ",,,"י""ח",600,ל  גרם,false,1,18.60,3.10,false,1,
7290106662025,false,תפוצ יפס  מלח פלפל  50ג,"שטראוס פריטו ליי בע""מ",,,"י""ח",50,ל  גרם,false,1,4.50,9,false,1,
7290106662964,false,סוכ גומי יין נוסטלגיה  100גר,"שטראוס גרופ בע""מ",,,"י""ח",100,ל  גרם,false,1,6.90,6.90,false,1,
7290106663091,false,לאבנה 9% 500גר`,"שטראוס גרופ ***בע""מ",,,"י""ח",500,ל  גרם,false,1,17.90,3.58,false,1,
7290106663121,false,מילקי CAKE בודד,"שטראוס גרופ ***בע""מ",,,"י""ח",34,ל  גרם,false,1,3,8.82,false,1,
7290106663503,false,קונפיטורת לייט תות,"שטראוס גרופ בע""מ",,,"י""ח",250,ל  גרם,false,1,14.90,5.96,false,1,
7290106663558,false,"רוטב טריאקי רימון 280מ""ל","שטראוס גרופ בע""מ",,,"י""ח",280,"ל  מ""ל",false,1,15,5.36,false,1,
7290106664067,false,לאבנה שמן זית וזעתר 10% שומן 400גר,"שטראוס גרופ ***בע""מ",,,"י""ח",400,ל  גרם,false,1,15.10,3.78,false,1,
7290106664555,false,רוטב שמנת עם עגבניות  9%,"שטראוס גרופ ***בע""מ",,,"י""ח",200,ל  גרם,false,1,10.90,5.45,true,1,
7290106664562,false,רוטב שמנת עם פטריות  9%,"שטראוס גרופ ***בע""מ",,,"י""ח",200,ל  גרם,false,1,10.90,5.45,true,1,
7290106666788,false,סוכ דבש נוסטלגיה  100גר,"שטראוס גרופ בע""מ",,,"י""ח",100,ל  גרם,false,1,5.90,5.90,false,1,
7290106667266,false,דוריטוס חמוץ חריף 185ג,"שטראוס פריטו ליי בע""מ",,,"י""ח",185,ל  גרם,false,1,7.90,4.27,false,1,
7290106668577,false,"מיץ לימון טבעי 250מ""ל יד מרדכי","שטראוס גרופ בע""מ",,,"י""ח",250,"ל  מ""ל",false,1,8.80,3.52,true,1,
7290106668713,false,דנונה פירות יער 3%,"שטראוס גרופ ***בע""מ",,,"י""ח",150,"ל  מ""ל",false,1,3.90,2.60,false,1,
7290106720626,false,ציטוס גבינה 80ג,"שטראוס פריטו ליי בע""מ",,,"י""ח",80,ל  גרם,false,1,4.90,6.13,false,1,
7290106721920,false,מסטיק מאסט ספירמינט צ`יקלט 66גר,"שטראוס גרופ בע""מ",,,"י""ח",66,ל  גרם,false,1,11.50,17.42,true,1,
7290106724488,false,דנונה טבעי 1.7% 150גר,"שטראוס גרופ ***בע""מ",,,"י""ח",150,ל  גרם,false,1,2.30,1.53,false,1,
7290106725867,false,"סירופ מייפל טבעי 189 מ""ל","שטראוס גרופ בע""מ",,,"י""ח",189,"ל  מ""ל",false,1,38.50,20.37,true,1,
7290106726178,false,דנונה WOW פירות יער  2.4%  150גר,"שטראוס גרופ ***בע""מ",,,"י""ח",150,"ל  מ""ל",false,1,4.90,3.27,true,1,
7290106727984,false,גביע פצפצים 135גר,"שטראוס גרופ בע""מ",,,"י""ח",135,ל  גרם,false,1,11.50,8.52,false,1,
7290106728127,false,חלב טבעי בקבוק 1ליטר 3.6%,"שטראוס גרופ ***בע""מ",,,"י""ח",1,ליטר,false,1,7.70,7.70,false,1,
7290107280020,false,מטליות לחות לניקוי כללי 50 * 3 מארז סנ,החב הדרומית לשיווק,,,"י""ח",1,,false,1,18.90,18.90,false,1,
7290107280099,false,מגבוני ט. סנו סופט  לחים שלישייה,החב הדרומית לשיווק,,,"י""ח",3,"י""ח",false,1,14.90,4.97,false,1,
7290107280129,false,שקיות אשפה 20יח,החב הדרומית לשיווק,,,"י""ח",1,,false,1,23.90,23.90,false,1,
7290107280341,false,מטליות לחות לרצפה מלון מפנק  10 יחידו,החב הדרומית לשיווק,,,"י""ח",1,,false,1,12.90,12.90,false,1,
7290107280570,false,סנו ג ל כביסה 3ליטר מיקס,החב הדרומית לשיווק,,,"י""ח",3,ליטר,false,1,29.60,9.87,false,1,
7290107280600,false,ספארק 100 טבליות למדיח,החב הדרומית לשיווק,,,"י""ח",100,"י""ח",false,1,54.90,0.55,false,1,
7290107280716,false,"מלח למדיח 2ק""ג ספארק",החב הדרומית לשיווק,,,"י""ח",2,"ק""ג",false,1,12.90,6.45,false,1,
7290107280761,false,נוזל כלים סנו ספארק 1ל לימון,החב הדרומית לשיווק,,,"י""ח",1,ליטר,false,1,12.90,12.90,false,1,
7290107280822,false,ריצפז פרש  הום ספא 2ל,החב הדרומית לשיווק,,,"י""ח",1.45,ליטר,false,1,21.90,15.10,false,1,
7290107469692,false,קומקום חשמלי נירוסטה 1.8 ל,אוהב ציון בעמ,,,"י""ח",1,,false,1,49.90,49.90,false,1,
7290107544481,false,אורנה 19 קרם להסרת שיער 80גר,אלפא קוסמטיקה,,,"י""ח",80,"ל  מ""ל",false,1,19.90,24.88,false,1,
7290107645584,false,מרק עוף אמיתי 400כ ר. טבעיים.,יוניליוור ישראל שיווק בעמ,,,"י""ח",400,ל  גרם,false,1,24.90,6.23,true,1,
7290107646062,false,מרק בצל 400 ג קנור ר.טבעיים,יוניליוור ישראל שיווק בעמ,,,"י""ח",400,ל  גרם,false,1,22.90,5.73,true,1,
7290107646147,false,חטיפי שוגי קורנפלקס שישייה 156גר.,יוניליוור ישראל שיווק בעמ,,,"י""ח",156,ל  גרם,false,1,13.90,8.91,true,1,
7290107646154,false,חטיפי קוקומן פצפ. טעם שוקו שישייה 126ג,יוניליוור ישראל שיווק בעמ,,,"י""ח",156,ל  גרם,false,1,13.90,8.91,true,1,
7290107646383,false,מטליות לחות לניקוי רצפות10 יח,יוניליוור ישראל שיווק בעמ,,,"י""ח",1,"י""ח",false,1,11,11,false,1,
7290107646970,false,ממרח איולי שום 250 גרם,יוניליוור ישראל שיווק בעמ,,,"י""ח",250,ל  גרם,false,1,9.90,3.96,false,1,
7290107647359,false,דומסטוס 3ס. אסלה אושן,יוניליוור ישראל שיווק בעמ,,,"י""ח",165,"ל  מ""ל",false,1,16,9.70,false,1,
7290107647366,false,דומסטוס 3ס. אסלה ליים,יוניליוור ישראל שיווק בעמ,,,"י""ח",165,"ל  מ""ל",false,1,16,9.70,false,1,
7290107647731,false,קוקומן חום לבן 20% פחות סוכר 375 גרם ב,יוניליוור ישראל שיווק בעמ,,,"י""ח",375,ל  גרם,false,1,19.90,5.31,true,1,
7290107647816,false,~ברנפלקס ללא תוספות 500גרם,יוניליוור ישראל שיווק בעמ,,,"י""ח",500,ל  גרם,false,1,20.90,4.18,true,1,
7290107648943,false,ברנפלקס קראנצים מייפל 375ג,יוניליוור ישראל שיווק בעמ,,,"י""ח",400,ל  גרם,false,1,20.90,5.23,true,1,
7290107649858,false,מגנום לבן,גלידות שטראוס בעמ,,,"י""ח",85,ל  גרם,false,1,10,11.76,true,1,
7290107870047,false,אקסטרים טילון בראוניז מטבע ענק 115ג,נגה גלידות,,,"י""ח",115,ל  גרם,false,1,9.90,8.61,true,1,
7290107871990,false,פסטה אסם צינורות,קבוצת אוסם סחר-שות.מוגבלת,,,"י""ח",500,ל  גרם,false,1,6.90,1.38,true,1,
7290107874502,false,ביסלי גריל מארז אחיד 4*55גר,קבוצת אוסם סחר-שות.מוגבלת,,,"י""ח",210,ל  גרם,false,1,13,6.19,true,1,
7290107875271,false,ביסלי ברביקיו מארז אחיד 4*55גר,קבוצת אוסם סחר-שות.מוגבלת,,,"י""ח",210,ל  גרם,false,1,12.90,6.14,true,1,
7290107875400,false,לה קרמריה פיסטוק מוקה פרווה   1.4 ליטר,נגה גלידות,,,"י""ח",1.40,ליטר,false,1,19.90,14.21,false,1,
7290107875820,false,קרטונים אפויים בתיבול ביתי 180גר אסם,קבוצת אוסם סחר-שות.מוגבלת,,,"י""ח",250,ל  גרם,false,1,12.90,5.16,false,1,
7290107879521,false,נסטלה מאגדת  לה פרוטה תות,נגה גלידות,,,"י""ח",350,ל  גרם,false,1,26.90,7.69,false,1,
7290107879620,false,לה פרוטה מלון תפוח 70ג,נגה גלידות,,,"י""ח",70,ל  גרם,false,1,6.90,9.86,true,1,
7290107879668,false,"לה פרוטה תות 70ג כשל""פ",נגה גלידות,,,"י""ח",70,ל  גרם,false,1,7.90,11.29,true,1,
7290107930321,false,מעדן דובדבנים 100% 340גר,"שטראוס גרופ בע""מ",,,"י""ח",250,ל  גרם,false,1,15.80,6.32,false,1,
7290107931397,false,כיף כף פיצפוצים 40גר,"שטראוס גרופ בע""מ",,,"י""ח",40,ל  גרם,false,1,5.60,14,true,1,
7290107932080,false,חלב יטבתה מועשר 3% בקבוק 1ליטר,"שטראוס גרופ ***בע""מ",,,"י""ח",1,ליטר,false,1,7.70,7.70,false,1,
7290107932134,false,חלב מועשר 1% בקבוק 1ליטר,"שטראוס גרופ ***בע""מ",,,"י""ח",1,ליטר,false,1,7.70,7.70,false,1,
7290107936309,false,דנונה יווני לבן 130גר.,"שטראוס גרופ ***בע""מ",,,"י""ח",130,ל  גרם,false,1,3.50,2.69,false,1,
7290107936460,false,מארז 8 דנכול בטעם מעודן,"שטראוס גרופ ***בע""מ",,,"י""ח",1.3840,"ק""ג",false,1,29.60,21.39,false,1,
7290107937542,false,משקה אקטיביה תות 1.2%,"שטראוס גרופ ***בע""מ",,,"י""ח",250,"ל  מ""ל",false,1,5,2,false,1,
7290107937634,false,מסטיק מאסט קוביות פפירמינט  58ג.,"שטראוס גרופ בע""מ",,,"י""ח",66,ל  גרם,false,1,11.90,18.03,true,1,
7290107937641,false,מסטיק מאסט בזוקה 58ג,"שטראוס גרופ בע""מ",,,"י""ח",66,ל  גרם,false,1,11.50,17.42,true,1,
7290107937856,false,קפסולות אספרסו מס11 ל. נספרסו 50ג עלית,"שטראוס גרופ בע""מ",,,"י""ח",50,ל  גרם,false,1,19.90,39.80,true,1,
7290107938396,false,אקטימל שמיניה תות בנים,"שטראוס גרופ ***בע""מ",,,"י""ח",800,"ל  מ""ל",false,1,20.90,2.61,false,1,
7290107940030,false,חומוס אחלה 650גר שטראוס,"שטראוס גרופ ***בע""מ",,,"י""ח",500,ל  גרם,false,1,9.90,1.98,false,1,
7290107940467,false,אקטיביה 200גר  1.5%,"שטראוס גרופ ***בע""מ",,,"י""ח",200,ל  גרם,false,1,4,2,false,1,
7290107942355,false,תפוצ יפס מקלות טעם טבעי 60ג.,"שטראוס פריטו ליי בע""מ",,,"י""ח",60,ל  גרם,false,1,4.50,7.50,false,1,
7290107943192,false,"שמנת חמוצה מהערבה יוטבתה 200מ""ל 27%","שטראוס גרופ ***בע""מ",,,"י""ח",200,"ל  מ""ל",false,1,3.90,1.95,false,1,
7290107944472,false,סימפוניה 5% שום שמיר 200גר,"שטראוס גרופ ***בע""מ",,,"י""ח",200,ל  גרם,false,1,11.40,5.70,false,1,
7290107945165,false,קונפיטורה משמש 340גר,"שטראוס גרופ בע""מ",,,"י""ח",340,ל  גרם,false,1,15.70,4.62,false,1,
7290107945240,false,קולרבי 250גר שטראוס,"שטראוס גרופ ***בע""מ",,,"י""ח",250,ל  גרם,false,1,11.90,4.76,false,1,
7290107950190,false,מעדן דיאט שוקולד מריר 130גר,"שטראוס גרופ ***בע""מ",,,"י""ח",130,ל  גרם,false,1,3.30,2.54,false,1,
7290107950206,false,מעדן דיאט שוקולד 130גר,"שטראוס גרופ ***בע""מ",,,"י""ח",130,ל  גרם,false,1,3.30,2.54,false,1,
7290107951104,false,בפלות שוקולד 200גר,"שטראוס גרופ בע""מ",,,"י""ח",200,ל  גרם,false,1,5.40,2.70,false,1,
7290107951111,false,בפלות לימון 200גר,"שטראוס גרופ בע""מ",,,"י""ח",200,ל  גרם,false,1,5.40,2.70,false,1,
7290107951715,false,מסטיק מאסט קוביות ענבים 58גר.,"שטראוס גרופ בע""מ",,,"י""ח",66,ל  גרם,false,1,11.90,18.03,true,1,
7290107953559,false,מארז קפה טורקי לדרך 168גר`,"שטראוס גרופ בע""מ",,,"י""ח",168,ל  גרם,false,1,20,11.90,false,1,
7290107954709,false,קונפיטורה פירות יער  340גר,"שטראוס גרופ בע""מ",,,"י""ח",340,ל  גרם,false,1,15.80,4.65,false,1,
7290107956642,false,"תרסיס שמן זית  150גרם כשל""פ","שטראוס גרופ בע""מ",,,"י""ח",150,ל  גרם,false,1,18.90,12.60,false,1,
7290107956901,false,קפסולות אספרסו טעם אגוזים  150גר,"שטראוס גרופ בע""מ",,,"י""ח",50,ל  גרם,false,1,19.90,39.80,true,1,
7290107956932,false,קפסולות אספרסו  עלית 50גר,"שטראוס גרופ בע""מ",,,"י""ח",50,ל  גרם,false,1,19.90,39.80,true,1,
7290107957229,false,נטיפי שוקולד ציפס מריר 250גר עלית,"שטראוס גרופ בע""מ",,,"י""ח",180,ל  גרם,false,1,12.90,7.17,false,1,
7290107957991,false,מילקי מינייס CAKE 144ג שטראוס,"שטראוס גרופ ***בע""מ",,,"י""ח",144,ל  גרם,false,1,13.90,9.65,false,1,
7290107958035,false,"מארז 8 דנונה מתיקות מעודנת לל""ס וממתיק","שטראוס גרופ ***בע""מ",,,"י""ח",1.20,ליטר,false,1,18.50,15.42,false,1,
7290107973014,false,"פלמוליב סבון ידיים חלב ודבש  300מ""ל",ש.שסטוביץ בעמ,,,"י""ח",300,"ל  מ""ל",false,1,9.90,3.30,false,1,
7290107973793,false,עגבניות שלמות 400גר מאסטר שף.,ש.שסטוביץ בעמ,,,"י""ח",400,ל  גרם,false,1,5.90,1.48,false,1,
7290107973809,false,מנה עגבניות קובוית 400גר,ש.שסטוביץ בעמ,,,"י""ח",400,ל  גרם,false,1,5.90,1.48,false,1,
7290107973861,false,עגבניות קצוצות דק מנה  400גר*3,ש.שסטוביץ בעמ,,,"י""ח",1.20,"ק""ג",false,1,16.90,14.08,false,1,
7290107974066,false,עלי טורטיה  קמח מלא  320ג מאסטר שף,ש.שסטוביץ בעמ,,,"י""ח",320,ל  גרם,false,1,10.90,3.41,false,1,
7290107974073,false,טורטיה קמח לבן 320ג מאסטר שף,ש.שסטוביץ בעמ,,,"י""ח",320,ל  גרם,false,1,10.90,3.41,false,1,
7290107974301,false,ליידי ספיד סטיק אלוורה ירוק,ש.שסטוביץ בעמ,,,"י""ח",1,"י""ח",false,1,24.90,24.90,true,1,
7290107974806,false,"אורז  בסגנון בסמטי 1ק""ג מאסטר שף",ש.שסטוביץ בעמ,,,"י""ח",1,"ק""ג",false,1,11.90,11.90,false,1,
7290107975346,false,ספיד סטיק 24/7  ג ל,ש.שסטוביץ בעמ,,,"י""ח",1,"י""ח",false,1,24.90,24.90,true,1,
7290107975544,false,"קולגייט סמיילס ברבי 50מ""ל",ש.שסטוביץ בעמ,,,"י""ח",66,ל  גרם,false,1,11.90,18.03,false,1,
7290107976848,false,סבון מוצק קמומיל פלמוליב 4 יח,ש.שסטוביץ בעמ,,,"י""ח",360,ל  גרם,false,1,16.90,4.69,true,1,
7290107978101,false,"קולגייט  אופטיק וויט אקסטרה  75מ""ל",ש.שסטוביץ בעמ,,,"י""ח",256,ל  גרם,false,1,26.90,10.51,true,1,
7290107978323,false,איטריות דקיקות 400ג מאסטר שף,ש.שסטוביץ בעמ,,,"י""ח",400,ל  גרם,false,1,5.90,1.48,true,1,
7290107978330,false,איטריות דקות 400ג מאסטר שף,ש.שסטוביץ בעמ,,,"י""ח",400,ל  גרם,false,1,5.90,1.48,true,1,
7290107978347,false,איטריות בינוניות 400ג מאסטר שף,ש.שסטוביץ בעמ,,,"י""ח",400,ל  גרם,false,1,5.90,1.48,true,1,
7290108070316,false,שקית בלונים פסטל מעורב צבעים 50יח,שמחה זה אנחנו,,,"י""ח",1,,false,1,12,12,false,1,
7290108079357,false,מארז בלונים על מקל כסף,שמחה זה אנחנו,,,"י""ח",1,,false,1,29.90,29.90,false,1,
7290108090338,false,עגבניה תמר,ביכורי השדה צפון 1994 ג.ד. בעמ,,,"ק""ג",1,,true,1,5.90,5.90,false,1,
7290108200232,false,וניש גולד אבקה 470גר לבן,רקיט בנקיזר (ניר איסט) בעמ,,,"י""ח",135,ל  גרם,false,1,15.90,11.78,false,1,
7290108201284,false,"אירוויק מקלות לבנדר  30מ""ל",רקיט בנקיזר (ניר איסט) בעמ,,,"י""ח",30,"ל  מ""ל",false,1,15.90,53,true,1,
7290108201437,false,"קולון 101 2.5ק""ג",רקיט בנקיזר (ניר איסט) בעמ,,,"י""ח",2.50,"ק""ג",false,1,24.90,9.96,false,1,
7290108350142,false,"שקיות רב""ש",החב הדרומית לשיווק,,,"י""ח",1,,false,1,14.90,14.90,false,1,
7290108350531,false,נוזל כלים סנו ספארק 1ל קלאסי,החב הדרומית לשיווק,,,"י""ח",1,ליטר,false,1,12.90,12.90,false,1,
7290108350548,false,נוזל כלים סנו ספארק 1ל לבנדר,החב הדרומית לשיווק,,,"י""ח",1,ליטר,false,1,12.90,12.90,false,1,
7290108350555,false,נוזל כלים סנו ספארק 1ל שקד,החב הדרומית לשיווק,,,"י""ח",1,ליטר,false,1,12.90,12.90,false,1,
7290108350586,false,נוזל כלים סנו ספארק 1.5ל לימון רענן,החב הדרומית לשיווק,,,"י""ח",1.50,ליטר,false,1,15.90,10.60,false,1,
7290108350623,false,מרכך מקסימהכביסה 1 ליטר סופט סילק,החב הדרומית לשיווק,,,"י""ח",1,ליטר,false,1,17.90,17.90,false,1,
7290108351156,false,סנו גט לניקוי כללי ורצפות+חומץ 1.5ל.,החב הדרומית לשיווק,,,"י""ח",1.50,ליטר,false,1,15.90,10.60,false,1,
7290108351507,false,מקסימה מרכך 4 ל SOFT SILK,החב הדרומית לשיווק,,,"י""ח",4,ליטר,false,1,21.90,5.48,false,1,
7290108351514,false,מקסימה מרכך 4 ל BLUE BLOSSOM,החב הדרומית לשיווק,,,"י""ח",4,ליטר,false,1,21.90,5.48,false,1,
7290108351569,false,מבשם ומרכך בייבי למייבש כביסה,החב הדרומית לשיווק,,,"י""ח",750,"ל  מ""ל",false,1,17.90,2.39,true,1,
7290108351613,false,ריצפז פרש הום בית מלון חלומי 2ל לרצפה,החב הדרומית לשיווק,,,"י""ח",1.45,ליטר,false,1,21.90,15.10,false,1,
7290108351699,false,מגבוני JET ניקוי+חומץ מארז שלישייה,החב הדרומית לשיווק,,,"י""ח",1,,false,1,20,20,false,1,
7290108352153,false,"סנובון נוזלי בניחוח לוטוס וסחלב 750 מ""ל",החב הדרומית לשיווק,,,"י""ח",750,"ל  מ""ל",false,1,10.90,1.45,false,1,
7290108352207,false,קפסולות לכביסה מקסימה  פלורל 40יח,החב הדרומית לשיווק,,,"י""ח",40,"י""ח",false,1,39.90,1,false,1,
7290108352214,false,קפסולות לכביסה מקסימה  פרש בריז 40יח,החב הדרומית לשיווק,,,"י""ח",40,"י""ח",false,1,39.90,1,false,1,
7290108352221,false,"סנופרש הום נטול גז 350מ""ל",החב הדרומית לשיווק,,,"י""ח",350,"ל  מ""ל",false,1,11.90,3.40,false,1,
7290108352252,false,נוזל כלים סנו ספארק 1ל ללא צבע ובושם.,החב הדרומית לשיווק,,,"י""ח",1,ליטר,false,1,12.90,12.90,false,1,
7290108352320,false,"סנופרש הום נטול גז 350מ""ל",החב הדרומית לשיווק,,,"י""ח",350,"ל  מ""ל",false,1,11.90,3.40,false,1,
7290108352511,false,מקסימה לניקוי וחיטוי  מכונת הכביסה 500,החב הדרומית לשיווק,,,"י""ח",500,"ל  מ""ל",false,1,11.90,2.38,false,1,
7290108352573,false,מרכך כביסה CALM מקסימה  4 ליטר,החב הדרומית לשיווק,,,"י""ח",4,ליטר,false,1,21.90,5.48,false,1,
7290108352641,false,מטליות הפלא לניקוי כללי 1/3,החב הדרומית לשיווק,,,"י""ח",3,"י""ח",false,1,14.90,4.97,false,1,
7290108352672,false,מטלית הפלא לריצפה 1/2,החב הדרומית לשיווק,,,"י""ח",2,"י""ח",false,1,23.90,11.95,false,1,
7290108352689,false,כריות קרצוף ללכלוך קשה 1/9,החב הדרומית לשיווק,,,"י""ח",1,,false,1,9.90,9.90,false,1,
7290108352818,false,מטליות במבוק,החב הדרומית לשיווק,,,"י""ח",1,,false,1,7.90,7.90,false,1,
7290108352825,false,ספוג הפלא נירוסטה,החב הדרומית לשיווק,,,"י""ח",1,,false,1,12.90,12.90,false,1,
7290108352870,false,סנו סושי 10 שקיות צליה XL,החב הדרומית לשיווק,,,"י""ח",10,"י""ח",false,1,7.90,0.79,false,1,
7290108352894,false,מפת שולחן חגיגית XL,החב הדרומית לשיווק,,,"י""ח",1,,false,1,7.90,7.90,true,1,
7290108352900,false,סנו סושי מגבות נייר גליל כפול 6=12,החב הדרומית לשיווק,,,"י""ח",84.64,מטר,false,1,22.90,0.27,false,1,
7290108352931,false,כפפות ניטריל L סנו סושי 80י,החב הדרומית לשיווק,,,"י""ח",80,"י""ח",false,1,29.90,0.37,false,1,
7290108353006,false,שקיות אוכל נקשרות 250יח,החב הדרומית לשיווק,,,"י""ח",1,,false,1,11.90,11.90,false,1,
7290108353068,false,סנו סושי כרית קרצוף עם סיבי נירוסטה,החב הדרומית לשיווק,,,"י""ח",1,,false,1,12.90,12.90,false,1,
7290108353075,false,50 מפיות אירוח איכותיות 3שכבות,החב הדרומית לשיווק,,,"י""ח",50,"י""ח",false,1,9.90,0.20,false,1,
7290108353099,false,סנו סופט ממחטות מארז 5*100יח,החב הדרומית לשיווק,,,"י""ח",500,"י""ח",false,1,13.90,0.03,false,1,
7290108353471,false,סנובון  בודד,החב הדרומית לשיווק,,,"י""ח",165,ל  גרם,false,1,6.90,4.18,false,1,
7290108353488,false,סנובון  בודד,החב הדרומית לשיווק,,,"י""ח",165,ל  גרם,false,1,5.90,3.58,false,1,
7290108353495,false,חוט דנטאלי 50 מטר בתוספת שעווה ופלואוריד,החב הדרומית לשיווק,,,"י""ח",50,מטר,false,1,9.90,0.20,false,1,
7290108353518,false,תבניות XL אקסטרה חזקות 2יח,החב הדרומית לשיווק,,,"י""ח",4,"י""ח",false,1,9.90,2.48,false,1,
7290108353532,false,שקיות אשפה 100שקיות בגליל סנו סושי,החב הדרומית לשיווק,,,"י""ח",100,"י""ח",false,1,34.90,0.35,false,1,
7290108353662,false,מפת שולחן חגיגית XL,החב הדרומית לשיווק,,,"י""ח",1,,false,1,9.90,9.90,false,1,
7290108353686,false,סנו סושי מטלית הפלא לרצפה Decor,החב הדרומית לשיווק,,,"י""ח",1,,false,1,12.90,12.90,false,1,
7290108353730,false,"קרמה תחליב רחצה חימר אוכמניות 500מ""ל",החב הדרומית לשיווק,,,"י""ח",500,"ל  מ""ל",false,1,13.90,2.78,false,1,
7290108353747,false,"קרמה תחליב רחצה אירוודה ספא 600מ""ל",החב הדרומית לשיווק,,,"י""ח",600,"ל  מ""ל",false,1,17.90,2.98,false,1,
7290108353839,false,כפפות ניטריל Mסנו סושי 80י,החב הדרומית לשיווק,,,"י""ח",80,"י""ח",false,1,29.90,0.37,false,1,
7290108353907,false,"קרמה דאו  רול און קלאסי 75 מ""ל",החב הדרומית לשיווק,,,"י""ח",75,"ל  מ""ל",false,1,12.90,17.20,false,1,
7290108354270,false,מרכך כביסה CALM מקסימה 1 ליטר מרוכז,החב הדרומית לשיווק,,,"י""ח",1,ליטר,false,1,17.90,17.90,false,1,
7290108354607,false,"שמפו נקה 7  ביו 750מ""ל",החב הדרומית לשיווק,,,"י""ח",750,"ל  מ""ל",false,1,12.90,1.72,true,1,
7290108354911,false,"קרמה מן גל לאחר גילוח 700מ""ל",החב הדרומית לשיווק,,,"י""ח",700,"ל  מ""ל",false,1,19.90,2.84,false,1,
7290108356182,false,אל סבון כיף 1 ליטר,החב הדרומית לשיווק,,,"י""ח",1,ליטר,false,1,14.90,14.90,false,1,
7290108356274,false,"מוס רחצה בניחוח תותים ושמנת 150מ""ל",החב הדרומית לשיווק,,,"י""ח",150,"ל  מ""ל",false,1,12.90,8.60,false,1,
7290108356298,false,"מוס רחצה בניחוח קרם עוגיות 150מ""ל",החב הדרומית לשיווק,,,"י""ח",150,"ל  מ""ל",false,1,12.90,8.60,false,1,
7290108356403,false,כיף תחליב רחצה בניחוח עוגת חד קרן 700מ,החב הדרומית לשיווק,,,"י""ח",700,"ל  מ""ל",false,1,13.90,1.99,false,1,
7290108356540,false,קרליין שמפו 10  שיער צבוע 700.,החב הדרומית לשיווק,,,"י""ח",700,"ל  מ""ל",false,1,14.90,2.13,true,1,
7290108356564,false,קרליין מרכך 10 לשיער רגיל 700,החב הדרומית לשיווק,,,"י""ח",700,"ל  מ""ל",false,1,14.90,2.13,true,1,
7290108356861,false,בייבי כיף מגבונים 1/5 ללא בישום,החב הדרומית לשיווק,,,"י""ח",1,,false,1,19.90,19.90,false,1,
7290108357097,false,"קרליין דאו ספריי נושם  ביו 150מ""ל",החב הדרומית לשיווק,,,"י""ח",150,"ל  מ""ל",false,1,12.90,8.60,false,1,
7290108357233,false,מטליות לחות לניקוי והברקה 50יח,החב הדרומית לשיווק,,,"י""ח",1,,false,1,19.90,19.90,false,1,
7290108357264,false,"פרש אוטומטיק בניחוח אולטרה פרש 250מ""ל",החב הדרומית לשיווק,,,"י""ח",165,ל  גרם,false,1,13.90,8.42,false,1,
7290108357295,false,סנו אוקסיגאן מסיר בתרסיס מרסס,החב הדרומית לשיווק,,,"י""ח",750,"ל  מ""ל",false,1,17.70,2.36,false,1,
7290108357394,false,"תחליב רחצה וניל ופלפל ורוד קרמה 700מ""ל",החב הדרומית לשיווק,,,"י""ח",700,ל  גרם,false,1,17.90,2.56,false,1,
7290108357707,false,"כיף שמפו שיער רגיל תפוח ציה 700מ""ל",החב הדרומית לשיווק,,,"י""ח",700,"ל  מ""ל",false,1,13.90,1.99,false,1,
7290108357844,false,כיף אל סבון שקית מילוי+פקק  1ל,החב הדרומית לשיווק,,,"י""ח",1,ליטר,false,1,8.90,8.90,false,1,
7290108357851,false,"כיף תחליב רחצה מועשר בשמן קוקוס 700מ""",החב הדרומית לשיווק,,,"י""ח",700,"ל  מ""ל",false,1,13.90,1.99,false,1,
7290108358124,false,מקסימה דפי בישום לחים למייבש כביסה,החב הדרומית לשיווק,,,"י""ח",750,"ל  מ""ל",false,1,12.90,1.72,false,1,
7290108359008,false,סנו סושי שקיות זיפר 15יח L,החב הדרומית לשיווק,,,"י""ח",1,,false,1,14.90,14.90,false,1,
7290108359077,false,סנו סופט לושן ממחטות אף בקופסא 120יח,החב הדרומית לשיווק,,,"י""ח",440,ל  גרם,false,1,12.90,2.93,false,1,
7290108359084,false,סנו סושי כיסוי ניילון עם גומי M,החב הדרומית לשיווק,,,"י""ח",1,"י""ח",false,1,10.90,10.90,false,1,
7290108359121,false,שקיות אשפה סושי 100יח חזקות,החב הדרומית לשיווק,,,"י""ח",1,"י""ח",false,1,59.90,59.90,false,1,
7290108359152,false,"6 תבניות אלומיניום עגולות 25ס""מ",החב הדרומית לשיווק,,,"י""ח",6,"י""ח",false,1,12.90,2.15,false,1,
7290108359879,false,"בייבי כיף אל סבון 750מ""ל",החב הדרומית לשיווק,,,"י""ח",750,"ל  מ""ל",false,1,17.90,2.39,false,1,
7290108359985,false,סנו ג`אבל קצף ניקוי בתוספת אקונומיקה,החב הדרומית לשיווק,,,"י""ח",1,ליטר,false,1,19.90,19.90,false,1,
7290108500271,false,פטריות חתוך 290 שלישיה מהדרין,ג.וילי פוד אינטרנשיונל בעמ,,,"י""ח",870,ל  גרם,false,1,11.90,1.37,false,1,
7290108500677,false,כבד דג שיבוט  115גר`,ג.וילי פוד אינטרנשיונל בעמ,,,"י""ח",115,ל  גרם,false,1,11,9.57,true,1,
7290108502305,false,גרנה פדנו  גבינת משולש 150ג,ג.וילי פוד אינטרנשיונל בעמ,,,"י""ח",150,ל  גרם,false,1,16.90,11.27,false,1,
7290108502527,false,קרקרים 500ג מליחות מעודנת,ג.וילי פוד אינטרנשיונל בעמ,,,"י""ח",500,ל  גרם,false,1,11.90,2.38,false,1,
7290108502541,false,גבינת שמנת רכה    200ג ויליפוד,ג.וילי פוד אינטרנשיונל בעמ,,,"י""ח",200,ל  גרם,false,1,11.90,5.95,false,1,
7290108502589,false,גבינת שמנת שום 200ג ויליפוד,ג.וילי פוד אינטרנשיונל בעמ,,,"י""ח",200,ל  גרם,false,1,11.90,5.95,false,1,
7290108502725,false,גבינת גאודה פרוסות 400ג ויליפוד,ג.וילי פוד אינטרנשיונל בעמ,,,"י""ח",120,ל  גרם,false,1,20.90,17.42,false,1,
7290108502862,false,מלפפונים כבושים במלח 18-25 600ג,ג.וילי פוד אינטרנשיונל בעמ,,,"י""ח",600,ל  גרם,false,1,11.90,1.98,false,1,
7290108503043,false,מארז תפוחונים 1/4,ג.וילי פוד אינטרנשיונל בעמ,,,"י""ח",4,"י""ח",false,1,15.90,3.98,false,1,
7290108503159,false,גבינה כחולה עם עובש 100ג 31% ויליפוד,ג.וילי פוד אינטרנשיונל בעמ,,,"י""ח",100,ל  גרם,false,1,15.90,15.90,false,1,
7290108503708,false,פיצה עם פיטריות 390 גרם,ג.וילי פוד אינטרנשיונל בעמ,,,"י""ח",390,ל  גרם,false,1,13.90,3.56,false,1,
7290108503975,false,קנוליני 500 גרם.,ג.וילי פוד אינטרנשיונל בעמ,,,"י""ח",397,ל  גרם,false,1,9.90,2.49,false,1,
7290108503982,false,פרוסות גבינה בטעם צ`דר 150ג,ג.וילי פוד אינטרנשיונל בעמ,,,"י""ח",150,ל  גרם,false,1,11.90,7.93,true,1,
7290108503999,false,פרוסות גבינה בטעם גאודה 150ג,ג.וילי פוד אינטרנשיונל בעמ,,,"י""ח",150,ל  גרם,false,1,10.90,7.27,true,1,
7290108504293,false,מנצ`גו צ`אנק  150 גרם ויליפוד,ג.וילי פוד אינטרנשיונל בעמ,,,"י""ח",150,ל  גרם,false,1,20.90,13.93,true,1,
7290108504378,false,גבינת שמנת זיתים200ג euro chee ויליפוד,ג.וילי פוד אינטרנשיונל בעמ,,,"י""ח",200,ל  גרם,false,1,11.90,5.95,false,1,
7290108504385,false,גבינת שמנת חלפיניו200ג euro chee ויליפ,ג.וילי פוד אינטרנשיונל בעמ,,,"י""ח",200,ל  גרם,false,1,14.90,7.45,false,1,
7290108505153,false,יוגורט טעם טבעי 150גר 10% שומן,ג.וילי פוד אינטרנשיונל בעמ,,,"י""ח",150,ל  גרם,false,1,5.90,3.93,true,1,
7290108505160,false,יוגורט עם אגסים 150גר 4% שומן,ג.וילי פוד אינטרנשיונל בעמ,,,"י""ח",150,ל  גרם,false,1,5.90,3.93,true,1,
7290108505177,false,יוגורט עם אננס 150גר 0% שומן,ג.וילי פוד אינטרנשיונל בעמ,,,"י""ח",150,ל  גרם,false,1,5.80,3.87,true,1,
7290108505184,false,יוגורט עם קוקוס 150גר 5% שומן,ג.וילי פוד אינטרנשיונל בעמ,,,"י""ח",150,ל  גרם,false,1,5.90,3.93,true,1,
7290108505207,false,יוגורט עם אוכמניות 150גר 0% שומן,ג.וילי פוד אינטרנשיונל בעמ,,,"י""ח",150,ל  גרם,false,1,5.90,3.93,true,1,
7290108505214,false,יוגורט עם אפרסק 150גר 0% שומן,ג.וילי פוד אינטרנשיונל בעמ,,,"י""ח",150,ל  גרם,false,1,6.40,4.27,true,1,
7290108505689,false,גבינת גרנה פדנו מגורדת 100 גרם ויליפוד,ג.וילי פוד אינטרנשיונל בעמ,,,"י""ח",100,ל  גרם,false,1,10.20,10.20,false,1,
7290108505740,false,גבינת קשקבל  חצי קשה 200ג 25% שומן,ג.וילי פוד אינטרנשיונל בעמ,,,"י""ח",200,ל  גרם,false,1,15.90,7.95,false,1,
7290108505962,false,שזיפים מיובשים  400גר,ג.וילי פוד אינטרנשיונל בעמ,,,"י""ח",400,ל  גרם,false,1,21.90,5.48,false,1,
7290108506709,false,גבינת פרמג`אנו רגיאנו משולש 150ג,ג.וילי פוד אינטרנשיונל בעמ,,,"י""ח",150,ל  גרם,false,1,29.90,19.93,false,1,
7290108507065,false,גבינת פרמגיאנו מגורדת 100ג,ג.וילי פוד אינטרנשיונל בעמ,,,"י""ח",100,ל  גרם,false,1,12.90,12.90,false,1,
7290108507072,false,שבבי גבינת גרנה פדנו 100ג,ג.וילי פוד אינטרנשיונל בעמ,,,"י""ח",100,ל  גרם,false,1,9.90,9.90,false,1,
7290108508185,false,ספגטי ריגטוני ללא גלוטן 400גר,ג.וילי פוד אינטרנשיונל בעמ,,,"י""ח",400,ל  גרם,false,1,9.90,2.48,false,1,
7290108508369,false,גבינה ציז לונג  200ג  ויליפוד,ג.וילי פוד אינטרנשיונל בעמ,,,"י""ח",200,ל  גרם,false,1,19.90,9.95,false,1,
7290108508499,false,"איירן משקה יוגורט טורקי 293מ""ל",ג.וילי פוד אינטרנשיונל בעמ,,,"י""ח",293,ל  גרם,false,1,5.90,2.01,true,1,
7290108508901,false,יוגורט עם דובדבנים ושקדים  150גר 0% שו,ג.וילי פוד אינטרנשיונל בעמ,,,"י""ח",150,ל  גרם,false,1,5.90,3.93,true,1,
7290108509229,false,חטיף אורז אפוי בננה  לתינוק 50ג,ג.וילי פוד אינטרנשיונל בעמ,,,"י""ח",50,ל  גרם,false,1,11.90,23.80,false,1,
7290108509267,false,ארוחת פסטה עם רוטב גבינה 206גר,ג.וילי פוד אינטרנשיונל בעמ,,,"י""ח",206,ל  גרם,false,1,7.90,3.83,true,1,
7290108509359,false,פופקורן בציפוי בטעם קרמל 90גר,ג.וילי פוד אינטרנשיונל בעמ,,,"י""ח",90,ל  גרם,false,1,6.90,7.67,true,1,
7290108509403,false,חלבה טורקית קלאסית 350 גרם ג.ויליפוד,ג.וילי פוד אינטרנשיונל בעמ,,,"י""ח",350,ל  גרם,false,1,11.90,3.40,false,1,
7290108509410,false,חלבה טורקית קקאו 350 גרם ויליפוד,ג.וילי פוד אינטרנשיונל בעמ,,,"י""ח",350,ל  גרם,false,1,11.90,3.40,false,1,
7290108509700,false,"אורז בסגנון פרסי 1ק""ג DAAWAT",ג.וילי פוד אינטרנשיונל בעמ,,,"י""ח",1,"ק""ג",false,1,9.90,9.90,false,1,
7290108509908,false,מנת השף אטריות טעם ירקות 85ג,ג.וילי פוד אינטרנשיונל בעמ,,,"י""ח",85,ל  גרם,false,1,3.90,4.59,true,1,
7290108509915,false,מנת השף אטריות טעם סיני פיקנטי 85ג,ג.וילי פוד אינטרנשיונל בעמ,,,"י""ח",85,ל  גרם,false,1,3.90,4.59,true,1,
7290108509922,false,מנת השף אטריות טעם עוף 85ג,ג.וילי פוד אינטרנשיונל בעמ,,,"י""ח",85,ל  גרם,false,1,3.90,4.59,true,1,
7290108509939,false,פרוסות פילה טונה 120גר,ג.וילי פוד אינטרנשיונל בעמ,,,"י""ח",120,ל  גרם,false,1,12.90,10.75,true,1,
7290108509984,false,"רוטב סויה 300מ""ל",ג.וילי פוד אינטרנשיונל בעמ,,,"י""ח",300,ל  גרם,false,1,8.90,2.97,false,1,
7290108509991,false,"רוטב טריאקי 300מ""ל",ג.וילי פוד אינטרנשיונל בעמ,,,"י""ח",300,ל  גרם,false,1,8.90,2.97,false,1,
7290109351209,false,"לה פרוטה אננס תפוז 70ג כשל""פ",נגה גלידות,,,"י""ח",70,ל  גרם,false,1,7.90,11.29,true,1,
7290109351957,false,פיטנס פריכיות גדולות 100גר,קבוצת אוסם סחר-שות.מוגבלת,,,"י""ח",100,ל  גרם,false,1,9.60,9.60,false,1,
7290109353494,false,פרפקטו פארפאלה   500 גרם,קבוצת אוסם סחר-שות.מוגבלת,,,"י""ח",500,ל  גרם,false,1,8.70,1.74,false,1,
7290109354057,false,מאגדת  לה פרוטה אננס תפוז נסטלה,נגה גלידות,,,"י""ח",350,ל  גרם,false,1,28.90,8.26,false,1,
7290109354101,false,לחמית ללא גלוטן 200גר,קבוצת אוסם סחר-שות.מוגבלת,,,"י""ח",200,ל  גרם,false,1,9.90,4.95,true,1,
7290109354996,false,פתי בר שוקו  ללא גלוטן 200גר,קבוצת אוסם סחר-שות.מוגבלת,,,"י""ח",200,ל  גרם,false,1,12.90,6.45,true,1,
7290109355504,false,קראנץ וניל ריבת נוגט כשל``פ,נגה גלידות,,,"י""ח",100,ל  גרם,false,1,11.90,11.90,true,1,
7290109358130,false,לה פרוטה מאגדת יוגורט פירות 8*60ג,נגה גלידות,,,"י""ח",680,ל  גרם,false,1,26.90,3.96,false,1,
7290109358260,false,נקנקיות עם חלבון  664 גרם,קבוצת אוסם סחר-שות.מוגבלת,,,"י""ח",664,ל  גרם,false,1,39.90,6.01,true,1,
7290109358482,false,קרמוגית במילוי חלווה 200גר,קבוצת אוסם סחר-שות.מוגבלת,,,"י""ח",200,ל  גרם,false,1,11.90,5.95,true,1,
7290109358765,false,קראנץ רולס נוגט 500גר`,קבוצת אוסם סחר-שות.מוגבלת,,,"י""ח",500,ל  גרם,false,1,25.90,5.18,true,1,
7290109580050,false,נקניקיות צ`וריסוס 226גר Wonders,זוגלובק שיווק בעמ ו/או וונדרס,,,"י""ח",226,ל  גרם,false,1,29.90,13.23,true,1,
7290109580067,false,טחון 340גר Wonders,זוגלובק שיווק בעמ ו/או וונדרס,,,"י""ח",340,ל  גרם,false,1,29.90,8.79,true,1,
7290109580098,false,קבנוס טעם סרירצ`ה 135גרם,זוגלובק שיווק בעמ,,,"י""ח",135,ל  גרם,false,1,12.50,9.26,false,1,
7290109580104,false,רוסטביף 150ג פרימיום.,זוגלובק שיווק בעמ,,,"י""ח",150,ל  גרם,false,1,24.90,16.60,false,1,
7290109580111,false,צלעות אסאדו פרימיום   120גר`,זוגלובק שיווק בעמ,,,"י""ח",120,ל  גרם,false,1,24.90,20.75,false,1,
7290109580135,false,קורנדביף 180 גרם פרימיום.,זוגלובק שיווק בעמ,,,"י""ח",180,ל  גרם,false,1,24.90,13.83,false,1,
7290109580166,false,סרוולד קלאסי 150ג פרימיום.,זוגלובק שיווק בעמ,,,"י""ח",150,ל  גרם,false,1,24.90,16.60,false,1,
7290109580319,false,בורגר 280גר WONDERS,זוגלובק שיווק בעמ ו/או וונדרס,,,"י""ח",280,ל  גרם,false,1,29.90,10.68,true,1,
7290109580326,false,נקניקיות עוף 800גר בית יוסף זוגלובק.,זוגלובק שיווק בעמ,,,"י""ח",800,ל  גרם,false,1,24.90,3.11,false,1,
7290109640198,false,מגורדת לפיצה ואפיה  200גר משומשו,קפוא זן תעשיות מזון בעמ,,,"י""ח",200,ל  גרם,false,1,21.90,10.95,false,1,
7290109640372,false,ממרח עם זיתים 9% שומן 200גר משומשו,קפוא זן תעשיות מזון בעמ,,,"י""ח",200,ל  גרם,false,1,15.90,7.95,false,1,
7290109640396,false,ממרח עם שום שמיר 9% שומן 200גר משומשו,קפוא זן תעשיות מזון בעמ,,,"י""ח",200,ל  גרם,false,1,15.90,7.95,false,1,
7290109640402,false,ממרח בטעם טבעי 9% שומן 200גר משומשו,קפוא זן תעשיות מזון בעמ,,,"י""ח",200,ל  גרם,false,1,15.90,7.95,false,1,
7290109920146,false,"דורגול קומקום 750מ""ל",יעקב יעקבי ובניו בעמ,,,"י""ח",750,"ל  מ""ל",false,1,19.90,2.65,false,1,
7290109920313,false,אסטוניש מרסס מבריק שמשות,יעקב יעקבי ובניו בעמ,,,"י""ח",750,"ל  מ""ל",false,1,16.90,2.25,true,1,
7290109920603,false,"אסטוניש  קרם מטבח 500 מ""ל יעקבי",יעקב יעקבי ובניו בעמ,,,"י""ח",500,"ל  מ""ל",false,1,9.90,1.98,false,1,
7290109920627,false,אסטוניש  קרם אמבט 550+ניקוי אקונומיק 5.,יעקב יעקבי ובניו בעמ,,,"י""ח",500,"ל  מ""ל",false,1,13.90,2.78,false,1,
7290109920849,false,אסטוניש מרסס תפוז לניקוי רב תכליתי,יעקב יעקבי ובניו בעמ,,,"י""ח",750,"ל  מ""ל",false,1,16.90,2.25,true,1,
7290109920894,false,הפי נוזל ניקוי רצפות 1ל,יעקב יעקבי ובניו בעמ,,,"י""ח",1,ליטר,false,1,12.90,12.90,false,1,
7290109920917,false,"ג ל לאסלה עם כלור 750מ""ל.",יעקב יעקבי ובניו בעמ,,,"י""ח",750,"ל  מ""ל",false,1,9.90,1.32,true,1,
7290109921303,false,טורבול סופג לחות,יעקב יעקבי ובניו בעמ,,,"י""ח",1,"י""ח",false,1,25.90,25.90,false,1,
7290109923024,false,"אסטוניש מרסס פרמיום למטבח 750מ""ל",יעקב יעקבי ובניו בעמ,,,"י""ח",750,"ל  מ""ל",false,1,14.90,1.99,false,1,
7290109923093,false,"אסטוניש לחיץ כירים זכוכית קרמית 500מ""",יעקב יעקבי ובניו בעמ,,,"י""ח",500,"ל  מ""ל",false,1,14.90,2.98,true,1,
7290109923109,false,סבון אסלה 5 צדפים+2 אקונומיקה,יעקב יעקבי ובניו בעמ,,,"י""ח",500,"ל  מ""ל",false,1,12.90,2.58,false,1,
7290110002039,false,חיטה תפוחה עם קקאו 400 גר(שלווה),בטר אנד דיפרנט בעמ,,,"י""ח",400,ל  גרם,false,1,13.90,3.48,false,1,
7290110110277,false,"משקה סומרסבי 330מ""ל 1/4",החברה המרכזית להפצת משקאות בעמ,,,"י""ח",1.32,ליטר,false,1,31.90,23.26,true,1,
7290110110369,false,"קרלסברג Luma שישיות} 330מ""ל",החברה המרכזית להפצת משקאות בעמ,,,"י""ח",1.98,ליטר,false,1,39.90,19.24,true,1,
7290110110574,false,פחית קוקה קולה זירו לימון סליק,החברה המרכזית להפצת משקאות בעמ,,,"י""ח",330,"ל  מ""ל",false,1,4.60,1.30,true,1,
7290110111557,false,"פאוורייד מאונטן בטעם פירות 500מ""ל פח",החברה המרכזית להפצת משקאות בעמ,,,"י""ח",500,"ל  מ""ל",false,1,7.90,1.52,true,1,
7290110111564,false,"פאוורייד סיטרוס בטעם הדרים 500מ""ל פח",החברה המרכזית להפצת משקאות בעמ,,,"י""ח",500,"ל  מ""ל",false,1,7.90,1.52,true,1,
7290110113384,false,קוקה קולה זירו  1ליטר רביעייה,החברה המרכזית להפצת משקאות בעמ,,,"י""ח",4,ליטר,false,1,29.90,7.18,true,1,
7290110114787,false,נביעות בטעם תפוח עדין 1.5ליטר,החברה המרכזית להפצת משקאות בעמ,,,"י""ח",1.50,ליטר,false,1,9,5.80,false,1,
7290110114794,false,נביעות בטעם אפרסק עדין 1.5ליטר,החברה המרכזית להפצת משקאות בעמ,,,"י""ח",1.50,ליטר,false,1,9,5.80,false,1,
7290110114800,false,נביעות בטעם ענבים עדין 1.5ליטר,החברה המרכזית להפצת משקאות בעמ,,,"י""ח",1.50,ליטר,false,1,9,5.80,false,1,
7290110114855,false,~נביעות 1.5 ליטר שישיה,החברה המרכזית להפצת משקאות בעמ,,,"י""ח",9,ליטר,false,1,14,1.36,false,1,
7290110114893,false,פריגת מיץ סחוט תפוז 2 ליטר,*החברה המרכזית להפצת משקאותבעמ,,,"י""ח",2,ליטר,false,1,28.90,14.30,false,1,
7290110114916,false,פריגת מיץ סחוט לימנענע 2 ליטר,*החברה המרכזית להפצת משקאותבעמ,,,"י""ח",2,ליטר,false,1,28.90,14.30,false,1,
7290110114954,false,מיץ תפוזים מתקתק 100% 2ל.,*החברה המרכזית להפצת משקאותבעמ,,,"י""ח",2,ליטר,false,1,20.90,10.30,false,1,
7290110114961,false,פריגת תפוזים 1.5 ליטר,החברה המרכזית להפצת משקאות בעמ,,,"י""ח",1.50,ליטר,false,1,9,5.80,false,1,
7290110114985,false,פריגת אשכולית 1.5 ליטר,החברה המרכזית להפצת משקאות בעמ,,,"י""ח",1.50,ליטר,false,1,9,5.80,false,1,
7290110114992,false,פריגת אשכולית לייט 1.5 ליטר,החברה המרכזית להפצת משקאות בעמ,,,"י""ח",1.50,ליטר,false,1,8.50,5.47,false,1,
7290110115005,false,פריגת ענבים 1.5 ליטר,החברה המרכזית להפצת משקאות בעמ,,,"י""ח",1.50,ליטר,false,1,9,5.80,false,1,
7290110115029,false,"פריגת משק""ל תפוח 1.5 ליטר",החברה המרכזית להפצת משקאות בעמ,,,"י""ח",1.50,ליטר,false,1,9,5.80,false,1,
7290110115036,false,פריגת מנגו 1.5 ליטר,החברה המרכזית להפצת משקאות בעמ,,,"י""ח",1.50,ליטר,false,1,9,5.80,false,1,
7290110115043,false,פריגת לימונענע 1.5 ליטר,החברה המרכזית להפצת משקאות בעמ,,,"י""ח",1.50,ליטר,false,1,9,5.80,false,1,
7290110115050,false,פריגת מיקס תות בננה 1.5 ליטר,החברה המרכזית להפצת משקאות בעמ,,,"י""ח",1.50,ליטר,false,1,9,5.80,false,1,
7290110115081,false,פריגת צלול ענבים 1.5 ל,החברה המרכזית להפצת משקאות בעמ,,,"י""ח",1.50,ליטר,false,1,8.60,5.53,false,1,
7290110115180,false,נביעות 1.5 ליטר,החברה המרכזית להפצת משקאות בעמ,,,"י""ח",1.50,ליטר,false,1,3.10,1.87,false,1,
7290110115203,false,קוקה קולה 1.5 ליטר,החברה המרכזית להפצת משקאות בעמ,,,"י""ח",150,"ל  מ""ל",false,1,9,5.80,false,1,
7290110115210,false,דיאט קוקה קולה 1.5 ליטר,החברה המרכזית להפצת משקאות בעמ,,,"י""ח",1.50,ליטר,false,1,8.30,5.33,false,1,
7290110115227,false,קוקה קולה ZERO 1.5 ל,החברה המרכזית להפצת משקאות בעמ,,,"י""ח",1.50,ליטר,false,1,8.90,5.73,false,1,
7290110115234,false,קוקה קולה ZERO נטול1.5ליטר,החברה המרכזית להפצת משקאות בעמ,,,"י""ח",1.50,ליטר,false,1,8.30,5.33,false,1,
7290110115241,false,קוקה קולה ZERO 1.5 ל לימון,החברה המרכזית להפצת משקאות בעמ,,,"י""ח",1.50,ליטר,false,1,8.60,5.53,false,1,
7290110115258,false,קוקה קולה ZERO 1.5 ל מנגו,החברה המרכזית להפצת משקאות בעמ,,,"י""ח",1.50,ליטר,false,1,8.30,5.33,false,1,
7290110115265,false,ספרייט 1.5ליטר,החברה המרכזית להפצת משקאות בעמ,,,"י""ח",1.50,ליטר,false,1,9,5.80,true,1,
7290110115272,false,ספרייט ZERO בק 1.5ליטר,החברה המרכזית להפצת משקאות בעמ,,,"י""ח",1.50,ליטר,false,1,9,5.80,true,1,
7290110115289,false,ספרייט לימון נענע  1.5ל.,החברה המרכזית להפצת משקאות בעמ,,,"י""ח",1.50,ליטר,false,1,9,5.80,true,1,
7290110115296,false,פאנטה 1.5 ליטר(אורנג  ),החברה המרכזית להפצת משקאות בעמ,,,"י""ח",1.50,ליטר,false,1,8.80,5.67,false,1,
7290110115302,false,פאנטה ZERO  אורנג` 1.5 ליטר,החברה המרכזית להפצת משקאות בעמ,,,"י""ח",1.50,ליטר,false,1,8.30,5.33,false,1,
7290110115319,false,פאנטה אקזוטי 1.5 ליטר,החברה המרכזית להפצת משקאות בעמ,,,"י""ח",1.50,ליטר,false,1,8.80,5.67,false,1,
7290110115326,false,פאנטה אורנג  מנגו 1.5 ל,החברה המרכזית להפצת משקאות בעמ,,,"י""ח",1.50,ליטר,false,1,8.80,5.67,false,1,
7290110115333,false,פאנטה תות 1.5 ל.,החברה המרכזית להפצת משקאות בעמ,,,"י""ח",1.50,ליטר,false,1,8.80,5.67,false,1,
7290110115357,false,סודה קינלי 1.5 ליטר,החברה המרכזית להפצת משקאות בעמ,,,"י""ח",1.50,ליטר,false,1,4.60,2.87,false,1,
7290110115364,false,קוקה קולה שישיות 1.5 ליטר.,החברה המרכזית להפצת משקאות בעמ,,,"י""ח",9,ליטר,false,1,49.90,5.34,false,1,
7290110115371,false,קוקה קולה דיאט שישיות 1.5 ליטר.,החברה המרכזית להפצת משקאות בעמ,,,"י""ח",9,ליטר,false,1,46.70,4.99,false,1,
7290110115395,false,ספרייט ZERO שישיות 1.5 ליטר,החברה המרכזית להפצת משקאות בעמ,,,"י""ח",9,ליטר,false,1,49.90,5.34,false,1,
7290110115401,false,קינלי סודה שישיה 1.5ל,החברה המרכזית להפצת משקאות בעמ,,,"י""ח",9,ליטר,false,1,16.90,1.68,false,1,
7290110115418,false,קוקה קולה ZIRO 1.5 ל שישייה,החברה המרכזית להפצת משקאות בעמ,,,"י""ח",9,ליטר,false,1,48.90,5.23,false,1,
7290110115425,false,תה לימון נענע  1.5 FUZE-T,החברה המרכזית להפצת משקאות בעמ,,,"י""ח",1.50,ליטר,false,1,9.50,6.13,false,1,
7290110115449,false,תה מנגו אננס  1.5 FUZE-T,החברה המרכזית להפצת משקאות בעמ,,,"י""ח",1.50,ליטר,false,1,9.50,6.13,false,1,
7290110115456,false,תה אפרסק 19 קל` 1.5 FUZE-T,החברה המרכזית להפצת משקאות בעמ,,,"י""ח",1.50,ליטר,false,1,9.50,6.13,false,1,
7290110115463,false,תה אפרסק  1.5 FUZE-T,החברה המרכזית להפצת משקאות בעמ,,,"י""ח",1.50,ליטר,false,1,9.50,6.13,false,1,
7290110115494,false,תה דיאט ענבים 1.5 FUZE-T,החברה המרכזית להפצת משקאות בעמ,,,"י""ח",1.50,ליטר,false,1,9.50,6.13,false,1,
7290110115531,false,פאנטה ZERO תפוח  1.5 ליטר,החברה המרכזית להפצת משקאות בעמ,,,"י""ח",1.50,ליטר,false,1,8.30,5.33,false,1,
7290110115593,false,פריגת אשכולית 40% פחות סוכר 1.5 ליטר,החברה המרכזית להפצת משקאות בעמ,,,"י""ח",1.50,ליטר,false,1,9,5.80,false,1,
7290110115623,false,תה אפרסק  1.5 FUZE-T zero,החברה המרכזית להפצת משקאות בעמ,,,"י""ח",1.50,ליטר,false,1,8.90,5.73,false,1,
7290110115661,false,תה אפרסק 0.5 ליטר FUZE-T ZERO,החברה המרכזית להפצת משקאות בעמ,,,"י""ח",500,"ל  מ""ל",false,1,6.20,1.18,false,1,
7290110115913,false,"פאוורייד ZERO בטעם אננס 500מ""ל פח",החברה המרכזית להפצת משקאות בעמ,,,"י""ח",500,"ל  מ""ל",false,1,7.90,1.52,true,1,
7290110116064,false,פאנטה ZERO פירות ירוק 1.5 ליטר,החברה המרכזית להפצת משקאות בעמ,,,"י""ח",1.50,ליטר,false,1,8.80,5.67,false,1,
7290110116149,false,"סירופ טעם ענבים 750מ""ל",החברה המרכזית להפצת משקאות בעמ,,,"י""ח",750,"ל  מ""ל",false,1,23.60,3.15,true,1,
7290110116217,false,נביעות רכיבי פרי אשכולית 0% 1.5ליטר,החברה המרכזית להפצת משקאות בעמ,,,"י""ח",1.50,ליטר,false,1,9.50,6.13,false,1,
7290110116385,false,פחית סטפאני מרשמלו זירו אבטיח תות  סליק,החברה המרכזית להפצת משקאות בעמ,,,"י""ח",330,"ל  מ""ל",false,1,4.60,1.30,true,1,
7290110116552,false,ספרייט 1.5ליטר Lemon hit,החברה המרכזית להפצת משקאות בעמ,,,"י""ח",1.50,ליטר,false,1,9,5.80,true,1,
7290110116569,false,ספרייט ZERO בק 1.5ליטר Lemon hit,החברה המרכזית להפצת משקאות בעמ,,,"י""ח",1.50,ליטר,false,1,9,5.80,true,1,
7290110320591,false,בולגרית מועדנת פיראוס 16% 250גר,תנובה בעמ ***,,,"י""ח",250,ל  גרם,false,1,23.90,9.56,false,1,
7290110320850,false,פתיתי עמק 28% שומן 200ג,תנובה בעמ ***,,,"י""ח",200,ל  גרם,false,1,15.80,7.90,false,1,
7290110320867,false,פתיתי עמק למאפים 28% שומן 500ג,תנובה בעמ ***,,,"י""ח",500,ל  גרם,false,1,37.90,7.58,true,1,
7290110321031,false,יופלה GO 200ג,תנובה בעמ ***,,,"י""ח",200,ל  גרם,false,1,5.80,2.90,false,1,
7290110321277,false,קוטג  5% תנובה 100 גרם מהדרין,תנובה בעמ ***,,,"י""ח",100,ל  גרם,false,1,2.90,2.90,false,1,
7290110321604,false,בולגרית קוביות+תערובת לסלט  232ג,תנובה בעמ ***,,,"י""ח",232,ל  גרם,false,1,23.90,10.30,false,1,
7290110321680,false,יופלה תות  GO 200ג,תנובה בעמ ***,,,"י""ח",200,ל  גרם,false,1,5.80,2.90,false,1,
7290110322014,false,טופו טבעי 300ג,תנובה בעמ ***,,,"י""ח",300,ל  גרם,false,1,12.70,4.23,false,1,
7290110323073,false,משקה יוגורט מעושר עם תות ופטל 1%,תנובה בעמ ***,,,"י""ח",250,"ל  מ""ל",false,1,6.70,2.68,false,1,
7290110323202,false,יופלה GO טעם אננס,תנובה בעמ ***,,,"י""ח",200,ל  גרם,false,1,5.80,2.90,false,1,
7290110323608,false,יופלה פירות יער  GO 200ג.,תנובה בעמ ***,,,"י""ח",200,ל  גרם,false,1,5.80,2.90,false,1,
7290110323714,false,משקה קוקוס שקדים 1ל,תנובה בעמ ***,,,"י""ח",1,ליטר,false,1,13.90,13.90,true,1,
7290110324551,false,יופלה טיוב יוגורט  תות   348ג,תנובה בעמ ***,,,"י""ח",348,"ל  מ""ל",false,1,12.90,3.71,false,1,
7290110324872,false,גלבוע  5% שומן 200ג,תנובה בעמ ***,,,"י""ח",200,ל  גרם,false,1,18.90,9.45,false,1,
7290110324926,false,"משקה סויה לל""ס 1  ל` תנובה",תנובה בעמ ***,,,"י""ח",1,ליטר,false,1,11.90,11.90,true,1,
7290110325084,false,מאגדת שמינייה מיני קרלו שונל,תנובה בעמ ***,,,"י""ח",800,"ל  מ""ל",false,1,13.70,1.71,false,1,
7290110325114,false,משקה יוגורט גו לייט תות בננה,תנובה בעמ ***,,,"י""ח",250,"ל  מ""ל",false,1,6.90,2.76,false,1,
7290110325510,false,יופלה טיוב יוגורט  וניל 348ג,תנובה בעמ ***,,,"י""ח",348,"ל  מ""ל",false,1,12.90,3.71,false,1,
7290110325619,false,משקה ש.שועל  טרי 1ל תנובה,תנובה בעמ ***,,,"י""ח",1,ליטר,false,1,13.90,13.90,true,1,
7290110325695,false,יופלה גו תפוח קינמון 200ג,תנובה בעמ ***,,,"י""ח",200,ל  גרם,false,1,5.80,2.90,false,1,
7290110325893,false,"משקה גו  אייס  קפה 340מ""ל",תנובה בעמ ***,,,"י""ח",340,"ל  מ""ל",false,1,8.40,2.47,false,1,
7290110326210,false,און טופ יופלה פצפוצים 157ג,תנובה בעמ ***,,,"י""ח",150,"ל  מ""ל",false,1,5.60,3.73,false,1,
7290110326333,false,גבינה פרוסות סקנדינבית 175ג,תנובה בעמ ***,,,"י""ח",175,ל  גרם,false,1,18.80,10.74,false,1,
7290110326470,false,יופלה GO יוגורט מוקה,תנובה בעמ ***,,,"י""ח",200,ל  גרם,false,1,5.80,2.90,false,1,
7290110326487,false,יופלה GO לייט טעם לימון,תנובה בעמ ***,,,"י""ח",200,ל  גרם,false,1,5.80,2.90,false,1,
7290110327064,false,משקה קפה ש.שועל טעם קרמל 1ל,תנובה בעמ ***,,,"י""ח",1,ליטר,false,1,13.90,13.90,true,1,
7290110327804,false,חטיף חלבון GO בטעם בצק עוגיות 20 גרם.,שקד תבל בעמ,,,"י""ח",1,,false,1,11.90,11.90,false,1,
7290110327828,false,חטיף חלבון GO בטעם בוטנים 20 גרם.,שקד תבל בעמ,,,"י""ח",1,,false,1,11.90,11.90,false,1,
7290110328504,false,טריו מיקס גבינות 300ג,תנובה בעמ ***,,,"י""ח",300,ל  גרם,false,1,26.90,8.97,false,1,
7290110328627,false,יוגורט גו סמיך 0% בננה קרמל,תנובה בעמ ***,,,"י""ח",200,"ל  מ""ל",false,1,5.70,2.85,true,1,
7290110328641,false,טופו טבעי 500ג 2*250ג,תנובה בעמ ***,,,"י""ח",500,ל  גרם,false,1,21.40,4.28,false,1,
7290110328764,false,יוגורט גו סמיך 0% תות,תנובה בעמ ***,,,"י""ח",200,"ל  מ""ל",false,1,5.90,2.95,true,1,
7290110328788,false,יוגורט גו סמיך 0% אפרסק,תנובה בעמ ***,,,"י""ח",200,"ל  מ""ל",false,1,5.90,2.95,true,1,
7290110329143,false,מעדן חלב גו טעם וניל 120ג עם 12ג חלבון,תנובה בעמ ***,,,"י""ח",120,"ל  מ""ל",false,1,5.30,4.42,false,1,
7290110329686,false,"משקה גו  טעם עוגיות  340מ""ל",תנובה בעמ ***,,,"י""ח",340,"ל  מ""ל",false,1,7.50,2.21,false,1,
7290110329792,false,יוגורט סויה ביו אפרסק  150ג,תנובה בעמ ***,,,"י""ח",150,"ל  מ""ל",false,1,5.50,3.67,false,1,
7290110329808,false,יוגורט סויה ביו תות  150ג,תנובה בעמ ***,,,"י""ח",150,"ל  מ""ל",false,1,5.50,3.67,false,1,
7290110329822,false,יוגורט סויה ביו פירות יער 150ג,תנובה בעמ ***,,,"י""ח",150,"ל  מ""ל",false,1,4.80,3.20,false,1,
7290110550202,false,מטבעות שוקולד חלב לאפיה 400גר,"שטראוס גרופ בע""מ",,,"י""ח",400,ל  גרם,false,1,29.90,7.48,false,1,
7290110550219,false,מטבעות שוקולד לבן לאפיה 400גר,"שטראוס גרופ בע""מ",,,"י""ח",400,ל  גרם,false,1,29.90,7.48,false,1,
7290110550226,false,מטבעות שוקולד מריר לאפיה 400גר,"שטראוס גרופ בע""מ",,,"י""ח",400,ל  גרם,false,1,29.90,7.48,false,1,
7290110552121,false,היוגורט הראשון שלי  100גר,"שטראוס גרופ ***בע""מ",,,"י""ח",100,"ל  מ""ל",false,1,2.30,2.30,false,1,
7290110552220,false,דנונה פרו 20גר ללא סוכר טעם תות,"שטראוס גרופ ***בע""מ",,,"י""ח",20,"ל  מ""ל",false,1,5.90,29.50,false,1,
7290110552237,false,דנונה פרו 20גר ללא סוכר טעם אפרסק מנגו,"שטראוס גרופ ***בע""מ",,,"י""ח",20,"ל  מ""ל",false,1,5.90,29.50,false,1,
7290110553029,false,פריכיות חלבון קייל חומוס ומלח 60גר,"שטראוס גרופ בע""מ",,,"י""ח",65,ל  גרם,false,1,9.50,14.62,true,1,
7290110553036,false,פריכיות חלבון בטטה סגולה ואפונה 60גר,"שטראוס גרופ בע""מ",,,"י""ח",65,ל  גרם,false,1,9.50,14.62,true,1,
7290110553104,false,קפוצינו סטיק קלאסי 130גר,"שטראוס גרופ בע""מ",,,"י""ח",130,ל  גרם,false,1,16.90,13,false,1,
7290110553135,false,קפוצינו סטיק וניל 130גר,"שטראוס גרופ בע""מ",,,"י""ח",130,ל  גרם,false,1,16.90,13,false,1,
7290110553173,false,פריכיות אנרג`י בטעם קרמל 40גר,"שטראוס גרופ בע""מ",,,"י""ח",40,ל  גרם,false,1,6.90,17.25,true,1,
7290110553180,false,פריכיות אנרג`י בטעם תפוח קינמון 40גר,"שטראוס גרופ בע""מ",,,"י""ח",40,ל  גרם,false,1,6.90,17.25,true,1,
7290110553425,false,111,"שטראוס גרופ בע""מ",,,"י""ח",200,"ל  מ""ל",false,1,20.80,10.40,false,1,
7290110553623,false,ציטוס קראנץ צ`דר חלפיניו 80ג.,"שטראוס פריטו ליי בע""מ",,,"י""ח",80,ל  גרם,false,1,4.90,6.13,false,1,
7290110554101,false,"מייפל בפאוץ` 125מ""ל","שטראוס גרופ בע""מ",,,"י""ח",125,"ל  מ""ל",false,1,17.90,14.32,true,1,
7290110554262,false,חלבית 350 גרם]עלית[חלבי,"שטראוס גרופ בע""מ",,,"י""ח",350,ל  גרם,false,1,21.90,6.26,false,1,
7290110554422,false,רוטב עגבניות ופלפלים לשקשוקה  350גר,"שטראוס גרופ בע""מ",,,"י""ח",350,ל  גרם,false,1,11.90,3.40,true,1,
7290110554699,false,קפסולות קפה יוניקו למכונת NESPRESSO.,"שטראוס גרופ בע""מ",,,"י""ח",50,ל  גרם,false,1,19.90,39.80,true,1,
7290110554705,false,קפסולות קפה יוניקו למכונת NESPRESSO.,"שטראוס גרופ בע""מ",,,"י""ח",50,ל  גרם,false,1,19.90,39.80,true,1,
7290110554712,false,קפסולות קפה יוניקו למכונת NESPRESSO.,"שטראוס גרופ בע""מ",,,"י""ח",50,ל  גרם,false,1,19.90,39.80,true,1,
7290110554729,false,"קפסולות אספרסו 04 כשל""פ","שטראוס גרופ בע""מ",,,"י""ח",50,ל  גרם,false,1,19.90,39.80,true,1,
7290110555306,false,רבע לשבע טבעוני סינמון באן 125גר`,"שטראוס גרופ בע""מ",,,"י""ח",125,ל  גרם,false,1,12.90,10.32,false,1,
7290110556242,false,"שוקולד מריר פרווה בד""ץ 100 ג עלית","שטראוס גרופ בע""מ",,,"י""ח",100,ל  גרם,false,1,6.50,6.50,true,1,
7290110557027,false,חומוס הסדרה 50% טחינה 400ג,"שטראוס גרופ ***בע""מ",,,"י""ח",400,ל  גרם,false,1,14.20,3.55,false,1,
7290110557102,false,מעדן חלב עם שוקולד מועשר בחלבון 150גר,"שטראוס גרופ ***בע""מ",,,"י""ח",130,ל  גרם,false,1,5,3.85,true,1,
7290110557133,false,מעדן הגולן וניל בודד 125גר,"שטראוס גרופ ***בע""מ",,,"י""ח",125,ל  גרם,false,1,3.20,2.56,true,1,
7290110557478,false,חומוס גלילי 600גר שטראוס,"שטראוס גרופ ***בע""מ",,,"י""ח",600,ל  גרם,false,1,11.90,1.98,true,1,
7290110558154,false,דנונה לייט אנד פריי טעם עוגת תפוחים,"שטראוס גרופ ***בע""מ",,,"י""ח",150,"ל  מ""ל",false,1,4.50,3,true,1,
7290110558284,false,דנונה ביו מולטי 200גר,"שטראוס גרופ ***בע""מ",,,"י""ח",200,"ל  מ""ל",false,1,4.20,2.10,false,1,
7290110558314,false,דנונה פרו 20גר ללא סוכר פיסטוק,"שטראוס גרופ ***בע""מ",,,"י""ח",20,"ל  מ""ל",false,1,5.90,29.50,false,1,
7290110559014,false,שועועית שחורה 380גרם טעם הטבע קופסה,"שטראוס גרופ בע""מ",,,"י""ח",380,ל  גרם,false,1,6.90,1.82,true,1,
7290110559762,false,ריל מאגדת אגוזים תמרים קוקוס,"שטראוס גרופ בע""מ",,,"י""ח",105,ל  גרם,false,1,15.90,15.14,true,1,
7290110560317,false,פריכיות המשולשות מלח ים 30גר,"שטראוס גרופ בע""מ",,,"י""ח",30,ל  גרם,false,1,5.50,18.33,false,1,
7290110560324,false,פריכיות המשולשות אפונה ירוקה 30גר,"שטראוס גרופ בע""מ",,,"י""ח",30,ל  גרם,false,1,5.50,18.33,false,1,
7290110561352,false,דנונה דל לקטוז 200גר,"שטראוס גרופ ***בע""מ",,,"י""ח",200,"ל  מ""ל",false,1,3.70,1.85,false,1,
7290110561604,false,מארז גמדים תות בננה שמינייה,"שטראוס גרופ ***בע""מ",,,"י""ח",800,ל  גרם,false,1,18.70,2.34,false,1,
7290110563431,false,משקה קפה קר בסגנון קלאסי 1.6%230גר,"שטראוס גרופ ***בע""מ",,,"י""ח",230,"ל  מ""ל",false,1,7.90,3.43,true,1,
7290110563462,false,חלב נטול לקטוז 2% בקבוק 1ליטר,"שטראוס גרופ ***בע""מ",,,"י""ח",1,ליטר,false,1,7.90,7.90,false,1,
7290110564339,false,חומוס עשיר ב% -30טחינה 400גר`,"שטראוס גרופ ***בע""מ",,,"י""ח",400,ל  גרם,false,1,14.20,3.55,false,1,
7290110564360,false,חומוס עשיר ב% -40טחינה 400גר`,"שטראוס גרופ ***בע""מ",,,"י""ח",400,ל  גרם,false,1,14.20,3.55,false,1,
7290110565435,false,לימבו פטל 125גרם,"שטראוס גרופ ***בע""מ",,,"י""ח",125,ל  גרם,false,1,2.10,1.68,true,1,
7290110565527,false,דנונה פרו 20גר חלבון,"שטראוס גרופ ***בע""מ",,,"י""ח",20,"ל  מ""ל",false,1,5.90,29.50,false,1,
7290110566623,false,קפסולות קולומביה 08 למכונת נספרסו,"שטראוס גרופ בע""מ",,,"י""ח",50,ל  גרם,false,1,19.90,39.80,true,1,
7290110566975,false,דנונה פרו 20גר  תות,"שטראוס גרופ ***בע""מ",,,"י""ח",20,"ל  מ""ל",false,1,5.90,29.50,false,1,
7290110568238,false,"קצפת צמחית 21% שומן 250מ""ל","שטראוס גרופ ***בע""מ",,,"י""ח",250,"ל  מ""ל",false,1,7.90,3.16,false,1,
7290110568276,false,"משקה יוטבתה פרו וניל לשתיה  350מ""ל","שטראוס גרופ ***בע""מ",,,"י""ח",350,ל  גרם,false,1,6.50,1.86,false,1,
7290110568511,false,קונפיטורה פירות יער במתיקות מעודנת,"שטראוס גרופ בע""מ",,,"י""ח",340,ל  גרם,false,1,11.90,3.50,false,1,
7290110570224,false,"משקה קפה קר בטעם עוגיות 230מ""ל","שטראוס גרופ ***בע""מ",,,"י""ח",230,"ל  מ""ל",false,1,7.90,3.43,true,1,
7290110570880,false,פולי אספרסו  עשירים וארומטיים 250גר}קפ,"שטראוס גרופ בע""מ",,,"י""ח",250,ל  גרם,false,1,21.90,8.76,false,1,
7290110571184,false,עדשים חומות 380גרם טעם הטבע קופסה,"שטראוס גרופ בע""מ",,,"י""ח",380,ל  גרם,false,1,6.90,1.82,true,1,
7290110571375,false,מארז אנרג`י  מיקס צימוקים תמרים טופי 100,"שטראוס גרופ בע""מ",,,"י""ח",100,ל  גרם,false,1,15.90,15.90,true,1,
7290110571382,false,מעדן חלב טעם וניל מועשר בחלבון 150גר,"שטראוס גרופ ***בע""מ",,,"י""ח",130,ל  גרם,false,1,5,3.85,true,1,
7290110571399,false,מסטיק מאסט קוביות פפירמינט  58ג.,"שטראוס גרופ בע""מ",,,"י""ח",66,ל  גרם,false,1,9.90,15,true,1,
7290110571405,false,מיני פינוקיות בגביע פסק זמן 180גר,"שטראוס גרופ בע""מ",,,"י""ח",200,ל  גרם,false,1,10.90,5.45,false,1,
7290110571412,false,מיני פינוקיות  בגביעפטדג`180גר,"שטראוס גרופ בע""מ",,,"י""ח",200,ל  גרם,false,1,10.90,5.45,false,1,
7290110571474,false,אצבעות רבע לשבע טבעוני פופקורן 125גר`,"שטראוס גרופ בע""מ",,,"י""ח",125,ל  גרם,false,1,12.90,10.32,false,1,
7290110571535,false,מארז טורקי הל 3*100גר.,"שטראוס גרופ בע""מ",,,"י""ח",300,ל  גרם,false,1,26.90,8.97,false,1,
7290110572884,false,"קפסולות אספרסו חזק עלית 14יח כשל""פ","שטראוס גרופ בע""מ",,,"י""ח",50,ל  גרם,false,1,19.90,39.80,true,1,
7290110572969,false,כיף כף פיצפוצים קרם לבן 40גר,"שטראוס גרופ בע""מ",,,"י""ח",40,ל  גרם,false,1,4.90,12.25,true,1,
7290110576356,false,ספלנדיד שוקולד מריר פרו 64%,"שטראוס גרופ בע""מ",,,"י""ח",105,ל  גרם,false,1,8.90,8.48,true,1,
7290110576363,false,ספלנדיד שוקולד מריר אוגנדה 80%,"שטראוס גרופ בע""מ",,,"י""ח",105,ל  גרם,false,1,8.90,8.48,true,1,
7290110576370,false,מאגדת שלישיית אגוז מריר 3*100גר,"שטראוס גרופ בע""מ",,,"י""ח",112,ל  גרם,false,1,25.90,23.13,false,1,
7290110576387,false,מאגדת שלישיית אגוז חלב 3*100גר,"שטראוס גרופ בע""מ",,,"י""ח",112,ל  גרם,false,1,25.90,23.13,false,1,
7290111094651,false,קוויק שקיות אשפה L עם ידית 40יח,שקד תבל בעמ,,,"י""ח",1,"י""ח",false,1,13.90,13.90,false,1,
7290111096921,false,מגבונים לניקוי כללי עם חומץ ומלח לימון,שקד תבל בעמ,,,"י""ח",50,"י""ח",false,1,8.90,0.18,true,1,
7290111097546,false,קוויק מגבונים ניקוי כללי למשטחים בניחוח,שקד תבל בעמ,,,"י""ח",50,"י""ח",false,1,8.90,0.18,true,1,
7290111340178,false,מטליות לחות לניקוי כללי בניחוח מרכך,קימברלי קלארק ישראל שיווק בעמ,,,"י""ח",100,ל  גרם,false,1,10.90,10.90,false,1,
7290111340185,false,מטליות לחות לרצפה בניחוח מרכך,קימברלי קלארק ישראל שיווק בעמ,,,"י""ח",100,ל  גרם,false,1,11.90,11.90,false,1,
7290111340956,false,מטליות לחות לניקוי רצפה 10יח,קימברלי קלארק ישראל שיווק בעמ,,,"י""ח",10,"י""ח",false,1,9.90,0.99,false,1,
7290111341557,false,טמפונים קוטקס אקטיב סופר 32 יח.,קימברלי קלארק ישראל שיווק בעמ,,,"י""ח",1,,false,1,28.90,28.90,false,1,
7290111341984,false,נייר טואלט לילי לחים מארז רביעיה,קימברלי קלארק ישראל שיווק בעמ,,,"י""ח",117,ל  גרם,false,1,24.90,21.28,true,1,
7290111342004,false,לילי לח קידס 56 דפים.,קימברלי קלארק ישראל שיווק בעמ,,,"י""ח",3,"י""ח",false,1,8.90,2.97,false,1,
7290111342073,false,"מטליות מיקרופייבר אנטיבקטריאלי כשל""פ",קימברלי קלארק ישראל שיווק בעמ,,,"י""ח",100,ל  גרם,false,1,16.90,16.90,false,1,
7290111343117,false,קלינקס ממחטות לושן סופט פק זוגות 140דף,קימברלי קלארק ישראל שיווק בעמ,,,"י""ח",140,"י""ח",false,1,15.90,0.11,false,1,
7290111343797,false,מטליות לחות לניקוי חלונות 48יח,קימברלי קלארק ישראל שיווק בעמ,,,"י""ח",1,,false,1,10,10,false,1,
7290111344206,false,מגבוני האגיס קמומיל 4 יח,קימברלי קלארק ישראל שיווק בעמ,,,"י""ח",4,"י""ח",false,1,19.90,4.98,true,1,
7290111344565,false,שקיות זיפר מארז משולב ניקול,קימברלי קלארק ישראל שיווק בעמ,,,"י""ח",1,"י""ח",false,1,13.90,13.90,true,1,
7290111344701,false,שקיות אוכל סנדוויצון מהדורה מיניונים 2,קימברלי קלארק ישראל שיווק בעמ,,,"י""ח",250,"י""ח",false,1,12.90,0.05,false,1,
7290111344732,false,קלינקס אלרגי קומפורט,קימברלי קלארק ישראל שיווק בעמ,,,"י""ח",1,,false,1,14.90,14.90,false,1,
7290111344916,false,כריות יפניות אנטי 6יח,קימברלי קלארק ישראל שיווק בעמ,,,"י""ח",1,"י""ח",false,1,13.90,13.90,false,1,
7290111344930,false,מטליות לחות לניקוי רצפה 10יח,קימברלי קלארק ישראל שיווק בעמ,,,"י""ח",10,"י""ח",false,1,9.90,0.99,false,1,
7290111344978,false,רדיד אלומיניום  עבה וארוך 61מטר,קימברלי קלארק ישראל שיווק בעמ,,,"י""ח",1,"י""ח",false,1,37.90,37.90,false,1,
7290111345722,false,שקיות לשמירת הטריות,קימברלי קלארק ישראל שיווק בעמ,,,"י""ח",2,"י""ח",false,1,15.90,7.95,true,1,
7290111345999,false,ניקול זוג מטליות לחות לרצפה,קימברלי קלארק ישראל שיווק בעמ,,,"י""ח",10,"י""ח",false,1,21.90,2.19,false,1,
7290111346347,false,קלינקס אוריגינל חמישייה,קימברלי קלארק ישראל שיווק בעמ,,,"י""ח",5,"י""ח",false,1,15.90,3.18,true,1,
7290111350030,false,רסק תפוחי עץ טבעי צנצנת 670ג,ליימן שליסל,,,"י""ח",5.60,,false,1,10.90,1.95,false,1,
7290111350665,false,דבש לחיץ קליית גת 350ג,ליימן שליסל,,,"י""ח",350,"ל  מ""ל",false,1,22.90,6.54,false,1,
7290111350672,false,דבש צנצנת 700ג קליית גת,ליימן שליסל,,,"י""ח",700,"ל  מ""ל",false,1,32.90,4.70,false,1,
7290111350726,false,נאצוס מקסיקני 322ג,ליימן שליסל,,,"י""ח",323,ל  גרם,false,1,15.90,4.92,true,1,
7290111351334,false,תמרים יבשים מג הול 650ג קלית גת,ליימן שליסל,,,"י""ח",650,ל  גרם,false,1,20.90,3.22,true,1,
7290111352140,false,חמוציות מיובשות ברכז תפוחים 150ג,ליימן שליסל,,,"י""ח",150,ל  גרם,false,1,12.90,8.60,false,1,
7290111352430,false,ממרח תמרים קליית גת 440ג טבעי,ליימן שליסל,,,"י""ח",440,ל  גרם,false,1,11.90,2.70,false,1,
7290111352508,false,סילאן טבעי לחיץ 840ג,ליימן שליסל,,,"י""ח",840,ל  גרם,false,1,22.90,2.73,true,1,
7290111352959,false,יוגטה מקלות חמוצים 80גר,ליימן שליסל,,,"י""ח",80,ל  גרם,false,1,4.90,6.13,false,1,
7290111353055,false,חיספוסים גומי דובונים  200ג.,ליימן שליסל,,,"י""ח",200,ל  גרם,false,1,9.90,4.95,false,1,
7290111353109,false,חיספוסים גומי נחשים מבריק 200ג.,ליימן שליסל,,,"י""ח",200,ל  גרם,false,1,9.90,4.95,false,1,
7290111353123,false,חיספוסים גומי נחשים חמוצות  200ג.,ליימן שליסל,,,"י""ח",200,ל  גרם,false,1,9.90,4.95,false,1,
7290111353239,false,חיספוסים גומי טעם פירות   200ג.,ליימן שליסל,,,"י""ח",200,ל  גרם,false,1,9.90,4.95,false,1,
7290111353437,false,חטיף בטטה ומלח ים 120ג,ליימן שליסל,,,"י""ח",120,ל  גרם,false,1,14.90,12.42,false,1,
7290111353475,false,ממתק חמוץ בטעם פירות 200ג,ליימן שליסל,,,"י""ח",200,ל  גרם,false,1,7.90,3.95,false,1,
7290111353482,false,סוכריות חמוצות ממולאות טעם פירות 200ג,ליימן שליסל,,,"י""ח",200,ל  גרם,false,1,7.90,3.95,false,1,
7290111353550,false,חמאת בוטנים טבעית 300ג קלית גת,ליימן שליסל,,,"י""ח",300,ל  גרם,false,1,15.90,5.30,false,1,
7290111354120,false,ממרח חלווה 300ג,ליימן שליסל,,,"י""ח",300,ל  גרם,false,1,15.90,5.30,true,1,
7290111354151,false,ממרח אגוזים  200ג,ליימן שליסל,,,"י""ח",200,ל  גרם,false,1,15.90,7.95,true,1,
7290111531323,false,עוגיות רוגלך טעם וניל 400גרם.,שיבולים ייצור ושיווק מאפה בעמ,,,"י""ח",400,ל  גרם,false,1,13.90,3.48,true,1,
7290111560910,false,וופל טעם שוקולד 200 גרם,קבוצת אוסם סחר-שות.מוגבלת,,,"י""ח",200,ל  גרם,false,1,5.20,2.60,false,1,
7290111563492,false,מטבוחה חריפה מרובע צבר  400גר,קבוצת אוסם סחר-שות.מוגבלת,,,"י""ח",400,ל  גרם,false,1,14.30,3.58,true,1,
7290111564727,false,קרמוגית במילוי קרם אגוזים 200ג,קבוצת אוסם סחר-שות.מוגבלת,,,"י""ח",200,ל  גרם,false,1,10.90,5.45,true,1,
7290111565038,false,.לה קרמריה וניל קוקילידה  1.4 ליטר,נגה גלידות,,,"י""ח",1.40,ליטר,false,1,19.90,14.21,false,1,
7290111566103,false,טבעול פלאפל מרכיבים ביתיים 590גר,קבוצת אוסם סחר-שות.מוגבלת,,,"י""ח",590,ל  גרם,false,1,39.90,6.76,true,1,
7290111566127,false,אוראו מאגדת סנדויץ 6*33ג,נגה גלידות,,,"י""ח",198,ל  גרם,false,1,26.90,13.59,false,1,
7290111566226,false,טבעול שניצל ברוקולי 667גר,קבוצת אוסם סחר-שות.מוגבלת,,,"י""ח",667,ל  גרם,false,1,39.90,5.98,true,1,
7290111566240,false,טבעול שניצל דק בטעם צ ילי חריף 564גר,קבוצת אוסם סחר-שות.מוגבלת,,,"י""ח",564,ל  גרם,false,1,39.90,7.07,true,1,
7290111566271,false,טבעול חטיפי תירס 657גר,קבוצת אוסם סחר-שות.מוגבלת,,,"י""ח",657,ל  גרם,false,1,39.90,6.07,true,1,
7290111566318,false,טבעול שניצל דק מן הצומח 564גר,קבוצת אוסם סחר-שות.מוגבלת,,,"י""ח",564,ל  גרם,false,1,39.90,7.07,true,1,
7290111566332,false,טבעול נקניקיות וינר צמחוניות 680גר,קבוצת אוסם סחר-שות.מוגבלת,,,"י""ח",680,ל  גרם,false,1,39.90,5.87,true,1,
7290111566417,false,טבעול טחון צמחוני  500 גרם,קבוצת אוסם סחר-שות.מוגבלת,,,"י""ח",500,ל  גרם,false,1,39.90,7.98,true,1,
7290111566561,false,טבעול שניצל ברוקולי 99 קלוריות 560 גרם,קבוצת אוסם סחר-שות.מוגבלת,,,"י""ח",560,ל  גרם,false,1,39.90,7.13,true,1,
7290111566585,false,טבעול שניצל מן צומח 99 קלוריות 650גר,קבוצת אוסם סחר-שות.מוגבלת,,,"י""ח",650,ל  גרם,false,1,39.90,6.14,true,1,
7290111566660,false,טבעול קציצות עדשים כתומים 530 ג`,קבוצת אוסם סחר-שות.מוגבלת,,,"י""ח",530,ל  גרם,false,1,39.90,7.53,true,1,
7290111566691,false,טבעול שניצל תרד 99 קלוריות 560גר,קבוצת אוסם סחר-שות.מוגבלת,,,"י""ח",560,ל  גרם,false,1,39.90,7.13,true,1,
7290111566714,false,טבעול המבורגר צמחוני 99קלוריות 600 גרם,קבוצת אוסם סחר-שות.מוגבלת,,,"י""ח",600,ל  גרם,false,1,39.90,6.65,true,1,
7290111566752,false,טבעול שניצל תירס 99 קלוריות 693 ג,קבוצת אוסם סחר-שות.מוגבלת,,,"י""ח",693,ל  גרם,false,1,39.90,5.76,true,1,
7290111566776,false,טבעול נקניקיות קוקטייל צמחוניות 680גר,קבוצת אוסם סחר-שות.מוגבלת,,,"י""ח",680,ל  גרם,false,1,39.90,5.87,true,1,
7290111568206,false,ביסלי פארטי מיקס 150ג,קבוצת אוסם סחר-שות.מוגבלת,,,"י""ח",150,ל  גרם,false,1,8.90,5.93,true,1,
7290111568275,false,נודלס אטריות אורז רחבות 300ג,קבוצת אוסם סחר-שות.מוגבלת,,,"י""ח",300,ל  גרם,false,1,12.90,4.30,false,1,
7290111568466,false,"רוטב אסיאתי למוקפץ 360מ""ל",קבוצת אוסם סחר-שות.מוגבלת,,,"י""ח",360,ל  גרם,false,1,14.90,4.14,false,1,
7290111930935,false,פוף טבעות קלאסי  40ג,ש.שסטוביץ בעמ,,,"י""ח",40,ל  גרם,false,1,3.90,9.75,true,1,
7290111933554,false,עגבניות קוביות מאסטר שף  400גר*3,ש.שסטוביץ בעמ,,,"י""ח",1.20,"ק""ג",false,1,16.90,14.08,false,1,
7290111935527,false,"קולגייט טוטל קלין 1/2 כשל""פ",ש.שסטוביץ בעמ,,,"י""ח",100,"ל  מ""ל",false,1,29.90,29.90,true,1,
7290111936265,false,"ספיד סטיק ספריי קול לייף 140מ""ל",ש.שסטוביץ בעמ,,,"י""ח",140,"ל  מ""ל",false,1,22.90,16.36,false,1,
7290112000385,false,"דטול תרסיס למטבח 750מ""ל",רקיט בנקיזר (ניר איסט) בעמ,,,"י""ח",750,"ל  מ""ל",false,1,14.90,1.99,true,1,
7290112000392,false,"דטול תרסיס לאמבטיה 750מ""ל",רקיט בנקיזר (ניר איסט) בעמ,,,"י""ח",750,"ל  מ""ל",false,1,14.90,1.99,true,1,
7290112000798,false,דטול תרסיס חיטוי וניקוי אנטי  בקטריאלי,רקיט בנקיזר (ניר איסט) בעמ,,,"י""ח",750,"ל  מ""ל",false,1,14.90,1.99,true,1,
7290112001870,false,סיליט באנג אמבטיות,רקיט בנקיזר (ניר איסט) בעמ,,,"י""ח",1,,false,1,12.90,12.90,false,1,
7290112002099,false,קולון גל 2.5 ל`רגיל כחול,רקיט בנקיזר (ניר איסט) בעמ,,,"י""ח",2.50,ליטר,false,1,25.90,10.36,true,1,
7290112002136,false,קולון גל 4  ל`רגיל כחול,רקיט בנקיזר (ניר איסט) בעמ,,,"י""ח",4,ליטר,false,1,35.90,8.98,false,1,
7290112002150,false,קולון גל 4  ל`בניחוח ורדים,רקיט בנקיזר (ניר איסט) בעמ,,,"י""ח",4,ליטר,false,1,35.90,8.98,false,1,
7290112003249,false,"קולון 101- 5 ק""ג מאסק",רקיט בנקיזר (ניר איסט) בעמ,,,"י""ח",5,"ק""ג",false,1,39.90,7.98,false,1,
7290112003423,false,אירוויק מקלות ריחניים אננס ורוזמרין 80מ,רקיט בנקיזר (ניר איסט) בעמ,,,"י""ח",80,"ל  מ""ל",false,1,29.90,37.38,false,1,
7290112003959,false,וניש מסיר כתמים אבקה לכביסה 470גר צבעוני,רקיט בנקיזר (ניר איסט) בעמ,,,"י""ח",470,ל  גרם,false,1,19.90,4.23,false,1,
7290112003966,false,וניש מסיר כתמים אבקה לכביסה 470גר לבן,רקיט בנקיזר (ניר איסט) בעמ,,,"י""ח",470,ל  גרם,false,1,19.90,4.23,false,1,
7290112004031,false,"וניש גולד ג`ל 940מ""ל ורוד.",רקיט בנקיזר (ניר איסט) בעמ,,,"י""ח",90,"ל  מ""ל",false,1,21.70,24.11,false,1,
7290112004208,false,פיניש  50 טבליות למדיח הכל ב1 לימון,רקיט בנקיזר (ניר איסט) בעמ,,,"י""ח",50,"י""ח",false,1,39.90,0.80,true,1,
7290112004413,false,"וניש לבן ספריי 750מ""ל",רקיט בנקיזר (ניר איסט) בעמ,,,"י""ח",750,"ל  מ""ל",false,1,17.90,2.39,true,1,
7290112004611,false,"וניש מולטי פאוור 200מ""ל ג`ל מרוכז.",רקיט בנקיזר (ניר איסט) בעמ,,,"י""ח",200,"ל  מ""ל",false,1,16.90,8.45,true,1,
7290112004970,false,פיניש אולטימייט 50 קפסולות בשקית,רקיט בנקיזר (ניר איסט) בעמ,,,"י""ח",50,"י""ח",false,1,59.90,1.20,true,1,
7290112004987,false,אירוויק פרשמטיק מילוי בניחוח לבנדר,רקיט בנקיזר (ניר איסט) בעמ,,,"י""ח",1,,false,1,15.90,15.90,true,1,
7290112005045,false,וניש  אבקה לכביסה לבנה  480ג,רקיט בנקיזר (ניר איסט) בעמ,,,"י""ח",480,ל  גרם,false,1,16.90,3.52,true,1,
7290112005052,false,"וניש  אבקה לכביסה 1.5ק""ג לבן",רקיט בנקיזר (ניר איסט) בעמ,,,"י""ח",150,ל  גרם,false,1,39.90,26.60,false,1,
7290112005076,false,וניש  אבקה לכביסה צבעונית   480ג,רקיט בנקיזר (ניר איסט) בעמ,,,"י""ח",480,ל  גרם,false,1,16.90,3.52,true,1,
7290112005083,false,"וניש  אבקה לכביסה 1.5ק""ג צבעונית",רקיט בנקיזר (ניר איסט) בעמ,,,"י""ח",150,ל  גרם,false,1,39.90,26.60,false,1,
7290112005168,false,פיניש קוואנטום 60 קפסולות לימון בשקית,רקיט בנקיזר (ניר איסט) בעמ,,,"י""ח",45,"י""ח",false,1,59.90,1.33,true,1,
7290112193292,false,מסכה מתולתלות 500 מ``ל,גורי ע.ע.ע. בעמ,,,"י""ח",500,"ל  מ""ל",false,1,34.90,6.98,false,1,
7290112195227,false,אטריות ביצים דקיקות 500ג,גורי מוצרי צריכה בעמ,,,"י""ח",500,ל  גרם,false,1,14.90,2.98,false,1,
7290112195647,false,"שמן זית  כתית מעולה  750מ""ל הזית",א.ג בחירה חכמה בעמ,,,"י""ח",750,"ל  מ""ל",false,1,29.90,3.99,true,1,
7290112330352,false,דנונה פרו 20גר וניל 0% שומן,"שטראוס גרופ ***בע""מ",,,"י""ח",20,"ל  מ""ל",false,1,5.90,29.50,false,1,
7290112330390,false,דנונה פרו 20גר פירות יער 0% שומן,"שטראוס גרופ ***בע""מ",,,"י""ח",200,"ל  מ""ל",false,1,5.90,2.95,false,1,
7290112332585,false,"פריכיות תפו""א,אורז,בתיבול סלק ומלח  30גר","שטראוס גרופ בע""מ",,,"י""ח",30,ל  גרם,false,1,5.50,18.33,false,1,
7290112332691,false,פינוקיות פסק זמן אגוזים 200גר,"שטראוס גרופ בע""מ",,,"י""ח",200,ל  גרם,false,1,12.80,6.40,false,1,
7290112332875,false,מאסט לארג באבלמינט 80גר,"שטראוס גרופ בע""מ",,,"י""ח",80,ל  גרם,false,1,13.90,17.38,false,1,
7290112334749,false,קפה טורקי שקית 200 עלית +10% תוספת.,"שטראוס גרופ בע""מ",,,"י""ח",200,ל  גרם,false,1,17.90,8.95,true,1,
7290112335050,false,מרשמלו וניל 150גר עלית,"שטראוס גרופ בע""מ",,,"י""ח",150,ל  גרם,false,1,7.50,5,false,1,
7290112335487,false,פריכיות הטעימות קצח ודגנים 135גר,"שטראוס גרופ בע""מ",,,"י""ח",135,ל  גרם,false,1,13.90,10.30,false,1,
7290112335494,false,פריכיות הטעימות פוטטוס 135גר,"שטראוס גרופ בע""מ",,,"י""ח",135,ל  גרם,false,1,13.90,10.30,false,1,
7290112335500,false,פריכיות הטעימות חלבון 135גר,"שטראוס גרופ בע""מ",,,"י""ח",135,ל  גרם,false,1,13.90,10.30,false,1,
7290112336637,false,"סוכריות MUST טעם לל""ס יוגורט תות אוכמנ","שטראוס גרופ בע""מ",,,"י""ח",80,ל  גרם,false,1,9.50,11.88,false,1,
7290112336644,false,"סוכריות MUST טעם לל""ס לימון","שטראוס גרופ בע""מ",,,"י""ח",80,ל  גרם,false,1,9.50,11.88,false,1,
7290112336651,false,"סוכריות MUST טעם לל""ס ריבת חלב","שטראוס גרופ בע""מ",,,"י""ח",80,ל  גרם,false,1,9.70,12.13,false,1,
7290112336712,false,דנונה פרו 21גר 0% 200גר,"שטראוס גרופ ***בע""מ",,,"י""ח",20,"ל  מ""ל",false,1,5.90,29.50,false,1,
7290112337474,false,"סוכריות MUST טעם לל""ס פטל לימון","שטראוס גרופ בע""מ",,,"י""ח",80,ל  גרם,false,1,9.60,12,false,1,
7290112337481,false,"סוכריות MUST טעם לל""ס קפוצ`ינו","שטראוס גרופ בע""מ",,,"י""ח",80,ל  גרם,false,1,9.60,12,false,1,
7290112339362,false,דנונה לייט אנד פריי טעם קפוצ`ינו 150גר.,"שטראוס גרופ ***בע""מ",,,"י""ח",150,"ל  מ""ל",false,1,4.50,3,true,1,
7290112339867,false,גמדים סקוויז  תות בודד 100ג,"שטראוס גרופ ***בע""מ",,,"י""ח",100,ל  גרם,false,1,5.90,5.90,false,1,
7290112339874,false,גמדים סקוויז  תות בננה  בודד 100ג,"שטראוס גרופ ***בע""מ",,,"י""ח",100,ל  גרם,false,1,5.90,5.90,false,1,
7290112340122,false,פריכיות הטעימות 3דגנים 135גר,"שטראוס גרופ בע""מ",,,"י""ח",135,ל  גרם,false,1,13.90,10.30,false,1,
7290112340276,false,פינוקיות קפה נמס  200גר,"שטראוס גרופ בע""מ",,,"י""ח",200,ל  גרם,false,1,12.90,6.45,false,1,
7290112340900,false,קפה האג 200 גר,"שטראוס גרופ בע""מ",,,"י""ח",200,ל  גרם,false,1,27.50,13.75,false,1,
7290112341679,false,אקטיביה 200גר  3%.,"שטראוס גרופ ***בע""מ",,,"י""ח",200,ל  גרם,false,1,4,2,false,1,
7290112341686,false,מארז אקטיביה שמינייה 3% 150גר,"שטראוס גרופ ***בע""מ",,,"י""ח",1.20,ליטר,false,1,19.90,16.58,false,1,
7290112342102,false,סימפוניה בצל מקורמל 200גר,"שטראוס גרופ ***בע""מ",,,"י""ח",200,ל  גרם,false,1,11.40,5.70,false,1,
7290112342195,false,תפוצ יפס מקלות  טבעי 200ג.,"שטראוס פריטו ליי בע""מ",,,"י""ח",200,ל  גרם,false,1,10.90,5.45,true,1,
7290112342508,false,דוריטוס ציזי טוויסט 70ג,"שטראוס פריטו ליי בע""מ",,,"י""ח",70,ל  גרם,false,1,3.90,5.57,true,1,
7290112343499,false,צ יטוס פאפס 55ג,"שטראוס פריטו ליי בע""מ",,,"י""ח",60,ל  גרם,false,1,3.50,5.83,false,1,
7290112343512,false,ציטוס פאפס 160ג,"שטראוס פריטו ליי בע""מ",,,"י""ח",180,ל  גרם,false,1,7.50,4.17,false,1,
7290112344564,false,רביולי גבינה שטראוס,"שטראוס גרופ ***בע""מ",,,"י""ח",400,ל  גרם,false,1,19.90,4.98,true,1,
7290112344724,false,מילקי טעם שוקולד בלונדי 133גר,"שטראוס גרופ ***בע""מ",,,"י""ח",133,ל  גרם,false,1,3.60,2.71,false,1,
7290112344755,false,מילקי עם 26% פחות סוכר 135 גר}שטראוס{,"שטראוס גרופ ***בע""מ",,,"י""ח",130,"ל  מ""ל",false,1,2.90,2.23,false,1,
7290112344786,false,קפה נמס פלטינום קלאסיק  200גר,"שטראוס גרופ בע""מ",,,"י""ח",200,ל  גרם,false,1,28.90,14.45,true,1,
7290112346360,false,בפלות אחד אחד בציפוי שוקולד חלב 180גר,"שטראוס גרופ בע""מ",,,"י""ח",180,ל  גרם,false,1,14.90,8.28,false,1,
7290112346537,false,פינוקיות טעם טורטית  200גר,"שטראוס גרופ בע""מ",,,"י""ח",200,ל  גרם,false,1,12.90,6.45,false,1,
7290112346773,false,דנונה לייט אנד פריי טעם וניל עם חלבון,"שטראוס גרופ ***בע""מ",,,"י""ח",150,"ל  מ""ל",false,1,4.50,3,true,1,
7290112346797,false,אקטיביה שיבולת שועל ושזיף  150גר,"שטראוס גרופ ***בע""מ",,,"י""ח",150,ל  גרם,false,1,4.60,3.07,false,1,
7290112348142,false,שעועית לבנה 380גרם טעם הטבע קופסה,"שטראוס גרופ בע""מ",,,"י""ח",380,ל  גרם,false,1,7.90,2.08,true,1,
7290112348616,false,אייס קפה נמס אגוזי לוז 100 ג.,"שטראוס גרופ בע""מ",,,"י""ח",100,ל  גרם,false,1,19.90,19.90,true,1,
7290112349606,false,דניאלה  תות בננה,"שטראוס גרופ ***בע""מ",,,"י""ח",150,"ל  מ""ל",false,1,4.10,2.73,false,1,
7290112349705,false,רוטב עגבניות לפסטה קלאסי 350גר,"שטראוס גרופ בע""מ",,,"י""ח",350,ל  גרם,false,1,12.90,3.69,true,1,
7290112349736,false,רוטב עגבניות לפסטה בזיליקום 350גר,"שטראוס גרופ בע""מ",,,"י""ח",350,ל  גרם,false,1,12.90,3.69,true,1,
7290112349750,false,.רוטב עגבניות לפסטה לפיצה 350גר,"שטראוס גרופ בע""מ",,,"י""ח",350,ל  גרם,false,1,12.80,3.66,true,1,
7290112350312,false,"קפסולות אספרסו חזק עלית 15יח כשל""פ","שטראוס גרופ בע""מ",,,"י""ח",50,ל  גרם,false,1,19.90,39.80,true,1,
7290112351258,false,פינוקיות שחור לבן 200גר,"שטראוס גרופ בע""מ",,,"י""ח",200,ל  גרם,false,1,11.90,5.95,false,1,
7290112353887,false,משקה קפה קר טעם אגוזים 230גר,"שטראוס גרופ ***בע""מ",,,"י""ח",230,"ל  מ""ל",false,1,7.90,3.43,true,1,
7290112355027,false,דנונה פרו 20גר טעם קרמל מלוח 200גר,"שטראוס גרופ ***בע""מ",,,"י""ח",20,"ל  מ""ל",false,1,5.90,29.50,false,1,
7290112355102,false,גמדים פאוץ סלט פירות בודד 100ג,"שטראוס גרופ ***בע""מ",,,"י""ח",100,ל  גרם,false,1,5.90,5.90,false,1,
7290112355263,false,רוטב שמנת עם שקולד  9%,"שטראוס גרופ ***בע""מ",,,"י""ח",200,ל  גרם,false,1,10.90,5.45,true,1,
7290112355386,false,רוטב שמנת בטעם קרמל מלוח,"שטראוס גרופ ***בע""מ",,,"י""ח",200,ל  גרם,false,1,10.90,5.45,true,1,
7290112355775,false,סימפוניה 5% עירית 200גר,"שטראוס גרופ ***בע""מ",,,"י""ח",200,ל  גרם,false,1,11.40,5.70,false,1,
7290112357045,false,עגבניות מרוסקות טעם הטבע קופסה 390גר,"שטראוס גרופ בע""מ",,,"י""ח",390,ל  גרם,false,1,6.90,1.77,true,1,
7290112357076,false,קוביות עגבניות טעם הטבע קופסה 390גר,"שטראוס גרופ בע""מ",,,"י""ח",390,ל  גרם,false,1,6.90,1.77,true,1,
7290112357083,false,אפונה גינה 380גרם טעם הטבע קופסה,"שטראוס גרופ בע""מ",,,"י""ח",380,ל  גרם,false,1,8,2.11,true,1,
7290112357106,false,שעועית אדומה 380גרם טעם הטבע קופסה,"שטראוס גרופ בע""מ",,,"י""ח",380,ל  גרם,false,1,7.90,2.08,true,1,
7290112357113,false,גרגרי חומוס 380גרם טעם הטבע קופסה,"שטראוס גרופ בע""מ",,,"י""ח",380,ל  גרם,false,1,7.90,2.08,true,1,
7290112358004,false,פסק זמן קראנץ 32גר,"שטראוס גרופ בע""מ",,,"י""ח",45,ל  גרם,false,1,4.90,10.89,false,1,
7290112358219,false,"רוטב צ`ילי מתוק 280מ""ל יד מרדכי","שטראוס גרופ בע""מ",,,"י""ח",280,"ל  מ""ל",false,1,14.80,5.29,false,1,
7290112358233,false,"רוטב צ`ילי חריף  280מ""ל יד מרדכי","שטראוס גרופ בע""מ",,,"י""ח",280,"ל  מ""ל",false,1,15,5.36,false,1,
7290112358257,false,"רוטב לעוף עם שזיפים  300מ""ל יד מרדכי","שטראוס גרופ בע""מ",,,"י""ח",300,"ל  מ""ל",false,1,15,5,false,1,
7290112358431,false,ביסקויט עד חצות דאבל 200גר,"שטראוס גרופ בע""מ",,,"י""ח",200,ל  גרם,false,1,14.80,7.40,false,1,
7290112358554,false,מארז קפה נמס לדרך 1.8גרם *28שקיות,"שטראוס גרופ בע""מ",,,"י""ח",50,ל  גרם,false,1,10.90,21.80,false,1,
7290112490032,false,נמס בכוס תירס,יוניליוור ישראל שיווק בעמ,,,"י""ח",64,ל  גרם,false,1,6.90,10.78,true,1,
7290112490117,false,טבלת קליק XL שוק. חלב עם ופל ואגוזים,יוניליוור ישראל שיווק בעמ,,,"י""ח",85,ל  גרם,false,1,5.90,6.94,true,1,
7290112490209,false,נמס בכוס עגבניות 56ג,יוניליוור ישראל שיווק בעמ,,,"י""ח",56,ל  גרם,false,1,6.90,12.32,true,1,
7290112490216,false,נמס בכוס טעם עוף  48ג,יוניליוור ישראל שיווק בעמ,,,"י""ח",48,ל  גרם,false,1,6.90,14.38,true,1,
7290112490230,false,נמס בכוס אפונה  50ג,יוניליוור ישראל שיווק בעמ,,,"י""ח",50,ל  גרם,false,1,6.90,13.80,true,1,
7290112490582,false,חרדל דיזון צרפתי 350ג,יוניליוור ישראל שיווק בעמ,,,"י""ח",350,ל  גרם,false,1,11.90,3.40,false,1,
7290112490599,false,חרדל צרפתי עם גרגרים שלמים 350ג,יוניליוור ישראל שיווק בעמ,,,"י""ח",350,ל  גרם,false,1,13.90,3.97,false,1,
7290112490650,false,קונפיטורה תות שדה 340ג,יוניליוור ישראל שיווק בעמ,,,"י""ח",340,ל  גרם,false,1,12.90,3.79,false,1,
7290112490667,false,קונפיטורה מישמיש 340 גרם,יוניליוור ישראל שיווק בעמ,,,"י""ח",340,ל  גרם,false,1,12.90,3.79,false,1,
7290112490674,false,קונפיטורה דובדבנים 340ג,יוניליוור ישראל שיווק בעמ,,,"י""ח",340,ל  גרם,false,1,12.90,3.79,false,1,
7290112490698,false,קונפיטורה תות לייט 260ג,יוניליוור ישראל שיווק בעמ,,,"י""ח",260,ל  גרם,false,1,13.90,5.35,false,1,
7290112490728,false,מרק עשיר ירקות בורגול ר. טבעי 95ג,יוניליוור ישראל שיווק בעמ,,,"י""ח",74,ל  גרם,false,1,11.90,16.08,false,1,
7290112490735,false,מרק עשיר עגבניות פסטהר. טבעי  105ג,יוניליוור ישראל שיווק בעמ,,,"י""ח",74,ל  גרם,false,1,11.90,16.08,false,1,
7290112490742,false,מרק עשיר פטריות גריסים ר.טבע י 104ג,יוניליוור ישראל שיווק בעמ,,,"י""ח",104,ל  גרם,false,1,11.90,11.44,false,1,
7290112490759,false,מרק עשיר עוף אטריות ר. טבעי 74ג,יוניליוור ישראל שיווק בעמ,,,"י""ח",74,ל  גרם,false,1,11.90,16.08,false,1,
7290112491558,false,מאגדת 6 טבלאות מריר וורד הגליל,יוניליוור ישראל שיווק בעמ,,,"י""ח",600,ל  גרם,false,1,19.90,3.32,false,1,
7290112491701,false,"ברנפלקס חלבון בד""ץ 375ג",יוניליוור ישראל שיווק בעמ,,,"י""ח",375,ל  גרם,false,1,20.90,5.57,true,1,
7290112491787,false,בייגלה דקים דקים שומשום  300 גר`,יוניליוור ישראל שיווק בעמ,,,"י""ח",300,ל  גרם,false,1,9.90,3.30,true,1,
7290112492449,false,פינוק  שמפו(כחול)לשיער רגיל,יוניליוור ישראל שיווק בעמ,,,"י""ח",700,"ל  מ""ל",false,1,12.90,1.84,true,1,
7290112492456,false,פינוק  שמפו(כחול)לשיער יבש,יוניליוור ישראל שיווק בעמ,,,"י""ח",700,"ל  מ""ל",false,1,12.90,1.84,true,1,
7290112492463,false,פינוק שמפו+קונדישינר רגיל,יוניליוור ישראל שיווק בעמ,,,"י""ח",700,"ל  מ""ל",false,1,12.90,1.84,true,1,
7290112492531,false,"פינוק קונדישנר לשיער רגיל 700מ""ל",יוניליוור ישראל שיווק בעמ,,,"י""ח",700,"ל  מ""ל",false,1,12.90,1.84,true,1,
7290112492579,false,"פינוק מרכך  שמן קוקוס 700מ""ל",יוניליוור ישראל שיווק בעמ,,,"י""ח",700,"ל  מ""ל",false,1,12.90,1.84,true,1,
7290112492593,false,פינוק סבון נוזלי בניחוח קלאסי,יוניליוור ישראל שיווק בעמ,,,"י""ח",750,"ל  מ""ל",false,1,11.90,1.59,false,1,
7290112492609,false,"פינוק סבון נוזלי לבנדר ווניל 700 מ""ל",יוניליוור ישראל שיווק בעמ,,,"י""ח",700,"ל  מ""ל",false,1,11.90,1.70,false,1,
7290112492968,false,"מרק בצל 400 גר כשל""פ",יוניליוור ישראל שיווק בעמ,,,"י""ח",400,ל  גרם,false,1,22.90,5.73,false,1,
7290112492982,false,מרק פטריות רכיבים טבעיים 400ג קנור,יוניליוור ישראל שיווק בעמ,,,"י""ח",400,ל  גרם,false,1,25,6.25,true,1,
7290112492999,false,"מרק טעם עוף  400 גר`בד""צ",יוניליוור ישראל שיווק בעמ,,,"י""ח",400,ל  גרם,false,1,14.90,3.73,true,1,
7290112493088,false,נמס בכוס עדשים חריף,יוניליוור ישראל שיווק בעמ,,,"י""ח",48,ל  גרם,false,1,7.50,15.63,true,1,
7290112493095,false,נמס בכוס עגבניות חריף,יוניליוור ישראל שיווק בעמ,,,"י""ח",48,ל  גרם,false,1,7.50,15.63,true,1,
7290112493293,false,נמס בכוס ירקות 100% רכיבים טבעיים,יוניליוור ישראל שיווק בעמ,,,"י""ח",48,ל  גרם,false,1,6.90,14.38,true,1,
7290112493316,false,מרק היום אפונה 100% ר.טבעיים,יוניליוור ישראל שיווק בעמ,,,"י""ח",117,ל  גרם,false,1,11.90,10.17,false,1,
7290112493927,false,קרמיסימו מעדן קפוא טעם ריבת חלב,גלידות שטראוס בעמ,,,"י""ח",776,"ל  מ""ל",false,1,18.90,2.44,false,1,
7290112493934,false,קרמיסימו מעדן קפוא טעם וניל צרפתי,גלידות שטראוס בעמ,,,"י""ח",776,"ל  מ""ל",false,1,18.90,2.44,false,1,
7290112493965,false,קרמיסימו מעדן קפוא טעם וניל מסטיק,גלידות שטראוס בעמ,,,"י""ח",814,"ל  מ""ל",false,1,18.90,2.32,false,1,
7290112494016,false,מיונז מופחת שומן 500 תלמה,יוניליוור ישראל שיווק בעמ,,,"י""ח",500,ל  גרם,false,1,9.90,1.98,false,1,
7290112494153,false,תיבוליות קנור  צלי 72גרם,יוניליוור ישראל שיווק בעמ,,,"י""ח",72,ל  גרם,false,1,8.90,12.36,true,1,
7290112494238,false,קליק כדורים חלב 65ג,יוניליוור ישראל שיווק בעמ,,,"י""ח",65,ל  גרם,false,1,6.50,10,true,1,
7290112494283,false,קליק מעורב חום לבן 65ג,יוניליוור ישראל שיווק בעמ,,,"י""ח",65,ל  גרם,false,1,6.50,10,true,1,
7290112494313,false,קליק קורנפלקס   65ג,יוניליוור ישראל שיווק בעמ,,,"י""ח",65,ל  גרם,false,1,6.50,10,true,1,
7290112494351,false,קורנפלקס אלופים 850ג בדץ,יוניליוור ישראל שיווק בעמ,,,"י""ח",850,ל  גרם,false,1,17.90,2.11,false,1,
7290112494382,false,פירה טעם ביתי  260גרם,יוניליוור ישראל שיווק בעמ,,,"י""ח",260,ל  גרם,false,1,11.90,4.58,false,1,
7290112494795,false,"בדין ג`ל כביסה לבנה וצבעונית 2.5ק""ג",יוניליוור ישראל שיווק בעמ,,,"י""ח",2.50,ליטר,false,1,32.90,13.16,false,1,
7290112494993,false,כריות תלמה וניל 686ג בדץ,יוניליוור ישראל שיווק בעמ,,,"י""ח",750,ל  גרם,false,1,24.90,3.32,true,1,
7290112495006,false,כריות נוגט  686ג  בדץ,יוניליוור ישראל שיווק בעמ,,,"י""ח",750,ל  גרם,false,1,25.90,3.45,false,1,
7290112495020,false,".כריות צ וקולדה 686 ג בד""ץ",יוניליוור ישראל שיווק בעמ,,,"י""ח",750,ל  גרם,false,1,24.90,3.32,true,1,
7290112495037,false,"קוקומן בד""ץ 375ג  כדורים",יוניליוור ישראל שיווק בעמ,,,"י""ח",375,ל  גרם,false,1,19.90,5.31,true,1,
7290112495105,false,נשנשים שמנת בצל 260 גרם,יוניליוור ישראל שיווק בעמ,,,"י""ח",260,ל  גרם,false,1,12.70,4.88,true,1,
7290112495143,false,נשנשים קרקר קוקטייל מלוח  300 גר.,יוניליוור ישראל שיווק בעמ,,,"י""ח",300,ל  גרם,false,1,12.90,4.30,true,1,
7290112495150,false,נשנשים עגול מלוח 350 גר.,יוניליוור ישראל שיווק בעמ,,,"י""ח",300,ל  גרם,false,1,12.90,4.30,true,1,
7290112495280,false,"ברנפלקס ריבועי קינמון 400מ""ל",יוניליוור ישראל שיווק בעמ,,,"י""ח",400,"ל  מ""ל",false,1,20.90,5.23,true,1,
7290112495433,false,דליפקאן 400ג אגוזי פקאן ושקדים,יוניליוור ישראל שיווק בעמ,,,"י""ח",400,ל  גרם,false,1,21.90,5.48,false,1,
7290112495488,false,קורנפלקס ללא גלוטן 500גר`,יוניליוור ישראל שיווק בעמ,,,"י""ח",500,ל  גרם,false,1,15.90,3.18,false,1,
7290112495556,false,מארז קליק  נוגט שלישייה,יוניליוור ישראל שיווק בעמ,,,"י""ח",106,ל  גרם,false,1,12.90,12.17,true,1,
7290112495594,false,גדול גדול ללא מלח  400גר.,יוניליוור ישראל שיווק בעמ,,,"י""ח",400,ל  גרם,false,1,12.90,3.23,false,1,
7290112495662,false,קרקר חיטה מלאה עם פשתן 300גר,יוניליוור ישראל שיווק בעמ,,,"י""ח",300,ל  גרם,false,1,9.90,3.30,false,1,
7290112495754,false,הלמנס לסלט אלף האיים 305גרם,יוניליוור ישראל שיווק בעמ,,,"י""ח",305,ל  גרם,false,1,10.90,3.57,true,1,
7290112495785,false,הלמנס רוטב שום 300גרם,יוניליוור ישראל שיווק בעמ,,,"י""ח",300,ל  גרם,false,1,10.90,3.63,true,1,
7290112495822,false,כריות תלמה בלאק 686ג בדץ,יוניליוור ישראל שיווק בעמ,,,"י""ח",750,ל  גרם,false,1,24.90,3.32,true,1,
7290112495921,false,"מרק דגש טעם עוף 1 ק""ג",יוניליוור ישראל שיווק בעמ,,,"י""ח",1,מטר,false,1,14.90,14.90,false,1,
7290112495938,false,קרקר 6 דגנים 250 גרם,יוניליוור ישראל שיווק בעמ,,,"י""ח",250,ל  גרם,false,1,9.90,3.96,false,1,
7290112496034,false,"סירופ מייפל לחיץ 580 מ""ל כשל""פ אפיכל",יוניליוור ישראל שיווק בעמ,,,"י""ח",580,"ל  מ""ל",false,1,12.90,2.22,false,1,
7290112496218,false,קנור רוטב טריאקי 340ג,יוניליוור ישראל שיווק בעמ,,,"י""ח",340,ל  גרם,false,1,11.90,3.50,true,1,
7290112496430,false,נמס בכוס עגבניות אקסטרה אטריות,יוניליוור ישראל שיווק בעמ,,,"י""ח",39,ל  גרם,false,1,3.90,10,false,1,
7290112496447,false,נמס בכוס טעם עוף אקסטרה אטריות,יוניליוור ישראל שיווק בעמ,,,"י""ח",39,ל  גרם,false,1,3.90,10,false,1,
7290112496461,false,נמס בכוס טעם עוף עם אטריות וקרטונים,יוניליוור ישראל שיווק בעמ,,,"י""ח",35,ל  גרם,false,1,4.90,14,false,1,
7290112497000,false,פנטסטיק 1 ליטר,יוניליוור ישראל שיווק בעמ,,,"י""ח",1,ליטר,false,1,9.90,9.90,false,1,
7290112497499,false,טבלת קליק לבן עוגיות 85ג,יוניליוור ישראל שיווק בעמ,,,"י""ח",100,ל  גרם,false,1,5.90,5.90,true,1,
7290112497710,false,פינוק שמפו אל דמע בייבי 700מ,יוניליוור ישראל שיווק בעמ,,,"י""ח",700,"ל  מ""ל",false,1,14.90,2.13,false,1,
7290112497864,false,מרק עוף רכיבים טבעיים 33% פחות נת 400ג,יוניליוור ישראל שיווק בעמ,,,"י""ח",400,ל  גרם,false,1,24.90,6.23,true,1,
7290112497994,false,גרנולה פרוטאין 300 גרם,יוניליוור ישראל שיווק בעמ,,,"י""ח",300,ל  גרם,false,1,15.90,5.30,false,1,
7290112498007,false,גרנולה פרוטאין 300 גרם,יוניליוור ישראל שיווק בעמ,,,"י""ח",300,ל  גרם,false,1,15.90,5.30,false,1,
7290112498441,false,"רוטב אסייתי למוקפץ 270 מ""ל",יוניליוור ישראל שיווק בעמ,,,"י""ח",370,"ל  מ""ל",false,1,11.90,3.22,true,1,
7290112498915,false,מאגדת  מגנום שקדים  מיני שטראוס,גלידות שטראוס בעמ,,,"י""ח",280,ל  גרם,false,1,27.90,9.96,false,1,
7290112498922,false,מאגדת  מגנום לבן מיני שטראוס,גלידות שטראוס בעמ,,,"י""ח",280,ל  גרם,false,1,27.90,9.96,false,1,
7290112499080,false,סולרו בר קוקוס 86גר,גלידות שטראוס בעמ,,,"י""ח",1,"י""ח",false,1,7,7,true,1,
7290112499097,false,מאגדת  מגנום מריר  מיני,גלידות שטראוס בעמ,,,"י""ח",280,ל  גרם,false,1,27.90,9.96,false,1,
7290112499127,false,מגנום שוקולד לבן תות אימפאלס,גלידות שטראוס בעמ,,,"י""ח",90,ל  גרם,false,1,10,11.11,true,1,
7290112499141,false,סולרו וניל ותפוח ירוק,גלידות שטראוס בעמ,,,"י""ח",76,ל  גרם,false,1,7.90,10.39,true,1,
7290112499219,false,גודיז מאגדת 5יח בטעם פיסטוק שוקולד,גלידות שטראוס בעמ,,,"י""ח",297,ל  גרם,false,1,19.90,6.70,false,1,
7290112499226,false,.גלידונית 60 יח טעם פיסטוק ובננה שטראוס,גלידות שטראוס בעמ,,,"י""ח",700,ל  גרם,false,1,49.90,7.13,false,1,
7290112499455,false,"פינוק סבון נוזלי מרוקאי 700מ""ל",יוניליוור ישראל שיווק בעמ,,,"י""ח",750,"ל  מ""ל",false,1,11.90,1.59,false,1,
7290112499462,false,"פינוק סבון נוזלי שמן קוקוס 700מ""ל",יוניליוור ישראל שיווק בעמ,,,"י""ח",750,"ל  מ""ל",false,1,11.90,1.59,false,1,
7290112499479,false,פינוק שמפו עם קרטין,יוניליוור ישראל שיווק בעמ,,,"י""ח",700,"ל  מ""ל",false,1,12.90,1.84,true,1,
7290112499493,false,"רקסונה ספריי בניחוח במבוק ואלוורה 150מ""ל",יוניליוור ישראל שיווק בעמ,,,"י""ח",150,"ל  מ""ל",false,1,14.90,9.93,true,1,
7290112499639,false,טילון סופר מגנום וניל שוקולד,גלידות שטראוס בעמ,,,"י""ח",110,ל  גרם,false,1,10,9.09,true,1,
7290112499776,false,גודיז מאגדת 5יח בטעם 3 שוקולדים,גלידות שטראוס בעמ,,,"י""ח",297,ל  גרם,false,1,24.90,8.38,false,1,
7290112499813,false,אסקימו אבטיח,גלידות שטראוס בעמ,,,"י""ח",1,,false,1,3,3,true,1,
7290112499837,false,מגנום דואט שוקולד עם נוגט,גלידות שטראוס בעמ,,,"י""ח",90,ל  גרם,false,1,11,12.22,true,1,
7290112499844,false,מאגדת  מגנום נוגט  מיני שטראוס,גלידות שטראוס בעמ,,,"י""ח",280,ל  גרם,false,1,27.90,9.96,false,1,
7290112499905,false,קורנטו קליק טעם מרשמלו,גלידות שטראוס בעמ,,,"י""ח",72,ל  גרם,false,1,8.90,12.36,true,1,
7290112499929,false,מגנום שוקולד,גלידות שטראוס בעמ,,,"י""ח",90,ל  גרם,false,1,11,12.22,true,1,
7290112499943,false,מאגדת  מגנום קלאסיק שוקולד  מיני,גלידות שטראוס בעמ,,,"י""ח",280,ל  גרם,false,1,27.90,9.96,false,1,
7290112960856,false,אקסטרים מטבע שוק. חלב וריבת חלב,נגה גלידות,,,"י""ח",115,ל  גרם,false,1,12.90,11.22,true,1,
7290112961266,false,בייגלה כפיות פיזור איטלקי 300ג.,קבוצת אוסם סחר-שות.מוגבלת,,,"י""ח",300,ל  גרם,false,1,11.80,3.93,false,1,
7290112961372,false,פיטנס חטיפי פריכיות דקות 60גר,קבוצת אוסם סחר-שות.מוגבלת,,,"י""ח",60,ל  גרם,false,1,10.70,17.83,true,1,
7290112961464,false,פיטנס חטיפי פריכיות דקות 60גר,קבוצת אוסם סחר-שות.מוגבלת,,,"י""ח",60,ל  גרם,false,1,11.70,19.50,true,1,
7290112962652,false,"מרק טעם עוף 800 גר}אסם{כשל""פ",קבוצת אוסם סחר-שות.מוגבלת,,,"י""ח",800,ל  גרם,false,1,10.80,1.35,false,1,
7290112962751,false,גלידת  אוראו סנדוויץ,נגה גלידות,,,"י""ח",80,ל  גרם,false,1,12.90,16.13,true,1,
7290112963321,false,בייגלה שטוח ללא גלוטן 300גר,קבוצת אוסם סחר-שות.מוגבלת,,,"י""ח",300,ל  גרם,false,1,14.10,4.70,false,1,
7290112963697,false,א.מקומית עוגיות שוקולדציפס  שקיל-ב,**קבוצת אוסם סחר-שות.מוגבלת,,,"ק""ג",1,"ק""ג",true,1,49,49,false,1,
7290112963918,false,פיטנס חטיפי קרקר דק רוזמרין 140גר,קבוצת אוסם סחר-שות.מוגבלת,,,"י""ח",140,ל  גרם,false,1,13.90,9.93,true,1,
7290112964410,false,רוטב אלף האיים אסם 290 מייל.,קבוצת אוסם סחר-שות.מוגבלת,,,"י""ח",290,"ל  מ""ל",false,1,12.90,4.45,true,1,
7290112964434,false,"רוטב לסלט קיסר 290מ""ל",קבוצת אוסם סחר-שות.מוגבלת,,,"י""ח",290,"ל  מ""ל",false,1,12.90,4.45,true,1,
7290112964458,false,"רוטב וינגרט 290 מ""ל",קבוצת אוסם סחר-שות.מוגבלת,,,"י""ח",375,ל  גרם,false,1,12.90,3.44,true,1,
7290112964472,false,רוטב שום לסלט 290 מייל,קבוצת אוסם סחר-שות.מוגבלת,,,"י""ח",290,"ל  מ""ל",false,1,12.90,4.45,true,1,
7290112964564,false,רוטב שום  לייט 290 מייל,קבוצת אוסם סחר-שות.מוגבלת,,,"י""ח",290,"ל  מ""ל",false,1,12.90,4.45,true,1,
7290112964601,false,"רוטב בנוסח סצואן  360מ""ל",קבוצת אוסם סחר-שות.מוגבלת,,,"י""ח",360,ל  גרם,false,1,14.90,4.14,false,1,
7290112964625,false,רוטב שום  לייט 290 מייל,קבוצת אוסם סחר-שות.מוגבלת,,,"י""ח",290,"ל  מ""ל",false,1,12.90,4.45,true,1,
7290112965363,false,טבעול קצציצות קינואה וברוקולי 525גר,קבוצת אוסם סחר-שות.מוגבלת,,,"י""ח",525,ל  גרם,false,1,39.90,7.60,true,1,
7290112965660,false,פיטנס מולטיגרין מלח פלפל 25 גרם,קבוצת אוסם סחר-שות.מוגבלת,,,"י""ח",25,ל  גרם,false,1,5,20,true,1,
7290112965707,false,פיטנס מולטיגרין צ`ילי מעודן 25 גרם,קבוצת אוסם סחר-שות.מוגבלת,,,"י""ח",25,ל  גרם,false,1,5,20,true,1,
7290112965868,false,קרם קרקר במליחות מעודנת 250גר,קבוצת אוסם סחר-שות.מוגבלת,,,"י""ח",250,ל  גרם,false,1,10.90,4.36,true,1,
7290112965905,false,בייגלה שמיניות במליחות 400גרם,קבוצת אוסם סחר-שות.מוגבלת,,,"י""ח",400,ל  גרם,false,1,12.20,3.05,false,1,
7290112965967,false,טבעול נאגטס ירקות כתומים 500גר,קבוצת אוסם סחר-שות.מוגבלת,,,"י""ח",500,ל  גרם,false,1,39.90,7.98,true,1,
7290112965981,false,טבעול גורמה ארוחת דגנים 450גר,קבוצת אוסם סחר-שות.מוגבלת,,,"י""ח",450,ל  גרם,false,1,34.90,7.76,true,1,
7290112966094,false,עוגת הבית תפוז מופחת סוכר 400גר,קבוצת אוסם סחר-שות.מוגבלת,,,"י""ח",400,ל  גרם,false,1,13.10,3.28,false,1,
7290112966124,false,פתי בר מופחת סוכר אוסם 500 ג`,קבוצת אוסם סחר-שות.מוגבלת,,,"י""ח",500,ל  גרם,false,1,12.90,2.58,true,1,
7290112966247,false,לחמית כוסמין 200גר,קבוצת אוסם סחר-שות.מוגבלת,,,"י""ח",200,ל  גרם,false,1,9.90,4.95,true,1,
7290112967114,false,פיטנס חטיפי פריכיות קטניות ופלפל 60ג,קבוצת אוסם סחר-שות.מוגבלת,,,"י""ח",60,ל  גרם,false,1,11.20,18.67,true,1,
7290112967138,false,בייגל שמיניה  ללא גלוטן 250גרם,קבוצת אוסם סחר-שות.מוגבלת,,,"י""ח",250,ל  גרם,false,1,12.90,5.16,false,1,
7290112968708,false,"שניצל תירס טבעול  1.3ק""ג",קבוצת אוסם סחר-שות.מוגבלת,,,"י""ח",1.30,"ק""ג",false,1,50.30,38.69,true,1,
7290112968722,false,"נקניקיות מן הצומח טבעול  1.2ק""ג",קבוצת אוסם סחר-שות.מוגבלת,,,"י""ח",1.30,"ק""ג",false,1,46.90,36.08,true,1,
7290112968807,false,פיטנס חטיפי קרקר דק סלק 150גר,קבוצת אוסם סחר-שות.מוגבלת,,,"י""ח",150,ל  גרם,false,1,13.90,9.27,true,1,
7290112968821,false,פיטנס חטיפי קרקר דק בטטה 150גר,קבוצת אוסם סחר-שות.מוגבלת,,,"י""ח",150,ל  גרם,false,1,13.90,9.27,true,1,
7290112969248,false,רוטב בישולים סילאן ובצל  335גר,קבוצת אוסם סחר-שות.מוגבלת,,,"י""ח",335,ל  גרם,false,1,17.30,5.16,true,1,
7290112969903,false,טבעול נאגטס ירקות לבנים500גר,קבוצת אוסם סחר-שות.מוגבלת,,,"י""ח",500,ל  גרם,false,1,39.90,7.98,true,1,
7290113190450,false,ממרח תמרים ירדן (בדץ).,דין שיווק וקליה 2021 בעמ,,,"י""ח",450,ל  גרם,false,1,5.90,1.31,false,1,
7290113192157,false,אגוז ברזיל קלופיים  150ג שקדיה,דין שיווק וקליה 2021 בעמ,,,"י""ח",150,ל  גרם,false,1,15.90,10.60,false,1,
7290113192164,false,אגוזי קשיו קלופים 150ג דין שיווק,דין שיווק וקליה 2021 בעמ,,,"י""ח",150,ל  גרם,false,1,15.90,10.60,false,1,
7290113192171,false,מיקס אגוזים שקדים וחמוציו 150ג דין שיו,דין שיווק וקליה 2021 בעמ,,,"י""ח",150,ל  גרם,false,1,11.90,7.93,false,1,
7290113192201,false,פינוק סלחב 500גר קרטון,דין שיווק וקליה 2021 בעמ,,,"י""ח",500,ל  גרם,false,1,13.90,2.78,false,1,
7290113192218,false,פינוק מלבי 500גר קרטון,דין שיווק וקליה 2021 בעמ,,,"י""ח",500,ל  גרם,false,1,13.90,2.78,false,1,
7290113192300,false,חרוזית מושחר].A2בית שיטה[,קבוצת אוסם סחר-שות.מוגבלת,,,"י""ח",275,ל  גרם,false,1,11.30,4.11,true,1,
7290113192317,false,טבעות זיתים מושחרים]בית השיטה[,קבוצת אוסם סחר-שות.מוגבלת,,,"י""ח",280,ל  גרם,false,1,11.90,4.25,false,1,
7290113192324,false,זית ירוק 340גר בית השיטה.,קבוצת אוסם סחר-שות.מוגבלת,,,"י""ח",340,ל  גרם,false,1,10.90,3.21,false,1,
7290113192331,false,בית השיטה זיתים ירוקים A2..,קבוצת אוסם סחר-שות.מוגבלת,,,"י""ח",340,ל  גרם,false,1,11.30,3.32,false,1,
7290113192348,false,זית ירוק שום בית השיטה 340גר,קבוצת אוסם סחר-שות.מוגבלת,,,"י""ח",340,ל  גרם,false,1,11.20,3.29,true,1,
7290113192355,false,חרוזית ירוק]בית השיטה[,קבוצת אוסם סחר-שות.מוגבלת,,,"י""ח",275,ל  גרם,false,1,11.10,4.04,true,1,
7290113192362,false,טבעות זיתים ירוקים A2.,קבוצת אוסם סחר-שות.מוגבלת,,,"י""ח",280,ל  גרם,false,1,11.20,4,false,1,
7290113192379,false,זיתים ירוקים מבוקעים]בית שיטה[,קבוצת אוסם סחר-שות.מוגבלת,,,"י""ח",340,ל  גרם,false,1,11.60,3.41,false,1,
7290113192386,false,זית סורי מבוקע]בית שיטה[,קבוצת אוסם סחר-שות.מוגבלת,,,"י""ח",340,ל  גרם,false,1,12.50,3.68,false,1,
7290113192478,false,מלפפון במלח .10-12בית  שיטה,קבוצת אוסם סחר-שות.מוגבלת,,,"י""ח",320,ל  גרם,false,1,9.40,2.94,false,1,
7290113192492,false,מלפפון בחומץ 13-17 בית השיטה,קבוצת אוסם סחר-שות.מוגבלת,,,"י""ח",290,ל  גרם,false,1,10.90,3.76,false,1,
7290113192508,false,מלפפון-במלח ]13-17בית שיטה[,קבוצת אוסם סחר-שות.מוגבלת,,,"י""ח",320,ל  גרם,false,1,10.90,3.41,false,1,
7290113192515,false,מלפפון במלח .18-25בית שיטה[,קבוצת אוסם סחר-שות.מוגבלת,,,"י""ח",320,ל  גרם,false,1,13.30,4.16,false,1,
7290113192522,false,מלפפון בחומץ 18-25,קבוצת אוסם סחר-שות.מוגבלת,,,"י""ח",290,ל  גרם,false,1,13.30,4.59,false,1,
7290113192539,false,מלפפון  במלח ]7-9בית  שיטה[,קבוצת אוסם סחר-שות.מוגבלת,,,"י""ח",320,ל  גרם,false,1,7.90,2.47,false,1,
7290113192546,false,מלפפון בחומץ 7-9 בית השיטה,קבוצת אוסם סחר-שות.מוגבלת,,,"י""ח",290,ל  גרם,false,1,7.90,2.72,false,1,
7290113192553,false,מלפפון במלח באלדי13-17,קבוצת אוסם סחר-שות.מוגבלת,,,"י""ח",320,ל  גרם,false,1,10.90,3.41,false,1,
7290113192560,false,שיפקה A2,קבוצת אוסם סחר-שות.מוגבלת,,,"י""ח",230,ל  גרם,false,1,7.90,3.43,true,1,
7290113192577,false,כרוב כבוש]בית   השיטה[,קבוצת אוסם סחר-שות.מוגבלת,,,"י""ח",430,ל  גרם,false,1,7.90,1.84,false,1,
7290113192881,false,טורטיה חיטה מופחתת קלוריות,דין שיווק וקליה 2021 בעמ,,,"י""ח",420,ל  גרם,false,1,8.90,2.12,false,1,
7290113193000,false,פלפל שיפקונית 230גר בית השיטה.,קבוצת אוסם סחר-שות.מוגבלת,,,"י""ח",230,ל  גרם,false,1,10.90,4.74,false,1,
7290113193017,false,בית השיטה קוקטייל זיתים,קבוצת אוסם סחר-שות.מוגבלת,,,"י""ח",275,ל  גרם,false,1,12.90,4.69,false,1,
7290113193031,false,בית השיטה חרוזית קלמטה,קבוצת אוסם סחר-שות.מוגבלת,,,"י""ח",275,ל  גרם,false,1,12.90,4.69,false,1,
7290113193406,false,בית השיטה טבעות קוקטייל זיתים 280גר,קבוצת אוסם סחר-שות.מוגבלת,,,"י""ח",275,ל  גרם,false,1,12.90,4.69,false,1,
7290113194090,false,טבעות קלמטה 280גר בית השיטה.,קבוצת אוסם סחר-שות.מוגבלת,,,"י""ח",280,ל  גרם,false,1,10.90,3.89,false,1,
7290113195196,false,רסק תפוחי עץ,דין שיווק וקליה 2021 בעמ,,,"י""ח",1,"י""ח",false,1,13.90,13.90,false,1,
7290113195356,false,שמן קנולה מזוכך 1ל בית השיטה,קבוצת אוסם סחר-שות.מוגבלת,,,"י""ח",1,ליטר,false,1,13.90,13.90,false,1,
7290113196476,false,סוכריות גלי בטעמי פירות 540ג,דין שיווק וקליה 2021 בעמ,,,"י""ח",540,ל  גרם,false,1,14.90,2.76,false,1,
7290113197855,false,בית השיטה תירס גמדי 230גר,קבוצת אוסם סחר-שות.מוגבלת,,,"י""ח",230,ל  גרם,false,1,12.90,5.61,true,1,
7290113198395,false,קשיו ענק 250גר מחנה יהודה,דין שיווק וקליה 2021 בעמ****,,,"י""ח",250,ל  גרם,false,1,24.90,9.96,true,1,
7290113198401,false,בוטנים קלויים ג`מבו 300גר מחנה יהודה,דין שיווק וקליה 2021 בעמ****,,,"י""ח",300,ל  גרם,false,1,19.90,6.63,true,1,
7290113198418,false,שקד קלוי ענק  250גר מחנה יהודה,דין שיווק וקליה 2021 בעמ****,,,"י""ח",250,ל  גרם,false,1,24.90,9.96,true,1,
7290113198425,false,פקאן טבעי 200גר מחנה יהודה,דין שיווק וקליה 2021 בעמ****,,,"י""ח",200,ל  גרם,false,1,24.90,12.45,true,1,
7290113198432,false,תערובת פיצוחים מובחרת 250גר מחנה יהודה,דין שיווק וקליה 2021 בעמ****,,,"י""ח",250,ל  גרם,false,1,24.90,9.96,true,1,
7290113198449,false,שקד טבעי 300גר מחנה יהודה,דין שיווק וקליה 2021 בעמ****,,,"י""ח",300,ל  גרם,false,1,24.90,8.30,true,1,
7290113198456,false,חמוציות  250גר מחנה יהודה,דין שיווק וקליה 2021 בעמ****,,,"י""ח",250,ל  גרם,false,1,9.90,3.96,true,1,
7290113198463,false,פקאו סיני 160גר מחנה יהודה,דין שיווק וקליה 2021 בעמ****,,,"י""ח",160,ל  גרם,false,1,19.90,12.44,true,1,
7290113198470,false,אגוז מלך 200גר מחנה יהודה,דין שיווק וקליה 2021 בעמ****,,,"י""ח",200,ל  גרם,false,1,14.90,7.45,true,1,
7290113198487,false,סוכריות גומי 300גר מחנה יהודה,דין שיווק וקליה 2021 בעמ****,,,"י""ח",300,ל  גרם,false,1,14.90,4.97,true,1,
7290113198494,false,פיסטוק קלוי גדול 200גר מחנה יהודה,דין שיווק וקליה 2021 בעמ****,,,"י""ח",200,ל  גרם,false,1,24.90,12.45,true,1,
7290113198517,false,שזיף ללא גרעין 330גר מחנה יהודה,דין שיווק וקליה 2021 בעמ****,,,"י""ח",330,ל  גרם,false,1,19.90,6.03,true,1,
7290113199408,false,פריכיות כוסמין 150גר שקדיה,דין שיווק וקליה 2021 בעמ,,,"י""ח",150,ל  גרם,false,1,9.90,6.60,false,1,
7290113199767,false,ממרח 100% שקדים 300גר,דין שיווק וקליה 2021 בעמ,,,"י""ח",300,ל  גרם,false,1,28.90,9.63,false,1,
7290113199781,false,ממרח 100% אגוזים ובוטנים 200גר,דין שיווק וקליה 2021 בעמ,,,"י""ח",200,ל  גרם,false,1,16.90,8.45,false,1,
7290113199927,false,סוכריות חמצוצים טעם פירות 180ג,דין שיווק וקליה 2021 בעמ,,,"י""ח",180,ל  גרם,false,1,9.90,5.50,false,1,
7290113199934,false,סוכריות חמצוצים טעם אוכמניות 180ג,דין שיווק וקליה 2021 בעמ,,,"י""ח",180,ל  גרם,false,1,9.90,5.50,false,1,
7290113285095,false,"כפפות  לטקס ללא אבקה  S פרפקט כשל""פ",ח.כהן סוכנות מזון ומשקאות בע,,,"י""ח",80,"י""ח",false,1,22.90,0.29,true,1,
7290113285101,false,"כפפות  לטקס ללא אבקה  M פרפקט כשל""פ",ח.כהן סוכנות מזון ומשקאות בע,,,"י""ח",80,"י""ח",false,1,22.90,0.29,true,1,
7290113285118,false,"כפפות  לטקס ללא אבקה  L פרפקט כשל""פ",ח.כהן סוכנות מזון ומשקאות בע,,,"י""ח",80,"י""ח",false,1,22.90,0.29,true,1,
7290113300224,false,פאוץ מתחוני לה קט עם סלמון ברוטב 85ג,דיפלומט מפיצים (1968) בעמ**,,,"י""ח",85,ל  גרם,false,1,4.90,5.76,false,1,
7290113300231,false,פאוץ מתחוני לה קט עם בקר בגלי 85ג,דיפלומט מפיצים (1968) בעמ**,,,"י""ח",85,ל  גרם,false,1,4.90,5.76,false,1,
7290113300262,false,פאוץ מתחוני לה קט עם טונה בגלי 85ג,דיפלומט מפיצים (1968) בעמ**,,,"י""ח",85,ל  גרם,false,1,4.90,5.76,false,1,
7290113560055,false,מי פה פרדונטקס 500 מ``ל,גורי ע.ע.ע. בעמ,,,"י""ח",500,ל  גרם,false,1,31.90,6.38,true,1,
7290113860049,false,פירות קפואים פסיפלורה מחנה יהודה 350 גר,אביב שלמה השקעות בעמ,,,"י""ח",1,,false,1,12.90,12.90,true,1,
7290113860056,false,מיקס פירות יער מחנה יהודה 350 גר,אביב שלמה השקעות בעמ,,,"י""ח",1,,false,1,12.90,12.90,true,1,
7290113860063,false,פירות קפואים מלון מחנה יהודה 350 גר.,אביב שלמה השקעות בעמ,,,"י""ח",1,,false,1,12.90,12.90,true,1,
7290113860070,false,פירות קפואים תמר מחנה יהודה 350 גר,אביב שלמה השקעות בעמ,,,"י""ח",1,,false,1,12.90,12.90,true,1,
7290113860247,false,פנטולה עוגת שכבות עשריה.,ש.שסטוביץ בעמ,,,"י""ח",400,ל  גרם,false,1,12.90,3.23,true,1,
7290113860476,false,מלפפון 7-9 מחנה יהודה,קבוצת יבנה מוצרי מזון בעמ,,,"י""ח",600,ל  גרם,false,1,6.90,1.15,true,1,
7290113860483,false,מלפפון 18-25 מחנה יהודה,קבוצת יבנה מוצרי מזון בעמ,,,"י""ח",600,ל  גרם,false,1,10.90,1.82,true,1,
7290113860667,false,"קמח חיטה לבן 1ק""ג מחנה יהודה",טחנות ישראליות בעמ,,,"י""ח",1,"ק""ג",false,1,7.90,7.90,true,1,
7290113860674,false,"קמח חיטה לבן 405 1ק""ג מחנה יהודה",טחנות ישראליות בעמ,,,"י""ח",1,"ק""ג",false,1,8.90,8.90,true,1,
7290113860681,false,"קמח חלות 1ק""ג מחנה יהודה",טחנות ישראליות בעמ,,,"י""ח",1,"ק""ג",false,1,8.90,8.90,true,1,
7290113860698,false,"קמח כוסמין לבן 1ק""ג ישראליות",טחנות ישראליות בעמ,,,"י""ח",1,"ק""ג",false,1,15.90,15.90,true,1,
7290113860742,false,"קמח כוסמין מלא 100% 1ק""ג ישראליות",טחנות ישראליות בעמ,,,"י""ח",1,"ק""ג",false,1,15.90,15.90,true,1,
7290114310215,false,"שמנת מתוקה עמידה 38% 250  מ""ל*בד""צ",*החברה המרכזית להפצת משקאותבעמ,,,"י""ח",250,"ל  מ""ל",false,1,6.47,2.59,false,1,
7290114310338,false,גבינה צפתית 5% צוריאל,*החברה המרכזית להפצת משקאותבעמ,,,"י""ח",250,ל  גרם,false,1,16.90,6.76,false,1,
7290114310345,false,מעדן מוו תות 1.5% 125גר.,*החברה המרכזית להפצת משקאותבעמ,,,"י""ח",250,ל  גרם,false,1,2.80,1.12,true,1,
7290114310567,false,לאבנה עיזים  200גר 5%,*החברה המרכזית להפצת משקאותבעמ,,,"י""ח",200,ל  גרם,false,1,14.90,7.45,true,1,
7290114310628,false,משקה חלב וניל עוגיות 1ל בקבוק,*החברה המרכזית להפצת משקאותבעמ,,,"י""ח",1,ליטר,false,1,11.90,11.90,false,1,
7290114310901,false,גבינה לבנה  ב250 גרם 5%*,*החברה המרכזית להפצת משקאותבעמ,,,"י""ח",250,ל  גרם,false,1,4.98,1.99,false,1,
7290114310963,false,יוגורט מחלב עיזים מלא כ-3.7%שומן  500ג.,*החברה המרכזית להפצת משקאותבעמ,,,"י""ח",500,"ל  מ""ל",false,1,13.90,2.78,true,1,
7290114311038,false,"שמנת מתוקה 32% שומן 250מ""ל.",*החברה המרכזית להפצת משקאותבעמ,,,"י""ח",250,"ל  מ""ל",false,1,6.90,2.76,false,1,
7290114311304,false,מולר מנגו פסיפלורה בננה FROOP MULLER,*החברה המרכזית להפצת משקאותבעמ,,,"י""ח",150,"ל  מ""ל",false,1,5.30,3.53,false,1,
7290114311328,false,חלב נטול לקטוז  1ליטר,*החברה המרכזית להפצת משקאותבעמ,,,"י""ח",1,ליטר,false,1,7.90,7.90,false,1,
7290114311359,false,קציפת יוגורט בטעם מנגו FROOP MULL,*החברה המרכזית להפצת משקאותבעמ,,,"י""ח",150,"ל  מ""ל",false,1,5.30,3.53,false,1,
7290114311458,false,חלב מועשר 3% שומן 1ליטר קרטון,*החברה המרכזית להפצת משקאותבעמ,,,"י""ח",1,ליטר,false,1,7.70,7.70,false,1,
7290114311526,false,מולר קצפת תפוז ג`ינג`ר FROOP MULLER,*החברה המרכזית להפצת משקאותבעמ,,,"י""ח",150,"ל  מ""ל",false,1,5,3.33,false,1,
7290114311533,false,מולר קצפת פרי טעם סנגריה FROOP MULLER,*החברה המרכזית להפצת משקאותבעמ,,,"י""ח",150,"ל  מ""ל",false,1,5,3.33,false,1,
7290114311557,false,מולר נטורל+גרנולה בתוספת סירופ מייפל 185,*החברה המרכזית להפצת משקאותבעמ,,,"י""ח",185,"ל  מ""ל",false,1,6.90,3.73,false,1,
7290114600927,false,עלי טורטיה חיטה מלאה 320ג מאסטר שף,ש.שסטוביץ בעמ,,,"י""ח",320,ל  גרם,false,1,10.90,3.41,false,1,
7290114602785,false,פרי סלייסים ציפס בננה מלוח 90ג.,ש.שסטוביץ בעמ,,,"י""ח",90,ל  גרם,false,1,12.90,14.33,false,1,
7290114603522,false,רוטב קארי ירוק  340ג מאסטר שף,ש.שסטוביץ בעמ,,,"י""ח",340,"ל  מ""ל",false,1,14.90,4.38,false,1,
7290114604116,false,מקלוני כותנה 500יח עננים,ש.שסטוביץ בעמ,,,"י""ח",500,"י""ח",false,1,9.90,0.02,false,1,
7290114604864,false,קוסקוס סולת דק 350ג מאסטר שף,ש.שסטוביץ בעמ,,,"י""ח",350,ל  גרם,false,1,6.90,1.97,false,1,
7290114604871,false,קוסקוס סולת בינוני 350ג מאסטר שף,ש.שסטוביץ בעמ,,,"י""ח",350,ל  גרם,false,1,6.90,1.97,false,1,
7290114604901,false,ממרח שום לחיץ 446ג מאסטר שף,ש.שסטוביץ בעמ,,,"י""ח",446,ל  גרם,false,1,13.90,3.12,false,1,
7290114604932,false,רוטב ברביקיו דבש 520ג מאסטר שף,ש.שסטוביץ בעמ,,,"י""ח",520,ל  גרם,false,1,14.90,2.87,false,1,
7290114604963,false,פרורי לחם מתובלים 230ג מאסטר שף,ש.שסטוביץ בעמ,,,"י""ח",200,ל  גרם,false,1,7.80,3.90,false,1,
7290114606387,false,"קולגייט אופטיק וויט פחם מארז זוג 75גמ""",ש.שסטוביץ בעמ,,,"י""ח",150,"ל  מ""ל",false,1,49.90,33.27,false,1,
7290114606530,false,רוטב בטעם מיונז וקטשופ 515ג מאסטר שף,ש.שסטוביץ בעמ,,,"י""ח",515,ל  גרם,false,1,13.90,2.70,false,1,
7290114606547,false,מיונז עם פטריות כמהין 242ג מאסטר שף,ש.שסטוביץ בעמ,,,"י""ח",242,ל  גרם,false,1,13.90,5.74,false,1,
7290114606554,false,מיונז לייט לחיץ 470ג מאסטר שף,ש.שסטוביץ בעמ,,,"י""ח",470,ל  גרם,false,1,13.90,2.96,false,1,
7290114606578,false,שקדי מרק 400 גר`מאסטר שף,ש.שסטוביץ בעמ,,,"י""ח",400,ל  גרם,false,1,9.90,2.48,false,1,
7290114606608,false,רוטב סויה דלת נתרן 40% פולי סויה 620גרם,ש.שסטוביץ בעמ,,,"י""ח",620,"ל  מ""ל",false,1,17.90,2.89,false,1,
7290114659949,false,מסכות כירורגיות מארז 50 יח(ש),שמחה זה אנחנו,,,"י""ח",50,"י""ח",false,1,9.90,0.20,false,1,
7290114720670,false,מחליק שיער מקצועי.,פוגיקום בעמ,,,"י""ח",1,,false,1,149.90,149.90,false,1,
7290114721257,false,קומקום חשמלי שחור,פוגיקום בעמ,,,"י""ח",1,,false,1,99.90,99.90,true,1,
7290115073676,false,מסכות כירורגיות צבעוני מארז 50 יח(ש),שמחה זה אנחנו,,,"י""ח",50,"י""ח",false,1,9.90,0.20,false,1,
7290115073683,false,מסכות כירוגיות מארז 10יח צבעוני,שמחה זה אנחנו,,,"י""ח",1,,false,1,4.90,4.90,false,1,
7290115190014,false,מרלבורו רד קצר בודד.,פיליפ מוריס בעמ,,,"י""ח",1,,false,1,34.90,34.90,false,1,
7290115190083,false,מרלבורו גולד  X 10יח,פיליפ מוריס בעמ,,,"י""ח",1,,false,1,349,349,false,1,
7290115190090,false,מרלבורו גולד קצר בודד,פיליפ מוריס בעמ,,,"י""ח",1,,false,1,34.90,34.90,false,1,
7290115190151,false,מלבורו טאצ`7.1,פיליפ מוריס בעמ,,,"י""ח",1,,false,1,30.90,30.90,false,1,
7290115190212,false,פרלנמט ארוך בלו RCB בודד,פיליפ מוריס בעמ,,,"י""ח",1,,false,1,39.50,39.50,false,1,
7290115190236,false,פרלמנט קצר בלו בודד,פיליפ מוריס בעמ,,,"י""ח",1,,false,1,39.50,39.50,false,1,
7290115190250,false,פרלמנט קצר בודד,פיליפ מוריס בעמ,,,"י""ח",1,,false,1,39.50,39.50,false,1,
7290115190335,false,ל.מ.בלו ארוך בודד,פיליפ מוריס בעמ,,,"י""ח",1,,false,1,30.50,30.50,false,1,
7290115190359,false,אל אם  קצר,פיליפ מוריס בעמ,,,"י""ח",1,,false,1,30.50,30.50,false,1,
7290115190373,false,אל אם פורוורד בודד,פיליפ מוריס בעמ,,,"י""ח",1,,false,1,30.50,30.50,false,1,
7290115190434,false,אל אם וייב,פיליפ מוריס בעמ,,,"י""ח",1,,false,1,30.50,30.50,false,1,
7290115190458,false,נקסט אדג` בודד,פיליפ מוריס בעמ,,,"י""ח",1,,false,1,26.50,26.50,true,1,
7290115190472,false,נקסט פיין אדג` בודד,פיליפ מוריס בעמ,,,"י""ח",1,,false,1,26.50,26.50,true,1,
7290115190519,false,נקסט לייט בודד,פיליפ מוריס בעמ,,,"י""ח",1,,false,1,29.90,29.90,false,1,
7290115190571,false,נקסט לילך בודד,פיליפ מוריס בעמ,,,"י""ח",1,,false,1,29.90,29.90,false,1,
7290115190588,false,נקסט אוריג`ינל פקאט 10 יחידות,פיליפ מוריס בעמ,,,"י""ח",1,,false,1,289.90,289.90,true,1,
7290115190595,false,נקסט בודד,פיליפ מוריס בעמ,,,"י""ח",1,,false,1,29.90,29.90,false,1,
7290115190977,false,מלבורו אדום טאצ`7.1,פיליפ מוריס בעמ,,,"י""ח",1,,false,1,30.90,30.90,true,1,
7290115191035,false,מרלבורו סאמר ספלאש,פיליפ מוריס בעמ,,,"י""ח",1,,false,1,30.90,30.90,true,1,
7290115200003,false,פתי בר פינוקי וניל 220גר,קבוצת אוסם סחר-שות.מוגבלת,,,"י""ח",220,ל  גרם,false,1,10.90,4.95,true,1,
7290115200027,false,פתי בר פינוקי שוקו 220גר,קבוצת אוסם סחר-שות.מוגבלת,,,"י""ח",220,ל  גרם,false,1,10.90,4.95,true,1,
7290115200676,false,קרמוגיתקרמל מלוח 200גר אוסם,קבוצת אוסם סחר-שות.מוגבלת,,,"י""ח",200,ל  גרם,false,1,11.90,5.95,true,1,
7290115201680,false,ביסלי  ברביקיו}קטן{,קבוצת אוסם סחר-שות.מוגבלת,,,"י""ח",70,ל  גרם,false,1,4.50,6.43,true,1,
7290115201727,false,ביסלי  גדול בצל 200גר,קבוצת אוסם סחר-שות.מוגבלת,,,"י""ח",200,ל  גרם,false,1,8.90,4.45,true,1,
7290115202212,false,טבעול גורמה לביבות סלק 434גר,קבוצת אוסם סחר-שות.מוגבלת,,,"י""ח",434,ל  גרם,false,1,35.20,8.11,true,1,
7290115202236,false,טבעול טופו קראנצ`ים 470גר,קבוצת אוסם סחר-שות.מוגבלת,,,"י""ח",693,ל  גרם,false,1,39.90,5.76,true,1,
7290115202250,false,טבעול טופו קראנצ`ים צ`ילי פיקנטי 470גר,קבוצת אוסם סחר-שות.מוגבלת,,,"י""ח",693,ל  גרם,false,1,39.90,5.76,true,1,
7290115202304,false,"נודלס אטריות אורז מרובעות כשל""פ 230ג",קבוצת אוסם סחר-שות.מוגבלת,,,"י""ח",300,ל  גרם,false,1,12.90,4.30,false,1,
7290115202762,false,פרפקטו מיני ניוקי טריקולור 500גר.,קבוצת אוסם סחר-שות.מוגבלת,,,"י""ח",500,ל  גרם,false,1,13,2.60,false,1,
7290115202939,false,מנה חמה רייס נודלס עוף פטריות 50גר.,קבוצת אוסם סחר-שות.מוגבלת,,,"י""ח",50,ל  גרם,false,1,9.80,19.60,true,1,
7290115203134,false,פופקו פופקורן במבה 80גר,קבוצת אוסם סחר-שות.מוגבלת,,,"י""ח",80,ל  גרם,false,1,5.50,6.88,true,1,
7290115203172,false,במבה פרו אסם{,קבוצת אוסם סחר-שות.מוגבלת,,,"י""ח",80,ל  גרם,false,1,4.90,6.13,true,1,
7290115203486,false,פירורית  200גר,קבוצת אוסם סחר-שות.מוגבלת,,,"י""ח",200,ל  גרם,false,1,7.40,3.70,false,1,
7290115203806,false,"רוטב בסיס לבישול אסם 290מ""ל",קבוצת אוסם סחר-שות.מוגבלת,,,"י""ח",290,ל  גרם,false,1,12.90,4.45,false,1,
7290115203936,false,"קטשופ פחות סוכר אסם 690 גרם כשל""פ.",קבוצת אוסם סחר-שות.מוגבלת,,,"י""ח",690,ל  גרם,false,1,11.90,1.72,true,1,
7290115204056,false,"קטשופ מופחת סוכר אסם 690 גרם כשל""פ",קבוצת אוסם סחר-שות.מוגבלת,,,"י""ח",690,ל  גרם,false,1,11.90,1.72,true,1,
7290115204131,false,צבר סחוג ירוק 190גר,קבוצת אוסם סחר-שות.מוגבלת,,,"י""ח",190,ל  גרם,false,1,12.90,6.79,true,1,
7290115204261,false,צבר אריסה 190גר,קבוצת אוסם סחר-שות.מוגבלת,,,"י""ח",190,ל  גרם,false,1,12.90,6.79,true,1,
7290115204957,false,לחמית איטלקית  160 ג`,קבוצת אוסם סחר-שות.מוגבלת,,,"י""ח",190,ל  גרם,false,1,9.90,5.21,true,1,
7290115204995,false,לחמית ים תיכונית  160 ג`.,קבוצת אוסם סחר-שות.מוגבלת,,,"י""ח",190,ל  גרם,false,1,9.90,5.21,true,1,
7290115205176,false,פיטנס חטיפי קרקר כפרי 140גר.,קבוצת אוסם סחר-שות.מוגבלת,,,"י""ח",140,ל  גרם,false,1,13.90,9.93,true,1,
7290115205312,false,פיטנס חטיפי קרקר זיתים 140גר.,קבוצת אוסם סחר-שות.מוגבלת,,,"י""ח",140,ל  גרם,false,1,12.90,9.21,true,1,
7290115205527,false,פיטנס מולטיגרין עם עדשים 25 גרם,קבוצת אוסם סחר-שות.מוגבלת,,,"י""ח",25,ל  גרם,false,1,4.90,19.60,true,1,
7290115205541,false,פיטנס מולטיגרין עם חומוס 25 גרם,קבוצת אוסם סחר-שות.מוגבלת,,,"י""ח",25,ל  גרם,false,1,4.90,19.60,true,1,
7290115205633,false,טבעול סנסשיונל נקניקיות 350ג.,קבוצת אוסם סחר-שות.מוגבלת,,,"י""ח",350,ל  גרם,false,1,29.90,8.54,false,1,
7290115205978,false,פתי בר אצבעות שוקולד 180גר,קבוצת אוסם סחר-שות.מוגבלת,,,"י""ח",180,ל  גרם,false,1,11.90,6.61,true,1,
7290115206135,false,טבעול גורמה ארוחת קינואה 450גר,קבוצת אוסם סחר-שות.מוגבלת,,,"י""ח",450,ל  גרם,false,1,34.90,7.76,true,1,
7290115206173,false,פתיבר קרמל 500 אוסם.,קבוצת אוסם סחר-שות.מוגבלת,,,"י""ח",500,ל  גרם,false,1,12.90,2.58,true,1,
7290115207361,false,פתיבר פיסטוק 500 אוסם.,קבוצת אוסם סחר-שות.מוגבלת,,,"י""ח",500,ל  גרם,false,1,12.90,2.58,true,1,
7290115207682,false,רוטב בסגנון סויה סיני 290מל בקבוק,קבוצת אוסם סחר-שות.מוגבלת,,,"י""ח",290,"ל  מ""ל",false,1,11.90,4.10,true,1,
7290115207798,false,טבעול בורגר חריף  טבעוני 420גר,קבוצת אוסם סחר-שות.מוגבלת,,,"י""ח",580,ל  גרם,false,1,39.90,6.88,true,1,
7290115207811,false,טבעול נקניקיות טבעוניות  418ג.,קבוצת אוסם סחר-שות.מוגבלת,,,"י""ח",418,ל  גרם,false,1,39.90,9.55,true,1,
7290115207941,false,סירופ אננס 1 ליטר,קבוצת אוסם סחר-שות.מוגבלת,,,"י""ח",1,ליטר,false,1,21.90,21.90,false,1,
7290115207965,false,סירופ מנגו אפרסק 1 ליטר,קבוצת אוסם סחר-שות.מוגבלת,,,"י""ח",1,ליטר,false,1,21.90,21.90,false,1,
7290115207989,false,סירופ לימון 1 ליטר,קבוצת אוסם סחר-שות.מוגבלת,,,"י""ח",1,ליטר,false,1,21.90,21.90,false,1,
7290115208009,false,סירופ ענבים 1 ליטר,קבוצת אוסם סחר-שות.מוגבלת,,,"י""ח",1,ליטר,false,1,21.90,21.90,false,1,
7290115208047,false,סירופ פטל 1 ליטר,קבוצת אוסם סחר-שות.מוגבלת,,,"י""ח",1,ליטר,false,1,21.90,21.90,false,1,
7290115208061,false,סירופ תפוח 1 ליטר,קבוצת אוסם סחר-שות.מוגבלת,,,"י""ח",1,ליטר,false,1,21.90,21.90,false,1,
7290115208344,false,שטוחים בייגלה כפיות שמנת בצל 300גר,קבוצת אוסם סחר-שות.מוגבלת,,,"י""ח",300,ל  גרם,false,1,11.70,3.90,false,1,
7290115208801,false,לחמית כפרית עם דגנים מלאים 190 ג`,קבוצת אוסם סחר-שות.מוגבלת,,,"י""ח",190,ל  גרם,false,1,9.90,5.21,true,1,
7290115209136,false,"שניצל תירס טבעול  1.2ק""ג",קבוצת אוסם סחר-שות.מוגבלת,,,"י""ח",1.30,"ק""ג",false,1,46.10,35.46,true,1,
7290115209198,false,במבה אורירית 80גר אסם{,קבוצת אוסם סחר-שות.מוגבלת,,,"י""ח",80,ל  גרם,false,1,3.90,4.88,true,1,
7290115400274,false,"מיני דובשניות 400ג בד""צ",שיבולים ייצור ושיווק מאפה בעמ,,,"י""ח",400,ל  גרם,false,1,11.90,2.98,false,1,
7290115403299,false,עוגיות פרפריות  450ג דל,שיבולים ייצור ושיווק מאפה בעמ,,,"י""ח",450,ל  גרם,false,1,15.90,3.53,false,1,
7290115403312,false,עוגיות מלוחות קריספי עגול  450ג דל,שיבולים ייצור ושיווק מאפה בעמ,,,"י""ח",450,ל  גרם,false,1,15.90,3.53,false,1,
7290115403435,false,עוגיות מעמול תמר  500ג דל,שיבולים ייצור ושיווק מאפה בעמ,,,"י""ח",500,ל  גרם,false,1,15.90,3.18,false,1,
7290115403459,false,עוגיות נסיכה טעם תות  500ג דל,שיבולים ייצור ושיווק מאפה בעמ,,,"י""ח",500,ל  גרם,false,1,15.90,3.18,false,1,
7290115403466,false,עוגיות נסיכה מיקס  500ג דל,שיבולים ייצור ושיווק מאפה בעמ,,,"י""ח",500,ל  גרם,false,1,15.90,3.18,false,1,
7290115403480,false,עוגיות בסגנון מרוקאי מיני  500ג דל,שיבולים ייצור ושיווק מאפה בעמ,,,"י""ח",500,ל  גרם,false,1,15.90,3.18,false,1,
7290115403510,false,עוגיות מגולגלות תמרים  500ג דל,שיבולים ייצור ושיווק מאפה בעמ,,,"י""ח",500,ל  גרם,false,1,15.90,3.18,false,1,
7290115403565,false,עוגיות קיפל וניל  500ג דל,שיבולים ייצור ושיווק מאפה בעמ,,,"י""ח",500,ל  גרם,false,1,15.90,3.18,false,1,
7290115405057,false,פס מוס גבינה אוכמניות 300 גרם קפולסקי,קפולסקי אדל בעמ,,,"י""ח",300,ל  גרם,false,1,27.90,9.30,false,1,
7290115405118,false,קינוח אישי תענוג תות 200גרם,קפולסקי אדל בעמ,,,"י""ח",200,ל  גרם,false,1,16.90,8.45,false,1,
7290115405651,false,כדורי שוקולד סוכריות 300גר,קפולסקי אדל בעמ,,,"י""ח",280,ל  גרם,false,1,29.90,10.68,false,1,
7290115405774,false,פחזניות ממולאות טעם וניל 180ג,קפולסקי אדל בעמ,,,"י""ח",180,ל  גרם,false,1,14.90,8.28,false,1,
7290115405781,false,פחזניות ממולאות טעם שוקולד 180ג.,קפולסקי אדל בעמ,,,"י""ח",180,ל  גרם,false,1,13.90,7.72,false,1,
7290115405804,false,פחזניות ממולאות טעם תות 180ג.,קפולסקי אדל בעמ,,,"י""ח",180,ל  גרם,false,1,13.90,7.72,false,1,
7290115670684,false,גרנולה אגוזים 400גר,"שטראוס גרופ בע""מ",,,"י""ח",400,ל  גרם,false,1,13.90,3.48,false,1,
7290115670691,false,גרנולה פירות יער 400גר,"שטראוס גרופ בע""מ",,,"י""ח",400,ל  גרם,false,1,13.90,3.48,false,1,
7290115670707,false,גרנולה שוקולד ואגוזים 400גר,"שטראוס גרופ בע""מ",,,"י""ח",400,ל  גרם,false,1,13.90,3.48,false,1,
7290115671155,false,שלישיית סוכריות Fresh ענבים,"שטראוס גרופ בע""מ",,,"י""ח",45,ל  גרם,false,1,9.50,21.11,false,1,
7290115671223,false,מסטיק מאסט פאן אבטיח מנגו 58גר,"שטראוס גרופ בע""מ",,,"י""ח",58,ל  גרם,false,1,11.40,19.66,true,1,
7290115671308,false,מסטיק מאסט פאן תות דובדבן 58גר,"שטראוס גרופ בע""מ",,,"י""ח",58,ל  גרם,false,1,11.50,19.83,true,1,
7290115671353,false,מיני פינוקיות שחור לבן 180גר,"שטראוס גרופ בע""מ",,,"י""ח",200,ל  גרם,false,1,10.90,5.45,false,1,
7290115675702,false,קוואקר פירות 375ג,"שטראוס פריטו ליי בע""מ",,,"י""ח",375,ל  גרם,false,1,19.90,5.31,false,1,
7290115676082,false,דנונה פרו 20 משקה תות 265גר,"שטראוס גרופ ***בע""מ",,,"י""ח",265,"ל  מ""ל",false,1,6.90,2.60,false,1,
7290115676099,false,דנונה פרו 20 משקה וניל 265גר,"שטראוס גרופ ***בע""מ",,,"י""ח",265,"ל  מ""ל",false,1,6.90,2.60,false,1,
7290115676273,false,שקית קקאו 500 גרם+10%  עלית,"שטראוס גרופ בע""מ",,,"י""ח",500,ל  גרם,false,1,26.90,5.38,false,1,
7290115676693,false,תפוצ יפס מלח חומץ 50ג.,"שטראוס פריטו ליי בע""מ",,,"י""ח",50,ל  גרם,false,1,4.50,9,false,1,
7290115677089,false,קונפיטורה תפוח וקינמון 340גר,"שטראוס גרופ בע""מ",,,"י""ח",340,ל  גרם,false,1,13.50,3.97,false,1,
7290115678376,false,מעדן הגולן בודד 125גר,"שטראוס גרופ ***בע""מ",,,"י""ח",125,ל  גרם,false,1,3.20,2.56,true,1,
7290115678383,false,מעדן הגולן שוקולד מריר בודד 125גר,"שטראוס גרופ ***בע""מ",,,"י""ח",125,ל  גרם,false,1,3.20,2.56,true,1,
7290115679960,false,ציטוס פופקורן טבעי 60 גרם,"שטראוס פריטו ליי בע""מ",,,"י""ח",40,ל  גרם,false,1,3.90,9.75,false,1,
7290116514475,false,חולצה שרוול קצר כותנה לבן,ליאור יבוא ושיווק מוצרי הלבשה,,,"י""ח",1,,false,1,22.90,22.90,false,1,
7290116530161,false,"פינוק סבון נוזלי אננס 700מ""ל",יוניליוור ישראל שיווק בעמ,,,"י""ח",750,"ל  מ""ל",false,1,11.90,1.59,false,1,
7290116530185,false,דלישקד 400ג קרמל מלוח.,יוניליוור ישראל שיווק בעמ,,,"י""ח",400,ל  גרם,false,1,21.90,5.48,false,1,
7290116530239,false,אקס סטיק בלאק 77 גרם,יוניליוור ישראל שיווק בעמ,,,"י""ח",77,ל  גרם,false,1,15.90,20.65,false,1,
7290116530482,false,מארז קורנפלקס של אלופים 150גר,יוניליוור ישראל שיווק בעמ,,,"י""ח",150,ל  גרם,false,1,10,6.67,false,1,
7290116530871,false,נשנשים מיקס 240 גרם,יוניליוור ישראל שיווק בעמ,,,"י""ח",240,ל  גרם,false,1,12.90,5.38,true,1,
7290116530895,false,"בדין תרסיס מייבש פינוק 500מ""ל",יוניליוור ישראל שיווק בעמ,,,"י""ח",500,"ל  מ""ל",false,1,17.90,3.58,false,1,
7290116531045,false,"דליפקאן 400ג ללא גלוטן כשל""פ",יוניליוור ישראל שיווק בעמ,,,"י""ח",400,ל  גרם,false,1,21.90,5.48,false,1,
7290116531076,false,מרק פטריות קנור  225ג,יוניליוור ישראל שיווק בעמ,,,"י""ח",225,ל  גרם,false,1,16.90,7.51,false,1,
7290116531090,false,דגדג במליחות מעודנת 250גר,יוניליוור ישראל שיווק בעמ,,,"י""ח",250,ל  גרם,false,1,9.90,3.96,true,1,
7290116531496,false,קינמונים דגנים פריכים מצופים 375ג.,יוניליוור ישראל שיווק בעמ,,,"י""ח",375,ל  גרם,false,1,19.90,5.31,true,1,
7290116531557,false,פתית פריכיות תירס דקות מאגדת 150ג.,יוניליוור ישראל שיווק בעמ,,,"י""ח",150,ל  גרם,false,1,10.90,7.27,false,1,
7290116531564,false,פתית פריכיות קינואה ובזיליקום מאגדת 15,יוניליוור ישראל שיווק בעמ,,,"י""ח",150,ל  גרם,false,1,10.90,7.27,false,1,
7290116531762,false,בדין דפי מרכך 40 יח,יוניליוור ישראל שיווק בעמ,,,"י""ח",40,"י""ח",false,1,15.90,0.40,false,1,
7290116531779,false,בדין דפי מרכך כחול-40.,יוניליוור ישראל שיווק בעמ,,,"י""ח",40,"י""ח",false,1,15.90,0.40,false,1,
7290116531861,false,"פינוק תחליב רחצה שייק תפוז,בננה 700מ""ל",יוניליוור ישראל שיווק בעמ,,,"י""ח",750,"ל  מ""ל",false,1,11.90,1.59,false,1,
7290116531885,false,מיונז טבעוני הלמנס 500 תלמה.,יוניליוור ישראל שיווק בעמ,,,"י""ח",500,ל  גרם,false,1,14.90,2.98,false,1,
7290116531908,false,רוטב מרינדה  קנור  340גרם,יוניליוור ישראל שיווק בעמ,,,"י""ח",340,ל  גרם,false,1,10.90,3.21,true,1,
7290116532011,false,קליק חטיף שוקולד נוגט שוקולד חלב 35גר.,יוניליוור ישראל שיווק בעמ,,,"י""ח",35,ל  גרם,false,1,3.90,11.14,true,1,
7290116532219,false,קורנפלקס  448ג תות,יוניליוור ישראל שיווק בעמ,,,"י""ח",448,ל  גרם,false,1,17.90,4,true,1,
7290116532264,false,גודיז מאגדת 5יח בטעם פרי אפרסק,גלידות שטראוס בעמ,,,"י""ח",297,ל  גרם,false,1,19.90,6.70,false,1,
7290116532387,false,"אל סבון ידיים חמאת שיאה  950מ""ל",יוניליוור ישראל שיווק בעמ,,,"י""ח",950,ל  גרם,false,1,9.90,1.04,false,1,
7290116532400,false,בייגלה מקלות עם מלח 235גר,יוניליוור ישראל שיווק בעמ,,,"י""ח",235,ל  גרם,false,1,5.90,2.51,true,1,
7290116532486,false,"פיינט קליק וניל קרמל מלוח 520מ""ל",גלידות שטראוס בעמ,,,"י""ח",260,ל  גרם,false,1,21.90,8.42,false,1,
7290116532585,false,ברנפלקס קראנצ`ים דבש וקימנון 375גרם.,יוניליוור ישראל שיווק בעמ,,,"י""ח",500,ל  גרם,false,1,20.90,4.18,true,1,
7290116532769,false,גרנולה פרוטאין 300 גרם.,יוניליוור ישראל שיווק בעמ,,,"י""ח",300,ל  גרם,false,1,15.90,5.30,false,1,
7290116532882,false,נשנושים איירביס 150ג טעם בצל,יוניליוור ישראל שיווק בעמ,,,"י""ח",150,ל  גרם,false,1,11.90,7.93,true,1,
7290116532899,false,נשנושים איירביס 150ג טעם פלאפל,יוניליוור ישראל שיווק בעמ,,,"י""ח",150,ל  גרם,false,1,11.90,7.93,true,1,
7290116532905,false,נשנושים איירביס 150ג טעם ברביקיו,יוניליוור ישראל שיווק בעמ,,,"י""ח",150,ל  גרם,false,1,11.90,7.93,true,1,
7290116533032,false,פינוק מארז זוג תחליב רחצה קלאסי 1.4ל,יוניליוור ישראל שיווק בעמ,,,"י""ח",140,"ל  מ""ל",false,1,19.90,14.21,false,1,
7290116533117,false,פינוק סבון נוזלי בניחוח ורדים לבנים,יוניליוור ישראל שיווק בעמ,,,"י""ח",750,"ל  מ""ל",false,1,11.90,1.59,false,1,
7290116930022,false,חטיף חלבון GO קרם עוגיות ציפוי 20 גרם.,שקד תבל בעמ,,,"י""ח",1,,false,1,11.90,11.90,false,1,
7290116930435,false,יוגורט גו סמיך 0% דובדבן,תנובה בעמ ***,,,"י""ח",200,"ל  מ""ל",false,1,5.90,2.95,true,1,
7290116930701,false,מעדן חלב גו טעם קרמל מלוח 120ג,תנובה בעמ ***,,,"י""ח",120,"ל  מ""ל",false,1,5.20,4.33,false,1,
7290116931074,false,טל עמק פרוס 32% 300ג,תנובה בעמ ***,,,"י""ח",300,ל  גרם,false,1,25.90,8.63,false,1,
7290116931081,false,מעדן סויה בטעם טופי קרמל 125ג,תנובה בעמ ***,,,"י""ח",125,"ל  מ""ל",false,1,3.70,2.96,false,1,
7290117030363,false,כוסות מעוטרות אומן 40יח שווה,ח.כהן סוכנות מזון ומשקאות בע,,,,40,"י""ח",false,1,8.90,0.22,true,1,
7290117030530,false,אשפתון גופיה נשלף אחד אחד XL שווה,ח.כהן סוכנות מזון ומשקאות בע,,,"י""ח",25,"י""ח",false,1,18.90,0.76,false,1,
7290117030554,false,תבניות זהב ומכסה מרובע אישי שווה,ח.כהן סוכנות מזון ומשקאות בע,,,"י""ח",10,"י""ח",false,1,13.90,1.39,false,1,
7290117030745,false,נייר אפייה מתאים לתבנית אינגליש שווה,ח.כהן סוכנות מזון ומשקאות בע,,,"י""ח",20,"י""ח",false,1,9.90,0.50,true,1,
7290117030752,false,תבניות ארוז *7 שווה,ח.כהן סוכנות מזון ומשקאות בע,,,"י""ח",7,"י""ח",false,1,7.90,1.13,true,1,
7290117030776,false,תבניות ארוז מלבן עמוק *7 שווה,ח.כהן סוכנות מזון ומשקאות בע,,,"י""ח",7,"י""ח",false,1,7.90,1.13,true,1,
7290117030790,false,תבניות ארוז *10 אינגליש  שווה,ח.כהן סוכנות מזון ומשקאות בע,,,"י""ח",10,"י""ח",false,1,7.90,0.79,true,1,
7290117030806,false,תבניות ארוז *10 טוסטר  שווה,ח.כהן סוכנות מזון ומשקאות בע,,,"י""ח",10,"י""ח",false,1,7.90,0.79,true,1,
7290117030813,false,תבניות ארוז *4 עגול עמוק שווה,ח.כהן סוכנות מזון ומשקאות בע,,,"י""ח",4,"י""ח",false,1,7.90,1.98,true,1,
7290117031001,false,כפפות  ניטריל סינטטי S כחול 80יח שווה,ח.כהן סוכנות מזון ומשקאות בע,,,"י""ח",80,"י""ח",false,1,24.90,0.31,true,1,
7290117031032,false,כפפות  ניטריל סינטטי XL שחור 80יח שווה,ח.כהן סוכנות מזון ומשקאות בע,,,"י""ח",80,"י""ח",false,1,24.90,0.31,true,1,
7290117031490,false,כריות מיקרופיבר לקרצוף וניקוי שווה,ח.כהן סוכנות מזון ומשקאות בע,,,"י""ח",3,"י""ח",false,1,8.90,2.97,true,1,
7290117031506,false,"כוסות נייר גודל 8 שווה"" 40יח",ח.כהן סוכנות מזון ומשקאות בע,,,"י""ח",40,"י""ח",false,1,8.90,0.22,true,1,
7290117031520,false,"כוסות נייר גודל 12 שווה"" 40יח.",ח.כהן סוכנות מזון ומשקאות בע,,,"י""ח",40,"י""ח",false,1,14.90,0.37,true,1,
7290117031537,false,"כוסות נייר גודל 16 שווה"" 40יח.",ח.כהן סוכנות מזון ומשקאות בע,,,"י""ח",40,"י""ח",false,1,18.90,0.47,true,1,
7290117031551,false,"כוסות נייר גודל 2.5 שווה"" 40יח.",ח.כהן סוכנות מזון ומשקאות בע,,,"י""ח",40,"י""ח",false,1,4.90,0.12,true,1,
7290117032008,false,מזלגונים איכותי  40יח קרם שווה,ח.כהן סוכנות מזון ומשקאות בע,,,"י""ח",40,"י""ח",false,1,6.90,0.17,true,1,
7290117032015,false,מזלגונים איכותי  40יח שקוף שווה,ח.כהן סוכנות מזון ומשקאות בע,,,"י""ח",40,"י""ח",false,1,6.90,0.17,true,1,
7290117032039,false,סכינים איכותי  40יח קרם שווה,ח.כהן סוכנות מזון ומשקאות בע,,,"י""ח",40,"י""ח",false,1,6.90,0.17,true,1,
7290117032046,false,סכינים איכותי  40יח שקוף שווה,ח.כהן סוכנות מזון ומשקאות בע,,,"י""ח",40,"י""ח",false,1,6.90,0.17,true,1,
7290117032060,false,כפות איכותי  40יח קרם שווה.,ח.כהן סוכנות מזון ומשקאות בע,,,"י""ח",40,"י""ח",false,1,6.90,0.17,true,1,
7290117032077,false,כפות איכותי  40יח שקוף שווה,ח.כהן סוכנות מזון ומשקאות בע,,,"י""ח",40,"י""ח",false,1,6.90,0.17,true,1,
7290117032091,false,כפיות איכותי 40יח קרם שווה,ח.כהן סוכנות מזון ומשקאות בע,,,"י""ח",40,"י""ח",false,1,6.90,0.17,true,1,
7290117032107,false,כפיות איכותי  40יח שקוף שווה,ח.כהן סוכנות מזון ומשקאות בע,,,"י""ח",40,"י""ח",false,1,6.90,0.17,true,1,
7290117032589,false,צלחת גדולה  אריזה משפחתית 60יח שווה,ח.כהן סוכנות מזון ומשקאות בע,,,,60,"י""ח",false,1,25.90,0.43,true,1,
7290117033012,false,פופקורן חמאה  מארז למיקרו 5יח שווה,ח.כהן סוכנות מזון ומשקאות בע,,,"י""ח",500,ל  גרם,false,1,10.90,2.18,true,1,
7290117260449,false,גבינה בולגרית מעודנת טבעי 200ג,ג.וילי פוד אינטרנשיונל בעמ,,,"י""ח",200,ל  גרם,false,1,9.90,4.95,false,1,
7290117260456,false,גבינה בולגרית מעודנת עם זיתים  200ג,ג.וילי פוד אינטרנשיונל בעמ,,,"י""ח",200,ל  גרם,false,1,9.90,4.95,false,1,
7290117260470,false,גבינה בולגרית מעודנת עם שום  200ג,ג.וילי פוד אינטרנשיונל בעמ,,,"י""ח",200,ל  גרם,false,1,9.90,4.95,false,1,
7290117260562,false,חמאה בגביע 225ג,ג.וילי פוד אינטרנשיונל בעמ,,,"י""ח",225,ל  גרם,false,1,16.90,7.51,false,1,
7290117260586,false,חטיף קראנצי טעם פלפל וליים 80ג,ג.וילי פוד אינטרנשיונל בעמ,,,"י""ח",80,ל  גרם,false,1,10.90,13.63,true,1,
7290117260593,false,חטיף קראנצי טעם צדר 80ג,ג.וילי פוד אינטרנשיונל בעמ,,,"י""ח",80,ל  גרם,false,1,10.90,13.63,true,1,
7290117260937,false,קרקרים עם עגבניות  ללא גלוטן 125ג,ג.וילי פוד אינטרנשיונל בעמ,,,"י""ח",125,ל  גרם,false,1,9.90,7.92,true,1,
7290117260944,false,מיני גריסיני עם שמן זית ללא גלוטן 125ג,ג.וילי פוד אינטרנשיונל בעמ,,,"י""ח",125,ל  גרם,false,1,9.90,7.92,true,1,
7290117260975,false,זיתים קלמטה מגולענים במי מלח 300ג,ג.וילי פוד אינטרנשיונל בעמ,,,"י""ח",300,ל  גרם,false,1,8.90,2.97,true,1,
7290117260999,false,זיתים ירוקים מגולענים על גריל 310ג,ג.וילי פוד אינטרנשיונל בעמ,,,"י""ח",310,ל  גרם,false,1,10.90,3.52,false,1,
7290117261002,false,זיתים קלמטה במי מלח 350ג,ג.וילי פוד אינטרנשיונל בעמ,,,"י""ח",350,ל  גרם,false,1,9.90,2.83,true,1,
7290117261033,false,זיתים שחורים מיובשים 200ג,ג.וילי פוד אינטרנשיונל בעמ,,,"י""ח",200,ל  גרם,false,1,8.90,4.45,true,1,
7290117261224,false,ארוחת אורז קפוא עם פטריות  600ג,ג.וילי פוד אינטרנשיונל בעמ,,,"י""ח",600,ל  גרם,false,1,23.90,3.98,true,1,
7290117261354,false,גבינת ריקוטה 200ג 5%,ג.וילי פוד אינטרנשיונל בעמ,,,"י""ח",200,ל  גרם,false,1,10.90,5.45,false,1,
7290117261378,false,גבינת קשקבל לייט 250ג 8%,ג.וילי פוד אינטרנשיונל בעמ,,,"י""ח",250,ל  גרם,false,1,15.90,6.36,false,1,
7290117261385,false,גבינת פטה לייט 500ג 8%,ג.וילי פוד אינטרנשיונל בעמ,,,"י""ח",500,ל  גרם,false,1,27.90,5.58,false,1,
7290117261415,false,יוגורט פרוביוטי 2.7% שומן 125גר,ג.וילי פוד אינטרנשיונל בעמ,,,"י""ח",150,ל  גרם,false,1,2.90,1.93,false,1,
7290117261422,false,יוגורט פרוביוטי עם תות שדה  2% שומן,ג.וילי פוד אינטרנשיונל בעמ,,,"י""ח",150,ל  גרם,false,1,2.90,1.93,false,1,
7290117261439,false,יוגורט פרוביוטי עם פירות יער  2% שומן,ג.וילי פוד אינטרנשיונל בעמ,,,"י""ח",150,ל  גרם,false,1,2.90,1.93,false,1,
7290117261446,false,יוגורט פרוביוטי עם אפרסק ומשמש  2% שומ,ג.וילי פוד אינטרנשיונל בעמ,,,"י""ח",150,ל  גרם,false,1,2.90,1.93,false,1,
7290117261514,false,סלמון אטלנטי בשמן קנולה ולימון  120ג,ג.וילי פוד אינטרנשיונל בעמ,,,"י""ח",120,ל  גרם,false,1,11.90,9.92,true,1,
7290117261521,false,סלמון אטלנטי בשמן קנולה 120ג,ג.וילי פוד אינטרנשיונל בעמ,,,"י""ח",120,ל  גרם,false,1,11.90,9.92,true,1,
7290117261538,false,סלמון אטלנטי בשמן קנולה וצילי  120ג,ג.וילי פוד אינטרנשיונל בעמ,,,"י""ח",120,ל  גרם,false,1,11.90,9.92,true,1,
7290117261552,false,סלמון אטלנטי ברוטב עגבניות  120ג,ג.וילי פוד אינטרנשיונל בעמ,,,"י""ח",120,ל  גרם,false,1,11.90,9.92,true,1,
7290117261576,false,סרדינים בריסלינג מעושנים ברוטב עגבניות,ג.וילי פוד אינטרנשיונל בעמ,,,"י""ח",185,ל  גרם,false,1,13.90,7.51,false,1,
7290117261606,false,פרוסות צהובה טבעונית טבעי 140ג,ג.וילי פוד אינטרנשיונל בעמ,,,"י""ח",140,ל  גרם,false,1,14.90,10.64,false,1,
7290117261613,false,מגורדת טבעונית טעם טבעי 200ג,ג.וילי פוד אינטרנשיונל בעמ,,,"י""ח",200,ל  גרם,false,1,14.90,7.45,false,1,
7290117261637,false,פרוסות צהובה טבעונית צילי 140ג,ג.וילי פוד אינטרנשיונל בעמ,,,"י""ח",140,ל  גרם,false,1,14.90,10.64,false,1,
7290117261644,false,פרוסות צהובה טבעונית צדר 140ג,ג.וילי פוד אינטרנשיונל בעמ,,,"י""ח",140,ל  גרם,false,1,14.90,10.64,false,1,
7290117261675,false,מגורדת טבעונית טעם צדר 200ג,ג.וילי פוד אינטרנשיונל בעמ,,,"י""ח",200,ל  גרם,false,1,14.90,7.45,false,1,
7290117261705,false,חמאת עיזים 200ג,ג.וילי פוד אינטרנשיונל בעמ,,,"י""ח",170,ל  גרם,false,1,13.90,8.18,false,1,
7290117261927,false,גבינה פקורינו מחלב כבשים 150ג,ג.וילי פוד אינטרנשיונל בעמ,,,"י""ח",150,ל  גרם,false,1,19.90,13.27,false,1,
7290117262047,false,וופל במילוי בננה ושוק. 200ג,ג.וילי פוד אינטרנשיונל בעמ,,,"י""ח",200,ל  גרם,false,1,11.90,5.95,true,1,
7290117262221,false,"משקה יוגורט עם אננס 200מ""ל 2.3%",ג.וילי פוד אינטרנשיונל בעמ,,,"י""ח",200,ל  גרם,false,1,4.90,2.45,true,1,
7290117262238,false,"משקה יוגורט עם תות שדה  200מ""ל 2.3%",ג.וילי פוד אינטרנשיונל בעמ,,,"י""ח",200,ל  גרם,false,1,4.90,2.45,true,1,
7290117262245,false,"משקה יוגורט עם אפרסק  200מ""ל 2.3%",ג.וילי פוד אינטרנשיונל בעמ,,,"י""ח",200,ל  גרם,false,1,4.90,2.45,true,1,
7290117380178,false,סוויט פוף שוקולד חלב 50ג,ש.שסטוביץ בעמ,,,"י""ח",40,ל  גרם,false,1,5.20,13,false,1,
7290117380192,false,פוף קראנץ בטעם גריל 60גר,ש.שסטוביץ בעמ,,,"י""ח",40,ל  גרם,false,1,3.90,9.75,true,1,
7290117381205,false,שמן שומשום 370ג מאסטר שף.,ש.שסטוביץ בעמ,,,"י""ח",370,"ל  מ""ל",false,1,19.90,5.38,false,1,
7290117382219,false,מארז קולגייט מ.ילדים מיניונים,ש.שסטוביץ בעמ,,,"י""ח",100,"ל  מ""ל",false,1,29.90,29.90,true,1,
7290117382332,false,סלים דליס חטיף חלבון מצופה שוקולד טעם,ש.שסטוביץ בעמ,,,"י""ח",60,ל  גרם,false,1,12.90,21.50,true,1,
7290117382578,false,"מארז קולגייט טוטאל 75מ""ל+מברשת",ש.שסטוביץ בעמ,,,"י""ח",100,"ל  מ""ל",false,1,21.90,21.90,false,1,
7290117901168,false,מיקס אגוזים וחמוציות 250גר ששון הקולה,דין שיווק וקליה 2021 בעמ,,,"י""ח",250,ל  גרם,false,1,20,8,false,1,
7290117901175,false,שקדים קלופים 200ג ששון הקולה,דין שיווק וקליה 2021 בעמ,,,"י""ח",200,ל  גרם,false,1,20,10,false,1,
7290117901182,false,בוטן קליפה קלוי350ג ששון הקולה,דין שיווק וקליה 2021 בעמ,,,"י""ח",350,ל  גרם,false,1,10,2.86,false,1,
7290117901786,false,גרעיני דלעת קלופים 250גר מחנה יהודה,דין שיווק וקליה 2021 בעמ****,,,"י""ח",250,ל  גרם,false,1,19.90,7.96,true,1,
7290117901793,false,גרעיני חמניה קלופים 250גר מחנה יהודה,דין שיווק וקליה 2021 בעמ****,,,"י""ח",250,ל  גרם,false,1,14.90,5.96,true,1,
7290117901809,false,צנובר 130גר מחנה יהודה,דין שיווק וקליה 2021 בעמ****,,,"י""ח",130,ל  גרם,false,1,39.90,30.69,true,1,
7290117901823,false,שקד מולבן פרוס 250גר מחנה יהודה,דין שיווק וקליה 2021 בעמ****,,,"י""ח",250,ל  גרם,false,1,29.90,11.96,true,1,
7290118480167,false,מארז מאפין שוקוצ`יפס שישייה 6*45גר,שלמה א.אנג ל בעמ,,,"י""ח",270,ל  גרם,false,1,11.90,4.41,false,1,
7296049018400,false,קומקום חשמלי זכוכית 1.7 ל שחור/אדום,אוהב ציון בעמ,,,"י""ח",1,,false,1,99,99,false,1,
7296049018417,false,קומקום חשמלי זכוכית 1.7 ל לבן/שחור,אוהב ציון בעמ,,,"י""ח",1,,false,1,99,99,false,1,
7296058000373,false,"פריכיות אורז מלא 100  ג`כשל""פ",א.ג בחירה חכמה בעמ,,,"י""ח",100,ל  גרם,false,1,6.90,6.90,false,1,
7296146077775,false,פתילונים,ח.כהן סוכנות מזון ומשקאות בע,,,"י""ח",1,,false,1,3.90,3.90,false,1,
7297488098152,false,קמח חומוס 500גר,נטורפוד בעמ,,,"י""ח",500,ל  גרם,false,1,16.90,3.38,false,1,
7297488098169,false,קמח תירס 500גר,נטורפוד בעמ,,,"י""ח",500,ל  גרם,false,1,8.90,1.78,false,1,
7297488098190,false,קמח אורז מלא דגש 500 גרם,נטורפוד בעמ,,,"י""ח",500,ל  גרם,false,1,13.90,2.78,false,1,
7297488098398,false,קסנטאן-גן צנצנת 300 גרם,נטורפוד בעמ,,,"י""ח",300,ל  גרם,false,1,43,14.33,false,1,
7297488099753,false,עוגיות טעם שוקולד וקוקוס 250ג,נטורפוד בעמ,,,"י""ח",250,ל  גרם,false,1,24.90,9.96,false,1,
7297488099760,false,עוגיות טעם חלבה 250ג,נטורפוד בעמ,,,"י""ח",250,ל  גרם,false,1,24.90,9.96,false,1,
7297488099777,false,עוגיות טעם קאשיו 250ג,נטורפוד בעמ,,,"י""ח",250,ל  גרם,false,1,24.90,9.96,false,1,
7297488099906,false,פרוסות בסיגנון קלאסי 18% 200גר,קפוא זן תעשיות מזון בעמ,,,"י""ח",200,ל  גרם,false,1,19.90,9.95,false,1,
7297488099951,false,מלוחה מופחת שומן 5% 250גר משומשו,קפוא זן תעשיות מזון בעמ,,,"י""ח",250,ל  גרם,false,1,19.90,7.96,false,1,
7297488199590,false,פצפוצי אורז 450ג,נטורפוד בעמ,,,"י""ח",450,ל  גרם,false,1,19.90,4.42,false,1,
7297488199606,false,פצפוצי אורז קל 450ג,נטורפוד בעמ,,,"י""ח",450,ל  גרם,false,1,19.90,4.42,false,1,
7297579011312,false,מגבת מדאם פנים,דהן פרוספר בעמ,,,"י""ח",1,,false,1,14.90,14.90,false,1,
7297579011442,false,שטיח כניסה קוקוס 40*60,דניאלה ע.י בעמ,,,"י""ח",1,,false,1,24.90,24.90,false,1,
7297579011510,false,שטיח אמבטיה 50*80 דגם שרונה,דניאלה ע.י בעמ,,,"י""ח",1,,false,1,39.90,39.90,false,1,
7297579011572,false,שלישיית מגבות מטבח זיג זג,דניאלה ע.י בעמ,,,"י""ח",1,,false,1,9.90,9.90,false,1,
7312040017683,false,מארז אבסולוט רגיל(וודקה {}{700 עם כוס,טמפו משקאות בעמ,,,"י""ח",750,"ל  מ""ל",false,1,69.90,9.28,true,1,
7393714368584,false,"סיידר קופרברג תות ליים פחית  330מ""ל 4.5%",הכרם משקאות חריפים בעמ,,,"י""ח",330,"ל  מ""ל",false,1,10.20,3,true,1,
7393714369000,false,"סיידר קופרברג אגסים פחית  330מ""ל 4.5%.",הכרם משקאות חריפים בעמ,,,"י""ח",330,"ל  מ""ל",false,1,10.20,3,true,1,
7393714369208,false,"סיידר קופרברג פירות יער פחית  330מ""ל 4.",הכרם משקאות חריפים בעמ,,,"י""ח",330,"ל  מ""ל",false,1,9.20,2.70,true,1,
7393714508102,false,"סיידר קופרברג אגסים 330מ""ל 4.5%.",הכרם משקאות חריפים בעמ,,,"י""ח",330,"ל  מ""ל",false,1,10.20,3,true,1,
7393714509604,false,"סיידר קופרברג תפוח 330מ""ל 4.5%.",הכרם משקאות חריפים בעמ,,,"י""ח",330,"ל  מ""ל",false,1,10.20,3,true,1,
7394376615832,false,אוטלי משקה שיבולת שועל בטעם שוקולד,ש.שסטוביץ בעמ,,,"י""ח",1,ליטר,false,1,15.90,15.90,false,1,
7394376616778,false,אוטלי משקה שיבולת שועל להקצפה בריסטה,ש.שסטוביץ בעמ,,,"י""ח",1,ליטר,false,1,15.90,15.90,false,1,
7394376620294,false,אוטלי משקה שיבולת שועל בטעם וניל,ש.שסטוביץ בעמ,,,"י""ח",1,ליטר,false,1,15.90,15.90,false,1,
7501013122039,false,נקטר מנגו 1ליטר JUMEX קרטונית,טמפו משקאות בעמ,,,"י""ח",1,ליטר,false,1,9.30,9.30,false,1,
7501013122114,false,נקטר אננס 1ליטר JUMEX קרטונית,טמפו משקאות בעמ,,,"י""ח",1,ליטר,false,1,9.30,9.30,false,1,
7501013122190,false,נקטר תפוח 1ליטר JUMEX קרטונית,טמפו משקאות בעמ,,,"י""ח",1,ליטר,false,1,9.30,9.30,false,1,
7501013122992,false,.נקטר קוקוס אננס  1ליטר JUMEX קרטונית,טמפו משקאות בעמ,,,"י""ח",1,ליטר,false,1,9.30,9.30,false,1,
7501013138184,false,יוניקו פרסקו משקה חמוציות  1 ליטר קרטו,טמפו משקאות בעמ,,,"י""ח",1,ליטר,false,1,11.50,11.50,false,1,
7501064191398,false,"בירה קורונה שישייה *355מ""ל.",תימקו בירה בעמ,,,"י""ח",6,"י""ח",false,1,39.90,6.35,false,1,
7509546666846,false,"קולגייט טוטאל משחת שיניים פחם 75 מ""ל",ש.שסטוביץ בעמ,,,"י""ח",75,"ל  מ""ל",false,1,19.90,26.53,false,1,
7509546678702,false,קולגייט משחת שיניים טוטל אנטי טרטר 100,ש.שסטוביץ בעמ,,,"י""ח",100,"ל  מ""ל",false,1,16.90,16.90,true,1,
7610100034084,false,מיונז טומי 265ג,ליימן שליסל,,,"י""ח",265,ל  גרם,false,1,11.90,4.49,false,1,
7610113011652,false,"בקרדי בריזר תפוח 275מ""ל",טמפו משקאות בעמ,,,"י""ח",275,"ל  מ""ל",false,1,14.20,5.05,true,1,
7610211130903,false,הרמזית 800 טבליות,דיפלומט מפיצים (1968) בעמ**,,,"י""ח",800,ל  גרם,false,1,27.50,3.44,false,1,
7610243004463,false,"דורגול מרסס קצף 500מ""ל",יעקב יעקבי ובניו בעמ,,,"י""ח",500,"ל  מ""ל",false,1,23.90,4.78,false,1,
7610400014649,false,לינדט 100 גרם,מ.סידס ובנו בעמ,,,"י""ח",100,ל  גרם,false,1,16.90,16.90,true,1,
7610400074155,false,לינדור בודד 60% 100גר`,מ.סידס ובנו בעמ,,,"י""ח",100,ל  גרם,false,1,16.90,16.90,true,1,
7610400075770,false,לינדט לגרנד מריר אגוז,מ.סידס ובנו בעמ,,,"י""ח",140,ל  גרם,false,1,19.90,14.21,false,1,
7610400075787,false,לינדט לגרנד חלב אגוז,מ.סידס ובנו בעמ,,,"י""ח",140,ל  גרם,false,1,24.90,17.79,false,1,
7610400085946,false,לינדט לגרנד ד.אלמ סולט 150ג,מ.סידס ובנו בעמ,,,"י""ח",150,ל  גרם,false,1,24.90,16.60,false,1,
7610400091060,false,לינדט אקסלנס תפוז 100ג,מ.סידס ובנו בעמ,,,"י""ח",100,ל  גרם,false,1,16.90,16.90,false,1,
7610700002681,false,ריקולה 50ג דיאטטי צמחים,שוקוטרייד בעמ,,,"י""ח",50,ל  גרם,false,1,13.90,27.80,false,1,
7610700614914,false,ריקולה 50ג דיאטטי קרנברי,שוקוטרייד בעמ,,,"י""ח",50,ל  גרם,false,1,13.90,27.80,false,1,
7613030979647,false,טריקס פירות  480גר,קבוצת אוסם סחר-שות.מוגבלת,,,"י""ח",4.80,"י""ח",false,1,27.30,5.69,true,1,
7613032045753,false,פיטנס שוקולד 375גרם,קבוצת אוסם סחר-שות.מוגבלת,,,"י""ח",375,ל  גרם,false,1,22.90,6.11,true,1,
7613033548192,false,פיטנס שוקולד מריר 375 גרם,קבוצת אוסם סחר-שות.מוגבלת,,,"י""ח",375,ל  גרם,false,1,22.90,6.11,true,1,
7613035548374,false,גולדן מיניס 570גר,קבוצת אוסם סחר-שות.מוגבלת,,,"י""ח",500,ל  גרם,false,1,27.30,5.46,true,1,
7613035758834,false,פיטנס גרנולה חמוציות  300גר,קבוצת אוסם סחר-שות.מוגבלת,,,"י""ח",300,ל  גרם,false,1,16.70,5.57,false,1,
7613035807778,false,רוטב עגבניות לבלונז 400ג אוסם,קבוצת אוסם סחר-שות.מוגבלת,,,"י""ח",400,ל  גרם,false,1,11.20,2.80,true,1,
7613035809123,false,רוטב עגבניות עם פלפלים  400ג,קבוצת אוסם סחר-שות.מוגבלת,,,"י""ח",400,ל  גרם,false,1,10.70,2.68,true,1,
7613035809857,false,רוטב עגבניות לפסטה ולבישול 400ג,קבוצת אוסם סחר-שות.מוגבלת,,,"י""ח",400,ל  גרם,false,1,10.70,2.68,true,1,
7613036105545,false,"דוגלי גזע קטן 3ק""ג",קבוצת אוסם סחר-שות.מוגבלת,,,"י""ח",3,"ק""ג",false,1,53.40,17.80,false,1,
7613036105606,false,"דוגלי בוגר בקר  3ק""ג",קבוצת אוסם סחר-שות.מוגבלת,,,"י""ח",3,"ק""ג",false,1,52.50,17.50,false,1,
7613036314114,false,נסקפה גולד 200גר,קבוצת אוסם סחר-שות.מוגבלת,,,"י""ח",200,ל  גרם,false,1,52,26,false,1,
7613036387798,false,פיטנס יוגורט 350ג,קבוצת אוסם סחר-שות.מוגבלת,,,"י""ח",350,ל  גרם,false,1,22.90,6.54,true,1,
7613036520492,false,פרפקטו רוטב עגבניות לפיצה  400ג,קבוצת אוסם סחר-שות.מוגבלת,,,"י""ח",400,ל  גרם,false,1,10.70,2.68,true,1,
7613036725309,false,דנטלייף חתול עוף 40גר,קבוצת אוסם סחר-שות.מוגבלת,,,"י""ח",40,ל  גרם,false,1,10.90,27.25,false,1,
7613036880534,false,גרבר מחית מרק ירקות מעורבים 190גר,קבוצת אוסם סחר-שות.מוגבלת,,,"י""ח",190,ל  גרם,false,1,8.30,4.37,false,1,
7613036976671,false,פריסקיז   פאוצ`עוף ברוטב  85גר,קבוצת אוסם סחר-שות.מוגבלת,,,"י""ח",80,ל  גרם,false,1,4.90,6.13,false,1,
7613036976695,false,פריסקיז   פאוצ`בקר ברוטב  85גר,קבוצת אוסם סחר-שות.מוגבלת,,,"י""ח",80,ל  גרם,false,1,4.90,6.13,false,1,
7613036976718,false,פריסקיז   פאוצ`ברווז ברוטב  85גר,קבוצת אוסם סחר-שות.מוגבלת,,,"י""ח",80,ל  גרם,false,1,4.90,6.13,false,1,
7613037686906,false,פיטנס דבש ושקדים 355  גר`:,קבוצת אוסם סחר-שות.מוגבלת,,,"י""ח",355,ל  גרם,false,1,22.90,6.45,true,1,
7613038268262,false,האני נאט צ`יריוס מופחת סוכר 410גר,קבוצת אוסם סחר-שות.מוגבלת,,,"י""ח",410,ל  גרם,false,1,25.90,6.32,true,1,
7613039547731,false,גרבר מחית תפוח משמש פאוץ 90גר,קבוצת אוסם סחר-שות.מוגבלת,,,"י""ח",90,ל  גרם,false,1,7.90,8.78,true,1,
7613039547922,false,גרבר מחית תפוח בננה אגס פאוץ 90גר,קבוצת אוסם סחר-שות.מוגבלת,,,"י""ח",90,ל  גרם,false,1,6.90,7.67,true,1,
7613039771174,false,טבעול סנסשיונל טחון צמחוני 226ג,קבוצת אוסם סחר-שות.מוגבלת,,,"י""ח",226,ל  גרם,false,1,33.90,15,false,1,
7613039879382,false,גרבר מחית  תפוח עץ 190גר,קבוצת אוסם סחר-שות.מוגבלת,,,"י""ח",190,ל  גרם,false,1,7.90,4.16,false,1,
7613039880807,false,גרבר מחית תפוח וגזר 190גר,קבוצת אוסם סחר-שות.מוגבלת,,,"י""ח",190,ל  גרם,false,1,7.90,4.16,false,1,
7613039881521,false,גרבר מחית מנגו 190גר,קבוצת אוסם סחר-שות.מוגבלת,,,"י""ח",190,ל  גרם,false,1,7.90,4.16,false,1,
7613039881965,false,גרבר מחית תפוח מנגו 190גר,קבוצת אוסם סחר-שות.מוגבלת,,,"י""ח",190,ל  גרם,false,1,7.90,4.16,false,1,
7613039882030,false,גרבר מחית תפוח גזר בטטה 190גר,קבוצת אוסם סחר-שות.מוגבלת,,,"י""ח",190,ל  גרם,false,1,7.90,4.16,false,1,
7613287155832,false,גרבר מחית תפוח פאוץ 90גר,קבוצת אוסם סחר-שות.מוגבלת,,,"י""ח",130,ל  גרם,false,1,7.90,6.08,true,1,
7613287155863,false,גרבר מחית אגס פאוץ 90גר,קבוצת אוסם סחר-שות.מוגבלת,,,"י""ח",130,ל  גרם,false,1,7.90,6.08,true,1,
7613287155924,false,גרבר מחית תפוח גזר פאוץ 90גר,קבוצת אוסם סחר-שות.מוגבלת,,,"י""ח",130,ל  גרם,false,1,7.90,6.08,true,1,
7613287181411,false,ויטמינצ יק סלט פירות 110גר,קבוצת אוסם סחר-שות.מוגבלת,,,"י""ח",110,ל  גרם,false,1,5.90,5.36,true,1,
7613287182357,false,ויטמינצ יק אגס תפוח ופירות יער 110גר,קבוצת אוסם סחר-שות.מוגבלת,,,"י""ח",110,ל  גרם,false,1,5.90,5.36,true,1,
7613287182425,false,ויטמינצ יק תפוח בננה ותות 110גר,קבוצת אוסם סחר-שות.מוגבלת,,,"י""ח",110,ל  גרם,false,1,5.90,5.36,true,1,
7613287182456,false,ויטמינצ יק אגס תפוח ובננה 110גר,קבוצת אוסם סחר-שות.מוגבלת,,,"י""ח",110,ל  גרם,false,1,5.90,5.36,true,1,
7613287186928,false,סטארבקס קפסולות ברקפסט רוסט 56גר.,קבוצת אוסם סחר-שות.מוגבלת,,,"י""ח",56,ל  גרם,false,1,22.90,40.89,true,1,
7613287302373,false,סטארבקס קפסולות איטלאן סטייל רוסט 56גר.,קבוצת אוסם סחר-שות.מוגבלת,,,"י""ח",55,ל  גרם,false,1,22.90,41.64,true,1,
7613287394323,false,מולטי ציריוס 600גר,קבוצת אוסם סחר-שות.מוגבלת,,,"י""ח",500,ל  גרם,false,1,22.30,4.46,true,1,
7613287476678,false,סינימיניס צ`ורוס 360גר,קבוצת אוסם סחר-שות.מוגבלת,,,"י""ח",360,ל  גרם,false,1,27.30,7.58,true,1,
7613287855640,false,סטארבקס קפסולות גוואטמלה 52גר,קבוצת אוסם סחר-שות.מוגבלת,,,"י""ח",52,ל  גרם,false,1,22.90,44.04,true,1,
7622010001858,false,אוראו 176 גרם ממולא קרם  בטעם וניל,דיפלומט מפיצים (1968) בעמ**,,,"י""ח",176,ל  גרם,false,1,8.90,5.06,true,1,
7622201050757,false,שוקולד מילקה קרמל 100 ג,דיפלומט מפיצים (1968) בעמ**,,,"י""ח",100,ל  גרם,false,1,6.50,6.50,true,1,
7622201120931,false,מילקה אוראו לבן  100 ג,דיפלומט מפיצים (1968) בעמ**,,,"י""ח",100,ל  גרם,false,1,6.50,6.50,true,1,
7622201137052,false,מילקה מיני קוקיז 110גר,דיפלומט מפיצים (1968) בעמ**,,,"י""ח",110,ל  גרם,false,1,8.60,7.82,true,1,
7622201139278,false,פילדלפיה  27% שומן 150ג,נטו מלינדה סחר בעמ,,,"י""ח",150,ל  גרם,false,1,14.90,9.93,false,1,
7622201401900,false,עוגיות מילקה סנסיישן אוראו 156ג,דיפלומט מפיצים (1968) בעמ**,,,"י""ח",156,ל  גרם,false,1,10.90,6.99,true,1,
7622201502515,false,עוגיות מילקה קוקי לופ 132ג,דיפלומט מפיצים (1968) בעמ**,,,"י""ח",132,ל  גרם,false,1,10.90,8.26,true,1,
7622201521493,false,פילדלפיה  שום ועשבי תיבול 12% שומן 150,נטו מלינדה סחר בעמ,,,"י""ח",150,ל  גרם,false,1,14.90,9.93,true,1,
7622201798154,false,פילדלפיה  לייט 150ג,נטו מלינדה סחר בעמ,,,"י""ח",150,ל  גרם,false,1,15.90,10.60,false,1,
7622201801809,false,מילקה אגוזי 100 ג,דיפלומט מפיצים (1968) בעמ**,,,"י""ח",100,ל  גרם,false,1,6.50,6.50,true,1,
7622201802363,false,מילקה צימוקים 100ג,דיפלומט מפיצים (1968) בעמ**,,,"י""ח",100,ל  גרם,false,1,6.50,6.50,true,1,
7622201802394,false,מילקה מסרונים חלב 100 ג,דיפלומט מפיצים (1968) בעמ**,,,"י""ח",100,ל  גרם,false,1,6.50,6.50,true,1,
7622201808631,false,אוראו מיני כוסות  בטעם וניל 67 גר,דיפלומט מפיצים (1968) בעמ**,,,"י""ח",67,"ס""מ",false,1,6.90,10.30,true,1,
7622201813390,false,מילקה וואפל במילוי קרם  בטעם קקאו 150גר,דיפלומט מפיצים (1968) בעמ**,,,"י""ח",150,ל  גרם,false,1,10.90,7.27,true,1,
7622210078131,false,מילקה שוקולד חלב עם דאיים 100ג.,דיפלומט מפיצים (1968) בעמ**,,,"י""ח",100,ל  גרם,false,1,6.50,6.50,true,1,
7622210392589,false,טובלרון טייני חלב 200גר`,דיפלומט מפיצים (1968) בעמ**,,,"י""ח",200,ל  גרם,false,1,17.30,8.65,false,1,
7622210453327,false,מילקה סנסיישן 156גר,דיפלומט מפיצים (1968) בעמ**,,,"י""ח",156,ל  גרם,false,1,12.90,8.27,true,1,
7622210464729,false,אוראו גולדן בד``צ 154גרם,דיפלומט מפיצים (1968) בעמ**,,,"י""ח",154,"ס""מ",false,1,6.90,4.48,true,1,
7622210635105,false,אוראו בטעם  תות 154 גרם,דיפלומט מפיצים (1968) בעמ**,,,"י""ח",154,"ס""מ",false,1,8.90,5.78,true,1,
7622210638021,false,אוראו ביס קראנצי ציפוי  בטעם שוק. 110ג,דיפלומט מפיצים (1968) בעמ**,,,"י""ח",110,ל  גרם,false,1,7.90,7.18,true,1,
7622210690883,false,מילקה מונדיאל  270גר חלב,דיפלומט מפיצים (1968) בעמ**,,,"י""ח",300,ל  גרם,false,1,14.90,4.97,true,1,
7622210693266,false,"שוקולד מילקה אגוזים 280גר כשל""פ",דיפלומט מפיצים (1968) בעמ**,,,"י""ח",300,ל  גרם,false,1,14.90,4.97,true,1,
7622210724557,false,קוטדור ביו מלוח  90ג,דיפלומט מפיצים (1968) בעמ**,,,"י""ח",90,ל  גרם,false,1,16.90,18.78,false,1,
7622210826053,false,שוקולד מילקה אוראו סנדויץ 92ג,דיפלומט מפיצים (1968) בעמ**,,,"י""ח",92,ל  גרם,false,1,6.50,7.07,true,1,
7622300270506,false,מילקה גריינס עוגיות,דיפלומט מפיצים (1968) בעמ**,,,"י""ח",168,ל  גרם,false,1,10.90,6.49,true,1,
7622300489427,false,אוראו פאדגי בטעם  שוק לבן 240,דיפלומט מפיצים (1968) בעמ**,,,"י""ח",264,ל  גרם,false,1,17.90,6.78,true,1,
7622300489434,false,אוראו פאדג  בטעם  שוק.חלב 246גרם,דיפלומט מפיצים (1968) בעמ**,,,"י""ח",264,ל  גרם,false,1,17.90,6.78,true,1,
7622300495046,false,מילקה אקסטרה קקאו  100 ג,דיפלומט מפיצים (1968) בעמ**,,,"י""ח",100,ל  גרם,false,1,6.50,6.50,true,1,
7622300503079,false,מילקה מוו ביסקויט,דיפלומט מפיצים (1968) בעמ**,,,"י""ח",200,ל  גרם,false,1,10.90,5.45,true,1,
7622300617820,false,מילקה אוראו  100 ג,דיפלומט מפיצים (1968) בעמ**,,,"י""ח",100,ל  גרם,false,1,6.50,6.50,true,1,
7622300772314,false,עוגיות אוראו ממולאות קרם  בטעם וניל 66גר,דיפלומט מפיצים (1968) בעמ**,,,"י""ח",66,ל  גרם,false,1,3.70,5.61,true,1,
7622400005190,false,שוקולד מילקה COW 100גר,דיפלומט מפיצים (1968) בעמ**,,,"י""ח",1,,false,1,6.50,6.50,true,1,
7630477891639,false,סטארבקס קפסולות ורונה 55גר.,קבוצת אוסם סחר-שות.מוגבלת,,,"י""ח",55,ל  גרם,false,1,22.90,41.64,true,1,
7630477891714,false,סטארבקס קפסולות אספרסו 57גר,קבוצת אוסם סחר-שות.מוגבלת,,,"י""ח",57,ל  גרם,false,1,22.90,40.18,true,1,
7630477891738,false,סטארבקס קפסולות אספרסו בלונד 53גר,קבוצת אוסם סחר-שות.מוגבלת,,,"י""ח",53,ל  גרם,false,1,22.90,43.21,true,1,
7702018471423,false,גילט פיוזן סכיני גילוח  (רבעייה),דיפלומט מפיצים 1968 בעמ,,,"י""ח",1,,false,1,49.90,49.90,true,1,
7702018978120,false,דאודורנט ג`ילט קליר ג`ל CW 70 מל,דיפלומט מפיצים 1968 בעמ,,,"י""ח",1,"י""ח",false,1,25.90,25.90,false,1,
7702024074625,false,פיטנס חטיפי קרקר חיטה מלאה 234גר,קבוצת אוסם סחר-שות.מוגבלת,,,"י""ח",234,ל  גרם,false,1,13.90,5.94,false,1,
7702174066631,false,לקקן פין פופ 10 יח`180גר`,ליימן שליסל,,,"י""ח",180,"ל  מ""ל",false,1,8.90,4.94,false,1,
7702174068826,false,לקקן 12 יחידות,ליימן שליסל,,,"י""ח",216,ל  גרם,false,1,11.90,5.51,false,1,
7702174068833,false,לקקן יוגטה טעמי גלידה,ליימן שליסל,,,"י""ח",216,ל  גרם,false,1,9.90,4.58,false,1,
7702174070201,false,לקקן יוגטה מג`יק 216גר,ליימן שליסל,,,"י""ח",216,ל  גרם,false,1,9.90,4.58,false,1,
7702174073783,false,לקקן פין פופ 10יח טעם קולה,ליימן שליסל,,,"י""ח",216,ל  גרם,false,1,8.90,4.12,false,1,
7792860006218,false,בייבי דול לקקן,מ.סידס ובנו בעמ,,,"י""ח",24,ל  גרם,false,1,2.20,9.17,true,1,
7798141877836,false,"גאטו נגרו פינו סוביניון בלאן 750מ""ל",היכל היין שקד גולן בעמ,,,"י""ח",750,"ל  מ""ל",false,1,39.90,5.28,true,1,
7804414000877,false,יין דון חוליו מרלו אדוארדס,הכרם משקאות חריפים בעמ,,,"י""ח",750,"ל  מ""ל",false,1,26.20,3.45,false,1,
7804414000884,false,יין דון חולין שרדונה 750,הכרם משקאות חריפים בעמ,,,"י""ח",750,"ל  מ""ל",false,1,26.20,3.45,false,1,
7804414001614,false,יין דון חוליו שיראז.,הכרם משקאות חריפים בעמ,,,"י""ח",750,"ל  מ""ל",false,1,26.20,3.45,false,1,
7804414017110,false,"יין דון חוליו פינו נואר 750מ""ל.",הכרם משקאות חריפים בעמ,,,"י""ח",750,"ל  מ""ל",false,1,26.20,3.45,false,1,
7891024124826,false,"קולגייט  אופטיק וייט 75מ""ל",ש.שסטוביץ בעמ,,,"י""ח",75,"ל  מ""ל",false,1,19.90,26.53,true,1,
7891024179482,false,"קולגייט שטיפת פה 500מ""ל",ש.שסטוביץ בעמ,,,"י""ח",500,"ל  מ""ל",false,1,29.90,5.98,true,1,
8000070011878,false,קפה לוואצה רוסה נטול 250 ג,ליימן שליסל,,,"י""ח",250,ל  גרם,false,1,46.90,18.76,false,1,
8000070012783,false,קפה לוואצה אורו 250 ג,ליימן שליסל,,,"י""ח",250,ל  גרם,false,1,39.90,15.96,false,1,
8000070029996,false,קפה לוואצה אורו שחור 250ג,ליימן שליסל,,,"י""ח",250,ל  גרם,false,1,36.90,14.76,false,1,
8000070035980,false,קפה לוואצה רוסה 250ג,ליימן שליסל,,,"י""ח",250,ל  גרם,false,1,31.90,12.76,false,1,
8000070038868,false,קפה לוואצה קרמה גוסטו 250ג,ליימן שליסל,,,"י""ח",250,ל  גרם,false,1,29.90,11.96,false,1,
8000215204219,false,משקה אורז אורגני 1ל,נטורפוד בעמ,,,"י""ח",1,ליטר,false,1,15.90,15.90,false,1,
8000215204240,false,משקה שקדים ואורז אורגני,נטורפוד בעמ,,,"י""ח",1,ליטר,false,1,16.90,16.90,false,1,
8000215204394,false,משקה אגוזי לוז ואורז אורגני 1ל,נטורפוד בעמ,,,"י""ח",1,ליטר,false,1,19.90,19.90,false,1,
8000215204714,false,משקה שיבולת שועל אורגני 1ל,נטורפוד בעמ,,,"י""ח",1,ליטר,false,1,16.90,16.90,false,1,
8000320010095,false,"פאסאטה מיריו במרקם עדין 700מ""ל",דיפלומט מפיצים (1968) בעמ**,,,"י""ח",700,"ל  מ""ל",false,1,12.90,1.84,false,1,
8000380003723,false,גרנד פטיסרי אגוז 100,ליימן שליסל,,,"י""ח",1,,false,1,13.90,13.90,true,1,
8000380003761,false,גרנד פטיסרי קוקוס 100,ליימן שליסל,,,"י""ח",100,ל  גרם,false,1,13.90,13.90,true,1,
8000380004669,false,וופל 200 גר`קקאו,ליימן שליסל,,,"י""ח",200,ל  גרם,false,1,12.90,6.45,true,1,
8000380004676,false,וופל לואקר  וניל סנדוויץ 200 ג`,ליימן שליסל,,,"י""ח",200,ל  גרם,false,1,12.90,6.45,true,1,
8000380004881,false,קודראטיני טרמיסו,ליימן שליסל,,,"י""ח",220,ל  גרם,false,1,13.90,6.32,false,1,
8000380004911,false,לואקר קוארדטיני אגוז 250גר`.,ליימן שליסל,,,"י""ח",250,ל  גרם,false,1,13.90,5.56,false,1,
8000380004966,false,קואדרטיטני  שוקולד 250ג,ליימן שליסל,,,"י""ח",250,ל  גרם,false,1,13.90,5.56,false,1,
8000380005918,false,קוואדרטיני אגוזים 125גר`,ליימן שליסל,,,"י""ח",125,ל  גרם,false,1,7,5.60,true,1,
8000380007257,false,וופל גרדנה 200 ג  מצופה,ליימן שליסל,,,"י""ח",200,ל  גרם,false,1,14.50,7.25,true,1,
8000380007271,false,וופל לואקר חלב 175 גרם,ליימן שליסל,,,"י""ח",175,ל  גרם,false,1,11.80,6.74,false,1,
8000380106028,false,טורטינה 1/6,ליימן שליסל,,,"י""ח",125,ל  גרם,false,1,18.90,15.12,false,1,
8000380144044,false,וופל גרנדה שוקולד,ליימן שליסל,,,"י""ח",200,ל  גרם,false,1,14.50,7.25,true,1,
8000380148035,false,גרנד פטיסרי טעם מריר אגוזים,ליימן שליסל,,,"י""ח",100,ל  גרם,false,1,13.90,13.90,true,1,
8000380153466,false,לואקר שוקולד 90גר,ליימן שליסל,,,"י""ח",90,ל  גרם,false,1,6.90,7.67,false,1,
8000380153534,false,טורטינה 1/6 לבן,ליימן שליסל,,,"י""ח",125,ל  גרם,false,1,18.90,15.12,false,1,
8000380156009,false,ורד הדולמיטים חלב  150ג.,ליימן שליסל,,,"י""ח",150,ל  גרם,false,1,24.90,16.60,false,1,
8000380156825,false,שוקולד לואקר חלב 87ג,ליימן שליסל,,,"י""ח",87,ל  גרם,false,1,7.90,9.08,false,1,
8000380156849,false,שוקולד לואקר מריר  87ג,ליימן שליסל,,,"י""ח",87,ל  גרם,false,1,7.90,9.08,false,1,
8000380156856,false,שוקולד לואקר לבן 87ג,ליימן שליסל,,,"י""ח",87,ל  גרם,false,1,7.90,9.08,false,1,
8000380157570,false,לואקר אגוז 5 262גר,ליימן שליסל,,,"י""ח",262,ל  גרם,false,1,13.90,5.31,true,1,
8000380180745,false,לואקר קוארדטיני שוקו חלב  250גר`.,ליימן שליסל,,,"י""ח",250,ל  גרם,false,1,13.90,5.56,false,1,
8000380180783,false,קוואדרטיני שוקו חלב  125גר`,ליימן שליסל,,,"י""ח",125,ל  גרם,false,1,7,5.60,true,1,
8000380180837,false,גראנד פטי סרי קרם קוקוס בשוקולד לבן,ליימן שליסל,,,"י""ח",100,ל  גרם,false,1,12.90,12.90,true,1,
8000380192151,false,טורטינה טריפל שוקולד מריר 1/6,ליימן שליסל,,,"י""ח",125,ל  גרם,false,1,19.90,15.92,false,1,
8000380192199,false,וופל לואקר שוקו-חלב  175ג,ליימן שליסל,,,"י""ח",175,ל  גרם,false,1,11.80,6.74,false,1,
8000380206896,false,וופל גרדנה 200 ג  חמאת בוטנים,ליימן שליסל,,,"י""ח",200,ל  גרם,false,1,14.50,7.25,true,1,
8000500023624,false,הפי היפו 10 חמישיות,פרימיום - חברה לדברי מתיקה ולמ,,,"י""ח",90,ל  גרם,false,1,12.90,14.33,false,1,
8000500023976,false,בונבוניירת רפאלו 150 ג,פרימיום - חברה לדברי מתיקה ולמ,,,"י""ח",150,ל  גרם,false,1,17.90,11.93,false,1,
8000500026731,false,ביצי שוקולד קינדר מארז 3 יח סופרייז,פרימיום - חברה לדברי מתיקה ולמ,,,"י""ח",60,ל  גרם,false,1,15.90,26.50,true,1,
8000500028124,false,קינדר ג וי שלשות,פרימיום - חברה לדברי מתיקה ולמ,,,"י""ח",3,"י""ח",false,1,16.90,5.63,false,1,
8000500029350,false,קינדר בואנו שלישייה,פרימיום - חברה לדברי מתיקה ולמ,,,"י""ח",120,ל  גרם,false,1,12.90,10.75,true,1,
8000500032237,false,בונבוניירת רושה 375 גרם,פרימיום - חברה לדברי מתיקה ולמ,,,"י""ח",375,ל  גרם,false,1,44.90,11.97,false,1,
8000500037874,false,רושר בונ  200 גר,פרימיום - חברה לדברי מתיקה ולמ,,,"י""ח",200,ל  גרם,false,1,25.90,12.95,false,1,
8000500071083,false,קינדר שוקולד 200 גרם,פרימיום - חברה לדברי מתיקה ולמ,,,"י""ח",200,ל  גרם,false,1,13.90,6.95,false,1,
8000500075708,false,קינדר ג וי שלשות כחול,פרימיום - חברה לדברי מתיקה ולמ,,,"י""ח",3,"י""ח",false,1,16.90,5.63,false,1,
8000500094976,false,בונבוניירה רושה קונוס 212.5גר`,פרימיום - חברה לדברי מתיקה ולמ,,,"י""ח",212,ל  גרם,false,1,39.90,18.82,false,1,
8000500121436,false,קינדר בואנו לבן שלשות,פרימיום - חברה לדברי מתיקה ולמ,,,"י""ח",3,"י""ח",false,1,12.90,4.30,true,1,
8000500167656,false,קינדר שוקולד עם חלב ודגנים  96ג,פרימיום - חברה לדברי מתיקה ולמ,,,"י""ח",96,ל  גרם,false,1,7.70,8.02,false,1,
8000500217740,false,קינדר בואנו מיני,פרימיום - חברה לדברי מתיקה ולמ,,,"י""ח",86,ל  גרם,false,1,10.90,12.67,false,1,
8000500227848,false,וופל נוטלה  בי רדי שישייה 132ג,פרימיום - חברה לדברי מתיקה ולמ,,,"י""ח",132,ל  גרם,false,1,12.90,9.77,false,1,
8000500247167,false,פררו קולקשיון 275ג,פרימיום - חברה לדברי מתיקה ולמ,,,"י""ח",275,ל  גרם,false,1,44.90,16.33,false,1,
8000500249352,false,קינדר בואנו מיני מיקס,פרימיום - חברה לדברי מתיקה ולמ,,,"י""ח",3,"י""ח",false,1,19.90,6.63,false,1,
8000500256213,false,קינדר שוקולד מיני 120ג,פרימיום - חברה לדברי מתיקה ולמ,,,"י""ח",120,ל  גרם,false,1,11.90,9.92,false,1,
8000500267103,false,קינדר דליס  }עוגות{,פרימיום - חברה לדברי מתיקה ולמ,,,"י""ח",4.20,"י""ח",false,1,21.90,5.21,true,1,
8000500269169,false,קינדר קארדס 128ג,פרימיום - חברה לדברי מתיקה ולמ,,,"י""ח",1.28,"י""ח",false,1,13.90,10.86,false,1,
8000500386941,false,נוטלה 900ג,פרימיום - חברה לדברי מתיקה ולמ,,,"י""ח",900,ל  גרם,false,1,31.90,3.54,true,1,
8001003100164,false,יוגטה ג`לי  450גר,ליימן שליסל,,,"י""ח",450,ל  גרם,false,1,13.90,3.09,false,1,
8001003202028,false,יוגטה גלי טעם מנטה 80גר,ליימן שליסל,,,"י""ח",80,ל  גרם,false,1,4.90,6.13,false,1,
8001090184375,false,"פיירי אוריגינל 900מ""ל",דיפלומט מפיצים 1968 בעמ,,,"י""ח",900,"ל  מ""ל",false,1,14.90,1.66,true,1,
8001090184412,false,"פיירי לימון  900מ""ל",דיפלומט מפיצים 1968 בעמ,,,"י""ח",900,"ל  מ""ל",false,1,14.90,1.66,true,1,
8001090290939,false,אורל בי משחת שיניים להלבנה,דיפלומט מפיצים 1968 בעמ,,,"י""ח",124,ל  גרם,false,1,22.90,18.47,true,1,
8001090336446,false,פמפרס אקטיב בייבי מידה 4 34יח,דיפלומט מפיצים 1968 בעמ,,,"י""ח",1,,false,1,39.90,39.90,true,1,
8001090336491,false,פמפרס אקטיב בייבי מידה 4+ 31יח,דיפלומט מפיצים 1968 בעמ,,,"י""ח",1,,false,1,39.90,39.90,true,1,
8001090377487,false,"פנטן מסכה לחות מוגברת  300מ""ל",דיפלומט מפיצים 1968 בעמ,,,"י""ח",300,"ל  מ""ל",false,1,33.90,11.30,false,1,
8001090458322,false,פיירי ורדים ומשי 1.015ל,דיפלומט מפיצים 1968 בעמ,,,"י""ח",1.01,ליטר,false,1,15.90,15.74,true,1,
8001090737809,false,אולוייז טנגה סינגל 1/36,דיפלומט מפיצים 1968 בעמ,,,"י""ח",1,,false,1,17.90,17.90,true,1,
8001090740717,false,אולדייז מגה פק נורמל פרש 76 יח`,דיפלומט מפיצים 1968 בעמ,,,"י""ח",76,"י""ח",false,1,19.90,0.26,true,1,
8001090745903,false,טייד אלפיין פרש 4 קג..,דיפלומט מפיצים 1968 בעמ,,,"י""ח",4,"ק""ג",false,1,29.90,7.48,false,1,
8001090802385,false,טייד קפסולות 26יח ניחוח לנור.,דיפלומט מפיצים 1968 בעמ,,,"י""ח",26,"י""ח",false,1,29.90,1.15,false,1,
8001090832450,false,"פנטן שמפו נוסחה קלאסית 660מ""ל",דיפלומט מפיצים 1968 בעמ,,,"י""ח",660,"ל  מ""ל",false,1,22.90,3.47,true,1,
8001090832573,false,"פנטן שמפו לחות מוגברת  660מ""ל",דיפלומט מפיצים 1968 בעמ,,,"י""ח",660,"ל  מ""ל",false,1,22.90,3.47,true,1,
8001090832610,false,"פנטן שמפו למגע רך כמשי 660מ""ל",דיפלומט מפיצים 1968 בעמ,,,"י""ח",660,"ל  מ""ל",false,1,22.90,3.47,true,1,
8001090832818,false,"פנטן קונדישנר נוסחה קלאסית  660מ""ל",דיפלומט מפיצים 1968 בעמ,,,"י""ח",660,"ל  מ""ל",false,1,22.90,3.47,true,1,
8001090832931,false,"פנטן קונדישנר מגע רך  660מ""ל",דיפלומט מפיצים 1968 בעמ,,,"י""ח",660,"ל  מ""ל",false,1,22.90,3.47,true,1,
8001090833051,false,"פנטן קונדישנר הזנת קרטין  660מ""ל",דיפלומט מפיצים 1968 בעמ,,,"י""ח",660,"ל  מ""ל",false,1,22.90,3.47,true,1,
8001090833136,false,אריאל גל כביסה 2.255ליטר בייבי,דיפלומט מפיצים 1968 בעמ,,,"י""ח",2.2550,ליטר,false,1,31.90,14.15,false,1,
8001090833167,false,אריאל גל קולור 2.36ל ניחוח הרים,דיפלומט מפיצים 1968 בעמ,,,"י""ח",2.36,ליטר,false,1,31.90,13.52,false,1,
8001090833198,false,אריאל גל ניחוח מרענן  2.36ל.,דיפלומט מפיצים 1968 בעמ,,,"י""ח",2.36,ליטר,false,1,31.90,13.52,false,1,
8001090899194,false,תחבושות אולוויז פלטינום נורמל,דיפלומט מפיצים 1968 בעמ,,,"י""ח",1,,false,1,19.90,19.90,true,1,
8001090899224,false,תחבושות אולוויז פלטינום לונג,דיפלומט מפיצים 1968 בעמ,,,"י""ח",1,,false,1,19.90,19.90,true,1,
8001090899255,false,תחבושות אולוויז פלטינום לילה,דיפלומט מפיצים 1968 בעמ,,,"י""ח",1,,false,1,19.90,19.90,true,1,
8001160001786,false,"גטורייד ספורט כחול 500מ""ל",טמפו משקאות בעמ,,,"י""ח",500,"ל  מ""ל",false,1,9.60,1.86,false,1,
8001505000184,false,מעדן אוכמניות  אורגני 250ג,נטורפוד בעמ,,,"י""ח",250,ל  גרם,false,1,18.90,7.56,false,1,
8001620011935,false,סן בנדטו שישיה 0.5 ל מוגז עדין,טמפו משקאות בעמ,,,"י""ח",3,ליטר,false,1,14.90,4.37,true,1,
8001841019291,false,אריאל קפסולות 16יח ניחוח לנור.,דיפלומט מפיצים 1968 בעמ,,,"י""ח",16,"י""ח",false,1,21.90,1.37,false,1,
8001841062624,false,מגבוני פמפרס ללא בישום 4*52יח,דיפלומט מפיצים 1968 בעמ,,,"י""ח",1,,false,1,17.90,17.90,false,1,
8001841500799,false,"הרבל אסנסס שמפו אלוורה מנגו 380מ""ל",דיפלומט מפיצים 1968 בעמ,,,"י""ח",380,"ל  מ""ל",false,1,19.90,5.24,true,1,
8001841502298,false,"הרבל אסנסס מרכך אלוורה מנגו 275מ""ל",דיפלומט מפיצים 1968 בעמ,,,"י""ח",275,"ל  מ""ל",false,1,19.90,7.24,true,1,
8001841625188,false,"פיירי פלטינום לימון 515מ""ל",דיפלומט מפיצים 1968 בעמ,,,"י""ח",500,"ל  מ""ל",false,1,9.90,1.98,false,1,
8001841625287,false,פיירי פלטינום לימון 1.015ל,דיפלומט מפיצים 1968 בעמ,,,"י""ח",1.01,ליטר,false,1,15.90,15.74,true,1,
8001841625362,false,"פיירי פלטינום לימון 780מ""ל",דיפלומט מפיצים 1968 בעמ,,,"י""ח",780,"ל  מ""ל",false,1,14.90,1.91,true,1,
8001841625461,false,"פיירי פלטינום אורגינל  515מ""ל",דיפלומט מפיצים 1968 בעמ,,,"י""ח",500,"ל  מ""ל",false,1,9.90,1.98,false,1,
8001841625508,false,פיירי  אורגינל 1.015ל,דיפלומט מפיצים 1968 בעמ,,,"י""ח",1.01,ליטר,false,1,15.90,15.74,true,1,
8001841660257,false,"פנטן מסכה 160מ""ל  מיראקלס במבוק",דיפלומט מפיצים 1968 בעמ,,,"י""ח",160,"ל  מ""ל",false,1,17.90,11.19,true,1,
8001841660530,false,"פנטן קרם לחות 270מ""ל מיראקלס במבוק",דיפלומט מפיצים 1968 בעמ,,,"י""ח",270,"ל  מ""ל",false,1,17.90,6.63,true,1,
8001841669465,false,אריאל קפסולות 24יח ניחוח לינור,דיפלומט מפיצים 1968 בעמ,,,"י""ח",24,"י""ח",false,1,32.90,1.37,true,1,
8001841669519,false,אריאל קפסולות לכביסה 55 יח,דיפלומט מפיצים 1968 בעמ,,,"י""ח",55,"י""ח",false,1,59.90,1.09,true,1,
8001841680989,false,אולדייז מגה פק פרו פרש לארג  64יח,דיפלומט מפיצים 1968 בעמ,,,"י""ח",80,"י""ח",false,1,23.90,0.30,true,1,
8001841715957,false,"הד שולדרס גל ושמפו 360מ""ל אינטנסיבי",דיפלומט מפיצים 1968 בעמ,,,"י""ח",500,"ל  מ""ל",false,1,19.90,3.98,true,1,
8001841716435,false,"הד שולדרס גל ושמפו 360מ""ל עור רגיש",דיפלומט מפיצים 1968 בעמ,,,"י""ח",500,"ל  מ""ל",false,1,19.90,3.98,true,1,
8001841893990,false,פיירי טבלאות למדיח פלטינום 30יח,דיפלומט מפיצים 1968 בעמ,,,"י""ח",30,"י""ח",false,1,44.90,1.50,false,1,
8001841958460,false,פיירי טבלאות למדיח 48יח,דיפלומט מפיצים 1968 בעמ,,,"י""ח",48,"י""ח",false,1,39.90,0.83,false,1,
8001841960081,false,פיירי טבלאות למדיח 37יח פלטינום,דיפלומט מפיצים 1968 בעמ,,,"י""ח",37,"י""ח",false,1,39.90,1.08,false,1,
8002200145682,false,קפסולות קפה קימבו אינטנסו 10יח,טמפו משקאות בעמ,,,"י""ח",50,ל  גרם,false,1,16.90,33.80,true,1,
8002270866524,false,מים סן פלגרינו 1ליטר בקבוק פלסטיק,טמפו משקאות בעמ,,,"י""ח",1,ליטר,false,1,8.90,8.90,true,1,
8002450204009,false,משקה כהלי וורדי רספברי אפרסק,הכרם משקאות חריפים בעמ,,,"י""ח",1,,false,1,26.20,26.20,true,1,
8002450206003,false,משקה כהלי ורדי רימונים ספרקלטיני  750מ,הכרם משקאות חריפים בעמ,,,"י""ח",750,"ל  מ""ל",false,1,26.20,3.45,true,1,
8002503213682,false,חטיף גרנה פדנו 80גר,א. סיימן סחר בעמ,,,"י""ח",80,ל  גרם,false,1,22.90,28.63,false,1,
8002910043476,false,ויט רצועות שעווה לקו ביקיני ובית השחי,רקיט בנקיזר (ניר איסט) בעמ,,,"י""ח",1,"י""ח",false,1,22.90,22.90,false,1,
8003753158587,false,קפסולות אספרסו פורטה ILLY 10יח,דיפלומט מפיצים (1968) בעמ**,,,"י""ח",52,ל  גרם,false,1,24.90,47.88,true,1,
8003753158617,false,קפסולות אספרסו לונגו  ILLY 10יח,דיפלומט מפיצים (1968) בעמ**,,,"י""ח",52,ל  גרם,false,1,24.90,47.88,true,1,
8003753158648,false,קפסולות אספרסו אינטנסו ILLY 10יח,דיפלומט מפיצים (1968) בעמ**,,,"י""ח",52,ל  גרם,false,1,24.90,47.88,true,1,
8003753900438,false,אילי אספרסו טחון 250 גרם,ש.שסטוביץ בעמ,,,"י""ח",250,ל  גרם,false,1,42.90,17.16,false,1,
8003753900469,false,אילי אספרסו טחון 250גר`,ש.שסטוביץ בעמ,,,"י""ח",250,ל  גרם,false,1,40.90,16.36,false,1,
8004030044005,false,טונה ריו בשמן זית,ש.שסטוביץ בעמ,,,"י""ח",160,ל  גרם,false,1,17.90,11.19,false,1,
8004030081024,false,טונה ריו בשמן זית שום ופלפל,ש.שסטוביץ בעמ,,,"י""ח",160,ל  גרם,false,1,17.90,11.19,false,1,
8004030102033,false,טונה ריו 80 גרם שמן ז. עם לימון 1/3.,ש.שסטוביץ בעמ,,,"י""ח",240,ל  גרם,false,1,24.90,10.38,false,1,
8004030177000,false,טונה בשמן זית עם צילי 80ג 1/3,ש.שסטוביץ בעמ,,,"י""ח",240,ל  גרם,false,1,24.90,10.38,false,1,
8004800000071,false,גלילי ופל במילוי קרם אגוזי לוז 100ג,תה ויסוצקי (ישראל)בעמ,,,"י""ח",100,ל  גרם,false,1,11.90,11.90,true,1,
8004800004802,false,גלילי ופל במילוי קרם דומדמניות  100ג,תה ויסוצקי (ישראל)בעמ,,,"י""ח",100,ל  גרם,false,1,11.90,11.90,true,1,
8004800004819,false,גלילי ופל במילוי קרם פסיפלורה  100ג,תה ויסוצקי (ישראל)בעמ,,,"י""ח",100,ל  גרם,false,1,11.90,11.90,true,1,
8004800004826,false,גלילי ופל במילוי קרם קוקוס  100ג,תה ויסוצקי (ישראל)בעמ,,,"י""ח",100,ל  גרם,false,1,11.90,11.90,true,1,
8005110001413,false,מארז זוג רוטב עגבניות 140ג MUTTI,רסטרטו יבוא ושיווק בעמ,,,"י""ח",140,ל  גרם,false,1,9.90,7.07,false,1,
8005110002243,false,רכז עגבניות שפורפרת 185ג MUTTI,רסטרטו יבוא ושיווק בעמ,,,"י""ח",200,ל  גרם,false,1,8.90,4.45,false,1,
8005110060106,false,מארז עגבניות מרוסקות2*400גר זוג MUTTI,רסטרטו יבוא ושיווק בעמ,,,"י""ח",800,ל  גרם,false,1,13.90,1.74,false,1,
8005110170300,false,עגבניות מרוסקות1/3 400ג  MUTTI,רסטרטו יבוא ושיווק בעמ,,,"י""ח",400,ל  גרם,false,1,18.90,4.73,false,1,
8005110171215,false,עגבניות חתוכות 690ג   MUTTI,רסטרטו יבוא ושיווק בעמ,,,"י""ח",690,ל  גרם,false,1,14.90,2.16,false,1,
8005110191015,false,מחית  עגבניות ובזיליקום 700ג ירוק MUTT,רסטרטו יבוא ושיווק בעמ,,,"י""ח",700,ל  גרם,false,1,13.90,1.99,false,1,
8005110200014,false,רכז עגבניות 210ג MUTTI,רסטרטו יבוא ושיווק בעמ,,,"י""ח",200,ל  גרם,false,1,7.90,3.95,false,1,
8005110551253,false,רוטב לפיצה 400ג MUTTI,רסטרטו יבוא ושיווק בעמ,,,"י""ח",400,ל  גרם,false,1,9.90,2.48,false,1,
8005200256587,false,נסטי בטעם אפרסק 1.5ל,טמפו משקאות בעמ,,,"י""ח",1.50,ליטר,false,1,8.50,5.47,true,1,
8005200286584,false,נסטי בטעם מנגו אננס 1.5ל,טמפו משקאות בעמ,,,"י""ח",1.50,ליטר,false,1,8.50,5.47,true,1,
8005200486526,false,נסטי בטעם אפרסק 0.5ל,טמפו משקאות בעמ,,,"י""ח",50,"ל  מ""ל",false,1,5.30,10,false,1,
8005803010357,false,גריסיני מקלות אפויים קלאסי 125ג,ליימן שליסל,,,"י""ח",125,ל  גרם,false,1,7.90,6.32,false,1,
8005803010661,false,גריסיני מקלות אפויים שומשום 125ג,ליימן שליסל,,,"י""ח",125,ל  גרם,false,1,7.90,6.32,false,1,
8006540091906,false,לנור כדוריות בניחוח יסמין 140ג,דיפלומט מפיצים 1968 בעמ,,,"י""ח",140,ל  גרם,false,1,19.90,14.21,false,1,
8006540110317,false,"פנטן שמפו 400מ""ל  מיראקלס במבוק",דיפלומט מפיצים 1968 בעמ,,,"י""ח",400,"ל  מ""ל",false,1,17.90,4.48,true,1,
8006540112793,false,"לנור מרכך מרוכז יסמין 900מ""ל",דיפלומט מפיצים 1968 בעמ,,,"י""ח",900,"ל  מ""ל",false,1,15.90,1.77,true,1,
8006540112823,false,"לנור מרכך מרוכז אוריינוס 900מ""ל",דיפלומט מפיצים 1968 בעמ,,,"י""ח",900,"ל  מ""ל",false,1,15.90,1.77,true,1,
8006540112854,false,"לנור מרכך מרוכז בייבי לבן 900מ""ל.",דיפלומט מפיצים 1968 בעמ,,,"י""ח",900,"ל  מ""ל",false,1,15.90,1.77,true,1,
8006540157374,false,"פנטן מרכך 275מ""ל  מיראקלס במבוק",דיפלומט מפיצים 1968 בעמ,,,"י""ח",275,"ל  מ""ל",false,1,17.90,6.51,true,1,
8006540222089,false,מגבונים היגיינים לתינוקות וילדים TO GO,דיפלומט מפיצים 1968 בעמ,,,"י""ח",1,,false,1,7.90,7.90,false,1,
8006540425930,false,אריאל קפסולות 24יח לכתמים קשים.,דיפלומט מפיצים 1968 בעמ,,,"י""ח",24,"י""ח",false,1,32.90,1.37,true,1,
8006540429327,false,"פיירי לימון 440מ""ל",דיפלומט מפיצים 1968 בעמ,,,"י""ח",1.24,ליטר,false,1,9.90,7.98,false,1,
8006540491539,false,"פיירי פלטינום אורגינל 780מ""ל",דיפלומט מפיצים 1968 בעמ,,,"י""ח",780,"ל  מ""ל",false,1,14.90,1.91,true,1,
8006540495216,false,"לנור מרכך מרוכז אמאטיסט 900מ""ל",דיפלומט מפיצים 1968 בעמ,,,"י""ח",900,"ל  מ""ל",false,1,15.90,1.77,true,1,
8006540495247,false,"לנור מרכך מרוכז פרחי בר 900מ""ל.",דיפלומט מפיצים 1968 בעמ,,,"י""ח",900,"ל  מ""ל",false,1,15.90,1.77,true,1,
8007178120310,false,"חומץ בלסמי 500 מ""ל (דיפלומט)",דיפלומט מפיצים (1968) בעמ**,,,"י""ח",500,"ל  מ""ל",false,1,22.90,4.58,false,1,
8008245004847,false,ממרח אגוזי לוז וקקאו 300ג,א. סיימן סחר בעמ,,,"י""ח",300,ל  גרם,false,1,16.90,5.63,true,1,
8008245004861,false,ממרח אגוזי לוז עם חלב  300ג,א. סיימן סחר בעמ,,,"י""ח",300,ל  גרם,false,1,16.90,5.63,true,1,
8008660210014,false,מעדן משמש  300ג,תה ויסוצקי (ישראל)בעמ,,,"י""ח",300,ל  גרם,false,1,15.90,5.30,false,1,
8008660210038,false,מעדן תות שדה   300ג,תה ויסוצקי (ישראל)בעמ,,,"י""ח",300,ל  גרם,false,1,15.90,5.30,false,1,
8008660210045,false,מעדן פירות יער   300ג,תה ויסוצקי (ישראל)בעמ,,,"י""ח",300,ל  גרם,false,1,15.90,5.30,false,1,
8008743048695,false,דובים ברשת 90ג,שוקוטרייד בעמ,,,"י""ח",90,ל  גרם,false,1,8.90,9.89,false,1,
8008912010270,false,פסטה קסרצה מספר 27  500ג,תה ויסוצקי (ישראל)בעמ,,,"י""ח",500,ל  גרם,false,1,8.90,1.78,true,1,
8008912010300,false,פסטה פרפלה מספר 30 500ג,תה ויסוצקי (ישראל)בעמ,,,"י""ח",500,ל  גרם,false,1,8.90,1.78,true,1,
8008912010317,false,פסטה פוזילי מספר31 500ג,תה ויסוצקי (ישראל)בעמ,,,"י""ח",500,ל  גרם,false,1,8.90,1.78,true,1,
8008912010331,false,פסטה ניקטי סרדי קונכיות  500ג,תה ויסוצקי (ישראל)בעמ,,,"י""ח",500,ל  גרם,false,1,8.90,1.78,true,1,
8008912010423,false,פסטה פנה ריגטה מספר 42  500ג,תה ויסוצקי (ישראל)בעמ,,,"י""ח",500,ל  גרם,false,1,8.90,1.78,true,1,
8010024006010,false,השקד 100% חמאת שקדים 350גר.,נטורפוד בעמ,,,"י""ח",350,ל  גרם,false,1,40.90,11.69,false,1,
8011033011279,false,"קוסקוס 1ק""ג דין",דין שיווק וקליה 2021 בעמ,,,"י""ח",1,"ק""ג",false,1,12.90,12.90,true,1,
8014601026354,false,"קמח פיצה שף קפוטו 1ק""ג",דיפלומט מפיצים (1968) בעמ**,,,"י""ח",1,"ק""ג",false,1,12.90,12.90,false,1,
8014601028747,false,"קמח אקסטרה שף קפוטו 1ק""ג",דיפלומט מפיצים (1968) בעמ**,,,"י""ח",1,"ק""ג",false,1,11.90,11.90,false,1,
8014601036100,false,"קמח פיצריה שף קפוטו 1ק""ג",דיפלומט מפיצים (1968) בעמ**,,,"י""ח",1,"ק""ג",false,1,12.90,12.90,false,1,
8014601999870,false,"קמח סמולינה דורום שף קפוטו 1ק""ג",דיפלומט מפיצים (1968) בעמ**,,,"י""ח",1,"ק""ג",false,1,12.90,12.90,false,1,
8017938005764,false,מיץ תפוחים אורגני 100% 1ל,נטורפוד בעמ,,,"י""ח",1,ליטר,false,1,22.90,22.90,false,1,
8024985003988,false,סמוזי תפוח בננה 100ג נטורה נובה,נטורפוד בעמ,,,"י""ח",100,ל  גרם,false,1,5.90,5.90,false,1,
8024985005234,false,סמוזי תפוח אפרסק מנגו 100ג נטורה נובה,נטורפוד בעמ,,,"י""ח",100,ל  גרם,false,1,5.90,5.90,false,1,
8024985006309,false,סמוזי מנגו  400גר  נטורה נובה1/4,נטורפוד בעמ,,,"י""ח",400,ל  גרם,false,1,21.90,5.48,false,1,
8024985008037,false,סמוזי תפוח  100ג נטורה נובה,נטורפוד בעמ,,,"י""ח",100,ל  גרם,false,1,5.90,5.90,false,1,
8024985008044,false,סמוזי אגס 100ג נטורה נובה,נטורפוד בעמ,,,"י""ח",100,ל  גרם,false,1,5.90,5.90,false,1,
8024985008051,false,סמוזי פירות אדומים 100ג נטורה נובה,נטורפוד בעמ,,,"י""ח",100,ל  גרם,false,1,5.90,5.90,false,1,
8026365732655,false,"קולפרש מסטיק ללא סוכר אייס מינט בד""ץ",אחים טיירי עסקי מזון בעמ,,,"י""ח",63,ל  גרם,false,1,7.90,12.54,false,1,
8032685196800,false,עגבניות אורגניות מרוסקות 700ג,נטורפוד בעמ,,,"י""ח",700,ל  גרם,false,1,11.90,1.70,false,1,
8032793342458,false,עגבניות מרוסקות דק ומסוננות בבקבוק 700,גורי מוצרי צריכה בעמ,,,"י""ח",700,ל  גרם,false,1,11.90,1.70,true,1,
8032793344520,false,עגבניות שפופרת 200 גרם,גורי מוצרי צריכה בעמ,,,"י""ח",200,ל  גרם,false,1,8.90,4.45,true,1,
8032804430471,false,פליסיה פוזילי עדשים אדומות.250ג,נטורפוד בעמ,,,"י""ח",250,ל  גרם,false,1,13.90,5.56,false,1,
8032804431287,false,ספגטי אורז אורגני 400גר,נטורפוד בעמ,,,"י""ח",400,"ל  מ""ל",false,1,14.90,3.73,false,1,
8032804432017,false,פוזילי כוסמת אורגני 340גר,נטורפוד בעמ,,,"י""ח",340,"ל  מ""ל",false,1,14.90,4.38,false,1,
8032804432024,false,לזניה אורז תירס אורגני 250גר,נטורפוד בעמ,,,"י""ח",250,"ל  מ""ל",false,1,19.90,7.96,false,1,
8032804435636,false,פוזילי 4 דגנים אורגני 340גר,נטורפוד בעמ,,,"י""ח",340,"ל  מ""ל",false,1,12.90,3.79,false,1,
8032804435643,false,פוזילי אורז מלא אורגני 340גר,נטורפוד בעמ,,,"י""ח",340,"ל  מ""ל",false,1,12.90,3.79,false,1,
8032942611626,false,מרטינו קוסקוס אפונה 100% קמח אפונה 400,מור ים מרקטינג בעמ,,,"י""ח",400,ל  גרם,false,1,16.90,4.23,false,1,
8033087771381,false,ניוקי תפוח אדמה ללא גלוטן 500גר,דיפלומט מפיצים (1968) בעמ**,,,"י""ח",500,ל  גרם,false,1,22.30,4.46,false,1,
8076800105735,false,"ברילה פנה ריגטה 1ק""ג קופסא",ש.שסטוביץ בעמ,,,"י""ח",1,"ק""ג",false,1,12.90,12.90,true,1,
8076800105988,false,"ברילה פוזילי 1ק""ג קופסא",ש.שסטוביץ בעמ,,,"י""ח",1,"ק""ג",false,1,12.90,12.90,false,1,
8076800195019,false,ברילה פסטה קפליני,ש.שסטוביץ בעמ,,,"י""ח",500,ל  גרם,false,1,6.90,1.38,true,1,
8076800195033,false,ברילה ספגטי מס3.,ש.שסטוביץ בעמ,,,"י""ח",500,ל  גרם,false,1,6.90,1.38,true,1,
8076800195057,false,ברילה ספגטיני מס  5,ש.שסטוביץ בעמ,,,"י""ח",500,ל  גרם,false,1,6.90,1.38,true,1,
8076800195132,false,ברילה פסטה בבטה 13,ש.שסטוביץ בעמ,,,"י""ח",500,ל  גרם,false,1,6.90,1.38,true,1,
8076800315097,false,ברילה בוקטיני 9,ש.שסטוביץ בעמ,,,"י""ח",500,ל  גרם,false,1,6.90,1.38,true,1,
8076802085738,false,ברילה פנה רגטה 73,ש.שסטוביץ בעמ,,,"י""ח",500,ל  גרם,false,1,6.90,1.38,true,1,
8076802085936,false,ברילה קונציליאה מס3.,ש.שסטוביץ בעמ,,,"י""ח",500,ל  גרם,false,1,6.90,1.38,true,1,
8076802085981,false,ברילה פסטה פוזילי 98,ש.שסטוביץ בעמ,,,"י""ח",500,ל  גרם,false,1,6.90,1.38,true,1,
8076808050440,false,ברילה מקרוני-44,ש.שסטוביץ בעמ,,,"י""ח",500,ל  גרם,false,1,6.90,1.38,true,1,
8076808060654,false,ברילה פרפלה-65,ש.שסטוביץ בעמ,,,"י""ח",500,ל  גרם,false,1,6.90,1.38,true,1,
8076808150072,false,ברילה ספגטי-7,ש.שסטוביץ בעמ,,,"י""ח",500,ל  גרם,false,1,6.90,1.38,true,1,
8076809501415,false,ברילה טריקולור 78,ש.שסטוביץ בעמ,,,"י""ח",500,ל  גרם,false,1,13.90,2.78,true,1,
8076809512268,false,ברילה גירנדולה-בורג-34,ש.שסטוביץ בעמ,,,"י""ח",500,ל  גרם,false,1,6.90,1.38,true,1,
8076809513388,false,רוטב ברילה ארביאטה,ש.שסטוביץ בעמ,,,"י""ח",400,ל  גרם,false,1,15.90,3.98,true,1,
8076809513654,false,רוטב ברילה בסיס בלונז,ש.שסטוביץ בעמ,,,"י""ח",400,ל  גרם,false,1,15.90,3.98,true,1,
8076809513692,false,רוטב ברילה  נפוליטנה,ש.שסטוביץ בעמ,,,"י""ח",400,ל  גרם,false,1,15.90,3.98,true,1,
8076809513739,false,רוטב ברילה בזיליקום,ש.שסטוביץ בעמ,,,"י""ח",400,ל  גרם,false,1,15.90,3.98,true,1,
8076809523714,false,פסטה טליאטלה,ש.שסטוביץ בעמ,,,"י""ח",500,ל  גרם,false,1,24.90,4.98,true,1,
8076809523738,false,לזניה ברילה 500 גרם,ש.שסטוביץ בעמ,,,"י""ח",500,ל  גרם,false,1,24.90,4.98,true,1,
8076809529419,false,ספגטי חיטה מלאה,ש.שסטוביץ בעמ,,,"י""ח",500,ל  גרם,false,1,13.90,2.78,true,1,
8076809529433,false,פנטה רגטה חיטה מלאה ברילה,ש.שסטוביץ בעמ,,,"י""ח",500,ל  גרם,false,1,13.90,2.78,true,1,
8076809547956,false,ברילה צ`יפרי 500גר,ש.שסטוביץ בעמ,,,"י""ח",500,ל  גרם,false,1,6.90,1.38,true,1,
8121300209466,false,טרוביה תחליף סוכר חום  320ג,גורי ע.ע.ע. בעמ,,,"י""ח",320,"ל  מ""ל",false,1,34.90,10.91,true,1,
8410076600622,false,חטיפי ניצ`ר ואלי קראנצי שבבי שוקולד מריר,ליימן שליסל,,,"י""ח",210,ל  גרם,false,1,19.90,9.48,true,1,
8410076610379,false,נייטשר ואלי פרוטאין בוטנים וש. שוק.1/4,ליימן שליסל,,,"י""ח",4,"י""ח",false,1,22.90,5.73,false,1,
8410076610386,false,נייטשר ואלי פרוטאין בוטנים עם קרמל.1/4,ליימן שליסל,,,"י""ח",4,"י""ח",false,1,22.90,5.73,false,1,
8410076610492,false,נייטשר ואלי צ`ואי בוטנים בציפוי חמאת1/4,ליימן שליסל,,,"י""ח",4,"י""ח",false,1,19.90,4.98,true,1,
8410076610508,false,צ`ואי שוקולד ובוטנים בציפוי,ליימן שליסל,,,"י""ח",5,"י""ח",false,1,19.90,3.98,true,1,
8410076620507,false,נייטשר נאט קרים שוקולד 1/4,ליימן שליסל,,,"י""ח",210,ל  גרם,false,1,19.90,9.48,true,1,
8410076621047,false,חטיף פייבר 1 בטעם שוקולד  1/5,ליימן שליסל,,,"י""ח",210,ל  גרם,false,1,12.90,6.14,false,1,
8410104039134,false,פיניש מנקה מדיח כלים,רקיט בנקיזר (ניר איסט) בעמ,,,"י""ח",250,"ל  מ""ל",false,1,16.90,6.76,false,1,
8410104437268,false,פיניש דאוסטופ לריח המראה,רקיט בנקיזר (ניר איסט) בעמ,,,"י""ח",27,ל  גרם,false,1,16.90,62.59,false,1,
8410128768324,false,משקה שקדים קרטונית 1ליטר Vive s,טמפו משקאות בעמ,,,"י""ח",1,ליטר,false,1,9.90,9.90,true,1,
8410128768355,false,משקה סויה קרטונית 1ליטר Vive soy,טמפו משקאות בעמ,,,"י""ח",1,ליטר,false,1,11.90,11.90,true,1,
8410128785734,false,בריסטה קרטונית 1ליטר Vive soy,טמפו משקאות בעמ,,,"י""ח",1,ליטר,false,1,11.90,11.90,true,1,
8412168002543,false,"מחייה 13% רוזטה שקדים 700מ""ל.",אגודת הכורמים,,,"י""ח",700,"ל  מ""ל",false,1,59.90,8.51,true,1,
8412497913992,false,"בקבוק פלסטיק גדול 600מ""ל פרוזן",שמחה זה אנחנו,,,"י""ח",1,,false,1,29.90,29.90,false,1,
8413376022965,false,גבינת עיזים רכה 29% 110ג,ג.וילי פוד אינטרנשיונל בעמ,,,"י""ח",110,ל  גרם,false,1,14.90,13.55,false,1,
8413376024839,false,גבינת עיזים רכה עם עשבי תיבול 29% 110ג,ג.וילי פוד אינטרנשיונל בעמ,,,"י""ח",110,ל  גרם,false,1,14.90,13.55,false,1,
8420708012822,false,קשקבל בשלה 200ג,א. סיימן סחר בעמ,,,"י""ח",200,ל  גרם,false,1,27.90,13.95,false,1,
8420822130600,false,"סופר מסיר שומנים 750מ""ל.",יעקב יעקבי ובניו בעמ,,,"י""ח",750,ל  גרם,false,1,18.90,2.52,true,1,
8422443005213,false,יין המרכבה גראנד סלקשיין ק.סוביניון,היכל היין שקד גולן בעמ,,,"י""ח",750,"ל  מ""ל",false,1,34.90,4.61,true,1,
8423207208260,false,חטיף דגנים מלאה צופה שוקולד מריר,ש.שסטוביץ בעמ,,,"י""ח",283,ל  גרם,false,1,10.90,3.85,true,1,
8423207208697,false,חטיף בריאות במילוי שוקולד לבן ילדים,ש.שסטוביץ בעמ,,,"י""ח",283,ל  גרם,false,1,10.90,3.85,true,1,
8423207210287,false,מרבה סלים דלים שוקולד לבן 120גר,ש.שסטוביץ בעמ,,,"י""ח",120,ל  גרם,false,1,10.90,9.08,true,1,
8423207210928,false,סלים דליס טופינג אגוזי לוז,ש.שסטוביץ בעמ,,,"י""ח",283,ל  גרם,false,1,10.90,3.85,true,1,
8424842050016,false,צ`יפס בטעם כמהין 125גר,א. סיימן סחר בעמ,,,"י""ח",125,ל  גרם,false,1,12.90,10.32,true,1,
8424842050030,false,צ`יפס עם מלח הימלאי 125גר,א. סיימן סחר בעמ,,,"י""ח",125,ל  גרם,false,1,12.90,10.32,true,1,
8435495805168,false,"תינוקלין 1.250 ק""ג",ליימן שליסל,,,"י""ח",1.25,"ק""ג",false,1,24.90,19.92,false,1,
8435495807605,false,מרכך תינוקלין מרוכז 1ל לבן,ליימן שליסל,,,"י""ח",1,ליטר,false,1,19.90,19.90,false,1,
8435495807636,false,תינוקלין גל כביסה 2ל,ליימן שליסל,,,"י""ח",5,"ק""ג",false,1,32.90,6.58,false,1,
8606018615827,false,פיינט אוראו,נגה גלידות,,,"י""ח",480,ל  גרם,false,1,21.90,4.56,false,1,
8606018615841,false,פיינט מילקה וניל ליבת שוקולד,נגה גלידות,,,"י""ח",480,ל  גרם,false,1,21.90,4.56,false,1,
8606109023593,false,"מיץ תפו""ע ואגס 750מ""ל פרוויטה",יורוסטנדרט בעמ,,,"י""ח",330,"ל  מ""ל",false,1,10.90,3.21,false,1,
8606109023609,false,"מיץ תפו""ע ודובדבן  750מ""ל פרוויטה",יורוסטנדרט בעמ,,,"י""ח",330,"ל  מ""ל",false,1,10.90,3.21,false,1,
8606109023623,false,"מיץ תפו""ע ולימון ליים  750מ""ל פרוויטה",יורוסטנדרט בעמ,,,"י""ח",330,"ל  מ""ל",false,1,10.90,3.21,false,1,
8606109023647,false,"מיץ סלק ותפו""ע  750מ""ל פרוויטה",יורוסטנדרט בעמ,,,"י""ח",330,"ל  מ""ל",false,1,12.90,3.82,true,1,
8606109023715,false,"מיץ תפו""ע ואפרסק  750מ""ל פרוויטה",יורוסטנדרט בעמ,,,"י""ח",330,"ל  מ""ל",false,1,10.90,3.21,false,1,
8606109023722,false,"מיץ תפו""ע ומשמש  750מ""ל פרוויטה",יורוסטנדרט בעמ,,,"י""ח",330,"ל  מ""ל",false,1,10.90,3.21,false,1,
8606109023999,false,"מיץ תפו""ע ושזיפים  750מ""ל פרוויטה",יורוסטנדרט בעמ,,,"י""ח",330,"ל  מ""ל",false,1,10.90,3.21,false,1,
8681863065300,false,מלח עם שום קלוי 280ג,ג.וילי פוד אינטרנשיונל בעמ,,,"י""ח",280,ל  גרם,false,1,24.90,8.89,true,1,
8681982060668,false,מארז קופסאות.,פיקס יבוא (ש.ע) בעמ,,,"י""ח",1,,false,1,19.90,19.90,true,1,
8683130025574,false,"בדין אקסטרא לבנדר 960 מ""ל",יוניליוור ישראל שיווק בעמ,,,"י""ח",960,"ל  מ""ל",false,1,15.90,1.66,true,1,
8683130025581,false,"בדין אקסטרא ענבר 960 מ""ל",יוניליוור ישראל שיווק בעמ,,,"י""ח",960,"ל  מ""ל",false,1,16.90,1.76,true,1,
8686868600037,false,אביזרי שיער,אל האופק שיווק וסחר,,,"י""ח",1,,false,1,5.90,5.90,false,1,
8686868600068,false,אביזרי שיער,אל האופק שיווק וסחר,,,"י""ח",1,,false,1,8.90,8.90,false,1,
8686868600075,false,אביזרי שיער,אל האופק שיווק וסחר,,,"י""ח",1,,false,1,9.90,9.90,false,1,
8686868600105,false,אביזרי שיער,אל האופק שיווק וסחר,,,"י""ח",1,,false,1,12.90,12.90,false,1,
8686868600112,false,אביזרי שיער,אל האופק שיווק וסחר,,,"י""ח",1,,false,1,13.90,13.90,false,1,
8686868600129,false,אביזרי שיער,אל האופק שיווק וסחר,,,"י""ח",1,,false,1,12.90,12.90,false,1,
8686868600174,false,אביזרי שיער,אל האופק שיווק וסחר,,,"י""ח",1,,false,1,19.90,19.90,false,1,
8686868600235,false,אביזרי שיער,אל האופק שיווק וסחר,,,"י""ח",1,,false,1,12.90,12.90,false,1,
8690504153740,false,שוקולד מריר עם גאנש מריר 86ג,תה ויסוצקי (ישראל)בעמ,,,"י""ח",86,ל  גרם,false,1,13.90,16.16,false,1,
8690504153849,false,שוקולד חלב ק. אגוזים 83ג,תה ויסוצקי (ישראל)בעמ,,,"י""ח",83,ל  גרם,false,1,13.90,16.75,false,1,
8690504156543,false,שוקולד חלב ממולא קרם טעם גנאש,תה ויסוצקי (ישראל)בעמ,,,"י""ח",88,ל  גרם,false,1,13.90,15.80,false,1,
8690637073373,false,ארל גריי-25סרוויס,יוניליוור ישראל שיווק בעמ,,,"י""ח",50,ל  גרם,false,1,8.40,16.80,false,1,
8690637073434,false,ארל גריי 100 סרוויס,יוניליוור ישראל שיווק בעמ,,,"י""ח",200,ל  גרם,false,1,25.90,12.95,false,1,
8690637503856,false,ממרח הלמנס לחיץ 40% אחוז פחות שומן,יוניליוור ישראל שיווק בעמ,,,"י""ח",789,ל  גרם,false,1,13.90,1.76,false,1,
8690637506956,false,"דאב שמפו למניעת קשקשים 600מ""ל",יוניליוור ישראל שיווק בעמ,,,"י""ח",700,"ל  מ""ל",false,1,16.90,2.41,true,1,
8690637555084,false,"בדין אקסטרא לבן 960מ""ל",יוניליוור ישראל שיווק בעמ,,,"י""ח",960,"ל  מ""ל",false,1,16.90,1.76,true,1,
8690637704277,false,"דאב  600מ""ל שמפו  רגיל",יוניליוור ישראל שיווק בעמ,,,"י""ח",600,"ל  מ""ל",false,1,16.90,2.82,true,1,
8690637835643,false,תה ירוק לואיזה ולימונית  30 גר,יוניליוור ישראל שיווק בעמ,,,"י""ח",32,ל  גרם,false,1,16.90,52.81,true,1,
8690637842399,false,מאגדת מגנום מיני דאבל פרי יער שוקולד,גלידות שטראוס בעמ,,,"י""ח",379,ל  גרם,false,1,27.90,7.36,false,1,
8690637858734,false,"סיף ג ל אקונומיקה 750 מ""ל לימון",יוניליוור ישראל שיווק בעמ,,,"י""ח",750,"ל  מ""ל",false,1,10.90,1.45,false,1,
8690637865589,false,תחליב רחצה לניקוי וטיפוח עור היד 750 מ,יוניליוור ישראל שיווק בעמ,,,"י""ח",500,"ל  מ""ל",false,1,17.90,3.58,false,1,
8690637865596,false,תחליב רחצה לניקוי וטיפוח עור היד 750 מ,יוניליוור ישראל שיווק בעמ,,,"י""ח",500,"ל  מ""ל",false,1,17.90,3.58,false,1,
8690637871245,false,ממרח אמיתי הלמנס 395 גר`לחיץ,יוניליוור ישראל שיווק בעמ,,,"י""ח",789,ל  גרם,false,1,14.90,1.89,false,1,
8690637946301,false,"בדין אקסטרא בייבי  960 מ""ל",יוניליוור ישראל שיווק בעמ,,,"י""ח",960,"ל  מ""ל",false,1,15.90,1.66,false,1,
8690637971310,false,"בדין אקסטרא יערת הדבש  960 מ""ל",יוניליוור ישראל שיווק בעמ,,,"י""ח",960,"ל  מ""ל",false,1,16.90,1.76,true,1,
8690637976995,false,"בדין אקסטרא ורוד סחלב 960 מ""ל",יוניליוור ישראל שיווק בעמ,,,"י""ח",960,"ל  מ""ל",false,1,16.90,1.76,true,1,
8690637989612,false,מאגדת מגנום דאבל דולצ`ה גולד 5יח שטראו.,גלידות שטראוס בעמ,,,"י""ח",270,ל  גרם,false,1,27.90,10.33,false,1,
8690757002444,false,"נוזל  להברקת נעליים 75מ""ל שחור",אינטרסן (1996) בעמ,,,"י""ח",75,"ל  מ""ל",false,1,6.90,9.20,false,1,
8690757002475,false,"ספוג   להברקת נעליים 75מ""ל נטורל",אינטרסן (1996) בעמ,,,"י""ח",75,"ל  מ""ל",false,1,6.90,9.20,false,1,
8690766156367,false,שוקולד חלב מעולה 90גר Godiva,תה ויסוצקי (ישראל)בעמ,,,"י""ח",90,ל  גרם,false,1,14.90,16.56,true,1,
8690766156374,false,שוקולד מריר מעולה 72% קקאו 90גר Godi,תה ויסוצקי (ישראל)בעמ,,,"י""ח",90,ל  גרם,false,1,14.90,16.56,true,1,
8690766156398,false,שוקולד חלב מעולה עם שקדים ודבש 90גר Go,תה ויסוצקי (ישראל)בעמ,,,"י""ח",90,ל  גרם,false,1,14.90,16.56,true,1,
8690766156411,false,שוקולד מריר מעולה עם חתיכות  90גר Godi,תה ויסוצקי (ישראל)בעמ,,,"י""ח",90,ל  גרם,false,1,14.90,16.56,true,1,
8690777203012,false,פלפל ירוק כבוש לא חריף SERA 600גר`,ג.וילי פוד אינטרנשיונל בעמ,,,"י""ח",600,ל  גרם,false,1,13.90,2.32,false,1,
8690777221405,false,פלפל אדום קלוי על האש 650 גר`SERA,ג.וילי פוד אינטרנשיונל בעמ,,,"י""ח",650,ל  גרם,false,1,14.50,2.23,false,1,
8690784516440,false,דאק סבון ניקוי לאסלה,דנשר (1963) בעמ,,,"י""ח",750,"ל  מ""ל",false,1,8.90,1.19,false,1,
8690784711777,false,דאק סבון אקטיבי ים עם אקונומיקה,דנשר (1963) בעמ,,,"י""ח",30,"ל  מ""ל",false,1,9.90,33,true,1,
8693323085100,false,יוגטה גומי טעם פירות 100גר,ליימן שליסל,,,"י""ח",100,ל  גרם,false,1,4.90,4.90,false,1,
8693323099107,false,מרשמלו לבבות יוגטה 150ג,ליימן שליסל,,,"י""ח",150,ל  גרם,false,1,8.90,5.93,false,1,
8693495051255,false,מברשת שיניים קולגייט סלים סופט זהב זוג,ש.שסטוביץ בעמ,,,"י""ח",1,,false,1,24.90,24.90,false,1,
8693495052177,false,"פלמוליב סבון נוזלי זיתים 750 מ""ל",ש.שסטוביץ בעמ,,,"י""ח",750,"ל  מ""ל",false,1,19.90,2.65,true,1,
8694313000134,false,מגש עם מכסה לעוגת חג,פ.ר.ל דיירקט בעמ,,,"י""ח",1,"י""ח",false,1,19.90,19.90,false,1,
8697530910743,false,פאל מאל לייט קצר בודד,גלוברנדס בעמ,,,"י""ח",1,,false,1,29.50,29.50,false,1,
8697826469092,false,טורטיה קטנה 540 ג 12 יח`,דין שיווק וקליה 2021 בעמ,,,"י""ח",540,ל  גרם,false,1,9.90,1.83,true,1,
8699073292768,false,חציל קלוי על האש 640 גרם MELIS,ג.וילי פוד אינטרנשיונל בעמ,,,"י""ח",640,ל  גרם,false,1,10.90,1.70,false,1,
8699878420021,false,"מים מינרלים טבעי500מ""ל בודד",עיסא ערטול בעמ-סוכן הנקל סוד,,,"י""ח",500,"ל  מ""ל",false,1,3.20,0.58,false,1,
8710502064814,false,עוגיות שוקו צ יפס במרקם רך 175גר מרבה,ש.שסטוביץ בעמ,,,"י""ח",225,ל  גרם,false,1,8.90,3.96,true,1,
8710502139017,false,עוגיות מרבה  מצופות שוקולד,ש.שסטוביץ בעמ,,,"י""ח",180,ל  גרם,false,1,8.90,4.94,true,1,
8710502194801,false,עוגיות מרבה שוקולד צ`יפס רכה פירות יער,ש.שסטוביץ בעמ,,,"י""ח",175,ל  גרם,false,1,8.90,5.09,true,1,
8710502194825,false,עוגיות מרבה שוקולד ציפס 150ג,ש.שסטוביץ בעמ,,,"י""ח",150,ל  גרם,false,1,6.90,4.60,true,1,
8710502279010,false,עוגיות שוקו צ יפס  175גר מרבה,ש.שסטוביץ בעמ,,,"י""ח",225,ל  גרם,false,1,8.90,3.96,true,1,
8710502405204,false,עוגיות מרבה ממולאות קרם שוקולד,ש.שסטוביץ בעמ,,,"י""ח",225,ל  גרם,false,1,8.90,3.96,true,1,
8710502470028,false,עוגיות נוגט לי 160גר`,ש.שסטוביץ בעמ,,,"י""ח",160,ל  גרם,false,1,8.90,5.56,true,1,
8710522584200,false,"דאב תחליב רחצה ורדים ואלוורה 500מ""ל",יוניליוור ישראל שיווק בעמ,,,"י""ח",500,"ל  מ""ל",false,1,14.90,2.98,true,1,
8710800027573,false,מיני מנטוס שקית,ליימן שליסל,,,"י""ח",178,ל  גרם,false,1,14,7.87,false,1,
8710847942679,false,"שמפו 400מ""ל טרזמה",יוניליוור ישראל שיווק בעמ,,,"י""ח",400,"ל  מ""ל",false,1,15.90,3.98,true,1,
8710908326691,false,"דאב סבון נוזלי אדמונית 750 מ""ל",יוניליוור ישראל שיווק בעמ,,,"י""ח",750,"ל  מ""ל",false,1,19.90,2.65,true,1,
8711000362631,false,קפסולות אספרסו L OR ONYX,דיפלומט מפיצים (1968) בעמ**,,,"י""ח",52,ל  גרם,false,1,19.90,38.27,true,1,
8711000371176,false,גייקובס קפסולות קפה קלאסיקו,דיפלומט מפיצים (1968) בעמ**,,,"י""ח",52,ל  גרם,false,1,16.90,32.50,true,1,
8711000371183,false,גייקובס קפסולות קפה אינטנסו,דיפלומט מפיצים (1968) בעמ**,,,"י""ח",52,ל  גרם,false,1,16.90,32.50,true,1,
8711000371244,false,גייקובס קפסולות קפה לונגו.,דיפלומט מפיצים (1968) בעמ**,,,"י""ח",52,ל  גרם,false,1,16.90,32.50,true,1,
8711000397466,false,קפסולות אספרסו L OR נטול קפאין,דיפלומט מפיצים (1968) בעמ**,,,"י""ח",52,ל  גרם,false,1,19.90,38.27,true,1,
8711327475717,false,מגנום פיינט וניל שקדים 260גר,גלידות שטראוס בעמ,,,"י""ח",260,ל  גרם,false,1,21.90,8.42,false,1,
8711327475762,false,מגנום פיינט שוקולד לבן עוגיות  260גר,גלידות שטראוס בעמ,,,"י""ח",260,ל  גרם,false,1,21.90,8.42,false,1,
8712000051099,false,"היינקן בקבוק  330מ""ל שישייה 0%.",טמפו משקאות בעמ,,,"י""ח",1.98,ליטר,false,1,31.90,15.20,true,1,
8712400802512,false,נוטרילון שלב 2 800 גרם,דיפלומט מפיצים (1968) בעמ**,,,"י""ח",800,ל  גרם,false,1,64.90,8.11,true,1,
8712561594608,false,"דאב סבון נוזלי להזנה עמוקה 750 מ""ל",יוניליוור ישראל שיווק בעמ,,,"י""ח",750,"ל  מ""ל",false,1,19.90,2.65,true,1,
8712561611411,false,"דאב סבון נוזלי תה ירוק ומלפפון 750 מ""ל",יוניליוור ישראל שיווק בעמ,,,"י""ח",750,"ל  מ""ל",false,1,19.90,2.65,true,1,
8712561631570,false,"דאב סבון נוזלי חלב קוקוס 750 מ""ל",יוניליוור ישראל שיווק בעמ,,,"י""ח",750,"ל  מ""ל",false,1,19.90,2.65,true,1,
8714599104316,false,ג`יקובס קפה שחור קלוי וטחון טורקי 200ג,דיפלומט מפיצים (1968) בעמ**,,,"י""ח",200,ל  גרם,false,1,14.90,7.45,false,1,
8714599410806,false,גייקובס קרוננג 160ג שקית,דיפלומט מפיצים (1968) בעמ**,,,"י""ח",160,ל  גרם,false,1,19.90,12.44,true,1,
8714599412336,false,גייקובס בריסטה אמריקנו קפה נמס עם קלוי,דיפלומט מפיצים (1968) בעמ**,,,"י""ח",160,ל  גרם,false,1,27.90,17.44,false,1,
8714599513781,false,.ג`ייקובס גולד 200 ג,דיפלומט מפיצים (1968) בעמ**,,,"י""ח",200,ל  גרם,false,1,25.90,12.95,false,1,
8714599513835,false,ג`ייקובס נטול קופאין 200גר,דיפלומט מפיצים (1968) בעמ**,,,"י""ח",200,ל  גרם,false,1,36.90,18.45,false,1,
8714599513866,false,"ג""קובס קרוננג קפה נמס מיובש 200 גרם",דיפלומט מפיצים (1968) בעמ**,,,"י""ח",200,ל  גרם,false,1,25.90,12.95,true,1,
8714789177229,false,מברשת שיניים קולגייט X 4,ש.שסטוביץ בעמ,,,"י""ח",1,,false,1,9.90,9.90,false,1,
8714789218465,false,קולגייט 360 זוגות,ש.שסטוביץ בעמ,,,"י""ח",1,,false,1,29.90,29.90,true,1,
8714789402918,false,אג קס חגיגת פרחים 1.5ליטר אדום,ש.שסטוביץ בעמ,,,"י""ח",1.50,ליטר,false,1,19.90,13.27,false,1,
8714789450315,false,פלמוליב כלים שקוף לימון 1.5 ל`,ש.שסטוביץ בעמ,,,"י""ח",1.50,ליטר,false,1,15.90,10.60,false,1,
8714789582764,false,"אג קס חלונות 750 מ""ל",ש.שסטוביץ בעמ,,,"י""ח",750,"ל  מ""ל",false,1,14.90,1.99,false,1,
8714789797786,false,"פלמוליב כלים GLEASE BLASTER 750מ""ל",ש.שסטוביץ בעמ,,,"י""ח",750,"ל  מ""ל",false,1,12.90,1.72,true,1,
8714789834467,false,פלמוליב כלים  1.5 ל`,ש.שסטוביץ בעמ,,,"י""ח",1.50,ליטר,false,1,15.90,10.60,false,1,
8715035520301,false,רוטב יפני פונזו על בסיס סויה ולימון,דיפלומט מפיצים (1968) בעמ**,,,"י""ח",296,"ל  מ""ל",false,1,18.90,6.39,false,1,
8715700110141,false,מיונז היינץ 460 גרם צנצנת,דיפלומט מפיצים (1968) בעמ**,,,"י""ח",460,ל  גרם,false,1,11.90,2.59,false,1,
8715700110158,false,מיונז היינץ 490 גרם לייט צנצנת,דיפלומט מפיצים (1968) בעמ**,,,"י""ח",490,ל  גרם,false,1,11.90,2.43,false,1,
8715700115344,false,מתבל עגבניות 460גר היינץ,דיפלומט מפיצים (1968) בעמ**,,,"י""ח",460,ל  גרם,false,1,7.90,1.72,false,1,
8715700115641,false,ממרח היינץ לייט ללא חומרים משמרים 395ג,דיפלומט מפיצים (1968) בעמ**,,,"י""ח",395,ל  גרם,false,1,15.90,4.03,false,1,
8715700117805,false,"מתבל עגבניות ללא סוכר ומלח 400מ""ל",דיפלומט מפיצים (1968) בעמ**,,,"י""ח",400,ל  גרם,false,1,11.90,2.98,false,1,
8715700419732,false,מתבל עגבניות היינץ 700ג,דיפלומט מפיצים (1968) בעמ**,,,"י""ח",700,ל  גרם,false,1,12.90,1.84,false,1,
8715700422473,false,ממרח היינץ ללא חומרים משמרים 395גר,דיפלומט מפיצים (1968) בעמ**,,,"י""ח",395,ל  גרם,false,1,16.90,4.28,false,1,
8715700423906,false,מתבל עגבניות  היינץ  555גר,דיפלומט מפיצים (1968) בעמ**,,,"י""ח",555,ל  גרם,false,1,11.90,2.14,false,1,
8717163607305,false,דאב סבון מוצק גרגרים 4,יוניליוור ישראל שיווק בעמ,,,"י""ח",400,ל  גרם,false,1,15.90,3.98,false,1,
8717163647233,false,"אקס דאו בודי ספריי בלאק נייט  150מ""ל.",יוניליוור ישראל שיווק בעמ,,,"י""ח",150,"ל  מ""ל",false,1,14.90,9.93,false,1,
8717163647240,false,אקס  דאו`ספריי  שוקו  150 מ``ל.,יוניליוור ישראל שיווק בעמ,,,"י""ח",150,"ל  מ""ל",false,1,14.90,9.93,false,1,
8717163648667,false,"אקס ג ל רחצה לגבר   400מ""ל.",יוניליוור ישראל שיווק בעמ,,,"י""ח",400,"ל  מ""ל",false,1,10,2.50,false,1,
8717163655764,false,"רקסונה ספריי פרש 150מ""ל",יוניליוור ישראל שיווק בעמ,,,"י""ח",150,"ל  מ""ל",false,1,14.90,9.93,true,1,
8717163655825,false,"רקסונה ספריי נשים  כותנה 150מ""ל",יוניליוור ישראל שיווק בעמ,,,"י""ח",150,"ל  מ""ל",false,1,14.90,9.93,true,1,
8717163663493,false,רקסונה ספריי מן קובלט דריי,יוניליוור ישראל שיווק בעמ,,,"י""ח",1,"י""ח",false,1,14.90,14.90,true,1,
8717163859759,false,"רקסונה ספריי נשים כותנה  150מ""ל",יוניליוור ישראל שיווק בעמ,,,"י""ח",150,"ל  מ""ל",false,1,14.90,9.93,true,1,
8717644390566,false,רביעיית סבון מוצק דאבירוק.,יוניליוור ישראל שיווק בעמ,,,"י""ח",400,ל  גרם,false,1,15.90,3.98,false,1,
8717677336593,false,שוקולד חלב 180ג  טוניס,ליימן שליסל,,,"י""ח",180,ל  גרם,false,1,18.90,10.50,false,1,
8717677336616,false,שוקולד מרירעם שקדים ומלח 180ג  טוניס,ליימן שליסל,,,"י""ח",180,ל  גרם,false,1,18.90,10.50,false,1,
8717677336630,false,שוקולד חלב עם שקדים ודבש 180ג  טוניס,ליימן שליסל,,,"י""ח",180,ל  גרם,false,1,18.90,10.50,false,1,
8717677336661,false,שוקולד מריר 70% 180ג  טוניס,ליימן שליסל,,,"י""ח",180,ל  גרם,false,1,18.90,10.50,false,1,
8717677338436,false,שוקולד חלב עם אגוזי לוז 180ג  טוניס,ליימן שליסל,,,"י""ח",180,ל  גרם,false,1,18.90,10.50,false,1,
8718114734484,false,מיונז מיילי 320גרם,א. סיימן סחר בעמ,,,"י""ח",320,ל  גרם,false,1,17.90,5.59,true,1,
8718951076372,false,"משחת שיניים הרבל קולגייט 100מ""ל",ש.שסטוביץ בעמ,,,"י""ח",100,ל  גרם,false,1,9.90,9.90,false,1,
8718951166561,false,"קולגייט מקס פרש כחול 125מ""ל",ש.שסטוביץ בעמ,,,"י""ח",125,"ל  מ""ל",false,1,17.90,14.32,false,1,
8718951175600,false,"קולגייט טוטאל קלין מינט  75 מ""ל",ש.שסטוביץ בעמ,,,"י""ח",75,"ל  מ""ל",false,1,14.90,19.87,true,1,
8718951236790,false,"קולגייט טוטל קלין מינט  100מ""ל",ש.שסטוביץ בעמ,,,"י""ח",100,"ל  מ""ל",false,1,17.90,17.90,true,1,
8718951236813,false,"קולגייט טוטל מתקדם  100מ""ל",ש.שסטוביץ בעמ,,,"י""ח",100,"ל  מ""ל",false,1,17.90,17.90,true,1,
8718951247871,false,"אג`קס  טריגר שירותים 500מ""ל",ש.שסטוביץ בעמ,,,"י""ח",500,"ל  מ""ל",false,1,14.90,2.98,false,1,
8718951248656,false,"פלמוליב ת.רחצה פרוטאין 500מ""ל",ש.שסטוביץ בעמ,,,"י""ח",500,"ל  מ""ל",false,1,15.90,3.18,false,1,
8718951254527,false,"קולגייט  סנסטיב פרו ריליך 75מ""ל",ש.שסטוביץ בעמ,,,"י""ח",125,"ל  מ""ל",false,1,18.90,15.12,false,1,
8718951288492,false,"מרידול משחת שיניים בי טיוב זוג*75מ""ל",ש.שסטוביץ בעמ,,,"י""ח",150,ל  גרם,false,1,29.90,19.93,false,1,
8718951314023,false,"פלמוליב סבון נוזלי אפרסק  750 מ""ל",ש.שסטוביץ בעמ,,,"י""ח",750,"ל  מ""ל",false,1,19.90,2.65,true,1,
8718951329270,false,ספיד סטיק 24/7 פלי ספריי,ש.שסטוביץ בעמ,,,"י""ח",150,"ל  מ""ל",false,1,16.90,11.27,true,1,
8718951334120,false,"סופלין מרכך כביסה מרוכז לבנדר 650מ""ל",ש.שסטוביץ בעמ,,,"י""ח",0.65,ליטר,false,1,9.90,15.23,false,1,
8718951334151,false,"סופלין מרכך כביסה מרוכז היפואלרגני650מ""ל",ש.שסטוביץ בעמ,,,"י""ח",0.65,ליטר,false,1,9.90,15.23,false,1,
8718951385290,false,אג`קס ניקוי כללי 2 ל כחול,ש.שסטוביץ בעמ,,,"י""ח",2,ליטר,false,1,22.90,11.45,false,1,
8718951391284,false,אג קס אנטי בקטריאלי 1.5ליטר אוקיינוס טור,ש.שסטוביץ בעמ,,,"י""ח",1.50,ליטר,false,1,19.90,13.27,false,1,
8718951477384,false,"קולגייט טוטאל משחת שיניים ג`ל 75 מ""ל",ש.שסטוביץ בעמ,,,"י""ח",75,"ל  מ""ל",false,1,19.90,26.53,false,1,
8718951498754,false,מברשות שיניים קולגייט סופר פלקסי שישיי,ש.שסטוביץ בעמ,,,"י""ח",1,,false,1,19.90,19.90,false,1,
8719200998001,false,בלבנד בלי מלח 200 גרם,דיפלומט מפיצים (1968) בעמ**,,,"י""ח",200,ל  גרם,false,1,4.90,2.45,false,1,
8719200998018,false,מחמאה מרגרינה בטעם חמאה 200 גרם..,דיפלומט מפיצים (1968) בעמ**,,,"י""ח",200,ל  גרם,false,1,5.60,2.80,false,1,
8719200998032,false,מזולה בטעם חמאה 250 גרם.,דיפלומט מפיצים (1968) בעמ**,,,"י""ח",250,ל  גרם,false,1,10.90,4.36,false,1,
8720181045912,false,"אקס בודי ספריי גוף אפריקה 150מ""ל.",יוניליוור ישראל שיווק בעמ,,,"י""ח",150,"ל  מ""ל",false,1,14.90,9.93,false,1,
8720181046605,false,דאב דאו  ספריי 90ג,יוניליוור ישראל שיווק בעמ,,,"י""ח",90,"ל  מ""ל",false,1,15.90,17.67,true,1,
8720181046612,false,דאב דאו רול און.,יוניליוור ישראל שיווק בעמ,,,"י""ח",50,"ל  מ""ל",false,1,19.90,39.80,true,1,
8720181090202,false,"דאב תחליב רחצה משי  750 מ""ל",יוניליוור ישראל שיווק בעמ,,,"י""ח",750,"ל  מ""ל",false,1,19.90,2.65,true,1,
8720181123955,false,"אקס ג ל רחצה לגבר   400מ""ל.",יוניליוור ישראל שיווק בעמ,,,"י""ח",400,"ל  מ""ל",false,1,10,2.50,false,1,
8722700202325,false,קורנישון,א. סיימן סחר בעמ,,,"י""ח",560,ל  גרם,false,1,24.90,4.45,false,1,
8723400756552,false,מנטוס מנטה 1\4,ליימן שליסל,,,"י""ח",1,,false,1,11.90,11.90,false,1,
8723400782544,false,מנטוס  בתפזורת בטעמים,ליימן שליסל,,,"י""ח",1,"י""ח",false,1,10.90,10.90,false,1,
8801055706440,false,טייסטר צ`ויס טו גו,קבוצת אוסם סחר-שות.מוגבלת,,,"י""ח",36,ל  גרם,false,1,10.90,30.28,false,1,
8801055707966,false,~קפה נמס בריסטה טסטר צוייס 180 ג`,קבוצת אוסם סחר-שות.מוגבלת,,,"י""ח",180,ל  גרם,false,1,32.90,18.28,false,1,
8801055709427,false,קפה נמס טסטר צוייס אלטה ריקה 100 ג`,קבוצת אוסם סחר-שות.מוגבלת,,,"י""ח",100,ל  גרם,false,1,25.90,25.90,true,1,
8801055709434,false,קפה נמס טסטר צוייס קולומביה 100 ג`,קבוצת אוסם סחר-שות.מוגבלת,,,"י""ח",100,ל  גרם,false,1,25.90,25.90,true,1,
8801055709458,false,נס קפה קפוצ`ינו קרמל 17גר*10,קבוצת אוסם סחר-שות.מוגבלת,,,"י""ח",170,ל  גרם,false,1,19.90,11.71,false,1,
8801055709489,false,נס קפה קפוצ`ינו אגוזים  18.5גר*10,קבוצת אוסם סחר-שות.מוגבלת,,,"י""ח",180,ל  גרם,false,1,19.90,11.06,false,1,
8801055709526,false,נס קפה קפוצ`ינו אגוזים  18.5גר*10.,קבוצת אוסם סחר-שות.מוגבלת,,,"י""ח",180,ל  גרם,false,1,19.90,11.06,false,1,
8809168840471,false,חטיף אצות מיובשות 9יח 4.5גרם.,מזרח ומערב יבוא ושיווק,,,"י""ח",9,"י""ח",false,1,19.90,2.21,false,1,
8850006331699,false,מברשת שיניים קולגייט סלים סופט שלישייה,ש.שסטוביץ בעמ,,,"י""ח",1,,false,1,29.90,29.90,false,1,
8850161167041,false,"חלב קוקוס קוקו וואי 270מ""ל",טמפו משקאות בעמ,,,"י""ח",270,"ל  מ""ל",false,1,8.20,2.93,false,1,
8850180040028,false,טמפורה 500גר,מזרח ומערב יבוא ושיווק,,,"י""ח",500,"ל  מ""ל",false,1,10.90,2.18,false,1,
8850206250592,false,רוטב צילי סיראצה 530ג,מזרח ומערב יבוא ושיווק,,,"י""ח",530,ל  גרם,false,1,19.90,3.75,false,1,
8850367992164,false,"קרם קוקוס 250מ""ל מזרח ומערב",מזרח ומערב יבוא ושיווק,,,"י""ח",250,"ל  מ""ל",false,1,8.90,3.56,true,1,
8850367992171,false,קרם קוקוס 1ל מזרח ומערב,מזרח ומערב יבוא ושיווק,,,"י""ח",1,ליטר,false,1,24.90,24.90,false,1,
8850367994021,false,רוטב צילי מתוק 280 מ``ל ללא סכר וגולטן,מזרח ומערב יבוא ושיווק,,,"י""ח",280,"ל  מ""ל",false,1,10.90,3.89,false,1,
8850367994779,false,מחית קארי ירוקה  50ג,מזרח ומערב יבוא ושיווק,,,"י""ח",50,ל  גרם,false,1,6.90,13.80,false,1,
8850367994786,false,מחית קארי אדומה 50ג,מזרח ומערב יבוא ושיווק,,,"י""ח",50,ל  גרם,false,1,5.90,11.80,false,1,
8850389103111,false,משקה אלוורה ענבים 300,טמפו משקאות בעמ,,,"י""ח",300,"ל  מ""ל",false,1,7.20,2.30,true,1,
8850389103128,false,משקה אלוורה תפוח 300,טמפו משקאות בעמ,,,"י""ח",300,"ל  מ""ל",false,1,7.20,2.30,true,1,
8850389103159,false,משקה מוגו מוגו ליצ`י עם חתיכות ג`לי קו,טמפו משקאות בעמ,,,"י""ח",320,"ל  מ""ל",false,1,6.90,2.06,true,1,
8850389104637,false,משקה אלוורה אפרסק 300,טמפו משקאות בעמ,,,"י""ח",300,"ל  מ""ל",false,1,7.20,2.30,true,1,
8850389105825,false,סאפה ענבים 1 ליטר,טמפו משקאות בעמ,,,"י""ח",1,ליטר,false,1,14,14,false,1,
8850389105849,false,סאפה אפרסק 1 ליטר,טמפו משקאות בעמ,,,"י""ח",1,ליטר,false,1,14,14,false,1,
8850389115336,false,סאפה מלון  1 ליטר,טמפו משקאות בעמ,,,"י""ח",1,ליטר,false,1,14,14,false,1,
8850632604259,false,חיספוסים מקלות תות שדה,ליימן שליסל,,,"י""ח",50,ל  גרם,false,1,3.50,7,true,1,
8850632604266,false,חיספוסים מקלות קולה,ליימן שליסל,,,"י""ח",50,ל  גרם,false,1,3.50,7,true,1,
8850632604372,false,חיספוסים שטיח תות שדה,ליימן שליסל,,,"י""ח",50,ל  גרם,false,1,3.50,7,true,1,
8850632604402,false,חיספוסים שטיח מעורב,ליימן שליסל,,,"י""ח",50,ל  גרם,false,1,3.50,7,true,1,
8850632605201,false,חיספוסים שטיח מעורב תפוח,ליימן שליסל,,,"י""ח",50,ל  גרם,false,1,3.50,7,true,1,
8850632606390,false,חיספוסים מקלות אבטיח,ליימן שליסל,,,"י""ח",50,ל  גרם,false,1,3.50,7,true,1,
8850851700381,false,ספוג לתינוק רך במיוחד,אינטרסן (1996) בעמ,,,"י""ח",1,,false,1,11.90,11.90,false,1,
8857101301008,false,"רוטב צ ילי מתוק 700 מ""ל",ג.וילי פוד אינטרנשיונל בעמ,,,"י""ח",700,"ל  מ""ל",false,1,9.90,1.41,false,1,
8858271002870,false,"רוטב פאד תאי 250מ""ל",מזרח ומערב יבוא ושיווק,,,"י""ח",250,"ל  מ""ל",false,1,12.90,5.16,true,1,
8858271002887,false,"רוטב טריאקי 250מ""ל",מזרח ומערב יבוא ושיווק,,,"י""ח",250,"ל  מ""ל",false,1,12.90,5.16,true,1,
8858271003020,false,"רוטב סויה פורמולה 1 700מ""ל",מזרח ומערב יבוא ושיווק,,,"י""ח",700,"ל  מ""ל",false,1,16.50,2.36,false,1,
8858271003068,false,"רוטב סויה מתוקה 250מ""ל",מזרח ומערב יבוא ושיווק,,,"י""ח",250,"ל  מ""ל",false,1,12.90,5.16,true,1,
8858271003921,false,"רוטב קארי אדום 250מ""ל",מזרח ומערב יבוא ושיווק,,,"י""ח",250,"ל  מ""ל",false,1,10.90,4.36,true,1,
8858271004126,false,"רוטב חמוץ מתוק 700מ""ל",מזרח ומערב יבוא ושיווק,,,"י""ח",700,"ל  מ""ל",false,1,16.90,2.41,false,1,
8858271004300,false,"רוטב טריאקי 700מ""ל",מזרח ומערב יבוא ושיווק,,,"י""ח",700,"ל  מ""ל",false,1,19.90,2.84,false,1,
8858271004423,false,"רוטב טום יאם אפ 250מ""ל",מזרח ומערב יבוא ושיווק,,,"י""ח",250,"ל  מ""ל",false,1,10.90,4.36,false,1,
8858271004799,false,"רוטב צ`ילי מתוק  700מ""ל ALL PURPSES",מזרח ומערב יבוא ושיווק,,,"י""ח",700,"ל  מ""ל",false,1,12.90,1.84,false,1,
8858271005451,false,"רוטב סויה פורמולה 1 250מ""ל",מזרח ומערב יבוא ושיווק,,,"י""ח",250,"ל  מ""ל",false,1,11.90,4.76,true,1,
8858271005499,false,"רוטב ברביקיו 250מ""ל",מזרח ומערב יבוא ושיווק,,,"י""ח",250,"ל  מ""ל",false,1,10.90,4.36,true,1,
8858271005772,false,"רוטב סויה ללא גלוטן 300מ""ל",מזרח ומערב יבוא ושיווק,,,"י""ח",300,"ל  מ""ל",false,1,16.90,5.63,false,1,
8888021200256,false,סוללות אנרגייזר שמינייה AA,דנשר (1963) בעמ,,,"י""ח",1,,false,1,27.90,27.90,false,1,
8888021200720,false,סוללות אנרגייזר שמינייה AAA,דנשר (1963) בעמ,,,"י""ח",1,,false,1,23.90,23.90,false,1,
8888111030053,false,"מיץ אננס ללס 100% טבעי רביעייה4*240מ""ל",בני פאוזי שמשום (2009) בעמ,,,"י""ח",960,"ל  מ""ל",false,1,14.10,1.34,false,1,
8901537024014,false,"אורז  בסמטי 1ק""ג DAAWAT",ג.וילי פוד אינטרנשיונל בעמ,,,"י""ח",1,"ק""ג",false,1,14.90,14.90,true,1,
8906059700408,false,תבשיל הודי דאל מקאני עם שעועית 300גר,מור ים מרקטינג בעמ,,,"י""ח",300,ל  גרם,false,1,19.90,6.63,false,1,
8906059700507,false,תבשיל הודי דאל טדקה עם עדשים 300גר,מור ים מרקטינג בעמ,,,"י""ח",300,ל  גרם,false,1,19.90,6.63,false,1,
8906059703614,false,תבשיל הודי דאל תרד 300גר,מור ים מרקטינג בעמ,,,"י""ח",300,ל  גרם,false,1,19.90,6.63,false,1,
8934878081811,false,"דפי אורז 22ס""מ 400גר מזרח ומערב",מזרח ומערב יבוא ושיווק,,,"י""ח",400,ל  גרם,false,1,14.90,3.73,true,1,
8938535541366,false,"דפי אורז 22ס""מ צבעוני 400גר ללא גלוטן",מזרח ומערב יבוא ושיווק,,,"י""ח",400,ל  גרם,false,1,12.90,3.23,false,1,
8997206332016,false,סוכר קוקוס אורגני 454ג,נטורפוד בעמ,,,"י""ח",454,ל  גרם,false,1,20.90,4.60,false,1,
9000101418163,false,ברף סבון אסלה בניחוח תפוח ירוק-נופר,גורי שיווק בעמ,,,"י""ח",50,"ל  מ""ל",false,1,17.90,35.80,false,1,
9000101515596,false,פרסיל 56 קפסולות לכביסה צבעונית,גורי שיווק בעמ,,,"י""ח",56,"י""ח",false,1,54.90,0.98,false,1,
9000101537550,false,פרסיל 52 קפסולות לכביסה פאוור קאפס,גורי שיווק בעמ,,,"י""ח",26,"י""ח",false,1,54.90,2.11,false,1,
9000101537581,false,פרסיל 52 קפסולות לכביסה פאוור קאפס קול,גורי שיווק בעמ,,,"י""ח",26,"י""ח",false,1,54.90,2.11,false,1,
9001616702686,false,זוג מוצצים בנות  עם כיתובים 0+,אלפא קוסמטיקה,,,"י""ח",1,,false,1,34.90,34.90,false,1,
9002975393812,false,סוכריות הריבו האפי צרי 70ג,מ.סידס ובנו בעמ,,,"י""ח",70,ל  גרם,false,1,6.90,9.86,false,1,
9005835312718,false,פירמידה מלח אקולוגי למדיח  קלרו,יעקב יעקבי ובניו בעמ,,,"י""ח",1,"י""ח",false,1,13.90,13.90,true,1,
9044400849105,false,סוכריות פז במגוון דמויות 10+1,ר.ב. מוצרי דגנים בעמ,,,"י""ח",30,ל  גרם,false,1,14.90,49.67,false,1,
9044400851672,false,פז סוכריות טעמים שונים,ר.ב. מוצרי דגנים בעמ,,,"י""ח",25.50,ל  גרם,false,1,11.90,46.67,false,1,
9044400885578,false,סוכריות פז מילוי 12 יח`,ר.ב. מוצרי דגנים בעמ,,,"י""ח",8,"י""ח",false,1,10.90,1.36,false,1,
9120097310583,false,חטיף שוקו בננה מיניונים מצונן 108ג,ג.וילי פוד אינטרנשיונל בעמ,,,"י""ח",108,ל  גרם,false,1,14.90,13.80,false,1,
9310088007015,false,פיוז אולטימייט,קימברלי קלארק ישראל שיווק בעמ,,,"י""ח",1,,false,1,19.90,19.90,true,1,
9322969000015,false,פריכיות תירס 150גר`,דנשר (1963) בעמ,,,"י""ח",150,ל  גרם,false,1,12.90,8.60,false,1,
9322969000022,false,פריכיות תירס 150גר`,דנשר (1963) בעמ,,,"י""ח",150,ל  גרם,false,1,12.90,8.60,false,1,
9322969000039,false,פריכיות תירס עם 4דגנים מלאים 150גר,דנשר (1963) בעמ,,,"י""ח",150,ל  גרם,false,1,12.90,8.60,false,1,
9322969000046,false,פריכיות תירס אורגניות 125 גר`עם שומשום,דנשר (1963) בעמ,,,"י""ח",150,ל  גרם,false,1,12.90,8.60,false,1,
9720188050109,false,ממרח גבינה טופוט,*החברה המרכזית להפצת משקאותבעמ,,,"י""ח",227,ל  גרם,false,1,21.10,9.30,false,1,
9770793914006,false,מעריב ג רוזלם פוסט שישי,ג רוזלם פוסט בעמ,,,"י""ח",1,,false,1,18,18,false,1,
9771565025005,false,מעריב עיתון שישי.,ג רוזלם פוסט בעמ,,,"י""ח",1,,false,1,6,6,true,1,
9771565038319,false,ידיעות אחרונות יום א,ידיעות אחרונות בעמ,,,"י""ח",1,,false,1,7,7,false,1,
9771565038326,false,ידיעות אחרונות יום ב,ידיעות אחרונות בעמ,,,"י""ח",1,,false,1,7,7,false,1,
9771565038333,false,ידיעות אחרונות יום ג,ידיעות אחרונות בעמ,,,"י""ח",1,,false,1,7,7,false,1,
9771565038357,false,ידיעות אחרונות יום ה,ידיעות אחרונות בעמ,,,"י""ח",1,,false,1,7,7,false,1,
9771565051066,false,ידיעות אחרונות שבת ו,ידיעות אחרונות בעמ,,,"י""ח",1,,false,1,20,20,false,1,
9771565066961,false,ידיעות ירושלים יום שישי,ידיעות אחרונות בעמ,,,"י""ח",1,,false,1,6.80,6.80,false,1,
72901008010259,true,אפרסמון,ביכורי השדה צפון 1994 ג.ד. בעמ,,,"ק""ג",1,"ק""ג",true,1,15.90,15.90,false,1,
