code,internal_code,name,manufacturer_name,manufacture_country,manufacturer_item_description,unit_qty,quantity,unit_of_measure,weighted,qty_in_package,price,unit_of_measure_price,allow_discount,status,item_id
10124350,false,צלי כתף מס' 5 קפוא א,בלדי,,צלי כתף מס' 5 קפוא א,קילוגרמים,1.00,"ק""ג",true,,52.90,52.9000,true,1,29869
32147230,false,מיץ לימון משומר 200מ,,,מיץ לימון משומר 200מ,יחידה,200.00,יחידה,false,,8.90,0.0445,true,1,30578
40052403,false,קיט קט 4 אצבעות,,,קיט קט 4 אצבעות,גרמים,41.50,100 גרם,false,,3.70,0.0892,true,1,99888
40084107,false,ביצת קינדר,,,ביצת קינדר,יחידה,0.00,יחידה,false,,5.50,0.0000,true,1,79927
40099132,false,הובה בובה צ'אנק בטעם,,,הובה בובה צ'אנק בטעם,יחידה,0.00,יחידה,false,,3.00,0.0000,true,1,60064
40111216,false,חטיף באונטי קוקוס,באונטי,,חטיף באונטי קוקוס,גרמים,57.00,100 גרם,false,,4.00,0.0702,false,1,9459
40345123,false,סמרטיס-נסטלה עדשים,,,סמרטיס-נסטלה עדשים,גרמים,38.00,100 גרם,false,,3.70,0.0974,true,1,63746
42123866,false,מסטיק הובה בובה קלאס,הובה בובה,,מסטיק הובה בובה קלאס,גרמים,35.00,100 גרם,false,,3.00,0.0857,true,1,24629
42138105,false,וינסטון סופר סלימס כ,,,וינסטון סופר סלימס כ,יחידה,0.00,יחידה,false,,32.00,0.0000,false,1,35098
42182108,false,מסטיק פייב טעם מנטה,5 טעמים,,מסטיק פייב טעם מנטה,גרמים,31.00,100 גרם,false,,7.00,0.2258,true,1,37677
50204830,false,קוטל חרקים אוטן תרסי,,,קוטל חרקים אוטן תרסי,מיליליטרים,100.00,"100 מ""ל",false,,19.90,0.1990,true,1,21081
59016441,false,רקסונה דאודורנט רול,רקסונה,,רקסונה דאודורנט רול,מיליליטרים,50.00,"100 מ""ל",false,,13.90,0.2780,true,1,120198
59039549,false,ווג פריזון מנטה,,,ווג פריזון מנטה,יחידה,0.00,יחידה,false,,37.00,0.0000,false,1,41611
59068907,false,פאל מאל כחול דמי סלי,,,פאל מאל כחול דמי סלי,יחידה,0.00,יחידה,false,,25.00,0.0000,false,1,109976
59068914,false,פאל מאל סילבר דמי סל,,,פאל מאל סילבר דמי סל,יחידה,0.00,יחידה,false,,25.00,0.0000,false,1,109977
59081630,false,דאודורנט דאב רול און,דאב,,דאודורנט דאב רול און,מיליליטרים,50.00,"100 מ""ל",false,,14.90,0.2980,true,1,115665
59085645,false,דאב דאודורנט רולאון,דאב,,דאב דאודורנט רולאון,מיליליטרים,50.00,"100 מ""ל",false,,14.90,0.2980,false,1,126646
59455240,false,ווג ליידי לילך,,,ווג ליידי לילך,יחידה,0.00,יחידה,false,,37.00,0.0000,false,1,55367
72940754,false,מילקי וניל 6.5%,שטראוס,,מילקי וניל 6.5%,מיליליטרים,170.00,"100 מ""ל",false,,2.80,0.0165,true,1,7679
72940761,false,מילקי שוקו 7%,שטראוס,,מילקי שוקו 7%,מיליליטרים,170.00,"100 מ""ל",false,,2.80,0.0165,true,1,7680
72940952,false,מילקי פי 2 10%,שטראוס,,מילקי פי 2 10%,מיליליטרים,170.00,"100 מ""ל",false,,3.70,0.0218,true,1,7681
72940983,false,חומוס אחלה 250,אחלה,,חומוס אחלה 250,גרמים,250.00,100 גרם,false,,6.60,0.0264,true,1,7683
72941041,false,מילקי מיני שוקולד 7%,שטראוס,,מילקי מיני שוקולד 7%,גרמים,70.00,100 גרם,false,,2.00,0.0286,true,1,7684
72945308,false,קוביות שמרים 50,,,קוביות שמרים 50,גרמים,50.00,100 גרם,false,,3.70,0.0740,false,1,7685
72961506,false,פרילי תות 1.5%,תנובה חלב,,פרילי תות 1.5%,גרמים,125.00,100 גרם,false,,3.40,0.0272,true,1,8848
72961520,false,פרילי אננס 1.5%,תנובה חלב,,פרילי אננס 1.5%,מיליליטרים,125.00,"100 מ""ל",false,,3.40,0.0272,true,1,8850
72961544,false,"באדי תות 3% 125 מ""ל",תנובה חלב,,"באדי תות 3% 125 מ""ל",מיליליטרים,125.00,"100 מ""ל",false,,2.90,0.0232,true,1,8851
72963753,false,שמנת של פעם 27%,תנובה חלב,,שמנת של פעם 27%,מיליליטרים,200.00,"100 מ""ל",false,,4.20,0.0210,false,1,8857
72964132,false,טבעגורט 1.9% 200 גרם,תנובה חלב,,טבעגורט 1.9% 200 גרם,גרמים,200.00,100 גרם,false,,5.00,0.0250,true,1,8859
72964422,false,יוגורט תנובה 4.5%,תנובה חלב,,יוגורט תנובה 4.5%,גרמים,200.00,100 גרם,false,,2.80,0.0140,true,1,8860
72983454,false,גולף סופר סלים,,,גולף סופר סלים,יחידה,0.00,יחידה,false,,30.00,0.0000,false,1,12647
72983997,false,סיגריות גולף גולד קו,,,סיגריות גולף גולד קו,יחידה,0.00,יחידה,false,,30.00,0.0000,false,1,22872
72986370,false,בן אנד ג'ריס גלידת ו,בן אנד ג'ריס,,בן אנד ג'ריס גלידת ו,מיליליטרים,500.00,"100 מ""ל",false,,18.90,0.0378,false,1,13214
72986424,false,בן אנד ג'ריס לידת קר,בן אנד ג'ריס,,בן אנד ג'ריס לידת קר,מיליליטרים,500.00,"100 מ""ל",false,,18.90,0.0378,true,1,13215
72986448,false,בן אנד ג'ריס גלידת ט,בן אנד ג'ריס,,בן אנד ג'ריס גלידת ט,מיליליטרים,500.00,"100 מ""ל",false,,18.90,0.0378,true,1,13216
72986455,false,בן אנד ג'ריס ניו יור,בן אנד ג'ריס,,בן אנד ג'ריס ניו יור,מיליליטרים,500.00,"100 מ""ל",false,,18.90,0.0378,true,1,13217
72986479,false,בן וג'ריס צאנקי מנקי,בן אנד ג'ריס,,בן וג'ריס צאנקי מנקי,מיליליטרים,500.00,"100 מ""ל",false,,18.90,0.0378,true,1,13218
72989425,false,גלידת בראוניס,בן אנד ג'ריס,,גלידת בראוניס,יחידה,500.00,יחידה,false,,18.90,0.0378,true,1,98144
72991374,false,סיגריות טיים,,,סיגריות טיים,יחידה,0.00,יחידה,false,,29.00,0.0000,false,1,12648
72991381,false,סיגריות טיים ארו,,,סיגריות טיים ארו,יחידה,0.00,יחידה,false,,29.00,0.0000,false,1,12649
72991404,false,סיגריות אירופה,,,סיגריות אירופה,יחידה,0.00,יחידה,false,,29.00,0.0000,false,1,12651
72991428,false,סיגריות ברדווי 0,,,סיגריות ברדווי 0,יחידה,0.00,יחידה,false,,29.00,0.0000,false,1,12653
72991459,false,סיגריות גולף קצר,,,סיגריות גולף קצר,יחידה,0.00,יחידה,false,,30.00,0.0000,false,1,12656
72991473,false,סיגריות שרתון,,,סיגריות שרתון,יחידה,0.00,יחידה,false,,29.00,0.0000,false,1,12658
72991480,false,סיגריות נלסון,,,סיגריות נלסון,יחידה,0.00,יחידה,false,,29.00,0.0000,false,1,12659
72991497,false,סיגריות נובלס,,,סיגריות נובלס,יחידה,0.00,יחידה,false,,29.00,0.0000,false,1,12660
72991510,false,סיגריות מונטנה,,,סיגריות מונטנה,יחידה,0.00,יחידה,false,,30.00,0.0000,false,1,12662
72991527,false,סיגריות מוסטנג,,,סיגריות מוסטנג,יחידה,0.00,יחידה,false,,24.50,0.0000,false,1,12663
72991824,false,סיגריות טיים ליי,,,סיגריות טיים ליי,יחידה,0.00,יחידה,false,,29.00,0.0000,false,1,12664
72991886,false,בן וג'ריס ריבת חלב,בן אנד ג'ריס,,בן וג'ריס ריבת חלב,מיליליטרים,500.00,"100 מ""ל",false,,18.90,0.0378,true,1,13220
72993637,false,דני שוקולד בודד 1.5%,שטראוס,,דני שוקולד בודד 1.5%,מיליליטרים,125.00,"100 מ""ל",false,,2.60,0.0208,true,1,29528
72994061,false,פסק זמן טו גוד שוקול,עלית,,פסק זמן טו גוד שוקול,גרמים,36.00,100 גרם,false,,5.00,0.1389,true,1,106462
76136184,false,פאל מאל סופרסלימס כח,,,פאל מאל סופרסלימס כח,יחידה,0.00,יחידה,false,,29.00,0.0000,false,1,24599
80001027,false,וופל לואקר טורטי,לואקר,,וופל לואקר טורטי,גרמים,21.00,100 גרם,false,,3.90,0.1857,true,1,12781
80001461,false,גרדנה שוקולד מר 38גר,לואקר,,גרדנה שוקולד מר 38גר,גרמים,38.00,100 גרם,false,,3.90,0.1026,true,1,28215
80001485,false,וופל גרדנה קוקוס 38,לואקר,,וופל גרדנה קוקוס 38,גרמים,38.00,100 גרם,false,,3.90,0.1026,true,1,28216
80001799,false,טורטינה שוקולד לבן,לואקר,,טורטינה שוקולד לבן,גרמים,21.00,100 גרם,false,,3.90,0.1857,true,1,64685
80001911,false,גרדנה אגוז לבן 38 גר,לואקר,,גרדנה אגוז לבן 38 גר,גרמים,38.00,100 גרם,false,,3.90,0.1026,true,1,101501
80042556,false,MUTTI עגבניות חתוכות,,,MUTTI עגבניות חתוכות,יחידה,0.00,יחידה,false,,16.90,0.0000,true,1,67990
80042563,false,רסק עגבניות איטלקי M,,,רסק עגבניות איטלקי M,גרמים,720.00,100 גרם,false,,11.90,0.0165,true,1,57142
80050124,false,טיק טק סוכריות,פררו,,טיק טק סוכריות,גרמים,16.00,100 גרם,false,,3.20,0.2000,false,1,12789
80052760,false,חטיף קינדר בואנו 43,פררו,,חטיף קינדר בואנו 43,גרמים,43.00,100 גרם,false,,3.90,0.0907,true,1,12793
80052883,false,סוכריות טיק טק מנטה,,,סוכריות טיק טק מנטה,יחידה,0.00,יחידה,false,,3.20,0.0000,true,1,124936
80136194,false,הפי היפו וויט חמישיי,,,הפי היפו וויט חמישיי,גרמים,103.50,100 גרם,false,,12.90,0.1246,true,1,107896
80176800,false,ממרח נוטלה 750 גרם,פררו,,ממרח נוטלה 750 גרם,גרמים,750.00,100 גרם,false,,25.90,0.0345,false,1,12794
80177173,false,ממרח נוטלה 350 גרם,פררו,,ממרח נוטלה 350 גרם,גרמים,350.00,100 גרם,false,,13.90,0.0397,false,1,12795
80177609,false,אצבעות שוקולד קינדר,פררו,,אצבעות שוקולד קינדר,גרמים,50.00,100 גרם,false,,3.80,0.0760,false,1,12797
80177616,false,אצבעות שוקולד קינדר,פררו,,אצבעות שוקולד קינדר,גרמים,100.00,100 גרם,false,,7.90,0.0790,false,1,12798
80310167,false,קינדר מקסי שישייה,פררו,,קינדר מקסי שישייה,יחידה,0.00,יחידה,false,,9.90,0.0000,true,1,116676
80310891,false,ביצת קינדר ג'וי,פררו,,ביצת קינדר ג'וי,גרמים,20.00,100 גרם,false,,5.50,0.2750,true,1,25726
80761761,false,חטיף קינדר בואנו לבן,פררו,,חטיף קינדר בואנו לבן,גרמים,43.00,100 גרם,false,,3.90,0.0907,true,1,42447
80768890,false,מנטוס וויט ביג ספירמ,,,מנטוס וויט ביג ספירמ,גרמים,105.00,100 גרם,false,,15.90,0.1514,true,1,102118
80769545,false,מנטוס מסטיק בקבוק מע,,,מנטוס מסטיק בקבוק מע,גרמים,60.00,100 גרם,false,,9.90,0.1650,true,1,110647
80773429,false,מסטיק מנטוס תות,,,מסטיק מנטוס תות,גרמים,60.00,100 גרם,false,,9.90,0.1650,true,1,109056
80773443,false,מנטוס מסטיק בקבוק מע,,,מנטוס מסטיק בקבוק מע,גרמים,60.00,100 גרם,false,,9.90,0.1650,true,1,105015
80776307,false,מסטיק מנטוס ביג בקבו,,,מסטיק מנטוס ביג בקבו,גרמים,90.00,100 גרם,false,,15.90,0.1767,true,1,105130
80790990,false,מנטוס מסטיק בקבוק מע,,,מנטוס מסטיק בקבוק מע,גרמים,60.00,100 גרם,false,,9.90,0.1650,true,1,105016
80794233,false,מסטיק מנטוס ביג בקבו,,,מסטיק מנטוס ביג בקבו,גרמים,90.00,100 גרם,false,,15.90,0.1767,true,1,105132
80804697,false,מנטוס וויט בי סוויטמ,,,מנטוס וויט בי סוויטמ,גרמים,105.00,100 גרם,false,,15.90,0.1514,true,1,102119
80820970,false,טורטינה קרמל בודד,לואקר,,טורטינה קרמל בודד,גרמים,21.00,100 גרם,false,,3.90,0.1857,true,1,126050
80831402,false,סוכריות מנטוס מנטה ע,,,סוכריות מנטוס מנטה ע,גרמים,21.00,100 גרם,false,,5.90,0.2810,true,1,119183
80832560,false,סוכריות מנטוס לריענו,,,סוכריות מנטוס לריענו,גרמים,21.00,100 גרם,false,,5.90,0.2810,true,1,189500
80843184,false,מסטיק מנטוס ענבים בק,,,מסטיק מנטוס ענבים בק,גרמים,60.00,100 גרם,false,,9.90,0.1650,true,1,126804
80850885,false,מסטיק מנטוס וויט מנט,,,מסטיק מנטוס וויט מנט,גרמים,60.00,100 גרם,false,,9.90,0.1650,true,1,69399
80854753,false,סוכריות מנטוס מנטה ל,,,סוכריות מנטוס מנטה ל,גרמים,21.00,100 גרם,false,,5.90,0.2810,true,1,119184
80862130,false,מנטוס מסטיק פיור פרש,,,מנטוס מסטיק פיור פרש,גרמים,28.00,100 גרם,false,,3.90,0.1393,true,1,123528
80862260,false,מסטיק מנטוס XXL טעם,,,מסטיק מנטוס XXL טעם,גרמים,150.00,100 גרם,false,,17.90,0.1193,true,1,188874
80896081,false,מסטיק מנטוס אבטיח,,,מסטיק מנטוס אבטיח,יחידה,0.00,יחידה,false,,9.90,0.0000,true,1,108996
80913467,false,מנטוס מסטיק בקבוק מע,,,מנטוס מסטיק בקבוק מע,גרמים,60.00,100 גרם,false,,9.90,0.1650,true,1,105017
80936459,false,שלישיית ביצי שוקולד,,,שלישיית ביצי שוקולד,יחידה,0.00,יחידה,false,,12.90,0.0000,true,1,187924
80936848,false,טיק טק תות שדה,,,טיק טק תות שדה,יחידה,0.00,יחידה,false,,3.20,0.0000,false,1,67234
80945468,false,מנטוס פיור וויט מנטה,,,מנטוס פיור וויט מנטה,גרמים,60.00,100 גרם,false,,9.90,0.1650,true,1,186058
80957706,false,מסטיק מנטוס XXL טעם,,,מסטיק מנטוס XXL טעם,גרמים,150.00,100 גרם,false,,17.90,0.1193,true,1,188875
80974215,false,מסטיק מנטוס ביג תות,,,מסטיק מנטוס ביג תות,יחידה,0.00,יחידה,false,,15.90,0.0000,true,1,111866
80977070,false,מנטוס מסטיק פיור פרש,,,מנטוס מסטיק פיור פרש,גרמים,28.00,100 גרם,false,,3.90,0.1393,true,1,123530
80977278,false,מנטוס פיורפרש באבלפר,,,מנטוס פיורפרש באבלפר,גרמים,28.00,100 גרם,false,,5.90,0.2107,true,1,189071
80982470,false,מנטוס מסטיק פיור פרו,,,מנטוס מסטיק פיור פרו,גרמים,60.00,100 גרם,false,,9.90,0.1650,true,1,124981
80986348,false,מנטוס פיור וויט מנטה,,,מנטוס פיור וויט מנטה,גרמים,60.00,100 גרם,false,,9.90,0.1650,true,1,186059
87108538,false,מנטוס תות,פרפטי ואן מלה,,מנטוס תות,גרמים,37.50,100 גרם,false,,2.90,0.0773,true,1,29657
87108651,false,מנטוס מנטה רביעי,פרפטי ואן מלה,,מנטוס מנטה רביעי,יחידה,0.00,יחידה,false,,10.90,0.0000,false,1,12805
87108712,false,מנטוס פירות רביע,פרפטי ואן מלה,,מנטוס פירות רביע,גרמים,150.00,100 גרם,false,,10.90,0.0727,true,1,12806
87311396,false,מנטוס ריינבואו בודד,,,מנטוס ריינבואו בודד,גרמים,37.50,100 גרם,false,,2.90,0.0773,true,1,59902
87354041,false,מנטוס גליל דובדבן,,,מנטוס גליל דובדבן,גרמים,37.50,100 גרם,false,,2.90,0.0773,true,1,125454
90162602,false,רד בול משקה,רד בול,,רד בול משקה,יחידה,0.00,יחידה,false,,5.90,0.0000,true,1,26011
96130339,false,דאודורנט דאב רול אור,דאב,,דאודורנט דאב רול אור,מיליליטרים,50.00,"100 מ""ל",false,,14.90,0.2980,true,1,126586
96137130,false,דאודורנט רול און דאב,דאב,,דאודורנט רול און דאב,מיליליטרים,50.00,"100 מ""ל",false,,14.90,0.2980,true,1,111666
4715020755,false,קישוטי עוגה פרינסס,,,קישוטי עוגה פרינסס,גרמים,75.00,100 גרם,false,,12.90,0.1720,true,1,35361
9800800056,false,נוטלה GO,,,נוטלה GO,גרמים,52.00,100 גרם,false,,4.90,0.0942,true,1,102096
10900678148,false,דיאמונד רדיד אלומיני,,,דיאמונד רדיד אלומיני,יחידה,0.00,יחידה,false,,15.90,0.0000,true,1,187218
11182700923,false,שעועית אדומה בהירה,,,שעועית אדומה בהירה,גרמים,439.00,100 גרם,false,,9.90,0.0226,true,1,56042
11210000094,false,TABASCO טבסקו רוטב פ,,,TABASCO טבסקו רוטב פ,מיליליטרים,60.00,"100 מ""ל",false,,11.00,0.1833,true,1,22279
11210009387,false,TABASCO רוטב טבסקו פ,,,TABASCO רוטב טבסקו פ,יחידה,60.00,יחידה,false,,11.00,0.1833,true,1,24299
12300103138,false,פקט כאמל ריו פילטר ב,,,פקט כאמל ריו פילטר ב,יחידה,0.00,יחידה,false,,292.00,0.0000,false,1,17707
12300119139,false,פקט וינסטון כחול בוק,,,פקט וינסטון כחול בוק,יחידה,0.00,יחידה,false,,310.00,0.0000,false,1,17712
16000185517,false,פייבר וואן  555 גר,,,פייבר וואן  555 גר,גרמים,555.00,100 גרם,false,,26.90,0.0485,false,1,186832
16000281684,false,שיבולת שועל פקאן 10x,ג'נרל מילס,,שיבולת שועל פקאן 10x,גרמים,210.00,100 גרם,false,,19.00,0.0905,false,1,30172
16000423534,false,שיבולת שועל קינמון 1,ג'נרל מילס,,שיבולת שועל קינמון 1,גרמים,210.00,100 גרם,false,,19.00,0.0905,false,1,42289
16000548404,false,שיבולת שועל בדבש ניי,ג'נרל מילס,,שיבולת שועל בדבש ניי,גרמים,210.00,100 גרם,false,,19.00,0.0905,false,1,12866
16000548503,false,שיבולת שועל נייצ'ר ו,ג'נרל מילס,,שיבולת שועל נייצ'ר ו,גרמים,210.00,100 גרם,false,,19.00,0.0905,false,1,12868
16000548602,false,שיבולת שועל קינמון 1,ג'נרל מילס,,שיבולת שועל קינמון 1,גרמים,210.00,100 גרם,false,,19.00,0.0905,false,1,12870
16000548909,false,שיבולת שועל חמאת בוט,ג'נרל מילס,,שיבולת שועל חמאת בוט,גרמים,210.00,100 גרם,false,,19.00,0.0905,false,1,12872
16500980322,false,כרית פלדה אס או א,,,כרית פלדה אס או א,יחידה,0.00,יחידה,false,,14.90,0.0000,true,1,6923
18000701223,false,תערובת לעוגת שוק,,,תערובת לעוגת שוק,גרמים,550.00,100 גרם,false,,17.90,0.0325,true,1,12875
18000703494,false,תערובת לעוגה וני,,,תערובת לעוגה וני,גרמים,500.00,100 גרם,false,,17.90,0.0358,true,1,12876
18000703517,false,תערובת לעוגת שיש,,,תערובת לעוגת שיש,גרמים,550.00,100 גרם,false,,17.90,0.0325,true,1,12877
18000766413,false,תערובת בראוניס,,,תערובת בראוניס,גרמים,550.00,100 גרם,false,,17.90,0.0325,true,1,12878
21200493720,false,סקוטש ברייט גליל ניי,,,סקוטש ברייט גליל ניי,יחידה,0.00,יחידה,false,,16.90,0.0000,true,1,189269
21200513152,false,ספוג קרצוף שלישיה,,,ספוג קרצוף שלישיה,יחידה,0.00,יחידה,false,,15.90,0.0000,true,1,41633
21200572357,false,שלישיית ספוגי קרצוף,,,שלישיית ספוגי קרצוף,יחידה,0.00,יחידה,false,,15.90,0.0000,true,1,32725
22200956949,false,ספיד סטיק ג'ל כתום,ספיד סטיק,,ספיד סטיק ג'ל כתום,גרמים,51.00,100 גרם,false,,19.90,0.3902,true,1,8027
25700005674,false,זיפלוק שקיות אחסון ס,,,זיפלוק שקיות אחסון ס,יחידה,0.00,יחידה,false,,16.90,0.0000,true,1,122307
25700005681,false,זיפלוק שקיות אחסון ס,,,זיפלוק שקיות אחסון ס,יחידה,0.00,יחידה,false,,16.90,0.0000,true,1,122308
30000315958,false,קוואקר פרוטאין בננה,,,קוואקר פרוטאין בננה,גרמים,366.00,100 גרם,false,,23.90,0.0653,true,1,114646
30000315989,false,קוואקר פרוטאין חמוצי,,,קוואקר פרוטאין חמוצי,גרמים,372.00,100 גרם,false,,23.90,0.0642,true,1,114647
34000148301,false,הרשי נטיפי שוקולד מר,,,הרשי נטיפי שוקולד מר,גרמים,340.00,100 גרם,false,,17.90,0.0526,true,1,105244
34000196173,false,הרשי קוקיס קרם טבלה,,,הרשי קוקיס קרם טבלה,גרמים,113.00,100 גרם,false,,7.90,0.0699,true,1,96696
34000442652,false,ריזס טבלה XL,,,ריזס טבלה XL,גרמים,120.00,100 גרם,false,,7.90,0.0658,true,1,96697
34000470228,false,סוכריות ריזס מיני הר,,,סוכריות ריזס מיני הר,גרמים,70.00,100 גרם,false,,5.90,0.0843,true,1,65505
34000544028,false,לקריץ תות שדה,,,לקריץ תות שדה,גרמים,198.00,100 גרם,false,,7.20,0.0364,true,1,19299
34000544431,false,טוויזלרס דובדבן 172,,,טוויזלרס דובדבן 172,גרמים,172.00,100 גרם,false,,7.90,0.0459,true,1,121208
36000516890,false,קלינקס לושן 120 3 שכ,,,קלינקס לושן 120 3 שכ,יחידה,0.00,יחידה,false,,15.90,0.0000,true,1,117548
37600207188,false,חמאת בוטנים סקיפי קל,,,חמאת בוטנים סקיפי קל,גרמים,462.00,100 גרם,false,,18.90,0.0409,false,1,69356
37600207256,false,סקיפי שברי בוטנים,,,סקיפי שברי בוטנים,גרמים,462.00,100 גרם,false,,18.90,0.0409,false,1,69357
38000183690,false,פרינגלס ברבקיו קטן,,,פרינגלס ברבקיו קטן,גרמים,71.00,100 גרם,false,,5.50,0.0775,true,1,123861
38000232152,false,פרינגלס ביג ברביקיו,,,פרינגלס ביג ברביקיו,גרמים,158.00,100 גרם,false,,8.90,0.0563,true,1,118272
38000232169,false,פרינגלס מידי אורגינל,,,פרינגלס מידי אורגינל,גרמים,67.00,100 גרם,false,,5.50,0.0821,true,1,118273
38000232176,false,פרינגלס ביג שמנת בצל,,,פרינגלס ביג שמנת בצל,גרמים,158.00,100 גרם,false,,8.90,0.0563,true,1,118270
38000232183,false,פרינגלס ביג אורגינל,,,פרינגלס ביג אורגינל,גרמים,149.00,100 גרם,false,,8.90,0.0597,true,1,118271
38000845253,false,פרינגלס מידי שמנת בצ,,,פרינגלס מידי שמנת בצ,גרמים,71.00,100 גרם,false,,5.50,0.0775,true,1,99622
38527591053,false,דגני בוקר קואקר מרוב,קוואקר,,דגני בוקר קואקר מרוב,גרמים,453.00,100 גרם,false,,19.90,0.0439,false,1,56997
38527591060,false,דגני בוקר מרובעים 41,,,דגני בוקר מרובעים 41,גרמים,412.00,100 גרם,false,,19.90,0.0483,false,1,57349
40000512943,false,סוכריות אם אנד אם 30,,,סוכריות אם אנד אם 30,גרמים,303.00,100 גרם,false,,19.90,0.0657,true,1,109872
40000513568,false,סוכריות אם אנד אם 15,,,סוכריות אם אנד אם 15,גרמים,155.90,100 גרם,false,,11.90,0.0763,true,1,105221
40000514480,false,סוכריות אם אנד אם 48,,,סוכריות אם אנד אם 48,גרמים,48.00,100 גרם,false,,4.90,0.1021,true,1,102506
40002035648,false,פרסים רמה 4,,,פרסים רמה 4,יחידה,0.00,יחידה,false,,11.00,0.0000,true,1,7373
41390000058,false,רוטב טריאקי,,,רוטב טריאקי,יחידה,296.00,יחידה,false,,13.90,0.0470,true,1,9509
44600300580,false,מרסס קלין אפ פרש 946,,,מרסס קלין אפ פרש 946,מיליליטרים,946.00,"100 מ""ל",false,,25.90,0.0274,true,1,124756
46214372250,false,עוגיות שטרודל פר,MERBA,,עוגיות שטרודל פר,גרמים,225.00,100 גרם,false,,8.90,0.0396,true,1,16578
46214382259,false,עוגיות בראוניס,MERBA,,עוגיות בראוניס,גרמים,225.00,100 גרם,false,,8.90,0.0396,true,1,16579
46214731552,false,עוגיות שוקולד צ'יפס,MERBA,,עוגיות שוקולד צ'יפס,גרמים,225.00,100 גרם,false,,8.90,0.0396,true,1,16580
50000015474,false,פריקסקיז פירות ים,פריסקיז,,פריקסקיז פירות ים,קילוגרמים,1.40,"ק""ג",false,,37.90,27.0714,true,1,6626
50000084500,false,פריסקיז מעדני השף,פריסקיז,,פריסקיז מעדני השף,קילוגרמים,1.42,"ק""ג",false,,37.90,26.6901,true,1,21783
50000170180,false,פריסקיז עוף ברוטב,פריסקיז,,פריסקיז עוף ברוטב,גרמים,156.00,100 גרם,false,,6.20,0.0397,true,1,72030
50000225224,false,פריסקיז פריים פילה ה,,,פריסקיז פריים פילה ה,גרמים,156.00,100 גרם,false,,6.20,0.0397,true,1,98981
50000238910,false,פריסקיז פארטי מיקס א,,,פריסקיז פארטי מיקס א,גרמים,59.00,100 גרם,false,,11.50,0.1949,true,1,189240
50000292592,false,פנסי פיסט שימורי חתו,,,פנסי פיסט שימורי חתו,גרמים,85.00,100 גרם,false,,6.00,0.0706,true,1,99891
50000292615,false,פנסי פיסט לבבות עוף,,,פנסי פיסט לבבות עוף,גרמים,85.00,100 גרם,false,,6.00,0.0706,true,1,99892
50000429448,false,פנסי פיסט פטה מוס סל,פנסי פיסט,,פנסי פיסט פטה מוס סל,גרמים,85.00,100 גרם,false,,6.00,0.0706,true,1,30356
50000429646,false,פנסי פיסט דגי אוקיינ,פנסי פיסט,,פנסי פיסט דגי אוקיינ,גרמים,85.00,100 גרם,false,,6.00,0.0706,true,1,30357
50000434640,false,פנסי פיסט נתחי לבבות,פנסי פיסט,,פנסי פיסט נתחי לבבות,גרמים,85.00,100 גרם,false,,6.00,0.0706,true,1,21965
50000445691,false,פרסקיז נתחי עוף וסלמ,פריסקיז,,פרסקיז נתחי עוף וסלמ,גרמים,156.00,100 גרם,false,,6.20,0.0397,true,1,59881
50000574414,false,פריסקיז פארטי מיקס פ,,,פריסקיז פארטי מיקס פ,גרמים,59.00,100 גרם,false,,11.50,0.1949,true,1,189242
50000574438,false,פריסקיז פארטי מיקס מ,,,פריסקיז פארטי מיקס מ,גרמים,59.00,100 גרם,false,,11.50,0.1949,true,1,189243
55500012046,false,מרסס קלין אפ 946,,,מרסס קלין אפ 946,מיליליטרים,946.00,"100 מ""ל",false,,25.90,0.0274,true,1,6968
63435711033,false,רויאל טישו 3 שכבות,,,רויאל טישו 3 שכבות,יחידה,0.00,יחידה,false,,7.50,0.0000,true,1,125250
64144090013,false,שמן פאם חמאה,פאם,,שמן פאם חמאה,יחידה,0.00,יחידה,false,,18.00,0.0000,false,1,58693
64144090020,false,שמן פאם שמן זית,פאם,,שמן פאם שמן זית,יחידה,0.00,יחידה,false,,18.00,0.0000,false,1,58694
64144090051,false,שמן פאם קנולה 148 גר,פאם,,שמן פאם קנולה 148 גר,גרמים,148.00,100 גרם,false,,18.00,0.1216,false,1,70838
70177077563,false,טוינינג- ארל גריי,,,טוינינג- ארל גריי,גרמים,50.00,100 גרם,false,,16.90,0.3380,true,1,96344
70177077693,false,טוינינג- אינגליש ברק,,,טוינינג- אינגליש ברק,גרמים,50.00,100 גרם,false,,16.90,0.3380,true,1,96347
70177078775,false,טוינינג- ליידי גריי,,,טוינינג- ליידי גריי,גרמים,50.00,100 גרם,false,,16.90,0.3380,true,1,96348
70177086664,false,תה ירוק טהור 25 שק',,,תה ירוק טהור 25 שק',גרמים,50.00,100 גרם,false,,18.90,0.3780,true,1,103385
70177173159,false,תה טויני ירוק לימון,,,תה טויני ירוק לימון,גרמים,50.00,100 גרם,false,,18.90,0.3780,true,1,99790
70177173166,false,תה טויני יסמין 25 שק,,,תה טויני יסמין 25 שק,גרמים,50.00,100 גרם,false,,18.90,0.3780,true,1,99791
70177173203,false,תה טויני ירוק מנטה 2,,,תה טויני ירוק מנטה 2,גרמים,50.00,100 גרם,false,,18.90,0.3780,true,1,99792
70177173746,false,תה טויני ירוק עם לימ,,,תה טויני ירוק עם לימ,גרמים,50.00,100 גרם,false,,18.90,0.3780,true,1,99793
70177175221,false,תה ירוק ג'ינג'ר,,,תה ירוק ג'ינג'ר,גרמים,40.00,100 גרם,false,,18.90,0.4725,true,1,111038
70177177669,false,חליטת למון ג'ינג'ר,,,חליטת למון ג'ינג'ר,גרמים,30.00,100 גרם,false,,15.90,0.5300,true,1,111637
70177177744,false,חליטת מנטה 20 שקיקים,,,חליטת מנטה 20 שקיקים,גרמים,40.00,100 גרם,false,,15.90,0.3975,true,1,112705
76840001767,false,גלידת בן אנד ג'רי,,,גלידת בן אנד ג'רי,גרמים,423.00,100 גרם,false,,18.90,0.0447,true,1,121729
76840002351,false,גלידת בן אנד ג'ריס,,,גלידת בן אנד ג'ריס,מיליליטרים,500.00,"100 מ""ל",false,,18.90,0.0378,true,1,124934
76840002542,false,גלידת בן אנד ג'רי,,,גלידת בן אנד ג'רי,גרמים,424.00,100 גרם,false,,18.90,0.0446,true,1,120476
76840100125,false,בן אנד ג'ריס- צ'אבי,בן אנד ג'ריס,,בן אנד ג'ריס- צ'אבי,יחידה,454.00,יחידה,false,,18.90,0.0416,true,1,56494
76840100156,false,גלידה בן וג'רי,,,גלידה בן וג'רי,גרמים,420.00,100 גרם,false,,18.90,0.0450,true,1,70899
76840100583,false,בן אנד ג'ריס בצק עוג,בן אנד ג'ריס,,בן אנד ג'ריס בצק עוג,גרמים,473.00,100 גרם,false,,18.90,0.0400,false,1,96826
76840100811,false,בן אנד ג'ריס באטד קא,,,בן אנד ג'ריס באטד קא,יחידה,0.00,יחידה,false,,18.90,0.0000,true,1,62252
76840100989,false,בן אנד ג'ריס פיש פוד,בן אנד ג'ריס,,בן אנד ג'ריס פיש פוד,גרמים,454.00,100 גרם,false,,18.90,0.0416,true,1,69203
76840400218,false,בן אנד ג'ריס גלידת ת,,,בן אנד ג'ריס גלידת ת,מיליליטרים,500.00,"100 מ""ל",false,,18.90,0.0378,true,1,65987
76840620036,false,גלידת בן אנד ג'ריס,,,גלידת בן אנד ג'ריס,גרמים,433.00,100 גרם,false,,18.90,0.0436,false,1,107710
77245110610,false,סוכריות מאסט מנט,עלית,,סוכריות מאסט מנט,גרמים,80.00,100 גרם,false,,8.50,0.1063,false,1,9973
77975036976,false,מטבל סלסה בחריפות עד,,,מטבל סלסה בחריפות עד,גרמים,439.00,100 גרם,false,,16.50,0.0376,true,1,99573
77975091975,false,סניידרס סנדוויץ בייג,,,סניידרס סנדוויץ בייג,גרמים,226.80,100 גרם,false,,15.90,0.0701,true,1,116456
77975093085,false,חטיף בייגלה סניידרס,,,חטיף בייגלה סניידרס,גרמים,141.00,100 גרם,false,,16.90,0.1199,true,1,189535
77975094624,false,סניידרס חמאת בוטנים,,,סניידרס חמאת בוטנים,גרמים,280.00,100 גרם,false,,15.90,0.0568,true,1,121769
77975094631,false,סניידרס צ'דר סנדוויץ,,,סניידרס צ'דר סנדוויץ,גרמים,226.00,100 גרם,false,,15.90,0.0704,true,1,121709
77975094761,false,סניידרס צ'דר 340 גר',,,סניידרס צ'דר 340 גר',גרמים,340.00,100 גרם,false,,15.90,0.0468,true,1,125027
77975094778,false,סניידרס דבש וחרדל 34,,,סניידרס דבש וחרדל 34,גרמים,340.00,100 גרם,false,,15.90,0.0468,true,1,125676
77975095157,false,סניידרס שברי בייגלה,,,סניידרס שברי בייגלה,גרמים,318.00,100 גרם,false,,15.90,0.0500,true,1,189539
78300081111,false,פלייטקס טמפונים ספור,פלייטקס,,פלייטקס טמפונים ספור,יחידה,0.00,יחידה,false,,25.00,0.0000,true,1,124480
78300098362,false,פלייטקס טמפונים רגול,פלייטקס,,פלייטקס טמפונים רגול,יחידה,0.00,יחידה,false,,25.00,0.0000,true,1,113748
78300098393,false,פלייטקס טמפונים סופר,פלייטקס,,פלייטקס טמפונים סופר,יחידה,0.00,יחידה,false,,25.00,0.0000,true,1,112940
80518439660,false,פרסים רמה 6,,,פרסים רמה 6,יחידה,0.00,יחידה,false,,15.70,0.0000,true,1,7374
89397344300,false,רוטב פסטה עם עגבניות,,,רוטב פסטה עם עגבניות,גרמים,737.00,100 גרם,false,,16.90,0.0229,true,1,11077
89397344348,false,רוטב פסטה עם שום צלו,,,רוטב פסטה עם שום צלו,גרמים,737.00,100 גרם,false,,16.90,0.0229,true,1,11079
305210416383,false,וזלין קרם גוף לגבר 6,וזלין,,וזלין קרם גוף לגבר 6,מיליליטרים,600.00,"100 מ""ל",false,,27.90,0.0465,true,1,107380
305213079004,false,וזלין תחליב גוף צהוב,וזלין,,וזלין תחליב גוף צהוב,מיליליטרים,600.00,"100 מ""ל",false,,27.90,0.0465,true,1,107075
413900010558,false,רוטב סויה קיקומן 296,,,רוטב סויה קיקומן 296,מיליליטרים,296.00,"100 מ""ל",false,,13.90,0.0470,true,1,9555
608614310463,false,אוכמניות טריות,,,אוכמניות טריות,גרמים,125.00,100 גרם,false,,9.90,0.0792,true,1,190268
608614310777,false,דומדמניות אדומות 125,,,דומדמניות אדומות 125,גרמים,125.00,100 גרם,false,,19.90,0.1592,true,1,190660
611745294014,false,חומץ תפוחים 5%,,,חומץ תפוחים 5%,ליטרים,1.00,ליטר,false,,24.90,24.9000,true,1,107750
613008742348,false,אריזונה ג'נסינג ודבש,,,אריזונה ג'נסינג ודבש,ליטרים,1.00,ליטר,false,,11.00,11.0000,true,1,121313
613008742409,false,אריזונה אפרסק בקבוק,,,אריזונה אפרסק בקבוק,ליטרים,1.00,ליטר,false,,11.00,11.0000,true,1,121314
613008753290,false,"אריזונה אפרסק 450 מ""",,,"אריזונה אפרסק 450 מ""",מיליליטרים,450.00,"100 מ""ל",false,,7.50,0.0167,true,1,114757
613008753320,false,אריזונה ג'ינסנג ודבש,,,אריזונה ג'ינסנג ודבש,מיליליטרים,450.00,"100 מ""ל",false,,7.50,0.0167,true,1,114761
613008753351,false,אריזונה רימונים 450,,,אריזונה רימונים 450,מיליליטרים,450.00,"100 מ""ל",false,,7.50,0.0167,true,1,114758
613008755461,false,אריזונה אוכמניות בקב,,,אריזונה אוכמניות בקב,ליטרים,1.00,ליטר,false,,11.00,11.0000,true,1,121315
635189801690,false,מעביר 2-T,,,מעביר 2-T,יחידה,0.00,יחידה,false,,6.90,0.0000,true,1,112078
635189801713,false,מעביר 3-T,,,מעביר 3-T,יחידה,0.00,יחידה,false,,8.90,0.0000,true,1,112079
639138527617,false,פילה הרינג ברוטב עגב,,,פילה הרינג ברוטב עגב,גרמים,200.00,100 גרם,false,,13.00,0.0650,true,1,26869
639138527631,false,הרינג ברוטב חרדל 200,,,הרינג ברוטב חרדל 200,גרמים,200.00,100 גרם,false,,13.00,0.0650,true,1,26870
645692555645,false,עוגיות סהרון פפושדו,פפשדו,,עוגיות סהרון פפושדו,גרמים,200.00,100 גרם,false,,5.90,0.0295,true,1,20555
645692556482,false,פתיבר 125 גר' וניל פ,פפשדו,,פתיבר 125 גר' וניל פ,גרמים,125.00,100 גרם,false,,3.00,0.0240,false,1,62711
645692556512,false,פתיבר 125 גר' שוקו פ,פפשדו,,פתיבר 125 גר' שוקו פ,גרמים,125.00,100 גרם,false,,3.00,0.0240,false,1,62712
645692556611,false,קרקר אמיתי שומשום 13,פפשדו,,קרקר אמיתי שומשום 13,גרמים,135.00,100 גרם,false,,3.00,0.0222,false,1,62713
645692556628,false,קרקר אמיתי מלוח 135,פפשדו,,קרקר אמיתי מלוח 135,גרמים,135.00,100 גרם,false,,3.00,0.0222,false,1,62714
649660013281,false,מיץ שזיפים ללא תוספת,,,מיץ שזיפים ללא תוספת,מיליליטרים,946.00,"100 מ""ל",false,,21.00,0.0222,true,1,100582
651080647519,false,פלאקרס חוט דנטלי,,,פלאקרס חוט דנטלי,יחידה,0.00,יחידה,false,,11.90,0.0000,true,1,106359
693493034456,false,סרדינים בשמן זית,,,סרדינים בשמן זית,גרמים,90.00,100 גרם,false,,5.00,0.0556,true,1,119830
693493034487,false,פילה סרדין בשמן זית,,,פילה סרדין בשמן זית,גרמים,90.00,100 גרם,false,,7.50,0.0833,true,1,119833
693493034494,false,אנשובי 100 גר בצנצנת,,,אנשובי 100 גר בצנצנת,גרמים,100.00,100 גרם,false,,12.90,0.1290,true,1,190266
693493055413,false,עוגת גבינה אפויה 650,,,עוגת גבינה אפויה 650,גרמים,650.00,100 גרם,false,,42.90,0.0660,true,1,189032
693493055420,false,עוגת גבינה אפויה ללא,,,עוגת גבינה אפויה ללא,גרמים,650.00,100 גרם,false,,44.90,0.0691,true,1,189033
693493065344,false,פלפלון כפרי חן,,,פלפלון כפרי חן,יחידה,0.00,יחידה,false,,8.90,0.0000,true,1,119050
693493065351,false,מלפפון בייבי  משק פר,,,מלפפון בייבי  משק פר,יחידה,0.00,יחידה,false,,8.90,0.0000,true,1,118235
693493075442,false,עוגיות זיו,,,עוגיות זיו,גרמים,250.00,100 גרם,false,,32.90,0.1316,true,1,190177
693493075459,false,עוגיות זיו אלפחורס ל,,,עוגיות זיו אלפחורס ל,גרמים,320.00,100 גרם,false,,32.90,0.1028,true,1,189747
693493075466,false,עוגיות זיו נשנושיות,,,עוגיות זיו נשנושיות,גרמים,220.00,100 גרם,false,,32.90,0.1495,true,1,189748
693493075510,false,עוגיות זיו שילגיות,,,עוגיות זיו שילגיות,גרמים,250.00,100 גרם,false,,32.90,0.1316,true,1,189751
693493075527,false,עוגיות זיו נשנושיות,,,עוגיות זיו נשנושיות,גרמים,220.00,100 גרם,false,,32.90,0.1495,true,1,189752
693493075541,false,עוגיות זיו דיקליות,,,עוגיות זיו דיקליות,גרמים,250.00,100 גרם,false,,32.90,0.1316,true,1,189742
693493075572,false,עוגיות זיו רול תמרים,,,עוגיות זיו רול תמרים,גרמים,280.00,100 גרם,false,,32.90,0.1175,true,1,190145
693493075633,false,עוגיות זיו גרנולה לל,,,עוגיות זיו גרנולה לל,גרמים,250.00,100 גרם,false,,32.90,0.1316,true,1,189753
693493075695,false,עוגיות זיו אלפחורס,,,עוגיות זיו אלפחורס,גרמים,320.00,100 גרם,false,,32.90,0.1028,true,1,189744
693493075725,false,עוגיות זיו שושנים,,,עוגיות זיו שושנים,גרמים,270.00,100 גרם,false,,32.90,0.1219,true,1,189746
693493158794,false,אוכמניות טריות,,,אוכמניות טריות,יחידה,0.00,יחידה,false,,9.90,0.0000,true,1,190582
704335904414,false,מעדן גולדן פנדה לגור,,,מעדן גולדן פנדה לגור,גרמים,400.00,100 גרם,false,,4.50,0.0113,true,1,189985
728229123590,false,טרה חטיף ציפס מירקות,,,טרה חטיף ציפס מירקות,גרמים,110.00,100 גרם,false,,15.90,0.1445,true,1,43680
728229123811,false,טרה חטיף ציפס מירקות,,,טרה חטיף ציפס מירקות,גרמים,110.00,100 גרם,false,,15.90,0.1445,false,1,55774
728229124771,false,טרה צ'יפס בטטה ברביק,,,טרה צ'יפס בטטה ברביק,גרמים,110.00,100 גרם,false,,15.90,0.1445,true,1,100092
728229130154,false,טרה חטיף ציפס מבטטה,,,טרה חטיף ציפס מבטטה,גרמים,110.00,100 גרם,false,,15.90,0.1445,true,1,43681
728229130444,false,טרה חטיף ציפס מירקות,,,טרה חטיף ציפס מירקות,גרמים,110.00,100 גרם,false,,15.90,0.1445,false,1,55775
768404001640,false,בן וג'ריס גלידת קפה,בן אנד ג'ריס,,בן וג'ריס גלידת קפה,מיליליטרים,500.00,"100 מ""ל",false,,18.90,0.0378,true,1,98147
769904000607,false,שקדי מרק,,,שקדי מרק,גרמים,200.00,100 גרם,false,,10.90,0.0545,true,1,65301
786150000281,false,שישיית בירה לף בראון,,,שישיית בירה לף בראון,ליטרים,1.98,ליטר,false,,44.90,22.6768,false,1,188643
818570007066,false,ווטקינס תמצית וניל ט,,,ווטקינס תמצית וניל ט,גרמים,29.00,100 גרם,false,,27.90,0.9621,true,1,105569
833949000264,false,סירופ מייפל אמיתי,,,סירופ מייפל אמיתי,גרמים,330.00,100 גרם,false,,29.90,0.0906,true,1,43679
835811000167,false,נר נשמה שבועי בזכוכי,,,נר נשמה שבועי בזכוכי,יחידה,0.00,יחידה,false,,10.90,0.0000,true,1,117803
835811000297,false,כוסות קרטון 50 יח',,,כוסות קרטון 50 יח',יחידה,0.00,יחידה,false,,11.90,0.0000,true,1,118418
835811000396,false,נייר אפיה לתבנית מוא,,,נייר אפיה לתבנית מוא,יחידה,0.00,יחידה,false,,9.90,0.0000,true,1,118419
835811000501,false,סירופ מייפל טהור  25,,,סירופ מייפל טהור  25,מיליליטרים,250.00,"100 מ""ל",false,,24.90,0.0996,true,1,190522
835811000518,false,תמצית וניל טהורה,,,תמצית וניל טהורה,מיליליטרים,29.00,"100 מ""ל",false,,26.90,0.9276,true,1,190523
835811000877,false,כוסות מעוטרות 40 יח,,,כוסות מעוטרות 40 יח,יחידה,0.00,יחידה,false,,12.90,0.0000,true,1,119135
835811000921,false,שקיות אוכל מנייר 50,,,שקיות אוכל מנייר 50,יחידה,0.00,יחידה,false,,5.90,0.0000,true,1,118420
835811001119,false,מיני עדשים 200 גר בצ,,,מיני עדשים 200 גר בצ,גרמים,200.00,100 גרם,false,,12.90,0.0645,true,1,119267
835811001133,false,קוקוס 400 גר',,,קוקוס 400 גר',גרמים,400.00,100 גרם,false,,11.90,0.0298,true,1,118421
835811001232,false,נייר אפייה לתבנית עג,,,נייר אפייה לתבנית עג,יחידה,0.00,יחידה,false,,10.90,0.0000,true,1,121199
835811001584,false,גביעי איחסון 12 יח +,,,גביעי איחסון 12 יח +,יחידה,0.00,יחידה,false,,6.90,0.0000,true,1,97852
835811001591,false,גביעי איחסון 8 יח +,,,גביעי איחסון 8 יח +,יחידה,0.00,יחידה,false,,6.30,0.0000,true,1,97799
835811001652,false,כוס לשתיה קרה 330 סמ,,,כוס לשתיה קרה 330 סמ,יחידה,0.00,יחידה,false,,9.50,0.0000,true,1,97835
835811001812,false,כוס קינוח אלגנטית 12,הנמל,,כוס קינוח אלגנטית 12,יחידה,0.00,יחידה,false,,12.90,0.0000,true,1,96161
835811001829,false,מגש מרובע שקוף,,,מגש מרובע שקוף,יחידה,0.00,יחידה,false,,11.90,0.0000,true,1,96479
835811001836,false,מגש ענק שקוף ונציה 2,הנמל,,מגש ענק שקוף ונציה 2,יחידה,0.00,יחידה,false,,12.90,0.0000,true,1,96162
835811001843,false,מגש אינגליש קייק שקו,,,מגש אינגליש קייק שקו,יחידה,0.00,יחידה,false,,5.50,0.0000,true,1,96480
835811002079,false,נר נשמה 48 שעות בזכו,,,נר נשמה 48 שעות בזכו,יחידה,0.00,יחידה,false,,3.60,0.0000,true,1,103810
835811002390,false,"שיפודי במבוק  15 ס""מ",,,"שיפודי במבוק  15 ס""מ",יחידה,0.00,יחידה,false,,7.90,0.0000,true,1,186788
835811002413,false,גליל מפות לבן כסף,,,גליל מפות לבן כסף,יחידה,0.00,יחידה,false,,35.90,0.0000,true,1,109613
835811002680,false,מי ורדים,,,מי ורדים,100 מל,250.00,100 מל,false,,10.60,0.0424,true,1,186790
835811002734,false,מזרה קונפטי ארוך בצנ,,,מזרה קונפטי ארוך בצנ,גרמים,90.00,100 גרם,false,,5.50,0.0611,true,1,186786
835811003199,false,נייר אפיה לתבנית מלב,,,נייר אפיה לתבנית מלב,יחידה,0.00,יחידה,false,,17.90,0.0000,true,1,186136
835811003427,false,צלחות גדול מקנה סוכר,,,צלחות גדול מקנה סוכר,יחידה,0.00,יחידה,false,,32.90,0.0000,true,1,188029
835811003496,false,כפפות לטקס S ללא אבק,,,כפפות לטקס S ללא אבק,יחידה,0.00,יחידה,false,,22.90,0.0000,true,1,188011
835811003502,false,כפפות לטקס M ללא אבק,,,כפפות לטקס M ללא אבק,יחידה,0.00,יחידה,false,,22.90,0.0000,true,1,188012
835811003519,false,כפפות לטקס L ללא אבק,,,כפפות לטקס L ללא אבק,יחידה,0.00,יחידה,false,,22.90,0.0000,true,1,188013
835811003618,false,נרות ריחניים בריח תו,,,נרות ריחניים בריח תו,יחידה,0.00,יחידה,false,,7.90,0.0000,true,1,111126
835811003700,false,סודה לשתיה 250 גר',,,סודה לשתיה 250 גר',גרמים,250.00,100 גרם,false,,5.90,0.0236,true,1,120108
835811003816,false,קופסת איחסון מלבן 2,,,קופסת איחסון מלבן 2,יחידה,0.00,יחידה,false,,11.90,0.0000,true,1,110473
835811003823,false,קופסת איחסון מלבן 1,,,קופסת איחסון מלבן 1,יחידה,0.00,יחידה,false,,11.90,0.0000,true,1,109699
835811003830,false,גביעי איחסון עגול 1,,,גביעי איחסון עגול 1,יחידה,0.00,יחידה,false,,11.90,0.0000,true,1,109432
835811003878,false,שקיות אשפה עם ידיות,,,שקיות אשפה עם ידיות,יחידה,0.00,יחידה,false,,13.90,0.0000,true,1,107555
835811004189,false,פרורי לחם מוזהבים 80,,,פרורי לחם מוזהבים 80,גרמים,800.00,100 גרם,false,,9.90,0.0124,true,1,119802
835811004226,false,מפת שולחן עבה בגליל,,,מפת שולחן עבה בגליל,יחידה,0.00,יחידה,false,,29.90,0.0000,true,1,110666
835811004424,false,חלב מרוכז 340 גר,,,חלב מרוכז 340 גר,גרמים,340.00,100 גרם,false,,11.90,0.0350,true,1,119269
835811004509,false,קערת פסים ענק,,,קערת פסים ענק,יחידה,0.00,יחידה,false,,6.90,0.0000,true,1,111759
835811004516,false,קערת פסים עגולה קטנה,,,קערת פסים עגולה קטנה,יחידה,0.00,יחידה,false,,4.40,0.0000,true,1,112520
835811004523,false,קשים מיוחדים לשייק,,,קשים מיוחדים לשייק,יחידה,0.00,יחידה,false,,8.50,0.0000,true,1,118980
835811004707,false,פרורי לחם מוזהב 440ג,הנמל,,פרורי לחם מוזהב 440ג,יחידה,0.00,יחידה,false,,7.30,0.0000,true,1,42480
835811005018,false,כוסות קריסטל יהלום 5,הנמל,,כוסות קריסטל יהלום 5,יחידה,0.00,יחידה,false,,14.90,0.0000,true,1,38423
835811005117,false,קערה מעוטרת קטנה,הנמל,,קערה מעוטרת קטנה,יחידה,0.00,יחידה,false,,5.50,0.0000,true,1,38648
835811005247,false,רביעיית קערות 16 אונ,,,רביעיית קערות 16 אונ,יחידה,0.00,יחידה,false,,9.50,0.0000,true,1,59102
835811005322,false,פחם דרום אמריקאי 2 ק,,,פחם דרום אמריקאי 2 ק,קילוגרמים,2.00,"ק""ג",false,,14.90,7.4500,true,1,57615
835811005339,false,זוג שקיות אוכל ארוז,,,זוג שקיות אוכל ארוז,יחידה,0.00,יחידה,false,,8.50,0.0000,true,1,65173
835811005421,false,שיפודי במבוק עבים 75,,,שיפודי במבוק עבים 75,יחידה,0.00,יחידה,false,,2.80,0.0000,true,1,42658
835811005704,false,נייר עטיפה לכריכים 1,הנמל,,נייר עטיפה לכריכים 1,יחידה,0.00,יחידה,false,,10.00,0.0000,true,1,40321
835811005728,false,עלים לקרם שניט,הנמל,,עלים לקרם שניט,גרמים,400.00,100 גרם,false,,18.90,0.0472,true,1,62442
835811005803,false,שקיות אשפה עם ידית 7,,,שקיות אשפה עם ידית 7,יחידה,0.00,יחידה,false,,13.90,0.0000,true,1,107556
835811005810,false,מגש הכסף תבנית אלומי,,,מגש הכסף תבנית אלומי,יחידה,0.00,יחידה,false,,9.90,0.0000,true,1,62443
835811005933,false,מגש הכסף תבנית אלומי,,,מגש הכסף תבנית אלומי,יחידה,0.00,יחידה,false,,9.90,0.0000,true,1,60800
835811005940,false,מגש הכסף-שמונה תבניו,,,מגש הכסף-שמונה תבניו,יחידה,0.00,יחידה,false,,9.90,0.0000,true,1,60610
835811005957,false,מגש הכסף תבנית אלומי,,,מגש הכסף תבנית אלומי,יחידה,0.00,יחידה,false,,9.90,0.0000,true,1,60801
835811005964,false,מגש הכסף תבנית אלומי,,,מגש הכסף תבנית אלומי,יחידה,0.00,יחידה,false,,9.90,0.0000,true,1,60802
835811006206,false,כוסות מקנה סוכר טבעי,,,כוסות מקנה סוכר טבעי,יחידה,0.00,יחידה,false,,12.50,0.0000,true,1,58214
835811006213,false,קערות למרק מקנה סוכר,,,קערות למרק מקנה סוכר,יחידה,0.00,יחידה,false,,13.50,0.0000,true,1,58215
835811006220,false,צלחות ענק מקנה סוכר,,,צלחות ענק מקנה סוכר,יחידה,0.00,יחידה,false,,17.00,0.0000,true,1,58578
835811006237,false,צלחות קטנות מקנה סוכ,,,צלחות קטנות מקנה סוכ,יחידה,0.00,יחידה,false,,9.40,0.0000,true,1,58579
835811006244,false,צלחות גדולות מקנה סו,,,צלחות גדולות מקנה סו,יחידה,0.00,יחידה,false,,13.90,0.0000,true,1,58216
835811006435,false,מגש הכסף תבנית מלבן,,,מגש הכסף תבנית מלבן,יחידה,0.00,יחידה,false,,9.90,0.0000,true,1,188030
835811006466,false,שיבולת שועל 500 גר ה,,,שיבולת שועל 500 גר ה,גרמים,500.00,100 גרם,false,,7.90,0.0158,true,1,102556
835811006534,false,כוסות קרטון 50 יח 16,,,כוסות קרטון 50 יח 16,יחידה,0.00,יחידה,false,,26.90,0.0000,true,1,101931
835811006695,false,קוקטים לאפיה 20 יח,,,קוקטים לאפיה 20 יח,יחידה,0.00,יחידה,false,,8.90,0.0000,true,1,65195
835811006701,false,קוקטים לאפייה 24 יח,,,קוקטים לאפייה 24 יח,יחידה,0.00,יחידה,false,,8.90,0.0000,true,1,65196
835811006763,false,תבניות אלומיניום לאפ,,,תבניות אלומיניום לאפ,יחידה,0.00,יחידה,false,,6.90,0.0000,true,1,64842
835811006770,false,מגש הכסף תבנית עגול,,,מגש הכסף תבנית עגול,יחידה,0.00,יחידה,false,,9.90,0.0000,true,1,100196
835811006985,false,בורגול 500 גר',הנמל,,בורגול 500 גר',גרמים,500.00,100 גרם,false,,4.50,0.0090,true,1,35942
835811007142,false,עדשים ירוקים 500 גר',הנמל,,עדשים ירוקים 500 גר',גרמים,500.00,100 גרם,false,,7.50,0.0150,true,1,23393
835811007166,false,כוסות קרטון קפה טו ג,הנמל,,כוסות קרטון קפה טו ג,יחידה,0.00,יחידה,false,,12.90,0.0000,true,1,17565
835811007180,false,לקט פופקורן 500 גר,הנמל,,לקט פופקורן 500 גר,גרמים,500.00,100 גרם,false,,6.90,0.0138,true,1,23372
835811007197,false,עדשים אדומים 500גר',הנמל,,עדשים אדומים 500גר',גרמים,500.00,100 גרם,false,,7.50,0.0150,true,1,22704
835811007210,false,גרגירי חומוס יבש 500,הנמל,,גרגירי חומוס יבש 500,גרמים,500.00,100 גרם,false,,5.90,0.0118,true,1,23378
835811007227,false,חיטה 500 גר',הנמל,,חיטה 500 גר',גרמים,500.00,100 גרם,false,,4.50,0.0090,true,1,23379
835811007234,false,אפונה יבשה 500 גר',הנמל,,אפונה יבשה 500 גר',גרמים,500.00,100 גרם,false,,5.50,0.0110,true,1,23380
835811007241,false,לקט חמין 500 גר' מרו,הנמל,,לקט חמין 500 גר' מרו,גרמים,500.00,100 גרם,false,,7.90,0.0158,true,1,23373
835811007258,false,שעועית 500גר',הנמל,,שעועית 500גר',גרמים,500.00,100 גרם,false,,7.50,0.0150,true,1,23395
835811007357,false,סלטינות 25 יח,הנמל,,סלטינות 25 יח,יחידה,0.00,יחידה,false,,5.90,0.0000,true,1,27279
835811007432,false,תבנית משפחתית  שלישי,הנמל,,תבנית משפחתית  שלישי,יחידה,0.00,יחידה,false,,8.90,0.0000,true,1,17567
835811007562,false,תבנית אינגליש קקיקס,הנמל,,תבנית אינגליש קקיקס,יחידה,0.00,יחידה,false,,8.50,0.0000,true,1,17572
835811008132,false,ספוגי מתכת שישיה,,,ספוגי מתכת שישיה,יחידה,0.00,יחידה,false,,10.90,0.0000,true,1,55994
835811008347,false,גפרור ענק-45 יח'.,,,גפרור ענק-45 יח'.,יחידה,0.00,יחידה,false,,4.90,0.0000,true,1,59816
835811008606,false,סיר אלומיניום 3 יח',הנמל,,סיר אלומיניום 3 יח',יחידה,0.00,יחידה,false,,14.50,0.0000,true,1,33640
835811008699,false,כפות 50 יח שקוף עבה,,,כפות 50 יח שקוף עבה,יחידה,0.00,יחידה,false,,13.90,0.0000,true,1,98394
835811008743,false,קינואה 500 גר' מרובע,הנמל,,קינואה 500 גר' מרובע,גרמים,500.00,100 גרם,false,,11.90,0.0238,true,1,35943
835811008767,false,גריסי פנינה 500 גר',הנמל,,גריסי פנינה 500 גר',גרמים,500.00,100 גרם,false,,4.50,0.0090,true,1,35944
835811008934,false,מזלגות שקופים- 50 יח,הנמל,,מזלגות שקופים- 50 יח,יחידה,0.00,יחידה,false,,13.90,0.0000,true,1,31107
835811008941,false,סכינים חד פעמי 50יח,הנמל,,סכינים חד פעמי 50יח,יחידה,0.00,יחידה,false,,13.90,0.0000,true,1,31339
835811008958,false,כפיות חד פעמי 50יח,הנמל,,כפיות חד פעמי 50יח,יחידה,0.00,יחידה,false,,13.90,0.0000,true,1,55472
835811008989,false,כוסות קרטון 50 יח',הנמל,,כוסות קרטון 50 יח',יחידה,0.00,יחידה,false,,21.00,0.0000,true,1,41462
835811008996,false,כוסות קרטון 50 יח' מ,הנמל,,כוסות קרטון 50 יח' מ,יחידה,0.00,יחידה,false,,17.50,0.0000,true,1,30403
835811009016,false,כוסות קרטון 50 יח' מ,הנמל,,כוסות קרטון 50 יח' מ,יחידה,0.00,יחידה,false,,6.90,0.0000,true,1,30404
835811009023,false,כוסות קרטון  8 /50 י,הנמל,,כוסות קרטון  8 /50 י,יחידה,0.00,יחידה,false,,12.90,0.0000,true,1,41487
835811009139,false,ליפתניות מרובעות 10,הנמל,,ליפתניות מרובעות 10,יחידה,0.00,יחידה,false,,13.90,0.0000,true,1,30544
835811009146,false,קערה אלגנט אובלית קט,הנמל,,קערה אלגנט אובלית קט,יחידה,0.00,יחידה,false,,17.90,0.0000,true,1,30545
835811009221,false,ליפתן אלגנט עגול 18,הנמל,,ליפתן אלגנט עגול 18,יחידה,0.00,יחידה,false,,17.90,0.0000,true,1,30546
835811009313,false,כוס שמפניה 12 יח',הנמל,,כוס שמפניה 12 יח',יחידה,0.00,יחידה,false,,13.90,0.0000,true,1,30405
839762000641,false,משקה מנגו איילנד,,,משקה מנגו איילנד,ליטרים,1.00,ליטר,false,,11.90,11.9000,true,1,18450
839762000658,false,משקה גויאבה איילנד,,,משקה גויאבה איילנד,ליטרים,1.00,ליטר,false,,11.90,11.9000,true,1,18451
839762002379,false,איילנד מנגו 350מל,,,איילנד מנגו 350מל,מיליליטרים,350.00,"100 מ""ל",false,,5.50,0.0157,true,1,59876
839762002386,false,"איילנד גויאבה 350 מ""",,,"איילנד גויאבה 350 מ""",מיליליטרים,350.00,"100 מ""ל",false,,5.50,0.0157,true,1,59325
850006036028,false,מקלונים בטעם סלק בצל,עבדי,,מקלונים בטעם סלק בצל,גרמים,400.00,100 גרם,false,,17.90,0.0447,false,1,189029
851621000050,false,בירה בלנק חיטה הדרית,,,בירה בלנק חיטה הדרית,מיליליטרים,1980.00,"100 מ""ל",false,,45.90,0.0232,false,1,117875
856591000062,false,עוגיות מזרחיות עבדי,עבדי,,עוגיות מזרחיות עבדי,גרמים,400.00,100 גרם,false,,17.90,0.0447,false,1,8977
856591000109,false,עוגיות מזרחיות פריך,,,עוגיות מזרחיות פריך,גרמים,400.00,100 גרם,false,,17.90,0.0447,true,1,38595
856591000949,false,קטנטנים של עבאדי 350,עבדי,,קטנטנים של עבאדי 350,גרמים,350.00,100 גרם,false,,14.90,0.0426,true,1,126866
884912129512,false,דגני פוסט קקאו פלינט,,,דגני פוסט קקאו פלינט,גרמים,311.00,100 גרם,false,,21.90,0.0704,true,1,189274
884912342737,false,דגני וופל קריספ פוסט,,,דגני וופל קריספ פוסט,גרמים,326.00,100 גרם,false,,21.90,0.0672,true,1,118834
884912365200,false,דגני בוקר אוראו  311,,,דגני בוקר אוראו  311,גרמים,311.00,100 גרם,false,,18.90,0.0608,true,1,190427
884912365217,false,דגני בוקר אוראו,,,דגני בוקר אוראו,גרמים,311.00,100 גרם,false,,18.90,0.0608,true,1,124539
893594002051,false,פופקורנס גבינת צ'דר,עלית,,פופקורנס גבינת צ'דר,גרמים,28.00,100 גרם,false,,6.50,0.2321,true,1,190264
893594002068,false,פופקורנס מלח ים,עלית,,פופקורנס מלח ים,גרמים,28.00,100 גרם,false,,6.50,0.2321,true,1,190265
1000201100409,false,6 גומיות שחורות בבלי,,,6 גומיות שחורות בבלי,יחידה,0.00,יחידה,false,,8.90,0.0000,true,1,96836
3014260022839,false,זוג מברשת אוראל בי נ,אורל-בי,,זוג מברשת אוראל בי נ,יחידה,0.00,יחידה,false,,19.90,0.0000,true,1,95532
3014260214692,false,ג'ל לגילוח רגיש,ג'ילט,,ג'ל לגילוח רגיש,מיליליטרים,200.00,"100 מ""ל",false,,15.90,0.0795,true,1,25399
3014260228842,false,ג'ילט קצף גילוח רגיל,ג'ילט,,ג'ילט קצף גילוח רגיל,מיליליטרים,200.00,"100 מ""ל",false,,14.90,0.0745,true,1,35961
3014260240226,false,ג'ילט קצף גילוח רגיש,ג'ילט,,ג'ילט קצף גילוח רגיש,מיליליטרים,200.00,"100 מ""ל",false,,14.90,0.0745,true,1,35892
3014260280772,false,חוט דנטלי מנטה עם שע,אורל-בי,,חוט דנטלי מנטה עם שע,יחידה,0.00,יחידה,false,,16.90,0.0000,true,1,25662
3014260283254,false,ג'ילט בלו 2 פלוס * 5,,,ג'ילט בלו 2 פלוס * 5,יחידה,0.00,יחידה,false,,11.90,0.0000,true,1,70082
3014260287030,false,ג'ילט 2 חמישיה.,ג'ילט,,ג'ילט 2 חמישיה.,יחידה,0.00,יחידה,false,,7.90,0.0000,false,1,24911
3014260833848,false,זוג מברשת שיניים אור,,,זוג מברשת שיניים אור,יחידה,0.00,יחידה,false,,24.90,0.0000,true,1,120136
3045200760009,false,דזיטול נוזל מחטא בגד,יעקובי,,דזיטול נוזל מחטא בגד,מיליליטרים,500.00,"100 מ""ל",false,,13.90,0.0278,true,1,111320
3046920016377,false,לינדט אקסלנס 100 גר',לינדט,,לינדט אקסלנס 100 גר',גרמים,100.00,100 גרם,false,,15.00,0.1500,true,1,121363
3046920028004,false,שוקולד לינדט מריר 70,לינדט,,שוקולד לינדט מריר 70,גרמים,100.00,100 גרם,false,,15.00,0.1500,true,1,9528
3046920028363,false,שוקולד לינדט אקסלנס,לינדט,,שוקולד לינדט אקסלנס,גרמים,100.00,100 גרם,false,,15.00,0.1500,true,1,9529
3046920029681,false,לינדט אקסלנס מילד 10,,,לינדט אקסלנס מילד 10,גרמים,100.00,100 גרם,false,,15.00,0.1500,true,1,121145
3046920029759,false,שוקולד לינדט אקסלנס,לינדט,,שוקולד לינדט אקסלנס,גרמים,100.00,100 גרם,false,,15.00,0.1500,true,1,95835
3059940007768,false,אירוויק ספריי וניל,איירוויק,,אירוויק ספריי וניל,יחידה,240.00,יחידה,false,,9.90,0.0413,false,1,42002
3059943015104,false,אירוויק נטול גז פריס,איירוויק,,אירוויק נטול גז פריס,מיליליטרים,345.00,"100 מ""ל",false,,14.90,0.0432,true,1,36931
3059943015128,false,אירוויק נטול גז לבנד,איירוויק,,אירוויק נטול גז לבנד,מיליליטרים,345.00,"100 מ""ל",false,,14.90,0.0432,true,1,36932
3059943016507,false,אירוויק ספריי לבנדר,איירוויק,,אירוויק ספריי לבנדר,מיליליטרים,250.00,"100 מ""ל",false,,9.90,0.0396,false,1,42003
3059943016569,false,אירוויק ספריי פריסיה,איירוויק,,אירוויק ספריי פריסיה,מיליליטרים,250.00,"100 מ""ל",false,,9.90,0.0396,false,1,42000
3067140013113,false,משקה ציקוריה בטעם קר,,,משקה ציקוריה בטעם קר,גרמים,100.00,100 גרם,false,,26.90,0.2690,true,1,8363
3073781162790,false,בייביבל ברשת,,,בייביבל ברשת,גרמים,120.00,100 גרם,false,,19.90,0.1658,true,1,188594
3073781177220,false,גבינה בייבי בל רול,,,גבינה בייבי בל רול,גרמים,102.00,100 גרם,false,,19.90,0.1951,true,1,190146
3141360054405,false,פיניש מפיג ריח לימון,פיניש,,פיניש מפיג ריח לימון,יחידה,0.00,יחידה,false,,14.90,0.0000,true,1,103392
3178530402278,false,עוגיות גאלט חמאה עם,,,עוגיות גאלט חמאה עם,גרמים,150.00,100 גרם,false,,16.90,0.1127,true,1,102416
3178530402353,false,עוגיות מנדל רכות,,,עוגיות מנדל רכות,גרמים,175.00,100 גרם,false,,10.60,0.0606,true,1,100972
3178530407938,false,מיני מדליין עם פצפוצ,,,מיני מדליין עם פצפוצ,גרמים,175.00,100 גרם,false,,11.90,0.0680,true,1,102419
3178530412703,false,דונאט עם שוקולד,,,דונאט עם שוקולד,גרמים,180.00,100 גרם,false,,16.90,0.0939,true,1,117339
3178530417418,false,דונאט עם שוקולד ציפס,,,דונאט עם שוקולד ציפס,גרמים,180.00,100 גרם,false,,16.90,0.0939,true,1,117341
3179730011024,false,פרייה 330 מים קטן,,,פרייה 330 מים קטן,מיליליטרים,330.00,"100 מ""ל",false,,5.90,0.0179,true,1,94875
3228022910023,false,חמאה צרפתית,,,חמאה צרפתית,גרמים,200.00,100 גרם,false,,13.90,0.0695,true,1,18105
3387390320244,false,פיטנס דגנים עם פירות,נסטלה,,פיטנס דגנים עם פירות,גרמים,375.00,100 גרם,false,,21.90,0.0584,false,1,6771
3387390525960,false,דגנים קראנץ' נסטלה 5,נסטלה,,דגנים קראנץ' נסטלה 5,גרמים,500.00,100 גרם,false,,19.90,0.0398,false,1,32889
3387390730852,false,פיטנס דגני בוקר 375,נסטלה,,פיטנס דגני בוקר 375,גרמים,375.00,100 גרם,false,,21.90,0.0584,false,1,6774
3523230026888,false,גבינת עיזים עם שום פ,,,גבינת עיזים עם שום פ,גרמים,140.00,100 גרם,false,,23.90,0.1707,true,1,104338
3523230038959,false,גבינת בושה מפוחם 125,,,גבינת בושה מפוחם 125,גרמים,125.00,100 גרם,false,,22.90,0.1832,true,1,125879
3563490014898,false,חרדל דיזון לחיץ 255,ריין דה דיג'ון,,חרדל דיזון לחיץ 255,גרמים,265.00,100 גרם,false,,11.90,0.0449,true,1,70863
3574660089547,false,אובה קלאסי נורמל 32י,O.B,,אובה קלאסי נורמל 32י,יחידה,0.00,יחידה,false,,22.90,0.0000,true,1,26725
3574660115154,false,טמפונים אובה סופר 32,O.B,,טמפונים אובה סופר 32,יחידה,0.00,יחידה,false,,22.90,0.0000,true,1,27049
3574660464337,false,קרפרי מגן תחתון אוור,carefree,,קרפרי מגן תחתון אוור,יחידה,0.00,יחידה,false,,19.90,0.0000,true,1,34526
3574660464368,false,קרפרי מגן תחתון אוור,carefree,,קרפרי מגן תחתון אוור,יחידה,0.00,יחידה,false,,19.90,0.0000,true,1,34527
3574660464429,false,קרפרי מגן תחתון אוור,carefree,,קרפרי מגן תחתון אוור,יחידה,0.00,יחידה,false,,19.90,0.0000,true,1,34529
3574660514643,false,נוטרג'ינה קרם לחות ע,,,נוטרג'ינה קרם לחות ע,מיליליטרים,300.00,"100 מ""ל",false,,26.90,0.0897,true,1,63777
3574661098531,false,ניוטרוגינה תחליב גוף,,,ניוטרוגינה תחליב גוף,מיליליטרים,400.00,"100 מ""ל",false,,34.90,0.0872,true,1,111758
3574661136356,false,טמפוני אובה נורמל עם,,,טמפוני אובה נורמל עם,יחידה,0.00,יחידה,false,,24.00,0.0000,true,1,69544
3574661141022,false,וניה תחבושות הגייניו,,,וניה תחבושות הגייניו,יחידה,0.00,יחידה,false,,23.90,0.0000,true,1,96649
3574661203577,false,ליסטרין וויט שטיפת פ,,,ליסטרין וויט שטיפת פ,מיליליטרים,500.00,"100 מ""ל",false,,16.90,0.0338,true,1,113551
3574661359885,false,או-בה פרוקומפוקט סופ,,,או-בה פרוקומפוקט סופ,יחידה,0.00,יחידה,false,,22.90,0.0000,true,1,108068
3574661392493,false,ניוטרוג'ינה קרם גוף,,,ניוטרוג'ינה קרם גוף,מיליליטרים,200.00,"100 מ""ל",false,,29.90,0.1495,true,1,113175
3574661419435,false,וניה תחבושות הגייניו,וניה,,וניה תחבושות הגייניו,יחידה,0.00,יחידה,false,,23.90,0.0000,true,1,190411
3574661485218,false,אובה פרוקונפורט נורמ,O.B,,אובה פרוקונפורט נורמ,יחידה,0.00,יחידה,false,,22.90,0.0000,true,1,189215
3574661487618,false,קרפרי מגן תחתון מקסי,,,קרפרי מגן תחתון מקסי,יחידה,0.00,יחידה,false,,15.90,0.0000,true,1,117063
3574661487625,false,קרפרי מגן תחתון מקסי,,,קרפרי מגן תחתון מקסי,יחידה,0.00,יחידה,false,,15.90,0.0000,true,1,116658
3574661487632,false,קרפרי מגן תחתון לארג,,,קרפרי מגן תחתון לארג,יחידה,0.00,יחידה,false,,19.90,0.0000,true,1,117208
3574661506272,false,קרפרי מגבונים אינטימ,,,קרפרי מגבונים אינטימ,יחידה,0.00,יחידה,false,,17.90,0.0000,true,1,116670
3574661552576,false,קרפרי מגן תחתון טנגה,,,קרפרי מגן תחתון טנגה,יחידה,0.00,יחידה,false,,15.90,0.0000,true,1,119575
3574661552804,false,קרפרי מגן תחתון אלוו,,,קרפרי מגן תחתון אלוו,יחידה,0.00,יחידה,false,,15.90,0.0000,true,1,121456
3574661552811,false,קרפרי כותון אוורירי,,,קרפרי כותון אוורירי,יחידה,0.00,יחידה,false,,15.90,0.0000,true,1,120230
3574661554877,false,קרפרי כותון מבושם 56,,,קרפרי כותון מבושם 56,יחידה,0.00,יחידה,false,,15.90,0.0000,true,1,119576
3574661610344,false,ניוטרוגינה קרם לחות,,,ניוטרוגינה קרם לחות,מיליליטרים,300.00,"100 מ""ל",false,,26.90,0.0897,true,1,187420
3574669907729,false,ג'ונסון בייבי שמפו ג,,,ג'ונסון בייבי שמפו ג,מיליליטרים,750.00,"100 מ""ל",false,,24.90,0.0332,true,1,189358
3574669908665,false,גונסון בייבי אל סבון,,,גונסון בייבי אל סבון,מיליליטרים,750.00,"100 מ""ל",false,,21.90,0.0292,true,1,114260
3574669908948,false,ג'ונסון בייבי אל סבו,,,ג'ונסון בייבי אל סבו,מיליליטרים,750.00,"100 מ""ל",false,,21.90,0.0292,true,1,114429
3574669909204,false,ג'ונסון בייבי שמן,,,ג'ונסון בייבי שמן,מיליליטרים,300.00,"100 מ""ל",false,,21.90,0.0730,true,1,114433
3600522344032,false,אלביב מסכה לשיער פגו,,,אלביב מסכה לשיער פגו,מיליליטרים,300.00,"100 מ""ל",false,,22.90,0.0763,true,1,67575
3600522368250,false,צבע לשיער אקסלנס חום,,,צבע לשיער אקסלנס חום,יחידה,0.00,יחידה,false,,34.90,0.0000,true,1,118231
3600523192717,false,תרסיס לכיסוי שורשי ש,,,תרסיס לכיסוי שורשי ש,מיליליטרים,75.00,"100 מ""ל",false,,29.90,0.3987,true,1,125743
3600523642489,false,אלביב מסכת שמנים,,,אלביב מסכת שמנים,מיליליטרים,300.00,"100 מ""ל",false,,22.90,0.0763,true,1,114648
3600523651870,false,שמפו ארגינין אלביב,,,שמפו ארגינין אלביב,מיליליטרים,550.00,"100 מ""ל",false,,14.90,0.0271,true,1,110565
3600523651900,false,מרכך ארגינין אלביב,,,מרכך ארגינין אלביב,מיליליטרים,550.00,"100 מ""ל",false,,14.90,0.0271,true,1,110513
3600523652242,false,שמפו קולור פרוטקט אל,,,שמפו קולור פרוטקט אל,מיליליטרים,550.00,"100 מ""ל",false,,14.90,0.0271,true,1,110521
3600523652259,false,מרכך קולור פרוטקט אל,,,מרכך קולור פרוטקט אל,מיליליטרים,550.00,"100 מ""ל",false,,14.90,0.0271,true,1,110522
3600523652273,false,שמפו חימר אלביב,,,שמפו חימר אלביב,מיליליטרים,550.00,"100 מ""ל",false,,14.90,0.0271,true,1,110524
3600523652280,false,שמפו 6 שמנים אלביב,,,שמפו 6 שמנים אלביב,מיליליטרים,550.00,"100 מ""ל",false,,14.90,0.0271,true,1,110525
3600523762194,false,תרסיס לכיסוי שורשי ש,,,תרסיס לכיסוי שורשי ש,מיליליטרים,75.00,"100 מ""ל",false,,29.90,0.3987,true,1,125749
3600523782567,false,שמפו אלביב דרים לונג,,,שמפו אלביב דרים לונג,מיליליטרים,500.00,"100 מ""ל",false,,14.90,0.0298,true,1,114652
3600523782574,false,אלביב מסכה לשיער,,,אלביב מסכה לשיער,מיליליטרים,300.00,"100 מ""ל",false,,22.90,0.0763,true,1,114653
3600523782581,false,אלביב מרכך שיער 500,,,אלביב מרכך שיער 500,מיליליטרים,500.00,"100 מ""ל",false,,14.90,0.0298,true,1,114649
3600523816699,false,קרם ג'ל פרש טריפל לו,,,קרם ג'ל פרש טריפל לו,מיליליטרים,50.00,"100 מ""ל",false,,47.90,0.9580,true,1,125109
3600523936700,false,קרם לוריאל דרמו פעול,,,קרם לוריאל דרמו פעול,מיליליטרים,50.00,"100 מ""ל",false,,44.90,0.8980,true,1,125110
3600523965663,false,מי פנים דרמו רויטליפ,,,מי פנים דרמו רויטליפ,מיליליטרים,200.00,"100 מ""ל",false,,39.90,0.1995,true,1,190165
3600524051334,false,מרכך אלביב היאלרונית,,,מרכך אלביב היאלרונית,מיליליטרים,400.00,"100 מ""ל",false,,14.90,0.0373,true,1,190137
3600524055400,false,שמפו אלביב היאלרונית,,,שמפו אלביב היאלרונית,מיליליטרים,500.00,"100 מ""ל",false,,14.90,0.0298,true,1,190136
3600540928863,false,דאוד' רול גרנייה,,,דאוד' רול גרנייה,מיליליטרים,50.00,"100 מ""ל",false,,10.90,0.2180,true,1,38063
3600541029323,false,מסיר איפור 2 ב- 1 גר,,,מסיר איפור 2 ב- 1 גר,מיליליטרים,200.00,"100 מ""ל",false,,21.90,0.1095,true,1,106120
3600541382930,false,מים מיסלרים לכל  סוג,,,מים מיסלרים לכל  סוג,מיליליטרים,400.00,"100 מ""ל",false,,29.90,0.0747,true,1,112519
3600541402270,false,דאוד' גרנייה ירוק לא,,,דאוד' גרנייה ירוק לא,מיליליטרים,150.00,"100 מ""ל",false,,10.90,0.0727,true,1,106747
3600541928275,false,מים מיסלרים דו פאזיי,,,מים מיסלרים דו פאזיי,מיליליטרים,400.00,"100 מ""ל",false,,29.90,0.0747,true,1,112213
3600541937475,false,ג'ל לניקוי פנים גראנ,,,ג'ל לניקוי פנים גראנ,גרמים,150.00,100 גרם,false,,34.90,0.2327,true,1,110670
3600542216623,false,רול און גרנייר,,,רול און גרנייר,מיליליטרים,50.00,"100 מ""ל",false,,10.90,0.2180,true,1,125045
3600542216647,false,דאודורנט ספריי 150 מ,,,דאודורנט ספריי 150 מ,מיליליטרים,150.00,"100 מ""ל",false,,10.90,0.0727,true,1,124984
3600542309974,false,רול און גרנייר,,,רול און גרנייר,מיליליטרים,50.00,"100 מ""ל",false,,10.90,0.2180,true,1,124822
3600542310444,false,דאודורנט ספריי מגנזי,,,דאודורנט ספריי מגנזי,מיליליטרים,150.00,"100 מ""ל",false,,10.90,0.0727,true,1,124888
3600542365710,false,גרנייה פיור ג'ל לניק,,,גרנייה פיור ג'ל לניק,100 מל,200.00,100 מל,false,,29.90,0.1495,true,1,125413
3600542385107,false,רול און גרנייר,,,רול און גרנייר,מיליליטרים,50.00,"100 מ""ל",false,,10.90,0.2180,true,1,124823
3600542385220,false,רול און גרנייר,,,רול און גרנייר,מיליליטרים,50.00,"100 מ""ל",false,,10.90,0.2180,true,1,124827
3600542385275,false,רול און גרנייר,,,רול און גרנייר,מיליליטרים,50.00,"100 מ""ל",false,,10.90,0.2180,true,1,124828
3607340717635,false,אדידס אייס דייב ג'ל,,,אדידס אייס דייב ג'ל,מיליליטרים,400.00,"100 מ""ל",false,,10.00,0.0250,true,1,109982
3607343817547,false,דאודורנט ספריי לגבר,,,דאודורנט ספריי לגבר,מיליליטרים,150.00,"100 מ""ל",false,,14.90,0.0993,true,1,121291
3607345264356,false,פיוז'ן-ספריי גוף דינ,,,פיוז'ן-ספריי גוף דינ,מיליליטרים,0.00,"מ""ל",false,,19.90,0.0000,true,1,42365
3607345264912,false,פיוז'ן-ספריי גוף איי,,,פיוז'ן-ספריי גוף איי,מיליליטרים,150.00,"100 מ""ל",false,,19.90,0.1327,true,1,43347
3607347415343,false,דאודורנט רול און איש,,,דאודורנט רול און איש,מיליליטרים,50.00,"100 מ""ל",false,,13.90,0.2780,true,1,110743
3607347415589,false,דאודורנט רול און 50,,,דאודורנט רול און 50,מיליליטרים,50.00,"100 מ""ל",false,,13.90,0.2780,true,1,110744
3614221653715,false,אדידס קליימקול ג'ל ר,,,אדידס קליימקול ג'ל ר,מיליליטרים,400.00,"100 מ""ל",false,,10.00,0.0250,true,1,109984
3614223736003,false,דאודורנט ספריי לגבר,,,דאודורנט ספריי לגבר,מיליליטרים,150.00,"100 מ""ל",false,,14.90,0.0993,true,1,121497
3614223736485,false,דאודורנט אדידס ספריי,,,דאודורנט אדידס ספריי,מיליליטרים,200.00,"100 מ""ל",false,,19.90,0.0995,true,1,109891
3614223736836,false,דאודורנט אדידס ספריי,,,דאודורנט אדידס ספריי,מיליליטרים,150.00,"100 מ""ל",false,,19.90,0.1327,true,1,109889
3614224050986,false,דאודורנט אדידס ספריי,,,דאודורנט אדידס ספריי,מיליליטרים,150.00,"100 מ""ל",false,,14.90,0.0993,true,1,122315
3614224056537,false,דאודורנט אדידס נשים,,,דאודורנט אדידס נשים,מיליליטרים,150.00,"100 מ""ל",false,,19.90,0.1327,true,1,114203
3661163970448,false,דאו' ספריי לגבר A3דר,פרש-וואנס,,דאו' ספריי לגבר A3דר,מיליליטרים,200.00,"100 מ""ל",false,,19.90,0.0995,true,1,38202
3661163990545,false,דאו' ספריי לגבר A3דר,,,דאו' ספריי לגבר A3דר,מיליליטרים,200.00,"100 מ""ל",false,,19.90,0.0995,true,1,37782
3661163991580,false,דאו' ספריי לאישה A3ד,,,דאו' ספריי לאישה A3ד,מיליליטרים,200.00,"100 מ""ל",false,,19.90,0.0995,true,1,38206
3700604200222,false,אריסה טוניסאית 350 ג,,,אריסה טוניסאית 350 ג,גרמים,350.00,100 גרם,false,,21.90,0.0626,true,1,110638
3800020423578,false,נסטלה קיט קט צ'נקי א,,,נסטלה קיט קט צ'נקי א,גרמים,40.00,100 גרם,false,,3.70,0.0925,true,1,63749
3800020472712,false,קיט קאט צ'אנקי פופקו,,,קיט קאט צ'אנקי פופקו,גרמים,42.00,100 גרם,false,,3.70,0.0881,true,1,126627
3800034954150,false,מארז שלישיית מבשם,,,מארז שלישיית מבשם,יחידה,0.00,יחידה,false,,10.00,0.0000,true,1,107910
4000417019004,false,שוקולד חלב ריטר ספור,,,שוקולד חלב ריטר ספור,גרמים,100.00,100 גרם,false,,9.90,0.0990,false,1,18391
4000417025005,false,שוקולד ריטר ספורט עם,ריטר,,שוקולד ריטר ספורט עם,גרמים,100.00,100 גרם,false,,8.50,0.0850,false,1,18396
4000417026002,false,ריטר שוקולד חלב ממול,,,ריטר שוקולד חלב ממול,גרמים,100.00,100 גרם,false,,8.50,0.0850,false,1,18397
4000417211002,false,שוקולד ריטר מוס קרמל,ריטר,,שוקולד ריטר מוס קרמל,גרמים,100.00,100 גרם,false,,8.50,0.0850,true,1,101631
4000417212009,false,שוקולד ריטר מריר מעו,ריטר,,שוקולד ריטר מריר מעו,גרמים,100.00,100 גרם,false,,8.50,0.0850,true,1,113304
4000417222008,false,שוקולד ריטר חלב עם ש,ריטר,,שוקולד ריטר חלב עם ש,גרמים,100.00,100 גרם,false,,8.50,0.0850,true,1,100631
4000417224002,false,ריטר שוקולד מריר עם,,,ריטר שוקולד מריר עם,גרמים,100.00,100 גרם,false,,9.90,0.0990,false,1,43665
4000417294005,false,ריטר מוס קקאו,,,ריטר מוס קקאו,גרמים,100.00,100 גרם,false,,8.50,0.0850,false,1,61350
4000417298003,false,שוקולד ריטר חלב במיל,,,שוקולד ריטר חלב במיל,גרמים,100.00,100 גרם,false,,8.50,0.0850,false,1,64209
4000417708007,false,ריטר שוקולד מריר עם,ריטר,,ריטר שוקולד מריר עם,גרמים,100.00,100 גרם,false,,9.90,0.0990,true,1,125024
4000539280726,false,שוקולד לינדט מריר 70,לינדט,,שוקולד לינדט מריר 70,גרמים,100.00,100 גרם,false,,15.00,0.1500,true,1,189708
4000576027933,false,צמרוני אוזניים 200 י,,,צמרוני אוזניים 200 י,יחידה,0.00,יחידה,false,,7.50,0.0000,true,1,120176
4000576481889,false,צימרונים 72 יח',,,צימרונים 72 יח',יחידה,0.00,יחידה,false,,6.50,0.0000,true,1,38032
4000576722654,false,פדים להסרת איפור,,,פדים להסרת איפור,יחידה,0.00,יחידה,false,,15.90,0.0000,true,1,42782
4001499957628,false,מטהר אסלות פרוש בניח,,,מטהר אסלות פרוש בניח,גרמים,42.00,100 גרם,false,,15.90,0.3786,true,1,190082
4002448017684,false,סיליט באנג ספריי,סיליט,,סיליט באנג ספריי,מיליליטרים,750.00,"100 מ""ל",false,,14.90,0.0199,true,1,14540
4002575016253,false,מרציפן מצופה שוק,,,מרציפן מצופה שוק,גרמים,100.00,100 גרם,false,,8.90,0.0890,true,1,12837
4002590000022,false,סוכריות קלפני,קלפני,,סוכריות קלפני,גרמים,150.00,100 גרם,false,,9.00,0.0600,true,1,12838
4002590000046,false,סוכריות קלפני,קלפני,,סוכריות קלפני,גרמים,150.00,100 גרם,false,,9.00,0.0600,true,1,12840
4002590000619,false,סוכריות בטעם קפה 150,,,סוכריות בטעם קפה 150,גרמים,150.00,100 גרם,false,,9.00,0.0600,true,1,149781
4002590000633,false,סוכריות קלפני,קלפני,,סוכריות קלפני,גרמים,150.00,100 גרם,false,,9.00,0.0600,true,1,12842
4002590703541,false,סוכריות קלפני תות 15,קלפני,,סוכריות קלפני תות 15,גרמים,150.00,100 גרם,false,,9.00,0.0600,true,1,94695
4004666042004,false,משמיד עובש עם מר,יעקובי,,משמיד עובש עם מר,מיליליטרים,500.00,"100 מ""ל",false,,29.90,0.0598,true,1,27565
4004666107819,false,מלרוז לניקוי וטיהור,,,מלרוז לניקוי וטיהור,מיליליטרים,500.00,"100 מ""ל",false,,22.90,0.0458,true,1,114627
4004666111656,false,מלרוד ג'ל פעיל להשמד,,,מלרוד ג'ל פעיל להשמד,מיליליטרים,250.00,"100 מ""ל",false,,27.90,0.1116,true,1,187167
4004666111663,false,מלרוד שפורפרת להלבנת,,,מלרוד שפורפרת להלבנת,מיליליטרים,90.00,"100 מ""ל",false,,24.90,0.2767,true,1,187166
4005808128273,false,ניוואה ג'ל רחצה מנטה,,,ניוואה ג'ל רחצה מנטה,מיליליטרים,500.00,"100 מ""ל",false,,14.90,0.0298,true,1,39267
4005808229390,false,"ג'ל רחצה לגבר 500 מ""",,,"ג'ל רחצה לגבר 500 מ""",מיליליטרים,500.00,"100 מ""ל",false,,14.90,0.0298,true,1,43367
4005808368280,false,שפתון לבלו,,,שפתון לבלו,יחידה,0.00,יחידה,false,,13.90,0.0000,true,1,102043
4005808588640,false,ניוואה-משחת גילוח עו,,,ניוואה-משחת גילוח עו,מיליליטרים,100.00,"100 מ""ל",false,,13.90,0.1390,true,1,67572
4005808817405,false,ג'ל גילוח לעור רגיש,,,ג'ל גילוח לעור רגיש,מיליליטרים,200.00,"100 מ""ל",false,,17.90,0.0895,true,1,57709
4005808890507,false,ניוואה סופט קרם 200ג,,,ניוואה סופט קרם 200ג,גרמים,250.00,100 גרם,false,,24.90,0.0996,true,1,39774
4005900036445,false,דאודורנט ניוואה רול,ניואה,,דאודורנט ניוואה רול,מיליליטרים,50.00,"100 מ""ל",false,,16.90,0.3380,true,1,68971
4005900036476,false,דאודורנט ניוואה רול,ניואה,,דאודורנט ניוואה רול,מיליליטרים,0.00,"מ""ל",false,,16.90,0.0000,true,1,57715
4005900036483,false,ניוואה דאודורנט ספרי,ניואה,,ניוואה דאודורנט ספרי,מיליליטרים,0.00,"מ""ל",false,,16.90,0.0000,true,1,57716
4005900036506,false,ניוואה רול און דאודו,ניואה,,ניוואה רול און דאודו,מיליליטרים,0.00,"מ""ל",false,,16.90,0.0000,true,1,57717
4005900036568,false,דאודורנט ספריי ניווא,,,דאודורנט ספריי ניווא,יחידה,0.00,יחידה,false,,16.90,0.0000,true,1,59352
4005900274304,false,דאודורנט ניוואה ספרי,ניואה,,דאודורנט ניוואה ספרי,מיליליטרים,150.00,"100 מ""ל",false,,16.90,0.1127,true,1,102033
4005900513069,false,דאודורנט ניוואה רול,ניואה,,דאודורנט ניוואה רול,מיליליטרים,50.00,"100 מ""ל",false,,16.90,0.3380,true,1,111745
4005900521262,false,ג'ל רחצה לגבר ניוואה,ניואה,,ג'ל רחצה לגבר ניוואה,מיליליטרים,500.00,"100 מ""ל",false,,14.90,0.0298,true,1,114527
4005900555915,false,ניוואה שמן אמבט קוקו,ניואה,,ניוואה שמן אמבט קוקו,מיליליטרים,750.00,"100 מ""ל",false,,14.90,0.0199,true,1,121084
4005900648181,false,ניוואה תחליב רחצה אל,ניואה,,ניוואה תחליב רחצה אל,מיליליטרים,750.00,"100 מ""ל",false,,14.90,0.0199,true,1,126620
4005900816108,false,רול און ניוואה,ניואה,,רול און ניוואה,מיליליטרים,50.00,"100 מ""ל",false,,16.90,0.3380,true,1,13679
4005900816115,false,רול און ניוואה,,,רול און ניוואה,מיליליטרים,50.00,"100 מ""ל",false,,16.90,0.3380,true,1,13680
4005900845702,false,ניוואה דאודורנט רול,ניואה,,ניוואה דאודורנט רול,מיליליטרים,50.00,"100 מ""ל",false,,16.90,0.3380,true,1,126619
4006387084578,false,קנקן בריטה מרלה כחול,,,קנקן בריטה מרלה כחול,יחידה,0.00,יחידה,false,,129.00,0.0000,true,1,112449
4006387085407,false,שלישיית פילטר מקס פל,,,שלישיית פילטר מקס פל,יחידה,0.00,יחידה,false,,99.90,0.0000,false,1,109940
4006387086671,false,פילטר בריטה מקס פלוס,,,פילטר בריטה מקס פלוס,יחידה,0.00,יחידה,false,,39.90,0.0000,false,1,109960
4006508177325,false,מטליות לניקוי משקפיי,,,מטליות לניקוי משקפיי,יחידה,0.00,יחידה,false,,12.90,0.0000,true,1,28693
4007519050713,false,פלי 25 שקיות אשפה- 3,,,פלי 25 שקיות אשפה- 3,יחידה,0.00,יחידה,false,,10.90,0.0000,true,1,22175
4007519050720,false,פלי 20 שקיות אשפה- 6,,,פלי 20 שקיות אשפה- 6,יחידה,0.00,יחידה,false,,10.90,0.0000,true,1,40794
4007519050744,false,פלי 10 שקיות אשפה- 1,,,פלי 10 שקיות אשפה- 1,יחידה,0.00,יחידה,false,,10.90,0.0000,true,1,22176
4007519086224,false,פלי 22 שקיות אשפה 20,,,פלי 22 שקיות אשפה 20,יחידה,0.00,יחידה,false,,10.90,0.0000,true,1,97072
4008102002867,false,תה גרגרים מילפורד לי,,,תה גרגרים מילפורד לי,גרמים,400.00,100 גרם,false,,14.90,0.0373,true,1,12847
4008287762020,false,בירה קרומבאכר בקבוק,,,בירה קרומבאכר בקבוק,מיליליטרים,500.00,"100 מ""ל",false,,9.90,0.0198,true,1,69034
4008400290126,false,קינדר פינגווי עוגת ס,,,קינדר פינגווי עוגת ס,גרמים,30.00,100 גרם,false,,3.90,0.1300,true,1,125096
4008400290423,false,קינדר פינגווי עוגת ס,,,קינדר פינגווי עוגת ס,גרמים,120.00,100 גרם,false,,13.00,0.1083,false,1,125098
4008429056710,false,ויסקס ביף 400 גר',ויסקס,,ויסקס ביף 400 גר',גרמים,400.00,100 גרם,false,,9.40,0.0235,true,1,95707
4009300522935,false,פומפדור תה ירוק לימו,פומפדור,,פומפדור תה ירוק לימו,גרמים,30.00,100 גרם,false,,19.90,0.6633,true,1,32049
4009300522966,false,פומפדור תה ירוק נענע,פומפדור,,פומפדור תה ירוק נענע,גרמים,36.00,100 גרם,false,,19.90,0.5528,true,1,32047
4009300524588,false,חליטת פומפדור פירות,פומפדור,,חליטת פומפדור פירות,גרמים,60.00,100 גרם,false,,15.90,0.2650,true,1,35903
4009300524625,false,תה פומפדור צ'אי מסאל,פומפדור,,תה פומפדור צ'אי מסאל,גרמים,40.00,100 גרם,false,,13.90,0.3475,true,1,35904
4009300525011,false,תה פומפדור ירוק תפוז,פומפדור,,תה פומפדור ירוק תפוז,יחידה,0.00,יחידה,false,,19.90,0.0000,true,1,55816
4009300525684,false,חליטת צמחים ג'ינג'ר,פומפדור,,חליטת צמחים ג'ינג'ר,גרמים,35.00,100 גרם,false,,15.90,0.4543,true,1,60274
4009300526438,false,תה ירוק קלאסי פומפדו,פומפדור,,תה ירוק קלאסי פומפדו,יחידה,0.00,יחידה,false,,19.90,0.0000,true,1,69445
4009300527909,false,פומפדור חליטת ג'ינג',,,פומפדור חליטת ג'ינג',יחידה,0.00,יחידה,false,,15.90,0.0000,true,1,108878
4009300528845,false,פומפדור תה ירוק לימו,,,פומפדור תה ירוק לימו,יחידה,0.00,יחידה,false,,19.90,0.0000,true,1,114314
4009300529514,false,פומפדור חליטת פירות,,,פומפדור חליטת פירות,גרמים,50.00,100 גרם,false,,15.90,0.3180,true,1,188955
4009300529552,false,פומפדור חליטת פירות,,,פומפדור חליטת פירות,גרמים,50.00,100 גרם,false,,15.90,0.3180,true,1,188957
4009300529576,false,פומפדור חליטת פירות,,,פומפדור חליטת פירות,גרמים,50.00,100 גרם,false,,15.90,0.3180,true,1,126857
4009300529613,false,פומפדור קאלם אנד ריל,,,פומפדור קאלם אנד ריל,גרמים,36.00,100 גרם,false,,17.90,0.4972,true,1,123656
4009300595120,false,פומפדור חליטת צמחים,,,פומפדור חליטת צמחים,יחידה,0.00,יחידה,false,,15.90,0.0000,true,1,121449
4009900013581,false,אורביט ספירמינט סקיק,אורביט,,אורביט ספירמינט סקיק,גרמים,65.00,100 גרם,false,,9.90,0.1523,true,1,64787
4009900379564,false,מסטיק הובה בובה פירו,הובה בובה,,מסטיק הובה בובה פירו,גרמים,56.00,100 גרם,false,,6.50,0.1161,true,1,22728
4009900385824,false,מארז חמישיית אורביט,אורביט,,מארז חמישיית אורביט,יחידה,0.00,יחידה,false,,9.90,0.0000,true,1,65053
4009900402965,false,אורביט בקבוקון בטעם,אורביט,,אורביט בקבוקון בטעם,גרמים,64.00,100 גרם,false,,10.00,0.1563,true,1,61274
4009900403023,false,אורביט בקבוקון בטעם,אורביט,,אורביט בקבוקון בטעם,גרמים,64.00,100 גרם,false,,10.00,0.1563,true,1,61275
4009900406918,false,מסטיק הובה בובה טריפ,הובה בובה,,מסטיק הובה בובה טריפ,גרמים,56.00,100 גרם,false,,6.50,0.1161,true,1,25815
4009900420129,false,אורביט פרופשיונל פפר,אורביט,,אורביט פרופשיונל פפר,גרמים,64.00,100 גרם,false,,10.00,0.1563,true,1,112755
4009900426039,false,מסטיק איירוויבז מנטה,,,מסטיק איירוויבז מנטה,גרמים,64.00,100 גרם,false,,10.00,0.1563,true,1,102657
4009900426121,false,מסטיק איירוויבז אוכמ,,,מסטיק איירוויבז אוכמ,גרמים,64.00,100 גרם,false,,10.00,0.1563,true,1,102949
4009900479998,false,מסטיק אורביט אוכמניו,אורביט,,מסטיק אורביט אוכמניו,גרמים,64.00,100 גרם,false,,10.00,0.1563,true,1,70024
4009900482417,false,מסטיק אורביט באבל מי,,,מסטיק אורביט באבל מי,יחידה,0.00,יחידה,false,,10.00,0.0000,true,1,63727
4009900487283,false,מארז חמישיית אורביט,אורביט,,מארז חמישיית אורביט,יחידה,0.00,יחידה,false,,9.90,0.0000,true,1,65817
4009900500166,false,סוכריות סקיטלס בבקבו,,,סוכריות סקיטלס בבקבו,גרמים,125.00,100 גרם,false,,8.90,0.0712,true,1,103379
4009900521581,false,אורביט מינטס מנטה בק,אורביט,,אורביט מינטס מנטה בק,גרמים,77.00,100 גרם,false,,10.00,0.1299,true,1,106787
4009900521611,false,אורביט מינטס דובדבן,אורביט,,אורביט מינטס דובדבן,יחידה,0.00,יחידה,false,,10.00,0.0000,true,1,106635
4009900531122,false,אורביט פרופשיונל ספי,אורביט,,אורביט פרופשיונל ספי,גרמים,64.00,100 גרם,false,,10.00,0.1563,true,1,112756
4009900532327,false,סוכריות סקיטלס סמודי,,,סוכריות סקיטלס סמודי,גרמים,38.00,100 גרם,false,,3.00,0.0789,true,1,114669
4009900534611,false,מסטיק איירוויבז בטעם,,,מסטיק איירוויבז בטעם,גרמים,64.00,100 גרם,false,,10.00,0.1563,true,1,119191
4009900536257,false,אורביט רפרשרס ספירמי,אורביט,,אורביט רפרשרס ספירמי,גרמים,67.00,100 גרם,false,,11.90,0.1776,true,1,123982
4009900536288,false,אורביט רפרשרס פפרמינ,אורביט,,אורביט רפרשרס פפרמינ,גרמים,67.00,100 גרם,false,,11.90,0.1776,true,1,123983
4009900536486,false,אורביט רפרשרס באבלמי,אורביט,,אורביט רפרשרס באבלמי,גרמים,67.00,100 גרם,false,,11.90,0.1776,true,1,123984
4009900539685,false,מסטיק פייב באונס בטע,,,מסטיק פייב באונס בטע,גרמים,61.80,100 גרם,false,,11.90,0.1926,true,1,188125
4009900539746,false,פייב באונס בטעם אבטי,,,פייב באונס בטעם אבטי,גרמים,61.80,100 גרם,false,,11.90,0.1926,true,1,188126
4009900540551,false,אורביט ריפרשרס טרופי,אורביט,,אורביט ריפרשרס טרופי,גרמים,67.00,100 גרם,false,,11.90,0.1776,true,1,187773
4011800290030,false,קורני חטיף חלבון שוק,קורני,,קורני חטיף חלבון שוק,גרמים,50.00,100 גרם,false,,8.90,0.1780,true,1,189283
4011800290054,false,קורני חטיף חלבון קוק,קורני,,קורני חטיף חלבון קוק,גרמים,50.00,100 גרם,false,,8.90,0.1780,true,1,189284
4011800528416,false,חטיפי קורני בייס שיש,קורני,,חטיפי קורני בייס שיש,גרמים,150.00,100 גרם,false,,11.90,0.0793,false,1,117544
4011800567613,false,קורני סנדוויץ שחור ל,קורני,,קורני סנדוויץ שחור ל,גרמים,120.00,100 גרם,false,,11.90,0.0992,false,1,68379
4011800568610,false,קורני סנדוויץ קלאסי,קורני,,קורני סנדוויץ קלאסי,יחידה,0.00,יחידה,false,,11.90,0.0000,false,1,68235
4011800577810,false,חטיפי קורני פרי נוגט,קורני,,חטיפי קורני פרי נוגט,גרמים,120.00,100 גרם,false,,11.90,0.0992,false,1,187389
4011800628512,false,קורני עם שוקולד חלב,,,קורני עם שוקולד חלב,יחידה,0.00,יחידה,false,,11.90,0.0000,false,1,66896
4011800630515,false,קורני עם שוקולד חלב,קורני,,קורני עם שוקולד חלב,גרמים,150.00,100 גרם,false,,11.90,0.0793,false,1,66665
4011800632519,false,קורני עם שוקולד חלב,,,קורני עם שוקולד חלב,יחידה,0.00,יחידה,false,,11.90,0.0000,false,1,66897
4011800633516,false,קורני עם שוקולד מריר,קורני,,קורני עם שוקולד מריר,גרמים,150.00,100 גרם,false,,11.90,0.0793,false,1,66666
4011800636517,false,קורני פרי עם שוקולד,קורני,,קורני פרי עם שוקולד,גרמים,120.00,100 גרם,false,,11.90,0.0992,false,1,66988
4011800637514,false,קורני פרי עם שוקולד,קורני,,קורני פרי עם שוקולד,גרמים,120.00,100 גרם,false,,11.90,0.0992,false,1,66989
4013227013391,false,אוטום קרים-משקה כהלי,,,אוטום קרים-משקה כהלי,מיליליטרים,700.00,"100 מ""ל",false,,39.90,0.0570,true,1,68957
4014400900217,false,בונבונירה מרסי 400 ג,שטורק,,בונבונירה מרסי 400 ג,גרמים,400.00,100 גרם,false,,49.90,0.1247,false,1,12853
4014400901191,false,בונבונירה מרסי 250 ג,שטורק,,בונבונירה מרסי 250 ג,גרמים,250.00,100 גרם,false,,24.90,0.0996,true,1,12856
4014400901405,false,בונבונירה חלב מרסי 2,שטורק,,בונבונירה חלב מרסי 2,גרמים,250.00,100 גרם,false,,24.90,0.0996,true,1,31121
4014400901412,false,מרסי מריר 250 גר',,,מרסי מריר 250 גר',גרמים,250.00,100 גרם,false,,24.90,0.0996,true,1,43784
4014400904277,false,סוכריות אייס פרש,שטורק,,סוכריות אייס פרש,גרמים,425.00,100 גרם,false,,17.90,0.0421,true,1,12858
4014400904307,false,סוכריות קליפורניה,שטורק,,סוכריות קליפורניה,גרמים,425.00,100 גרם,false,,17.90,0.0421,true,1,12859
4014400904376,false,סוכריות שוקלדן,,,סוכריות שוקלדן,גרמים,325.00,100 גרם,false,,17.90,0.0551,true,1,12860
4014400904390,false,סוכריות וולמילש,שטורק,,סוכריות וולמילש,גרמים,325.00,100 גרם,false,,17.90,0.0551,true,1,12861
4014400907902,false,סוכריות וורטר בקופסא,שטורק,,סוכריות וורטר בקופסא,גרמים,42.00,100 גרם,false,,6.00,0.1429,true,1,39097
4014400910063,false,סוכריות וורטר שקית,שטורק,,סוכריות וורטר שקית,גרמים,135.00,100 גרם,false,,8.70,0.0644,true,1,39408
4014400913910,false,סוכריות וורטר במילוי,,,סוכריות וורטר במילוי,יחידה,0.00,יחידה,false,,8.70,0.0000,true,1,69520
4014400914696,false,סוכריות וורטר ללא תו,,,סוכריות וורטר ללא תו,גרמים,80.00,100 גרם,false,,8.70,0.1087,true,1,41084
4014400914924,false,סוכריות וורטר קפה לל,,,סוכריות וורטר קפה לל,גרמים,80.00,100 גרם,false,,8.70,0.1087,true,1,41085
4014400920857,false,וורטר סוכריות שוקולד,,,וורטר סוכריות שוקולד,גרמים,70.00,100 גרם,false,,8.70,0.1243,true,1,95103
4014400923711,false,טופיפי 125 גר',,,טופיפי 125 גר',גרמים,125.00,100 גרם,false,,11.90,0.0952,true,1,103358
4014400925319,false,וורטר פופקורן קרמל,,,וורטר פופקורן קרמל,גרמים,140.00,100 גרם,false,,12.90,0.0921,true,1,122456
4014400931327,false,וורטרס אורגינל פופקו,,,וורטרס אורגינל פופקו,גרמים,140.00,100 גרם,false,,12.90,0.0921,true,1,188753
4014522180108,false,בודטה סוכריות אורגני,,,בודטה סוכריות אורגני,גרמים,75.00,100 גרם,false,,7.50,0.1000,true,1,118035
4015000031394,false,מסיר כתמים ספטיל 200,ספטיל,,מסיר כתמים ספטיל 200,גרמים,200.00,100 גרם,false,,16.90,0.0845,false,1,18899
4015000280211,false,דאו' רול און פה C.Le,פה,,דאו' רול און פה C.Le,מיליליטרים,50.00,"100 מ""ל",false,,10.00,0.2000,false,1,18900
4015000519915,false,דאו' ספרי פה Pink Pa,פה,,דאו' ספרי פה Pink Pa,מיליליטרים,200.00,"100 מ""ל",false,,10.00,0.0500,false,1,24588
4015000615884,false,דאו' ספרי פה C.Lemon,פה,,דאו' ספרי פה C.Lemon,מיליליטרים,200.00,"100 מ""ל",false,,10.00,0.0500,false,1,18916
4015000615921,false,דאו' ספרי פה Sport 2,פה,,דאו' ספרי פה Sport 2,מיליליטרים,200.00,"100 מ""ל",false,,10.00,0.0500,false,1,18919
4015000995122,false,פה דאוד' לגבר,פה,,פה דאוד' לגבר,מיליליטרים,200.00,"100 מ""ל",false,,10.00,0.0500,true,1,67252
4015400564034,false,מגן תחתון אולוויז לו,,,מגן תחתון אולוויז לו,יחידה,0.00,יחידה,false,,16.90,0.0000,false,1,95384
4015400564454,false,מגן תחתון אולוויז לא,,,מגן תחתון אולוויז לא,יחידה,0.00,יחידה,false,,16.90,0.0000,false,1,99387
4015400629368,false,תחבושות אולוויז בריח,,,תחבושות אולוויז בריח,יחידה,0.00,יחידה,false,,19.90,0.0000,true,1,111448
4015400681670,false,תחבושות אולוויז לילה,,,תחבושות אולוויז לילה,יחידה,0.00,יחידה,false,,16.90,0.0000,false,1,98679
4015400690313,false,טמפקס קומפקט פרל רגו,,,טמפקס קומפקט פרל רגו,יחידה,0.00,יחידה,false,,27.90,0.0000,true,1,102231
4015400690405,false,טמפקס קומפקט פרל סופ,,,טמפקס קומפקט פרל סופ,יחידה,0.00,יחידה,false,,27.90,0.0000,true,1,102232
4015400715290,false,טמפקס קומפאק סופר פל,,,טמפקס קומפאק סופר פל,יחידה,0.00,יחידה,false,,24.90,0.0000,true,1,99125
4015400715320,false,טמפקס קומפאק רגולר 2,,,טמפקס קומפאק רגולר 2,יחידה,0.00,יחידה,false,,24.90,0.0000,true,1,99126
4015400731719,false,תחבושות אולוויז וליו,,,תחבושות אולוויז וליו,יחידה,0.00,יחידה,false,,16.90,0.0000,false,1,100969
4015400746812,false,מגן תחתון אולוויז נו,,,מגן תחתון אולוויז נו,יחידה,0.00,יחידה,false,,16.90,0.0000,false,1,101517
4015400755241,false,תחבושות אולוויז וליו,,,תחבושות אולוויז וליו,יחידה,0.00,יחידה,false,,16.90,0.0000,false,1,101328
4015400755487,false,תחבושות אולוויז וליו,,,תחבושות אולוויז וליו,יחידה,0.00,יחידה,false,,16.90,0.0000,false,1,101329
4015600762742,false,שמפו הד אנד שולדרס ק,,,שמפו הד אנד שולדרס ק,מיליליטרים,500.00,"100 מ""ל",false,,16.90,0.0338,true,1,64054
4015600762780,false,הד אנד שולדרס 2 ב 1,,,הד אנד שולדרס 2 ב 1,מיליליטרים,500.00,"100 מ""ל",false,,16.90,0.0338,true,1,64055
4015600762902,false,שמפו הד אנד שולדרס מ,,,שמפו הד אנד שולדרס מ,מיליליטרים,500.00,"100 מ""ל",false,,16.90,0.0338,true,1,64058
4015600762940,false,שמפו הד אנד שולדרס ת,,,שמפו הד אנד שולדרס ת,מיליליטרים,500.00,"100 מ""ל",false,,16.90,0.0338,true,1,64059
4015600763022,false,שמפו הד אנד שולדרס מ,,,שמפו הד אנד שולדרס מ,מיליליטרים,500.00,"100 מ""ל",false,,16.90,0.0338,true,1,64061
4015600807436,false,דאוד' קליר ג'ל גילט,,,דאוד' קליר ג'ל גילט,מיליליטרים,75.00,"100 מ""ל",false,,18.90,0.2520,true,1,69221
4015600807573,false,דאוד' קליר ג'ל ג'ילט,,,דאוד' קליר ג'ל ג'ילט,מיליליטרים,75.00,"100 מ""ל",false,,18.90,0.2520,true,1,69193
4017100198151,false,עוגיות היט וניל 220,היט,,עוגיות היט וניל 220,גרמים,220.00,100 גרם,false,,7.90,0.0359,false,1,96499
4017100210105,false,וופלטן גלילי וופל,,,וופלטן גלילי וופל,גרמים,100.00,100 גרם,false,,11.90,0.1190,false,1,77359
4017100219900,false,וופלטן גליליות וופל,וופלטן,,וופלטן גליליות וופל,גרמים,100.00,100 גרם,false,,11.90,0.1190,false,1,9493
4017100290008,false,ביסקוויט ליבניץ שוקו,,,ביסקוויט ליבניץ שוקו,גרמים,125.00,100 גרם,false,,11.90,0.0952,true,1,9495
4017100364112,false,עוגיות בלזן היט קקאו,היט,,עוגיות בלזן היט קקאו,גרמים,220.00,100 גרם,false,,7.90,0.0359,false,1,94703
4019400440657,false,דפדפי שוקולד במילוי,,,דפדפי שוקולד במילוי,גרמים,200.00,100 גרם,false,,13.90,0.0695,true,1,102539
4022025001752,false,בלו נאן מבעבע כחול,,,בלו נאן מבעבע כחול,מיליליטרים,750.00,"100 מ""ל",false,,49.90,0.0665,true,1,112197
4022025001790,false,בלו נאן גולד 24K אדי,,,בלו נאן גולד 24K אדי,מיליליטרים,750.00,"100 מ""ל",false,,49.90,0.0665,true,1,110940
4022025262009,false,יין בלו נאן כשר,,,יין בלו נאן כשר,מיליליטרים,750.00,"100 מ""ל",false,,45.90,0.0612,true,1,103514
4022025773000,false,בלו נאן מוסקטו כשר,,,בלו נאן מוסקטו כשר,מיליליטרים,750.00,"100 מ""ל",false,,45.90,0.0612,true,1,123819
4025700001962,false,מילקה שוקולד לבן,,,מילקה שוקולד לבן,גרמים,100.00,100 גרם,false,,5.90,0.0590,true,1,120844
4033100013348,false,100  LD,,,100  LD,יחידה,0.00,יחידה,false,,27.00,0.0000,false,1,58942
4033100014468,false,LD אדום,,,LD אדום,יחידה,0.00,יחידה,false,,27.00,0.0000,false,1,39729
4033100014529,false,סלימס LD,,,סלימס LD,יחידה,0.00,יחידה,false,,25.00,0.0000,false,1,58974
4033100024146,false,וינסטון קוד חפיסה,,,וינסטון קוד חפיסה,יחידה,0.00,יחידה,false,,30.00,0.0000,false,1,60667
4033100024252,false,וינסטון קוד אקוה חפי,,,וינסטון קוד אקוה חפי,יחידה,0.00,יחידה,false,,30.00,0.0000,false,1,60669
4053700288205,false,ויט קרם הסרת שיער לע,ויט,,ויט קרם הסרת שיער לע,מיליליטרים,100.00,"100 מ""ל",false,,19.90,0.1990,true,1,36731
4053700292455,false,ויט רצועות שעווה,ויט,,ויט רצועות שעווה,יחידה,0.00,יחידה,false,,19.90,0.0000,true,1,34352
4056800943791,false,וולקסון 9%,וולה,,וולקסון 9%,מיליליטרים,0.00,"מ""ל",false,,4.90,0.0000,true,1,41388
4061445096689,false,קפה דוידוף אספרסו מג,,,קפה דוידוף אספרסו מג,גרמים,100.00,100 גרם,false,,21.90,0.2190,false,1,121066
4061445096702,false,קפה נמס דוידוף ארומה,,,קפה נמס דוידוף ארומה,גרמים,100.00,100 גרם,false,,21.90,0.2190,false,1,120330
4061445096726,false,קפה נמס דוידוף ארומה,,,קפה נמס דוידוף ארומה,גרמים,100.00,100 גרם,false,,21.90,0.2190,false,1,119934
4066600999614,false,"בירה פאולנר 500 מ""ל",,,"בירה פאולנר 500 מ""ל",מיליליטרים,500.00,"100 מ""ל",false,,11.00,0.0220,true,1,104010
4072700001188,false,פרנסיסקאנר בירה כהה,,,פרנסיסקאנר בירה כהה,יחידה,500.00,יחידה,false,,9.90,0.0198,true,1,63320
4084500065536,false,פנטן קרם לחות לחות מ,,,פנטן קרם לחות לחות מ,מיליליטרים,300.00,"100 מ""ל",false,,21.90,0.0730,true,1,97473
4084500065598,false,פנטן קרם לחות לתלתלי,,,פנטן קרם לחות לתלתלי,מיליליטרים,300.00,"100 מ""ל",false,,21.90,0.0730,true,1,97474
4084500088917,false,"פיירי לימון 650 מ""ל",פיירי,,"פיירי לימון 650 מ""ל",מיליליטרים,650.00,"100 מ""ל",false,,9.90,0.0152,false,1,94784
4084500149526,false,טייד ג'ל 2.48 ליטר,טייד,,טייד ג'ל 2.48 ליטר,ליטרים,2.48,ליטר,false,,26.90,10.8468,true,1,67704
4084500853553,false,פיירי אוריגינל 650 מ,,,פיירי אוריגינל 650 מ,מיליליטרים,650.00,"100 מ""ל",false,,9.90,0.0152,false,1,97166
4084500853836,false,פיירי ורדים ומשי 515,,,פיירי ורדים ומשי 515,מיליליטרים,515.00,"100 מ""ל",false,,9.90,0.0192,false,1,97168
4084500853898,false,פיירי אלוורה ומלפפונ,,,פיירי אלוורה ומלפפונ,מיליליטרים,515.00,"100 מ""ל",false,,9.90,0.0192,false,1,97169
4084500854048,false,פיירי לימון 1.24 ליט,,,פיירי לימון 1.24 ליט,ליטרים,1.24,ליטר,false,,13.90,11.2097,false,1,101152
4084500920880,false,פיירי אורגינל 1.24 ל,,,פיירי אורגינל 1.24 ל,ליטרים,1.24,ליטר,false,,13.90,11.2097,false,1,101153
4105120623941,false,"בירה ויינשטפן 500 מ""",,,"בירה ויינשטפן 500 מ""",מיליליטרים,500.00,"100 מ""ל",false,,11.50,0.0230,false,1,106754
4210201358725,false,אורל בי ראש חשמלי,,,אורל בי ראש חשמלי,יחידה,0.00,יחידה,false,,79.90,0.0000,true,1,187990
4260147890513,false,איטריות דקות 500גר,,,איטריות דקות 500גר,גרמים,500.00,100 גרם,false,,10.90,0.0218,true,1,94385
4603400000043,false,"וודקה רוסקי 700 מ""ל",,,"וודקה רוסקי 700 מ""ל",מיליליטרים,700.00,"100 מ""ל",false,,59.90,0.0856,false,1,65973
4603928000976,false,"בלוגה- וודקה 700 מ""ל",,,"בלוגה- וודקה 700 מ""ל",מיליליטרים,700.00,"100 מ""ל",false,,124.90,0.1784,true,1,100474
4605561012613,false,פילה הרינג (קצוץ) בש,,,פילה הרינג (קצוץ) בש,יחידה,0.00,יחידה,false,,15.90,0.0000,true,1,126135
4607012351005,false,גרעיני חמניות מרטין,,,גרעיני חמניות מרטין,גרמים,200.00,100 גרם,false,,12.90,0.0645,true,1,70706
4607012351999,false,גרעיני חמניות מרטין,,,גרעיני חמניות מרטין,גרמים,200.00,100 גרם,false,,12.90,0.0645,true,1,101522
4607012352453,false,גרעיני חמניות פסים מ,,,גרעיני חמניות פסים מ,גרמים,150.00,100 גרם,false,,9.90,0.0660,true,1,123385
4607012352538,false,גרעיני חמניות מרטין,,,גרעיני חמניות מרטין,גרמים,200.00,100 גרם,false,,12.90,0.0645,true,1,109634
4640018993343,false,פיניש קוואנטום 30 יח,פיניש,,פיניש קוואנטום 30 יח,יחידה,0.00,יחידה,false,,39.90,0.0000,true,1,119643
4640018993350,false,פיניש קוואנטום 30 יח,פיניש,,פיניש קוואנטום 30 יח,יחידה,0.00,יחידה,false,,39.90,0.0000,true,1,119645
4640018993398,false,פיניש קוואנטום 60 יח,פיניש,,פיניש קוואנטום 60 יח,יחידה,0.00,יחידה,false,,59.90,0.0000,true,1,119644
4710068001715,false,מאסטר קפה טירמיסו,,,מאסטר קפה טירמיסו,מיליליטרים,240.00,"100 מ""ל",false,,6.50,0.0271,true,1,69140
4712892880221,false,קיסמים וולטרס פרימיו,,,קיסמים וולטרס פרימיו,יחידה,0.00,יחידה,false,,11.00,0.0000,true,1,68157
4800888210197,false,דאב דאו סטיק קוקוס,דאב,,דאב דאו סטיק קוקוס,גרמים,50.00,100 גרם,false,,15.90,0.3180,false,1,117185
4800888214904,false,דאב דאודורנט סטיק קק,דאב,,דאב דאודורנט סטיק קק,גרמים,50.00,100 גרם,false,,15.90,0.3180,true,1,123056
4800888219510,false,דאב סטיק מלפפון,דאב,,דאב סטיק מלפפון,מיליליטרים,50.00,"100 מ""ל",false,,15.90,0.3180,true,1,126850
4800888219527,false,דאב סטיק אינביזיבל 5,דאב,,דאב סטיק אינביזיבל 5,מיליליטרים,50.00,"100 מ""ל",false,,15.90,0.3180,true,1,185838
4800888219534,false,דאב דאודורנט סטיק או,דאב,,דאב דאודורנט סטיק או,מיליליטרים,50.00,"100 מ""ל",false,,15.90,0.3180,false,1,126534
4801234159856,false,גלייד מיני ג'ל בניחו,גלייד,,גלייד מיני ג'ל בניחו,גרמים,70.00,100 גרם,false,,8.50,0.1214,true,1,63303
4810168000011,false,פילה דג הרינג מלוח מ,,,פילה דג הרינג מלוח מ,יחידה,0.00,יחידה,false,,12.90,0.0000,true,1,126125
4810168000066,false,פילה דג הרינג מלוח מ,,,פילה דג הרינג מלוח מ,יחידה,0.00,יחידה,false,,12.90,0.0000,true,1,126126
4810168000998,false,פילה דג הרינג מלוח מ,,,פילה דג הרינג מלוח מ,יחידה,0.00,יחידה,false,,17.90,0.0000,true,1,126127
4810168018795,false,חתיכות פילה דג הרינג,,,חתיכות פילה דג הרינג,יחידה,0.00,יחידה,false,,12.90,0.0000,true,1,126123
4810168019051,false,חתיכות פילה דג הרינג,,,חתיכות פילה דג הרינג,יחידה,0.00,יחידה,false,,12.90,0.0000,true,1,126124
4810168024512,false,פילה דג הרינג מלוח מ,,,פילה דג הרינג מלוח מ,יחידה,0.00,יחידה,false,,17.90,0.0000,true,1,126129
4810168057435,false,חתיכות פילה הרינג 40,,,חתיכות פילה הרינג 40,גרמים,400.00,100 גרם,false,,24.90,0.0622,true,1,187989
4810168057510,false,חתיכות פילה הרינג מת,,,חתיכות פילה הרינג מת,גרמים,400.00,100 גרם,false,,24.90,0.0622,true,1,187988
4810168058982,false,פילה הרינג סקנדינבי,,,פילה הרינג סקנדינבי,גרמים,400.00,100 גרם,false,,25.90,0.0647,true,1,189919
4820229031380,false,וודקה חורטיצה פרמיום,,,וודקה חורטיצה פרמיום,מיליליטרים,700.00,"100 מ""ל",false,,59.90,0.0856,false,1,119814
4860019001346,false,בורז'ומי מים מינירלי,,,בורז'ומי מים מינירלי,יחידה,500.00,יחידה,false,,6.90,0.0138,true,1,42783
4860019001414,false,בורז'ומי מים מינרליי,,,בורז'ומי מים מינרליי,מיליליטרים,750.00,"100 מ""ל",false,,7.90,0.0105,true,1,67520
4891228430030,false,ס.ג שיק אקסטרא  2ירו,,,ס.ג שיק אקסטרא  2ירו,יחידה,0.00,יחידה,false,,9.90,0.0000,true,1,104996
4891228430054,false,ס.ג. שיק אקסטרא  2ור,,,ס.ג. שיק אקסטרא  2ור,יחידה,0.00,יחידה,false,,9.90,0.0000,true,1,104997
4903001904192,false,רוטב סויה יאמסה פרימ,,,רוטב סויה יאמסה פרימ,יחידה,500.00,יחידה,false,,17.90,0.0358,true,1,40316
4903001904208,false,רוטב סויה יאמסה פרימ,,,רוטב סויה יאמסה פרימ,ליטרים,1.00,ליטר,false,,31.90,31.9000,true,1,40317
4903001925784,false,רוטב סויה יאמאסה פרי,,,רוטב סויה יאמאסה פרי,מיליליטרים,500.00,"100 מ""ל",false,,17.90,0.0358,true,1,68680
4903001930993,false,"טריאקי יאמסה 500 מ""ל",,,"טריאקי יאמסה 500 מ""ל",מיליליטרים,500.00,"100 מ""ל",false,,17.90,0.0358,true,1,98983
4903001945706,false,רוטב פונזו ימאסה 500,,,רוטב פונזו ימאסה 500,מיליליטרים,500.00,"100 מ""ל",false,,19.90,0.0398,true,1,123901
5000127163195,false,דגני קלוגס ספיישל קי,קלוגס,,דגני קלוגס ספיישל קי,גרמים,500.00,100 גרם,false,,23.90,0.0478,true,1,43542
5000146048671,false,סילבו מטליות לניקוי,,,סילבו מטליות לניקוי,גרמים,75.00,100 גרם,false,,19.90,0.2653,true,1,61841
5000146048688,false,בראסו מטליות לניקוי,,,בראסו מטליות לניקוי,גרמים,75.00,100 גרם,false,,19.90,0.2653,true,1,61842
5000146057710,false,וינדולין לחלונות,,,וינדולין לחלונות,יחידה,750.00,יחידה,false,,8.90,0.0119,true,1,14527
5000146401568,false,ווליט דפים למכונת כב,,,ווליט דפים למכונת כב,יחידה,0.00,יחידה,false,,14.90,0.0000,true,1,14536
5000146980322,false,ויט קרם הסרת שיער פר,ויט,,ויט קרם הסרת שיער פר,מיליליטרים,100.00,"100 מ""ל",false,,19.90,0.1990,true,1,36732
5000157143365,false,רוטב בטעם מיונז וקטש,,,רוטב בטעם מיונז וקטש,גרמים,425.00,100 גרם,false,,14.90,0.0351,true,1,118177
5000159376655,false,סקיטלט סוכריות ג'לי,,,סקיטלט סוכריות ג'לי,גרמים,38.00,100 גרם,false,,3.00,0.0789,true,1,61948
5000159376792,false,סקיטלט סוכריות ג'לי,,,סקיטלט סוכריות ג'לי,גרמים,38.00,100 גרם,false,,3.00,0.0789,true,1,61949
5000159407236,false,חטיף מרס שוקולד 51 ג,מרס,,חטיף מרס שוקולד 51 ג,גרמים,51.00,100 גרם,false,,4.00,0.0784,false,1,31538
5000159409179,false,סניקרס מיני 403 גר',סניקרס,,סניקרס מיני 403 גר',גרמים,403.00,100 גרם,false,,21.90,0.0543,false,1,67710
5000159414197,false,מלטיזרס 135 גר',,,מלטיזרס 135 גר',גרמים,135.00,100 גרם,false,,11.90,0.0881,true,1,189357
5000159452540,false,סניקרס מארז חמישייה,,,סניקרס מארז חמישייה,גרמים,250.00,100 גרם,false,,9.90,0.0396,true,1,120180
5000159452977,false,חטיפי מיקס מיני 400,,,חטיפי מיקס מיני 400,גרמים,400.00,100 גרם,false,,21.90,0.0547,false,1,67115
5000159459228,false,חטיף טויקס 50 גר',,,חטיף טויקס 50 גר',גרמים,50.00,100 גרם,false,,4.00,0.0800,false,1,63143
5000159461122,false,חטיף סניקרס 50 גר',סניקרס,,חטיף סניקרס 50 גר',גרמים,50.00,100 גרם,false,,4.00,0.0800,false,1,63144
5000159536400,false,טוויקס סטיקס 99 קלור,,,טוויקס סטיקס 99 קלור,גרמים,200.00,100 גרם,false,,15.90,0.0795,true,1,126369
5000159538626,false,מאגדת טוויקס חמישייה,,,מאגדת טוויקס חמישייה,גרמים,250.00,100 גרם,false,,9.90,0.0396,true,1,126019
5000159541152,false,טוויקס לבן בודד,,,טוויקס לבן בודד,גרמים,46.00,100 גרם,false,,4.00,0.0870,false,1,187145
5000189974579,false,קיט קט מיני 200 גר',,,קיט קט מיני 200 גר',גרמים,200.00,100 גרם,false,,13.90,0.0695,true,1,109843
5000204048711,false,קיווי להגנת נעלי ספו,קיווי,,קיווי להגנת נעלי ספו,מיליליטרים,200.00,"100 מ""ל",false,,17.90,0.0895,true,1,185856
5000204114867,false,גלייד ארוסול בניחוח,גלייד,,גלייד ארוסול בניחוח,מיליליטרים,300.00,"100 מ""ל",false,,10.00,0.0333,true,1,118041
5000204114898,false,גלייד ארוסול בניחוח,גלייד,,גלייד ארוסול בניחוח,מיליליטרים,300.00,"100 מ""ל",false,,10.00,0.0333,true,1,118047
5000204114928,false,גלייד ארוסול בניחוח,גלייד,,גלייד ארוסול בניחוח,מיליליטרים,300.00,"100 מ""ל",false,,10.00,0.0333,true,1,118042
5000204114959,false,גלייד ארוסול בניחוח,גלייד,,גלייד ארוסול בניחוח,מיליליטרים,300.00,"100 מ""ל",false,,10.00,0.0333,true,1,118048
5000204151022,false,פלדג' ארוסול לניקוי,פלדג',,פלדג' ארוסול לניקוי,מיליליטרים,250.00,"100 מ""ל",false,,15.90,0.0636,true,1,124683
5000204151053,false,פלדג' אירוסול לניקוי,פלדג',,פלדג' אירוסול לניקוי,מיליליטרים,250.00,"100 מ""ל",false,,15.90,0.0636,true,1,120209
5000204153729,false,גלייד מילוי אוטומטי,גלייד,,גלייד מילוי אוטומטי,מיליליטרים,269.00,"100 מ""ל",false,,14.90,0.0554,true,1,122599
5000204153842,false,גלייד מילוי אוטומטי,גלייד,,גלייד מילוי אוטומטי,מיליליטרים,269.00,"100 מ""ל",false,,14.90,0.0554,true,1,120984
5000204153903,false,גלייד מילוי אוטומטי,גלייד,,גלייד מילוי אוטומטי,מיליליטרים,269.00,"100 מ""ל",false,,14.90,0.0554,true,1,120981
5000204155723,false,גלייד מארז אוטומטי מ,גלייד,,גלייד מארז אוטומטי מ,יחידה,0.00,יחידה,false,,39.90,0.0000,true,1,122559
5000204171822,false,מילוי דאק דיסק ג'ל ב,טואלט דאק (ג'ונסון),,מילוי דאק דיסק ג'ל ב,מיליליטרים,36.00,"100 מ""ל",false,,9.90,0.2750,true,1,124248
5000204182026,false,גלייד ג'ל בניחוח אוד,גלייד,,גלייד ג'ל בניחוח אוד,גרמים,180.00,100 גרם,false,,15.90,0.0883,true,1,126168
5000204182057,false,גלייד ג'ל ריחני בניח,גלייד,,גלייד ג'ל ריחני בניח,גרמים,180.00,100 גרם,false,,15.90,0.0883,true,1,126169
5000204196894,false,רייד נוזל מילוי אקלי,רייד,,רייד נוזל מילוי אקלי,יחידה,0.00,יחידה,false,,19.90,0.0000,true,1,189107
5000204220933,false,רייד אירוסול קוטל מע,רייד,,רייד אירוסול קוטל מע,מיליליטרים,300.00,"100 מ""ל",false,,13.90,0.0463,true,1,188459
5000204243031,false,דאק נוזל ירח פורח 75,טואלט דאק (ג'ונסון),,דאק נוזל ירח פורח 75,מיליליטרים,750.00,"100 מ""ל",false,,8.90,0.0119,true,1,187976
5000204254587,false,דאק סבון מוצק לאסלה,טואלט דאק (ג'ונסון),,דאק סבון מוצק לאסלה,גרמים,38.60,100 גרם,false,,9.90,0.2565,true,1,188454
5000204254617,false,דאק סבון מוצק לאסלה,טואלט דאק (ג'ונסון),,דאק סבון מוצק לאסלה,גרמים,38.60,100 גרם,false,,9.90,0.2565,true,1,188455
5000204657883,false,משחת נעליים קיווי חו,קיווי,,משחת נעליים קיווי חו,מיליליטרים,50.00,"100 מ""ל",false,,5.90,0.1180,true,1,61532
5000204657913,false,משחת נעליים קיווי שח,קיווי,,משחת נעליים קיווי שח,מיליליטרים,50.00,"100 מ""ל",false,,5.90,0.1180,true,1,61926
5000204658064,false,קיווי אקספרס ספוג הב,קיווי,,קיווי אקספרס ספוג הב,יחידה,0.00,יחידה,false,,14.90,0.0000,true,1,61927
5000204658187,false,משחת נעליים קיווי שח,קיווי,,משחת נעליים קיווי שח,מיליליטרים,75.00,"100 מ""ל",false,,14.90,0.1987,true,1,61719
5000204661392,false,משחת נעליים אקסטרא ש,קיווי,,משחת נעליים אקסטרא ש,יחידה,0.00,יחידה,false,,8.90,0.0000,true,1,61533
5000204886566,false,פלדג' 473 ORANGE OIL,פלדג',,פלדג' 473 ORANGE OIL,יחידה,475.00,יחידה,false,,32.90,0.0693,true,1,23594
5000209145514,false,מי פה פלאקס 250מל,קולגייט,,מי פה פלאקס 250מל,מיליליטרים,250.00,"100 מ""ל",false,,13.90,0.0556,true,1,133442
5000267014234,false,וויסקי גוני ווקר אדו,,,וויסקי גוני ווקר אדו,מיליליטרים,700.00,"100 מ""ל",false,,75.00,0.1071,true,1,120247
5000267024233,false,גו'ני ווקר שחור 700,,,גו'ני ווקר שחור 700,מיליליטרים,700.00,"100 מ""ל",false,,110.00,0.1571,false,1,35877
5000394137486,false,דורסל רביעיות AA אופ,,,דורסל רביעיות AA אופ,יחידה,0.00,יחידה,false,,18.90,0.0000,true,1,186176
5000394140820,false,דורסל שישיות AA פלוס,,,דורסל שישיות AA פלוס,יחידה,0.00,יחידה,false,,18.90,0.0000,true,1,186178
5000394140851,false,דורסל רביעיות AA  פל,,,דורסל רביעיות AA  פל,יחידה,0.00,יחידה,false,,17.90,0.0000,true,1,186182
5000394141209,false,דורסל שישיות AAA פלו,,,דורסל שישיות AAA פלו,יחידה,0.00,יחידה,false,,18.90,0.0000,true,1,186179
5010123703547,false,ליסטרין מנטה מרענן ש,,,ליסטרין מנטה מרענן ש,מיליליטרים,500.00,"100 מ""ל",false,,16.90,0.0338,true,1,106744
5010123703585,false,ליסטרין מי פה קולמינ,,,ליסטרין מי פה קולמינ,מיליליטרים,500.00,"100 מ""ל",false,,16.90,0.0338,true,1,105486
5010123730222,false,ליסטרין שטיפת פה טוט,,,ליסטרין שטיפת פה טוט,מיליליטרים,500.00,"100 מ""ל",false,,16.90,0.0338,true,1,105487
5010182996799,false,דאק ג'ל אסלה פרחי בר,טואלט דאק (ג'ונסון),,דאק ג'ל אסלה פרחי בר,מיליליטרים,55.00,"100 מ""ל",false,,9.90,0.1800,false,1,16543
5010182996805,false,RAIDמונע עש שמן עץ ה,,,RAIDמונע עש שמן עץ ה,גרמים,2.00,100 גרם,false,,12.90,6.4500,true,1,16544
5010182997253,false,RAIDקוטל ג'וקים 400מ,רייד,,RAIDקוטל ג'וקים 400מ,מיליליטרים,400.00,"100 מ""ל",false,,13.90,0.0348,false,1,16546
5010182997338,false,ט.ד ג'ל אסלה ניחוח ר,טואלט דאק (ג'ונסון),,ט.ד ג'ל אסלה ניחוח ר,גרמים,55.00,100 גרם,false,,10.90,0.1982,true,1,16547
5010182997680,false,"RAIDקוטל נמלים 400מ""",רייד,,"RAIDקוטל נמלים 400מ""",מיליליטרים,400.00,"100 מ""ל",false,,13.90,0.0348,false,1,16549
5010182997918,false,ט.ד ג'ל אסלה ניחוח י,טואלט דאק (ג'ונסון),,ט.ד ג'ל אסלה ניחוח י,גרמים,55.00,100 גרם,false,,10.90,0.1982,true,1,16551
5010265002911,true,פת פריכה מקמח שיפון,,,פת פריכה מקמח שיפון,,0.00,,false,,10.90,0.0000,true,1,123143
5010327000046,false,וויסקי גרנט'ס,,,וויסקי גרנט'ס,מיליליטרים,750.00,"100 מ""ל",false,,69.90,0.0932,false,1,13379
5010394984577,false,פדיגרי דנטה סמול 110,פדיגרי,,פדיגרי דנטה סמול 110,גרמים,110.00,100 גרם,false,,10.90,0.0991,true,1,77383
5010394984584,false,פדיגרי דנטה סטיקס 18,פדיגרי,,פדיגרי דנטה סטיקס 18,גרמים,180.00,100 גרם,false,,13.90,0.0772,true,1,63912
5010394986052,false,פדיגרי גריביבונס 400,פדיגרי,,פדיגרי גריביבונס 400,גרמים,400.00,100 גרם,false,,18.90,0.0472,true,1,63913
5010622005012,false,חוט דנטלי ללא שעווה,אורל-בי,,חוט דנטלי ללא שעווה,יחידה,0.00,יחידה,false,,16.90,0.0000,true,1,25663
5010677551281,false,בקרדי בריזר לימו,בקרדי בריזר,,בקרדי בריזר לימו,יחידה,275.00,יחידה,false,,12.90,0.0469,false,1,18613
5010677551397,false,בקרדי בריזר ליים,בקרדי בריזר,,בקרדי בריזר ליים,מיליליטרים,275.00,"100 מ""ל",false,,12.90,0.0469,false,1,95104
5010677552387,false,בקרדי בריזר אננס,בקרדי בריזר,,בקרדי בריזר אננס,יחידה,275.00,יחידה,false,,12.90,0.0469,false,1,18614
5010677554398,false,בקרדי בריזר אבטי,בקרדי בריזר,,בקרדי בריזר אבטי,מיליליטרים,275.00,"100 מ""ל",false,,12.90,0.0469,false,1,18616
5010677850100,false,"גריי גוס 700 מ""ל",,,"גריי גוס 700 מ""ל",מיליליטרים,700.00,"100 מ""ל",false,,110.00,0.1571,true,1,115774
5011007003227,false,ג'יימסון וויסקי אירי,,,ג'יימסון וויסקי אירי,ליטרים,1.00,ליטר,false,,115.00,115.0000,false,1,41842
5011061104045,false,ממתק שערות סבתא מסטי,,,ממתק שערות סבתא מסטי,גרמים,15.00,100 גרם,false,,3.90,0.2600,true,1,189704
5011157630281,false,אורז טילדה,אלסקה/ טילדה,,אורז טילדה,קילוגרמים,1.00,"ק""ג",false,,24.90,24.9000,true,1,14209
5011157671222,false,טילדה אורז בסמטי חום,,,טילדה אורז בסמטי חום,קילוגרמים,1.00,"100 ק""ג",false,,24.90,24.9000,true,1,185902
5011157730271,false,טילדה אורז יסמין,,,טילדה אורז יסמין,קילוגרמים,1.00,"100 ק""ג",false,,24.90,24.9000,true,1,185901
5011417547885,false,איירוויק מקלות ריחני,איירוויק,,איירוויק מקלות ריחני,מיליליטרים,30.00,"100 מ""ל",false,,14.90,0.4967,true,1,104267
5011417552247,false,אירוויק נטול גז לילך,איירוויק,,אירוויק נטול גז לילך,מיליליטרים,345.00,"100 מ""ל",false,,14.90,0.0432,true,1,36933
5011417554760,false,אקווה מיסט ורדים,,,אקווה מיסט ורדים,מיליליטרים,345.00,"100 מ""ל",false,,14.90,0.0432,true,1,55739
5012251008631,false,מגבונים לפנים תמצית,,,מגבונים לפנים תמצית,יחידה,0.00,יחידה,false,,12.90,0.0000,true,1,126968
5012251009423,false,מגבונים לניקוי פנים,,,מגבונים לניקוי פנים,יחידה,0.00,יחידה,false,,12.90,0.0000,true,1,126969
5012251012249,false,תרחיץ פילינג לפנים ב,,,תרחיץ פילינג לפנים ב,מיליליטרים,150.00,"100 מ""ל",false,,14.90,0.0993,true,1,115270
5012251012256,false,תרחיץ לפנים בתוספת פ,,,תרחיץ לפנים בתוספת פ,מיליליטרים,150.00,"100 מ""ל",false,,14.90,0.0993,true,1,115271
5012251012645,false,מדבקות להוצאת שחורים,,,מדבקות להוצאת שחורים,יחידה,0.00,יחידה,false,,12.90,0.0000,true,1,117342
5012251013314,false,מגבונים לפנים תמצית,,,מגבונים לפנים תמצית,יחידה,0.00,יחידה,false,,12.90,0.0000,true,1,126971
5013931015789,false,ידית הפלא עם כרית פל,,,ידית הפלא עם כרית פל,יחידה,0.00,יחידה,false,,21.90,0.0000,true,1,124739
5013965953354,false,אוראל בי משחת שיניים,,,אוראל בי משחת שיניים,מיליליטרים,100.00,"100 מ""ל",false,,11.90,0.1190,true,1,111205
5014271300429,false,ריבת משמש סנדלפור 28,סנדלפור,,ריבת משמש סנדלפור 28,גרמים,284.00,100 גרם,false,,18.90,0.0665,false,1,18079
5014271310428,false,ריבת דובדבן סנדלפור,סנדלפור,,ריבת דובדבן סנדלפור,גרמים,284.00,100 גרם,false,,18.90,0.0665,false,1,18080
5014271330426,false,ריבת אוכמניות סנדלפו,סנדלפור,,ריבת אוכמניות סנדלפו,גרמים,284.00,100 גרם,false,,18.90,0.0665,false,1,18081
5014271350424,false,ריבת פירות סנדלפור 2,סנדלפור,,ריבת פירות סנדלפור 2,גרמים,284.00,100 גרם,false,,18.90,0.0665,false,1,18082
5014271360423,false,מעדן תפוז סנדלפור 28,סנדלפור,,מעדן תפוז סנדלפור 28,גרמים,284.00,100 גרם,false,,18.90,0.0665,false,1,18083
5014271370422,false,ריבת אפרסק סנדלפור 2,סנדלפור,,ריבת אפרסק סנדלפור 2,גרמים,284.00,100 גרם,false,,18.90,0.0665,false,1,18084
5014271400426,false,ריבת תות סנדלפור 284,סנדלפור,,ריבת תות סנדלפור 284,גרמים,284.00,100 גרם,false,,18.90,0.0665,false,1,18087
5014271560427,false,ריבת תפוז וג'ינג'ר ס,סנדלפור,,ריבת תפוז וג'ינג'ר ס,גרמים,284.00,100 גרם,false,,18.90,0.0665,false,1,18088
5014271795980,false,ריבת אוכמניות וחמוצי,סנדלפור,,ריבת אוכמניות וחמוצי,גרמים,284.00,100 גרם,false,,18.90,0.0665,false,1,18094
5014379009972,false,פחית בירה באדוויזר 5,,,פחית בירה באדוויזר 5,מיליליטרים,500.00,"100 מ""ל",false,,9.90,0.0198,true,1,116965
5016840000211,false,וויסקי היי קומישנר 7,,,וויסקי היי קומישנר 7,מיליליטרים,700.00,"100 מ""ל",false,,64.90,0.0927,true,1,106884
5026489483955,false,חטיף על בסיס קמח חומ,,,חטיף על בסיס קמח חומ,גרמים,45.00,100 גרם,false,,7.50,0.1667,true,1,111344
5026489483993,false,חטיף על בסיס קמח עדש,,,חטיף על בסיס קמח עדש,גרמים,40.00,100 גרם,false,,7.50,0.1875,true,1,111345
5026489484006,false,חטיף עדשים טומטו,,,חטיף עדשים טומטו,גרמים,40.00,100 גרם,false,,7.50,0.1875,true,1,112619
5026489484778,false,חטיף על בסיס קמח קינ,,,חטיף על בסיס קמח קינ,גרמים,30.00,100 גרם,false,,7.50,0.2500,true,1,112132
5029053002408,false,נייר טואלט קלינקס פר,,,נייר טואלט קלינקס פר,גרמים,1184.00,100 גרם,false,,32.90,0.0278,false,1,13574
5029053002439,false,נייר טואלט קלינק,,,נייר טואלט קלינק,גרמים,1184.00,100 גרם,false,,32.90,0.0278,false,1,13575
5029053032658,false,קלינקס ממחטות מארז ש,,,קלינקס ממחטות מארז ש,יחידה,0.00,יחידה,false,,8.90,0.0000,true,1,105011
5029053039725,false,קלינקס נטורל פרש קופ,,,קלינקס נטורל פרש קופ,יחידה,0.00,יחידה,false,,9.90,0.0000,false,1,186313
5029053510811,false,קוטקס אולטרא נור,קוטקס,,קוטקס אולטרא נור,יחידה,0.00,יחידה,false,,17.90,0.0000,false,1,13586
5029053510828,false,קוטקס אולטרא סופ,קוטקס,,קוטקס אולטרא סופ,יחידה,0.00,יחידה,false,,17.90,0.0000,false,1,13587
5029053523446,false,קוטקס אולטרא ליי,קוטקס,,קוטקס אולטרא ליי,יחידה,0.00,יחידה,false,,17.90,0.0000,false,1,13605
5029053527574,false,דריי נייטס 7-4 בנים,האגיס,,דריי נייטס 7-4 בנים,יחידה,0.00,יחידה,false,,29.90,0.0000,false,1,13608
5029053527598,false,האגיס דריי נייטס 8-1,האגיס,,האגיס דריי נייטס 8-1,יחידה,0.00,יחידה,false,,29.90,0.0000,false,1,13610
5029053527604,false,האגיס דריי נייטס 8-1,האגיס,,האגיס דריי נייטס 8-1,יחידה,0.00,יחידה,false,,29.90,0.0000,false,1,13611
5029053534589,false,טמפוני קוטקס מיני-שי,קוטקס,,טמפוני קוטקס מיני-שי,יחידה,0.00,יחידה,false,,22.90,0.0000,true,1,37898
5029053534596,false,טמפוני קוטקס נורמל,קוטקס,,טמפוני קוטקס נורמל,יחידה,0.00,יחידה,false,,22.90,0.0000,true,1,37747
5029053535227,false,טמפון קוטקס עם מוליך,קוטקס,,טמפון קוטקס עם מוליך,יחידה,0.00,יחידה,false,,22.90,0.0000,true,1,42339
5029053574141,false,פול אפס בנות לילה 18,,,פול אפס בנות לילה 18,יחידה,0.00,יחידה,false,,41.90,0.0000,false,1,125056
5029053578309,false,קלינקס אולטרה סופט ק,,,קלינקס אולטרה סופט ק,יחידה,0.00,יחידה,false,,8.50,0.0000,false,1,186312
5029054220085,false,רביעיית מגבוני רך נו,,,רביעיית מגבוני רך נו,יחידה,0.00,יחידה,false,,24.90,0.0000,false,1,110701
5035766044772,false,סיידר תפוחים סטרונגב,,,סיידר תפוחים סטרונגב,יחידה,0.00,יחידה,false,,30.00,0.0000,false,1,69509
5050083545139,true,קלוגס פצפוצי אורז רי,,,קלוגס פצפוצי אורז רי,,0.00,,false,,24.90,0.0000,true,1,123066
5053827215862,false,קלוגס קוקו פופס 500,,,קלוגס קוקו פופס 500,גרמים,500.00,100 גרם,false,,16.90,0.0338,true,1,120020
5060319120023,true,הייר ליבינג תה קינמו,,,הייר ליבינג תה קינמו,,0.00,,false,,15.90,0.0000,true,1,123059
5060319120108,true,הייר ליבינג תה ארל ג,,,הייר ליבינג תה ארל ג,,0.00,,false,,15.90,0.0000,true,1,123060
5060319129286,true,הייר ליבינג תה לבן א,,,הייר ליבינג תה לבן א,,0.00,,false,,15.90,0.0000,true,1,123061
5060319129422,true,הייר ליבינג חליטת צמ,,,הייר ליבינג חליטת צמ,,0.00,,false,,15.90,0.0000,true,1,123062
5060412214124,false,אברקלין חול לחתולים,,,אברקלין חול לחתולים,קילוגרמים,6.00,"ק""ג",false,,54.90,9.1500,true,1,118756
5060504290104,false,צ'יפס פופקורן מתוק מ,,,צ'יפס פופקורן מתוק מ,גרמים,28.00,100 גרם,false,,5.90,0.2107,true,1,122920
5060517886486,false,משקה אנרגיה מונסטר ק,,,משקה אנרגיה מונסטר ק,מיליליטרים,500.00,"100 מ""ל",false,,7.50,0.0150,false,1,117872
5060517886516,false,משקה אנרגיה מונסטר ז,,,משקה אנרגיה מונסטר ז,מיליליטרים,500.00,"100 מ""ל",false,,7.00,0.0140,true,1,117873
5060639129102,false,משקה אנרגיה מונסטר פ,,,משקה אנרגיה מונסטר פ,מיליליטרים,500.00,"100 מ""ל",false,,7.50,0.0150,true,1,123374
5060751218173,false,משקה אנרגיה מונסטר 5,,,משקה אנרגיה מונסטר 5,מיליליטרים,500.00,"100 מ""ל",false,,7.50,0.0150,true,1,188625
5060751219033,false,משקה אנרגיה מונסטר 5,,,משקה אנרגיה מונסטר 5,מיליליטרים,500.00,"100 מ""ל",false,,7.50,0.0150,true,1,188624
5087396103237,false,חול קריסטל יהלום חתו,,,חול קריסטל יהלום חתו,קילוגרמים,3.80,"ק""ג",false,,34.90,9.1842,true,1,189657
5201100872602,false,קרם צבע לשיער אקסלנס,,,קרם צבע לשיער אקסלנס,יחידה,0.00,יחידה,false,,34.90,0.0000,true,1,118232
5201178801054,false,קרם ניוואה 250 ג,,,קרם ניוואה 250 ג,גרמים,250.00,100 גרם,false,,24.90,0.0996,true,1,20404
5201347400545,false,ויט ארומטיק שעווה לפ,ויט,,ויט ארומטיק שעווה לפ,מיליליטרים,0.00,"מ""ל",false,,19.90,0.0000,true,1,42871
5201940010110,false,זית שחור קלמטה 454 ג,וילי פוד,,זית שחור קלמטה 454 ג,גרמים,454.00,100 גרם,false,,14.90,0.0328,true,1,24147
5202390020407,false,פטה טבעונית 200 גר',,,פטה טבעונית 200 גר',גרמים,200.00,100 גרם,false,,22.90,0.1145,true,1,112731
5208049002473,false,קנט ארוך לונג,,,קנט ארוך לונג,יחידה,0.00,יחידה,false,,36.00,0.0000,false,1,117441
5391523057929,false,סימילאק גולד 700 גר',,,סימילאק גולד 700 גר',גרמים,700.00,100 גרם,false,,69.90,0.0999,false,1,111397
5391523057936,false,סימילאק גולד 700 גר',,,סימילאק גולד 700 גר',גרמים,700.00,100 גרם,false,,69.90,0.0999,false,1,111398
5391523057943,false,סימילאק גולד 700 גר',,,סימילאק גולד 700 גר',גרמים,700.00,100 גרם,false,,69.90,0.0999,false,1,111399
5391523058070,false,סימילאק אדבנס פלוס ש,,,סימילאק אדבנס פלוס ש,גרמים,700.00,100 גרם,false,,64.90,0.0927,false,1,110844
5391523058087,false,סימילאק אדבנס פלוס ש,,,סימילאק אדבנס פלוס ש,גרמים,700.00,100 גרם,false,,64.90,0.0927,false,1,110845
5400265024349,false,עוגיות המלט 250 גר',,,עוגיות המלט 250 גר',גרמים,250.00,100 גרם,false,,10.90,0.0436,true,1,37144
5410076951710,false,אריאל שושן צחור 4 קג,אריאל,,אריאל שושן צחור 4 קג,קילוגרמים,4.00,"ק""ג",false,,29.90,7.4750,false,1,95365
5410091648176,false,דאו' רול און פה Pink,פה,,דאו' רול און פה Pink,מיליליטרים,50.00,"100 מ""ל",false,,10.00,0.2000,false,1,24593
5410091677992,false,סאיוס ספריי לייצוב מ,,,סאיוס ספריי לייצוב מ,מיליליטרים,400.00,"100 מ""ל",false,,26.90,0.0672,true,1,97268
5410091678005,false,סאיוס ספריי ליצירת נ,,,סאיוס ספריי ליצירת נ,מיליליטרים,400.00,"100 מ""ל",false,,26.90,0.0672,true,1,108876
5410103161617,false,קרם לחות פעולה משולש,,,קרם לחות פעולה משולש,מיליליטרים,50.00,"100 מ""ל",false,,45.90,0.9180,true,1,106140
5410126116953,false,ממרח בטעם עוגיות לוט,,,ממרח בטעם עוגיות לוט,גרמים,400.00,100 גרם,false,,19.90,0.0497,false,1,61117
5410126666038,false,לוטוס 279 גר ארוז 2,,,לוטוס 279 גר ארוז 2,גרמים,279.00,100 גרם,false,,11.90,0.0427,true,1,111715
5410126716016,false,לוטוס 250 גר,לוטוס,,לוטוס 250 גר,גרמים,250.00,100 גרם,false,,10.90,0.0436,false,1,16242
5410126726947,false,ממרח עוגיות לוטוס קר,,,ממרח עוגיות לוטוס קר,גרמים,380.00,100 גרם,false,,19.90,0.0524,false,1,68354
5410173210055,false,קפה טחון וקלוי לפילט,,,קפה טחון וקלוי לפילט,גרמים,70.00,100 גרם,false,,19.90,0.2843,false,1,63183
5410228267515,false,בירה באדוויזר שישייה,,,בירה באדוויזר שישייה,מיליליטרים,1980.00,"100 מ""ל",false,,29.90,0.0151,true,1,117157
5410291021991,false,צ'וקטה ממרח אגוזי לו,,,צ'וקטה ממרח אגוזי לו,גרמים,700.00,100 גרם,false,,18.90,0.0270,true,1,100507
5410291022011,false,צ'וקטה ממרח אגוזי לו,,,צ'וקטה ממרח אגוזי לו,גרמים,350.00,100 גרם,false,,10.90,0.0311,true,1,100508
5410291022738,false,צ'וקטה ממרח דואו 350,צ'וקטה,,צ'וקטה ממרח דואו 350,גרמים,350.00,100 גרם,false,,10.90,0.0311,true,1,105527
5410291022752,false,צ'וקטה ממרח אגוזי לו,צ'וקטה,,צ'וקטה ממרח אגוזי לו,גרמים,350.00,100 גרם,false,,10.90,0.0311,true,1,105396
5410291022776,false,צ'וקטה ממרח אגוזי לו,צ'וקטה,,צ'וקטה ממרח אגוזי לו,גרמים,700.00,100 גרם,false,,18.90,0.0270,true,1,104618
5410316983693,false,סמירנוף אייס,סמירנוף,,סמירנוף אייס,יחידה,275.00,יחידה,false,,10.90,0.0396,true,1,5929
5410316994019,false,"וודקה סמירנוף 700 מ""",סמירנוף,,"וודקה סמירנוף 700 מ""",מיליליטרים,700.00,"100 מ""ל",false,,59.90,0.0856,false,1,65477
5411188081852,false,אלפרו חלב סויה וניל,,,אלפרו חלב סויה וניל,ליטרים,1.00,ליטר,false,,13.90,13.9000,true,1,68880
5411188096108,false,אלפרו שמנת צמחית לבי,אלפרו,,אלפרו שמנת צמחית לבי,מיליליטרים,250.00,"100 מ""ל",false,,9.50,0.0380,true,1,35421
5411188110835,false,אלפרו חלב שקדים 1 לי,אלפרו,,אלפרו חלב שקדים 1 לי,ליטרים,1.00,ליטר,false,,13.90,13.9000,true,1,62848
5411188112709,false,אלפרו משקה שקדים ללא,אלפרו,,אלפרו משקה שקדים ללא,ליטרים,1.00,ליטר,false,,13.90,13.9000,true,1,70213
5411188115366,false,אלפרו משקה שיבולת שו,,,אלפרו משקה שיבולת שו,ליטרים,1.00,ליטר,false,,13.90,13.9000,true,1,67799
5411188115434,false,אלפרו משקה בריסטה סו,,,אלפרו משקה בריסטה סו,ליטרים,1.00,ליטר,false,,13.90,13.9000,true,1,187711
5411188115472,false,אלפרו משקה סויה 1 לי,,,אלפרו משקה סויה 1 לי,ליטרים,1.00,ליטר,false,,13.90,13.9000,true,1,121215
5411188118732,false,אלפרו משקה קוקוס שקד,,,אלפרו משקה קוקוס שקד,ליטרים,1.00,ליטר,false,,13.90,13.9000,true,1,98415
5411188120742,false,אלפרו משקה שקדים בטע,,,אלפרו משקה שקדים בטע,ליטרים,1.00,ליטר,false,,13.90,13.9000,true,1,98416
5411188120957,false,אלפרו תערובת לבישול,,,אלפרו תערובת לבישול,מיליליטרים,250.00,"100 מ""ל",false,,9.90,0.0396,true,1,106051
5411188121923,false,אלפרו סויה סידן שלשו,,,אלפרו סויה סידן שלשו,מיליליטרים,0.00,"100 מ""ל",false,,13.90,0.0000,true,1,108233
5411188121978,false,אלפרו סויה סדן שלישי,,,אלפרו סויה סדן שלישי,מיליליטרים,750.00,"100 מ""ל",false,,13.90,0.0185,true,1,107044
5411188124689,false,אלפרו משקה שיבולת שו,,,אלפרו משקה שיבולת שו,ליטרים,1.00,ליטר,false,,13.90,13.9000,true,1,122077
5411188124726,false,אלפרו משקה שיבולת שו,,,אלפרו משקה שיבולת שו,ליטרים,1.00,100 ליטר,false,,13.90,13.9000,true,1,107515
5411188127697,false,אלפרו בריסטה שיבולת,,,אלפרו בריסטה שיבולת,ליטרים,1.00,100 ליטר,false,,13.90,13.9000,true,1,121217
5411188129899,false,אלפרו בריסטה שקדים 1,,,אלפרו בריסטה שקדים 1,ליטרים,1.00,100 ליטר,false,,13.90,13.9000,true,1,121218
5411188133476,false,אלפרו משקה סויה שוקו,,,אלפרו משקה סויה שוקו,מיליליטרים,250.00,"100 מ""ל",false,,6.90,0.0276,true,1,126715
5411188133490,false,אלפרו משקה סויה קפה,,,אלפרו משקה סויה קפה,מיליליטרים,250.00,"100 מ""ל",false,,6.90,0.0276,true,1,126716
5411188134985,false,אלפרו 3.5% שומן שיבו,,,אלפרו 3.5% שומן שיבו,ליטרים,1.00,ליטר,false,,12.90,12.9000,true,1,126714
5411188135005,false,אלפרו 1.8% שומן שיבו,,,אלפרו 1.8% שומן שיבו,ליטרים,1.00,ליטר,false,,12.90,12.9000,true,1,126713
5411188300328,false,אלפרו סויה שוקו 1 ל,אלפרו,,אלפרו סויה שוקו 1 ל,ליטרים,1.00,ליטר,false,,13.90,13.9000,true,1,69156
5411188513483,false,אלפרו סויה לבישול 14,,,אלפרו סויה לבישול 14,מיליליטרים,250.00,"100 מ""ל",false,,9.50,0.0380,true,1,187713
5411188543398,false,אלפרו משקה סויה ללא,,,אלפרו משקה סויה ללא,ליטרים,1.00,ליטר,false,,13.90,13.9000,true,1,121219
5411616002190,false,בירה מרטנס 8.5% כהל,,,בירה מרטנס 8.5% כהל,מיליליטרים,500.00,"100 מ""ל",false,,6.50,0.0130,true,1,94391
5411616133245,false,מרטינס בירה פחית 500,,,מרטינס בירה פחית 500,מיליליטרים,500.00,"100 מ""ל",false,,6.50,0.0130,true,1,35449
5411616148546,false,מרטינס גולד בירה פחי,,,מרטינס גולד בירה פחי,מיליליטרים,500.00,"100 מ""ל",false,,6.50,0.0130,true,1,35456
5413121364121,false,בלג'יאן טראפלס קקאו,,,בלג'יאן טראפלס קקאו,גרמים,150.00,100 גרם,false,,10.90,0.0727,true,1,108747
5413121388905,false,בלג'יאן טראפלס אגוז,,,בלג'יאן טראפלס אגוז,גרמים,150.00,100 גרם,false,,9.90,0.0660,true,1,118847
5413149655522,false,אריאל שושן צחור 1.25,אריאל,,אריאל שושן צחור 1.25,קילוגרמים,1.25,"ק""ג",false,,14.90,11.9200,true,1,35613
5413149922907,false,אריאל קולור וסטייל 5,אריאל,,אריאל קולור וסטייל 5,קילוגרמים,5.00,"ק""ג",false,,36.90,7.3800,false,1,37996
5413149922938,false,אריאל שושן צחור 5קג,אריאל,,אריאל שושן צחור 5קג,קילוגרמים,5.00,"ק""ג",false,,36.90,7.3800,false,1,37997
5413216990242,false,בונבוניירה צדפות בלג,,,בונבוניירה צדפות בלג,גרמים,250.00,100 גרם,false,,17.90,0.0716,true,1,98873
5601008200444,false,עוגיות טבעת מצופות ש,גודי'ס,,עוגיות טבעת מצופות ש,גרמים,150.00,100 גרם,false,,6.50,0.0433,true,1,56229
5601008200451,false,עוגיות טבעת מצופות ש,גודי'ס,,עוגיות טבעת מצופות ש,גרמים,150.00,100 גרם,false,,6.50,0.0433,true,1,56230
5601008200468,false,עוגיות טבעת מצופות ש,גודי'ס,,עוגיות טבעת מצופות ש,גרמים,150.00,100 גרם,false,,6.50,0.0433,true,1,56231
5601036205534,false,אקסלנס צבע לשיער,,,אקסלנס צבע לשיער,יחידה,0.00,יחידה,false,,34.90,0.0000,true,1,57799
5601036205558,false,צבע לשיער אקסלנס,,,צבע לשיער אקסלנס,יחידה,0.00,יחידה,false,,34.90,0.0000,true,1,57394
5601036205572,false,צבע לשיער אקסלנס,,,צבע לשיער אקסלנס,יחידה,0.00,יחידה,false,,34.90,0.0000,true,1,59888
5601036205626,false,צבע לשיער אקסלנס 6,,,צבע לשיער אקסלנס 6,יחידה,0.00,יחידה,false,,34.90,0.0000,true,1,59345
5601036205657,false,אקסלנס קרם צבע לשיער,,,אקסלנס קרם צבע לשיער,יחידה,0.00,יחידה,false,,34.90,0.0000,true,1,56968
5601036205688,false,צבע לשיער לוריאל,,,צבע לשיער לוריאל,יחידה,0.00,יחידה,false,,34.90,0.0000,true,1,106802
5601045300022,false,גוארנה אנטרטיקה 330,,,גוארנה אנטרטיקה 330,יחידה,330.00,יחידה,false,,6.00,0.0182,true,1,38165
5603037413161,false,קרסוליות,,,קרסוליות,יחידה,0.00,יחידה,false,,8.90,0.0000,true,1,40445
5603037413178,false,גרבי ברך,,,גרבי ברך,יחידה,0.00,יחידה,false,,8.90,0.0000,true,1,40774
5603037413345,false,גרביונים,,,גרביונים,יחידה,0.00,יחידה,false,,13.90,0.0000,true,1,40897
5603037413468,false,גרביונים מידה XL,,,גרביונים מידה XL,יחידה,0.00,יחידה,false,,13.90,0.0000,true,1,39678
5603037413482,false,גרביי מכנס,,,גרביי מכנס,יחידה,0.00,יחידה,false,,13.90,0.0000,true,1,41352
5603037413611,false,גרביונים,,,גרביונים,יחידה,0.00,יחידה,false,,13.90,0.0000,true,1,41188
5603037418999,false,עקביות ניילון,,,עקביות ניילון,יחידה,0.00,יחידה,false,,4.20,0.0000,true,1,94948
5604912415058,false,סרדינים בשמן חמניה ח,,,סרדינים בשמן חמניה ח,גרמים,125.00,100 גרם,false,,6.30,0.0504,true,1,110888
5701932026964,false,פופקורן למיקרוגל,,,פופקורן למיקרוגל,גרמים,600.00,100 גרם,false,,15.00,0.0250,true,1,12928
5701932026971,false,פופקורן חמאה 600,,,פופקורן חמאה 600,גרמים,600.00,100 גרם,false,,15.00,0.0250,true,1,12929
5701932026995,false,פופקורן הוטפופ,,,פופקורן הוטפופ,גרמים,510.00,100 גרם,false,,15.00,0.0294,false,1,12930
5706516031358,false,הוטפופ 100קלוריות,הוט פופ,,הוטפופ 100קלוריות,גרמים,160.00,100 גרם,false,,15.00,0.0938,true,1,36096
5706516110039,false,הוטפופ מופחת שומן ונ,הוט פופ,,הוטפופ מופחת שומן ונ,גרמים,540.00,100 גרם,false,,15.00,0.0278,true,1,121121
5711953106583,false,ארלה גבינת שמנת טבעי,,,ארלה גבינת שמנת טבעי,גרמים,200.00,100 גרם,false,,14.90,0.0745,true,1,116540
5711953106590,false,ארלה גבינת שמנת שום,,,ארלה גבינת שמנת שום,גרמים,200.00,100 גרם,false,,14.90,0.0745,true,1,116594
5711953106606,false,ארלה גבינת שמנת עשבי,,,ארלה גבינת שמנת עשבי,גרמים,200.00,100 גרם,false,,14.90,0.0745,true,1,116541
5740900403215,false,ממרח מחמאת לורפק עם,,,ממרח מחמאת לורפק עם,גרמים,250.00,100 גרם,false,,16.90,0.0676,false,1,111608
5740900403222,false,ממרח מחמאת לורפק עם,,,ממרח מחמאת לורפק עם,גרמים,250.00,100 גרם,false,,16.90,0.0676,false,1,111609
5740900403239,false,ממרח מחמאת לורפק ללא,,,ממרח מחמאת לורפק ללא,גרמים,250.00,100 גרם,false,,16.90,0.0676,false,1,111610
5740900403246,false,ממרח מחמאת לורפק ללא,,,ממרח מחמאת לורפק ללא,גרמים,500.00,100 גרם,false,,26.90,0.0538,false,1,111611
5740900403253,false,ממרח מחמאת לורפק עם,,,ממרח מחמאת לורפק עם,גרמים,500.00,100 גרם,false,,26.90,0.0538,false,1,111612
5740900403260,false,ממרח לורפק ללא מלח 2,,,ממרח לורפק ללא מלח 2,גרמים,250.00,100 גרם,false,,16.90,0.0676,false,1,111613
5740900403284,false,חמאה לורפק 200 גר לל,,,חמאה לורפק 200 גר לל,גרמים,200.00,100 גרם,false,,11.50,0.0575,false,1,121086
5740900403864,false,חמאה לורפק 200 גרם ע,,,חמאה לורפק 200 גרם ע,גרמים,200.00,100 גרם,false,,11.50,0.0575,false,1,126678
5900020012814,false,נסקוויק דגני בוקר בט,נסקוויק,,נסקוויק דגני בוקר בט,גרמים,500.00,100 גרם,false,,19.90,0.0398,false,1,36709
5900020020710,false,קראנץ בר שוקו וניל 6,נסטלה,,קראנץ בר שוקו וניל 6,גרמים,150.00,100 גרם,false,,14.90,0.0993,false,1,64912
5900020020741,false,נסקוויק בר דגנים שוק,נסטלה,,נסקוויק בר דגנים שוק,גרמים,150.00,100 גרם,false,,14.90,0.0993,false,1,64913
5900020024770,false,חטיפי פיטנס בר דליס,נסטלה,,חטיפי פיטנס בר דליס,גרמים,135.00,100 גרם,false,,14.90,0.1104,false,1,95946
5900020024817,false,חטיפי פיטנס בר דליס,נסטלה,,חטיפי פיטנס בר דליס,גרמים,135.00,100 גרם,false,,14.90,0.1104,false,1,95947
5900020025647,false,חטיפי פיטנס בר דליס,נסטלה,,חטיפי פיטנס בר דליס,גרמים,135.00,100 גרם,false,,14.90,0.1104,false,1,95949
5900020025807,false,סיני מיניס דגנים 375,נסטלה,,סיני מיניס דגנים 375,גרמים,375.00,100 גרם,false,,10.00,0.0267,false,1,96439
5900020026552,false,האני נאט ציריוס עידן,,,האני נאט ציריוס עידן,גרמים,625.00,100 גרם,false,,19.90,0.0318,false,1,99986
5900020031877,false,צ'ריוס האני נאט חטיף,,,צ'ריוס האני נאט חטיף,גרמים,132.00,100 גרם,false,,14.90,0.1129,false,1,110654
5900020032454,false,פיטנס ברים חטיף עוגי,,,פיטנס ברים חטיף עוגי,גרמים,188.00,100 גרם,false,,14.90,0.0793,true,1,125364
5900020032539,false,פיטנס בר חטיף שוקולד,,,פיטנס בר חטיף שוקולד,גרמים,188.00,100 גרם,false,,14.90,0.0793,true,1,125365
5900020033314,false,ליון חטיף דגנים 6*25,,,ליון חטיף דגנים 6*25,גרמים,150.00,100 גרם,false,,14.90,0.0993,false,1,111792
5900020034991,false,קראנץ צדפים בטעם שוק,,,קראנץ צדפים בטעם שוק,גרמים,450.00,100 גרם,false,,19.90,0.0442,false,1,117346
5900020036407,false,דגני בוקר שוקולד וקר,,,דגני בוקר שוקולד וקר,גרמים,480.00,100 גרם,false,,19.90,0.0415,false,1,119690
5900020037916,false,צ'יריוס שיבולת שועל,,,צ'יריוס שיבולת שועל,גרמים,375.00,100 גרם,false,,16.90,0.0451,true,1,123210
5900020039132,false,צ'יריוס שיבולת שועל,,,צ'יריוס שיבולת שועל,גרמים,320.00,100 גרם,false,,16.90,0.0528,true,1,125433
5900627040104,false,הרפיק ג'ל אסלות,,,הרפיק ג'ל אסלות,יחידה,0.00,יחידה,false,,7.50,0.0000,true,1,63532
5900627063233,false,פיניש 50 טבליות AIO,פיניש,,פיניש 50 טבליות AIO,יחידה,0.00,יחידה,false,,39.90,0.0000,true,1,100630
5900951283963,false,חטיף סניקרס,,,חטיף סניקרס,גרמים,36.50,100 גרם,false,,4.00,0.1096,false,1,187375
5901414200411,false,עוגיות מיני היט,היט,,עוגיות מיני היט,גרמים,130.00,100 גרם,false,,6.90,0.0531,true,1,9581
5901888020508,false,FREEYU חטיף דגנים עם,,,FREEYU חטיף דגנים עם,גרמים,70.00,100 גרם,false,,13.90,0.1986,true,1,189693
5901888020546,false,FREEYU חטיף דגנים עם,,,FREEYU חטיף דגנים עם,גרמים,70.00,100 גרם,false,,13.90,0.1986,true,1,189694
5901888020560,false,FREEYU חטיף דגנים עם,,,FREEYU חטיף דגנים עם,גרמים,70.00,100 גרם,false,,13.90,0.1986,true,1,189695
5902198160403,false,"XL ten פחית 250 מ""ל",XL,,"XL ten פחית 250 מ""ל",מיליליטרים,250.00,"100 מ""ל",false,,4.50,0.0180,false,1,105000
5906485301012,false,משקה אנרגיה אקסל,XL,,משקה אנרגיה אקסל,מיליליטרים,250.00,"100 מ""ל",false,,4.50,0.0180,false,1,18479
5997010302017,false,מחית לגולש 70 גרם,,,מחית לגולש 70 גרם,גרמים,70.00,100 גרם,false,,9.90,0.1414,true,1,186026
5997321701806,false,"קלגון אבקה 1 ק""ג",,,"קלגון אבקה 1 ק""ג",קילוגרמים,1.00,"100 ק""ג",false,,29.90,29.9000,true,1,105841
5997321770307,false,ויט רצועות שעווה לעו,ויט,,ויט רצועות שעווה לעו,יחידה,0.00,יחידה,false,,19.90,0.0000,true,1,110271
5998749109113,false,פדיגרי דנטה לארג' 27,פדיגרי,,פדיגרי דנטה לארג' 27,גרמים,270.00,100 גרם,false,,18.90,0.0700,true,1,95720
5998749129746,false,ויסקס אדולט ביף 1.4,ויסקס,,ויסקס אדולט ביף 1.4,קילוגרמים,1.40,"ק""ג",false,,46.90,33.5000,true,1,100258
5998749129784,false,ויסקס אדולט צ'יקן 1.,,,ויסקס אדולט צ'יקן 1.,קילוגרמים,1.40,"ק""ג",false,,46.90,33.5000,true,1,100184
5998749139547,false,פדיגרי מיני ג'מבון 4,,,פדיגרי מיני ג'מבון 4,יחידה,0.00,יחידה,false,,16.90,0.0000,true,1,187745
5998749139974,false,פדיגרי ג'אמבון לארג',,,פדיגרי ג'אמבון לארג',גרמים,180.00,100 גרם,false,,17.90,0.0994,true,1,187718
6001067017523,false,קולגייט מברשת ילדים,קולגייט,,קולגייט מברשת ילדים,יחידה,0.00,יחידה,false,,9.90,0.0000,true,1,62850
6001067017530,false,קולגייט מברשת ילדים,קולגייט,,קולגייט מברשת ילדים,יחידה,0.00,יחידה,false,,9.90,0.0000,true,1,62851
6008165274629,false,פאל מאל כחול ארוך סט,,,פאל מאל כחול ארוך סט,יחידה,0.00,יחידה,false,,29.00,0.0000,false,1,96648
6009188004828,false,קיט קט צ'אנקי לבן,,,קיט קט צ'אנקי לבן,גרמים,40.00,100 גרם,false,,3.70,0.0925,true,1,190154
6111049000051,false,סרדין מרוקאי חריף,,,סרדין מרוקאי חריף,גרמים,90.00,100 גרם,false,,4.00,0.0444,true,1,62305
6111049000150,false,סרדינים בשמן צמחי עם,,,סרדינים בשמן צמחי עם,גרמים,90.00,100 גרם,false,,5.00,0.0556,true,1,62311
6111094000808,false,קוסקוס דארי ביינוני,,,קוסקוס דארי ביינוני,קילוגרמים,1.00,"ק""ג",false,,16.90,16.9000,true,1,106885
6111119000011,false,פרידה קוסקוס מחיטת ד,,,פרידה קוסקוס מחיטת ד,יחידה,1.00,יחידה,false,,9.90,9.9000,true,1,62307
6253016281428,false,"אלכוהול 100 מ""ל",,,"אלכוהול 100 מ""ל",מיליליטרים,100.00,"100 מ""ל",false,,6.50,0.0650,true,1,119886
6253017300012,false,טחינה קראוון 450 גר',,,טחינה קראוון 450 גר',גרמים,450.00,100 גרם,false,,14.90,0.0331,true,1,94002
6253017300029,false,טחינה היונה 950 גר',,,טחינה היונה 950 גר',גרמים,950.00,100 גרם,false,,29.90,0.0315,true,1,95267
6281001510390,false,מברשת שיניים קולגייט,קולגייט,,מברשת שיניים קולגייט,יחידה,0.00,יחידה,false,,9.90,0.0000,true,1,8032
6916954050098,false,יעה+גומי,,,יעה+גומי,יחידה,0.00,יחידה,false,,7.90,0.0000,true,1,188249
6920354822223,false,קולגייט נטורל משחת ש,,,קולגייט נטורל משחת ש,יחידה,0.00,יחידה,false,,29.90,0.0000,true,1,126309
6924977250401,false,גרביים לגבר,,,גרביים לגבר,יחידה,0.00,יחידה,false,,8.90,0.0000,true,1,70432
6934931267246,false,מצט להבה לגז,,,מצט להבה לגז,יחידה,0.00,יחידה,false,,9.90,0.0000,true,1,187751
7038516140418,false,ג'ורדן מברשות שיניים,ג'ורדן,,ג'ורדן מברשות שיניים,יחידה,0.00,יחידה,false,,14.90,0.0000,true,1,69320
7046110064016,false,ג'ורדן מברשת שיניים,ג'ורדן,,ג'ורדן מברשת שיניים,יחידה,0.00,יחידה,false,,19.90,0.0000,true,1,98389
7271730901261,false,פסטה גבינה וואקי מאק,,,פסטה גבינה וואקי מאק,גרמים,156.00,100 גרם,false,,10.90,0.0699,true,1,62350
7280001388083,false,מנגל פח,,,מנגל פח,יחידה,0.00,יחידה,false,,29.90,0.0000,true,1,33946
7290000000001,false,עגבניות,,,עגבניות,קילוגרמים,1.00,"ק""ג",true,,8.90,8.9000,false,1,14231
7290000000002,false,מלפפון,,,מלפפון,קילוגרמים,1.00,"ק""ג",true,,5.90,5.9000,false,1,14232
7290000000003,false,גזר,,,גזר,קילוגרמים,1.00,"ק""ג",true,,4.90,4.9000,true,1,14233
7290000000004,false,חצילים,,,חצילים,קילוגרמים,1.00,"ק""ג",true,,7.90,7.9000,true,1,14234
7290000000005,false,פלפל נהריה,,,פלפל נהריה,קילוגרמים,1.00,"ק""ג",true,,9.90,9.9000,true,1,13993
7290000000006,false,פלפל ירוק,,,פלפל ירוק,קילוגרמים,1.00,"ק""ג",true,,9.90,9.9000,true,1,14235
7290000000007,false,פלפל אדום,,,פלפל אדום,קילוגרמים,1.00,"ק""ג",true,,9.90,9.9000,true,1,13994
7290000000008,false,כרוב אדום,,,כרוב אדום,קילוגרמים,1.00,"ק""ג",true,,7.90,7.9000,true,1,14236
7290000000009,false,כרוב ירוק,,,כרוב ירוק,קילוגרמים,1.00,"ק""ג",true,,4.50,4.5000,true,1,14237
7290000000010,false,כרובית,,,כרובית,קילוגרמים,1.00,"ק""ג",true,,9.90,9.9000,true,1,14238
7290000000011,false,קישואים,,,קישואים,קילוגרמים,1.00,"ק""ג",true,,8.90,8.9000,true,1,14239
7290000000012,false,סלק,,,סלק,קילוגרמים,1.00,"ק""ג",true,,5.90,5.9000,true,1,14240
7290000000013,false,צנון,,,צנון,קילוגרמים,1.00,"ק""ג",true,,8.90,8.9000,true,1,14241
7290000000014,false,שעועית ירוקה,,,שעועית ירוקה,קילוגרמים,1.00,"ק""ג",true,,24.90,24.9000,true,1,14242
7290000000016,false,תפוחי אדמה לבן,,,תפוחי אדמה לבן,קילוגרמים,1.00,"ק""ג",true,,5.90,5.9000,true,1,14244
7290000000017,false,בצל יבש,,,בצל יבש,קילוגרמים,1.00,"ק""ג",true,,4.90,4.9000,true,1,14245
7290000000018,false,שום יבש,,,שום יבש,קילוגרמים,1.00,"ק""ג",true,,19.90,19.9000,true,1,14246
7290000000019,false,דלורית,ריץ',,דלורית,קילוגרמים,1.00,"ק""ג",true,,7.90,7.9000,true,1,14247
7290000000020,false,חסה מהדרין,,,חסה מהדרין,יחידה,0.00,יחידה,false,,6.90,0.0000,true,1,14248
7290000000021,false,פלפל חריף,,,פלפל חריף,קילוגרמים,1.00,"ק""ג",true,,8.90,8.9000,true,1,14249
7290000000022,false,סלרי עלים,,,סלרי עלים,יחידה,0.00,יחידה,false,,4.90,0.0000,true,1,14250
7290000000023,false,אבוקדו,,,אבוקדו,קילוגרמים,1.00,"ק""ג",true,,9.90,9.9000,true,1,14251
7290000000024,false,תירס מקולף,,,תירס מקולף,קילוגרמים,1.00,"ק""ג",true,,11.90,11.9000,true,1,14252
7290000000026,false,אפרסמון,,,אפרסמון,קילוגרמים,1.00,"ק""ג",true,,15.90,15.9000,true,1,14254
7290000000027,false,דלעת,,,דלעת,קילוגרמים,1.00,"ק""ג",true,,8.90,8.9000,true,1,14255
7290000000029,false,ענבים שחורים גדו,,,ענבים שחורים גדו,קילוגרמים,1.00,"ק""ג",true,,19.90,19.9000,true,1,14257
7290000000031,false,בצל ירוק,,,בצל ירוק,יחידה,0.00,יחידה,false,,4.90,0.0000,true,1,14259
7290000000032,false,בטטה ירושלמית,,,בטטה ירושלמית,קילוגרמים,1.00,"ק""ג",true,,16.90,16.9000,true,1,14260
7290000000033,false,תפוח אדמה גורמה,,,תפוח אדמה גורמה,קילוגרמים,1.00,"ק""ג",true,,6.90,6.9000,true,1,14261
7290000000034,false,חסה,,,חסה,יחידה,0.00,יחידה,false,,5.90,0.0000,true,1,14262
7290000000035,false,חסה עגולה,,,חסה עגולה,יחידה,0.00,יחידה,false,,5.90,0.0000,true,1,14263
7290000000037,false,אבטיח מיני,,,אבטיח מיני,קילוגרמים,1.00,"ק""ג",true,,7.50,7.5000,true,1,14265
7290000000038,false,ברוקולי מגש,,,ברוקולי מגש,יחידה,0.00,יחידה,false,,11.90,0.0000,true,1,10263
7290000000041,false,בטטה,,,בטטה,קילוגרמים,1.00,"ק""ג",true,,8.90,8.9000,true,1,14266
7290000000042,false,חזרת שורש,,,חזרת שורש,קילוגרמים,1.00,"ק""ג",true,,39.90,39.9000,true,1,14267
7290000000045,false,תפוח אדמה אדום,,,תפוח אדמה אדום,קילוגרמים,1.00,"ק""ג",true,,6.90,6.9000,true,1,14269
7290000000046,false,בצל לבן,,,בצל לבן,קילוגרמים,1.00,"ק""ג",true,,3.90,3.9000,true,1,14270
7290000000047,false,חבילת נענע טריה,,,חבילת נענע טריה,יחידה,0.00,יחידה,false,,4.90,0.0000,true,1,14271
7290000000049,false,כרישה (לוף  פראסה),,,כרישה (לוף  פראסה),קילוגרמים,1.00,"ק""ג",true,,16.90,16.9000,true,1,14272
7290000000050,false,צנונית,,,צנונית,יחידה,0.00,יחידה,false,,5.90,0.0000,true,1,14273
7290000000051,false,פלפל צהוב,,,פלפל צהוב,קילוגרמים,1.00,"ק""ג",true,,9.90,9.9000,true,1,14274
7290000000052,false,עגבניות שרי,,,עגבניות שרי,קילוגרמים,1.00,"ק""ג",true,,16.90,16.9000,true,1,10268
7290000000054,false,פלפל כתום,,,פלפל כתום,קילוגרמים,1.00,"ק""ג",true,,11.90,11.9000,true,1,14276
7290000000055,false,סלק עלים,,,סלק עלים,יחידה,0.00,יחידה,false,,4.90,0.0000,true,1,14277
7290000000057,false,אפרסק,,,אפרסק,קילוגרמים,1.00,"ק""ג",true,,9.90,9.9000,true,1,14279
7290000000058,false,נקטרינה,,,נקטרינה,קילוגרמים,1.00,"ק""ג",true,,9.90,9.9000,true,1,14280
7290000000060,false,תבלין טרי,,,תבלין טרי,יחידה,0.00,יחידה,false,,4.90,0.0000,true,1,10269
7290000000062,false,בצל אדום,,,בצל אדום,קילוגרמים,1.00,"ק""ג",true,,7.50,7.5000,true,1,14283
7290000000063,false,קולורבי,,,קולורבי,קילוגרמים,1.00,"ק""ג",true,,7.90,7.9000,true,1,14284
7290000000064,false,לימון,,,לימון,קילוגרמים,1.00,"ק""ג",true,,7.90,7.9000,true,1,14285
7290000000065,false,אשכולית אדומה,,,אשכולית אדומה,קילוגרמים,1.00,"ק""ג",true,,6.90,6.9000,true,1,14286
7290000000066,false,שזיף אדום,,,שזיף אדום,קילוגרמים,1.00,"ק""ג",true,,15.90,15.9000,true,1,14287
7290000000067,false,צנונית עלים,,,צנונית עלים,יחידה,0.00,יחידה,false,,5.90,0.0000,true,1,14288
7290000000068,false,רימון טרי,,,רימון טרי,קילוגרמים,1.00,"ק""ג",true,,7.90,7.9000,true,1,14289
7290000000069,false,ענבים ירוקים,,,ענבים ירוקים,קילוגרמים,1.00,"ק""ג",true,,24.90,24.9000,true,1,14290
7290000000070,false,פלפל שושקה ירוק/ אדו,,,פלפל שושקה ירוק/ אדו,קילוגרמים,1.00,"ק""ג",true,,19.90,19.9000,true,1,14291
7290000000071,false,אבטיח,,,אבטיח,קילוגרמים,1.00,"ק""ג",true,,7.90,7.9000,true,1,14292
7290000000072,false,תפוח עץ סטרקינג(חרמו,,,תפוח עץ סטרקינג(חרמו,קילוגרמים,1.00,"ק""ג",true,,9.90,9.9000,true,1,14293
7290000000073,false,סברס,,,סברס,קילוגרמים,1.00,"ק""ג",true,,29.90,29.9000,true,1,14294
7290000000074,false,תפוח עץ יונתן,,,תפוח עץ יונתן,קילוגרמים,1.00,"ק""ג",true,,11.90,11.9000,true,1,14295
7290000000075,false,תפוח עץ זהוב,,,תפוח עץ זהוב,קילוגרמים,1.00,"ק""ג",true,,9.90,9.9000,true,1,14296
7290000000077,false,תפוח עץ גרנד (סמית),,,תפוח עץ גרנד (סמית),קילוגרמים,1.00,"ק""ג",true,,9.90,9.9000,true,1,14298
7290000000078,false,מלון,,,מלון,קילוגרמים,1.00,"ק""ג",true,,7.90,7.9000,false,1,14299
7290000000081,false,אגסים,,,אגסים,קילוגרמים,1.00,"ק""ג",true,,12.90,12.9000,true,1,14301
7290000000083,false,תמר צהוב,,,תמר צהוב,קילוגרמים,1.00,"ק""ג",true,,9.90,9.9000,true,1,14303
7290000000084,false,קיוי,,,קיוי,קילוגרמים,1.00,"ק""ג",true,,18.90,18.9000,true,1,14304
7290000000085,false,שומר,,,שומר,קילוגרמים,1.00,"ק""ג",true,,6.90,6.9000,true,1,14305
7290000000086,false,ראש סלרי,,,ראש סלרי,יחידה,0.00,יחידה,false,,4.90,0.0000,true,1,14306
7290000000088,false,תפוזים,,,תפוזים,קילוגרמים,1.00,"ק""ג",true,,6.90,6.9000,true,1,14308
7290000000089,false,בננה,,,בננה,קילוגרמים,1.00,"ק""ג",true,,7.90,7.9000,true,1,14309
7290000000092,false,פומלה לבנה,,,פומלה לבנה,קילוגרמים,1.00,"ק""ג",true,,7.90,7.9000,true,1,14312
7290000000093,false,ענבים שחורים קטן,,,ענבים שחורים קטן,קילוגרמים,1.00,"ק""ג",true,,19.90,19.9000,true,1,14313
7290000000096,false,מנגו,,,מנגו,קילוגרמים,1.00,"ק""ג",true,,9.90,9.9000,true,1,14316
7290000000097,false,חבושים,,,חבושים,קילוגרמים,1.00,"ק""ג",true,,13.90,13.9000,true,1,14317
7290000000098,false,מנגו,,,מנגו,קילוגרמים,1.00,"ק""ג",true,,9.90,9.9000,true,1,14318
7290000000099,false,שורש פטרוזיליה,,,שורש פטרוזיליה,יחידה,0.00,יחידה,false,,4.90,0.0000,true,1,14319
7290000000100,false,ירק,,,ירק,יחידה,0.00,יחידה,false,,3.90,0.0000,true,1,14320
7290000000106,false,אנונה,,,אנונה,קילוגרמים,1.00,"ק""ג",true,,19.90,19.9000,true,1,14323
7290000000107,false,גזר תפזורת,,,גזר תפזורת,קילוגרמים,1.00,"ק""ג",true,,5.90,5.9000,true,1,14324
7290000000108,false,קישואים זוקיני,,,קישואים זוקיני,קילוגרמים,1.00,"ק""ג",true,,9.90,9.9000,true,1,10271
7290000000110,false,קלמנטינה,,,קלמנטינה,קילוגרמים,1.00,"ק""ג",true,,5.90,5.9000,true,1,14325
7290000000114,false,פפיה טרי,,,פפיה טרי,קילוגרמים,1.00,"ק""ג",true,,14.90,14.9000,true,1,14327
7290000000115,false,סנדוויץ,,,סנדוויץ,יחידה,0.00,יחידה,false,,3.00,0.0000,false,1,43170
7290000000117,false,עגבניות שרי תמר,,,עגבניות שרי תמר,קילוגרמים,1.00,"ק""ג",true,,22.90,22.9000,true,1,10272
7290000000122,false,תפוח עץ פינק בראשית,,,תפוח עץ פינק בראשית,קילוגרמים,1.00,"ק""ג",true,,14.90,14.9000,true,1,14223
7290000000125,false,ירק מהדרין,,,ירק מהדרין,יחידה,0.00,יחידה,false,,5.90,0.0000,true,1,10274
7290000000126,false,תפוזים ברשת,,,תפוזים ברשת,קילוגרמים,1.00,"ק""ג",true,,5.90,5.9000,true,1,14329
7290000000127,false,ג'ינג'ר טרי במשקל,,,ג'ינג'ר טרי במשקל,קילוגרמים,1.00,"ק""ג",true,,29.90,29.9000,true,1,10275
7290000000130,false,"תפ""א אדום תפזורת",,,"תפ""א אדום תפזורת",קילוגרמים,1.00,"ק""ג",true,,6.90,6.9000,true,1,10278
7290000000136,false,אפונה,,,אפונה,קילוגרמים,1.00,"ק""ג",true,,11.90,11.9000,true,1,14330
7290000000137,false,לוביה,,,לוביה,קילוגרמים,1.00,"ק""ג",true,,44.90,44.9000,true,1,10279
7290000000138,false,גויאבה,,,גויאבה,קילוגרמים,1.00,"ק""ג",true,,13.90,13.9000,true,1,14331
7290000000144,false,שעועית הילדה,,,שעועית הילדה,קילוגרמים,1.00,"ק""ג",true,,14.90,14.9000,true,1,10283
7290000000145,false,דלעת ערמונים,,,דלעת ערמונים,קילוגרמים,1.00,"ק""ג",true,,14.90,14.9000,true,1,31449
7290000000147,false,פטריות שמפיניון במשק,,,פטריות שמפיניון במשק,קילוגרמים,1.00,"ק""ג",true,,34.90,34.9000,true,1,10285
7290000000157,false,שום טרי עלים חתוך,,,שום טרי עלים חתוך,קילוגרמים,1.00,"ק""ג",true,,19.90,19.9000,true,1,14121
7290000000161,false,חציל בלאדי,,,חציל בלאדי,קילוגרמים,1.00,"ק""ג",true,,9.90,9.9000,true,1,7012
7290000000162,false,פיקוס גומי שחור 19,,,פיקוס גומי שחור 19,יחידה,0.00,יחידה,false,,21.90,0.0000,true,1,107334
7290000000165,false,אננס,,,אננס,יחידה,0.00,יחידה,false,,29.90,0.0000,true,1,10288
7290000000167,false,שרי מנומר/צהוב,,,שרי מנומר/צהוב,קילוגרמים,1.00,"ק""ג",true,,21.90,21.9000,true,1,14332
7290000000168,false,קרמבולה,,,קרמבולה,קילוגרמים,1.00,"ק""ג",true,,34.90,34.9000,true,1,14333
7290000000169,false,עגבניות תמר,,,עגבניות תמר,קילוגרמים,1.00,"ק""ג",true,,8.90,8.9000,false,1,14334
7290000000180,false,תפוז סיני,,,תפוז סיני,קילוגרמים,1.00,"ק""ג",true,,9.90,9.9000,true,1,14335
7290000000183,false,פטאיה,,,פטאיה,קילוגרמים,1.00,"ק""ג",true,,34.90,34.9000,true,1,43212
7290000000184,false,עגבניות מגי,,,עגבניות מגי,קילוגרמים,1.00,"ק""ג",true,,16.90,16.9000,true,1,98666
7290000000185,false,מלפפונים קטנטנים  לה,,,מלפפונים קטנטנים  לה,יחידה,0.00,יחידה,false,,9.90,0.0000,true,1,31331
7290000000189,false,תפוח עץ גלה רויאל,,,תפוח עץ גלה רויאל,קילוגרמים,1.00,"ק""ג",true,,9.90,9.9000,true,1,22338
7290000000193,false,פלפל סוויט בייט,,,פלפל סוויט בייט,יחידה,0.00,יחידה,false,,8.90,0.0000,true,1,32896
7290000000218,false,שקית אריזה בקופות,,,שקית אריזה בקופות,יחידה,0.00,יחידה,false,,0.10,0.0000,false,1,102294
7290000000220,false,שתיה קרה 5 1 ל'.,,,שתיה קרה 5 1 ל'.,יחידה,0.00,יחידה,false,,11.00,0.0000,false,1,29553
7290000000221,false,מים קרים 5 1 ל'.,,,מים קרים 5 1 ל'.,יחידה,0.00,יחידה,false,,5.50,0.0000,true,1,107587
7290000000222,false,מים קרים 2 1 ל'/,,,מים קרים 2 1 ל'/,יחידה,0.00,יחידה,false,,4.00,0.0000,false,1,107588
7290000000305,false,בייגלה,בונז'ור,,בייגלה,יחידה,0.00,יחידה,false,,5.00,0.0000,true,1,20615
7290000000314,false,לחם שחור,מאפיית דוידוביץ ובני,,לחם שחור,יחידה,0.00,יחידה,false,,6.96,0.0000,false,1,13167
7290000000315,false,לחמניה קטנה,דגנית עין בר,,לחמניה קטנה,גרמים,75.00,100 גרם,false,,1.50,0.0200,false,1,10493
7290000000316,false,לחמניה גדולה,,,לחמניה גדולה,יחידה,0.00,יחידה,false,,2.70,0.0000,false,1,13168
7290000000318,false,חלה רגילה,מאפיית דוידוביץ ובני,,חלה רגילה,יחידה,0.00,יחידה,false,,5.90,0.0000,false,1,13169
7290000000350,false,סלט כבד קצוץ בשרי,,,סלט כבד קצוץ בשרי,קילוגרמים,1.00,"ק""ג",true,,99.90,99.9000,true,1,13255
7290000000367,false,סלט פטריות חמות,יד המלך,,סלט פטריות חמות,קילוגרמים,1.00,"ק""ג",true,,79.90,79.9000,true,1,12693
7290000000374,true,פטריות טריות,,,פטריות טריות,,0.00,,false,,8.90,0.0000,true,1,123116
7290000000411,false,מארז שום רביעייה,,,מארז שום רביעייה,יחידה,0.00,יחידה,false,,4.00,0.0000,true,1,64649
7290000000421,false,תבנית עגולה אלומיניו,,,תבנית עגולה אלומיניו,יחידה,0.00,יחידה,false,,1.80,0.0000,true,1,8993
7290000000435,false,חומוס ביתי,יד המלך,,חומוס ביתי,קילוגרמים,1.00,"ק""ג",true,,34.90,34.9000,true,1,12706
7290000000440,false,בק  ריק,,,בק  ריק,יחידה,0.00,יחידה,false,,1.20,0.0000,false,1,18483
7290000000471,false,חבילת שיבה טרייה,,,חבילת שיבה טרייה,יחידה,0.00,יחידה,false,,4.90,0.0000,true,1,118118
7290000000511,false,זר פרחים,,,זר פרחים,יחידה,0.00,יחידה,false,,50.00,0.0000,true,1,112636
7290000000513,false,ספוג לפרחים,,,ספוג לפרחים,יחידה,0.00,יחידה,false,,6.90,0.0000,false,1,64592
7290000000514,false,קרטון טרופית הכוכב (,,,קרטון טרופית הכוכב (,ליטרים,10.00,ליטר,false,,39.90,3.9900,false,1,20761
7290000000555,false,זר כפרי,,,זר כפרי,יחידה,0.00,יחידה,false,,35.00,0.0000,true,1,56995
7290000000558,false,סלט טורקי,יד המלך,,סלט טורקי,קילוגרמים,1.00,"ק""ג",true,,56.90,56.9000,true,1,12709
7290000000565,false,חמוצים סיני במשקל תפ,,,חמוצים סיני במשקל תפ,קילוגרמים,1.00,"ק""ג",true,,22.90,22.9000,true,1,19355
7290000000573,false,זר פרחים,,,זר פרחים,יחידה,0.00,יחידה,false,,30.00,0.0000,true,1,32120
7290000000590,false,זר פרחים גדול,,,זר פרחים גדול,יחידה,0.00,יחידה,false,,40.00,0.0000,true,1,36132
7290000000600,false,דמי משלוח,,,דמי משלוח,יחידה,0.00,יחידה,false,,30.00,0.0000,false,1,12712
7290000000604,false,בקבוק סודה קטן קר,,,בקבוק סודה קטן קר,יחידה,0.00,יחידה,false,,5.00,0.0000,false,1,109904
7290000000608,false,פחית שתיה קרה,קוקה קולה,,פחית שתיה קרה,יחידה,0.00,יחידה,false,,7.00,0.0000,true,1,5600
7290000000609,false,בק' שתיה קרה  0.5ל,קוקה קולה,,בק' שתיה קרה  0.5ל,יחידה,0.00,יחידה,false,,9.00,0.0000,true,1,5602
7290000000611,false,XL / בלו קר,נסטי,,XL / בלו קר,יחידה,0.00,יחידה,false,,5.00,0.0000,true,1,24723
7290000000619,false,אוכמניות,,,אוכמניות,יחידה,0.00,יחידה,false,,19.90,0.0000,true,1,114688
7290000000697,false,תיק יוטה פוליצר,,,תיק יוטה פוליצר,יחידה,0.00,יחידה,false,,13.90,0.0000,true,1,104188
7290000000700,false,הכנת הזמנה ללא משלוח,,,הכנת הזמנה ללא משלוח,יחידה,0.00,יחידה,false,,15.00,0.0000,false,1,31420
7290000000710,false,מגש משקה אקסל 24 יח',XL,,מגש משקה אקסל 24 יח',יחידה,0.00,יחידה,false,,84.90,0.0000,false,1,33957
7290000000811,false,לק שיק,,,לק שיק,מיליליטרים,17.00,"100 מ""ל",false,,11.90,0.7000,true,1,11554
7290000000820,false,סופגניה גדולה,בונז'ור,,סופגניה גדולה,יחידה,0.00,יחידה,false,,3.00,0.0000,false,1,14353
7290000000842,false,באגט,בונז'ור,,באגט,יחידה,0.00,יחידה,false,,5.90,0.0000,true,1,14354
7290000001008,false,גביע 270  שקוף,,,גביע 270  שקוף,יחידה,0.00,יחידה,false,,0.50,0.0000,true,1,36010
7290000001009,false,גביע 500,,,גביע 500,יחידה,0.00,יחידה,false,,1.00,0.0000,true,1,11850
7290000001042,false,מכסה מודפס,,,מכסה מודפס,יחידה,0.00,יחידה,false,,0.30,0.0000,true,1,20047
7290000001272,false,ירכיים עוף טרי תפזור,,,ירכיים עוף טרי תפזור,קילוגרמים,1.00,"ק""ג",true,,26.90,26.9000,false,1,9027
7290000001289,false,שוקיים עוף טרי,,,שוקיים עוף טרי,קילוגרמים,1.00,"ק""ג",true,,29.90,29.9000,false,1,9028
7290000001319,false,דג במיונז,,,דג במיונז,קילוגרמים,1.00,"ק""ג",true,,69.90,69.9000,true,1,30194
7290000001388,false,חזה עוף גוש,,,חזה עוף גוש,קילוגרמים,1.00,"ק""ג",true,,33.90,33.9000,false,1,9030
7290000001470,false,סלמון טרי שלם,,,סלמון טרי שלם,קילוגרמים,1.00,"ק""ג",true,,65.00,65.0000,false,1,64811
7290000001524,false,שוק מפורק+חזה הודו (,,,שוק מפורק+חזה הודו (,קילוגרמים,1.00,"ק""ג",true,,45.00,45.0000,false,1,9031
7290000001548,false,שיפודי פרגיות,,,שיפודי פרגיות,קילוגרמים,1.00,"ק""ג",true,,74.90,74.9000,false,1,61871
7290000001555,false,עוף ללא עצמות,,,עוף ללא עצמות,קילוגרמים,1.00,"ק""ג",true,,25.90,25.9000,false,1,24109
7290000001715,false,קינוחי כוסות,,,קינוחי כוסות,יחידה,0.00,יחידה,false,,16.90,0.0000,true,1,126739
7290000001746,false,פומלית,,,פומלית,קילוגרמים,1.00,"ק""ג",true,,6.90,6.9000,true,1,14338
7290000001753,false,עוף טרי שלם,,,עוף טרי שלם,קילוגרמים,1.00,"ק""ג",true,,18.90,18.9000,false,1,62821
7290000001777,false,שישליק הודו,,,שישליק הודו,קילוגרמים,1.00,"ק""ג",true,,32.90,32.9000,false,1,19483
7290000001784,false,סלמון הילטון,,,סלמון הילטון,קילוגרמים,1.00,"ק""ג",true,,210.00,210.0000,true,1,33302
7290000001807,false,דג דניס טרי,,,דג דניס טרי,קילוגרמים,1.00,"ק""ג",true,,59.90,59.9000,false,1,22548
7290000001821,false,דג לברק טרי  גדול,,,דג לברק טרי  גדול,קילוגרמים,1.00,"ק""ג",true,,89.90,89.9000,true,1,100056
7290000001944,false,חמוציות ברכז חתוך,,,חמוציות ברכז חתוך,קילוגרמים,1.00,"ק""ג",true,,56.00,56.0000,true,1,36922
7290000001951,false,כנפיים עוף טריות נקי,,,כנפיים עוף טריות נקי,קילוגרמים,1.00,"ק""ג",true,,12.90,12.9000,false,1,56791
7290000002125,false,מארז 3 סופגניות גדול,,,מארז 3 סופגניות גדול,יחידה,0.00,יחידה,false,,13.90,0.0000,true,1,186906
7290000002526,false,משחות שיניים קולגייט,,,משחות שיניים קולגייט,יחידה,0.00,יחידה,false,,14.90,0.0000,true,1,189987
7290000003078,false,עוף מוקפץ בסגנון סינ,,,עוף מוקפץ בסגנון סינ,קילוגרמים,1.00,"ק""ג",true,,59.00,59.0000,false,1,62932
7290000003351,false,פילה אמנון ענק,,,פילה אמנון ענק,קילוגרמים,1.00,"ק""ג",true,,35.00,35.0000,false,1,96792
7290000003528,false,סלט טונה לבן/ אדום,,,סלט טונה לבן/ אדום,קילוגרמים,1.00,"ק""ג",true,,84.90,84.9000,true,1,104075
7290000003535,false,סלט טבולה,יד המלך,,סלט טבולה,קילוגרמים,1.00,"ק""ג",true,,56.90,56.9000,true,1,62474
7290000003542,false,סלט ביצים,,,סלט ביצים,קילוגרמים,1.00,"ק""ג",true,,76.90,76.9000,true,1,104079
7290000003580,false,בולגרית / פטה קוביות,,,בולגרית / פטה קוביות,קילוגרמים,1.00,"ק""ג",true,,109.90,109.9000,true,1,70736
7290000003597,false,סלט חציל מיונז על הא,יד המלך,,סלט חציל מיונז על הא,קילוגרמים,1.00,"ק""ג",true,,56.90,56.9000,true,1,104078
7290000003603,false,סלט חציל סטייק,יד המלך,,סלט חציל סטייק,קילוגרמים,1.00,"ק""ג",true,,56.90,56.9000,true,1,104146
7290000003610,false,סלט חציל רומני,,,סלט חציל רומני,קילוגרמים,1.00,"ק""ג",true,,56.90,56.9000,true,1,104076
7290000003627,false,סלט חציל יווני,יד המלך,,סלט חציל יווני,קילוגרמים,1.00,"ק""ג",true,,56.90,56.9000,true,1,104074
7290000003641,false,סלט מטבוחה ביתי,יד המלך,,סלט מטבוחה ביתי,קילוגרמים,1.00,"ק""ג",true,,56.90,56.9000,true,1,104098
7290000003689,false,סלט קול סלו,יד המלך,,סלט קול סלו,קילוגרמים,1.00,"ק""ג",true,,39.90,39.9000,true,1,104251
7290000003696,false,שניצל מטוגן,,,שניצל מטוגן,קילוגרמים,1.00,"ק""ג",true,,75.00,75.0000,false,1,62947
7290000003702,false,"סלט תפ""א רוסי",,,"סלט תפ""א רוסי",קילוגרמים,1.00,"ק""ג",true,,56.90,56.9000,true,1,84804
7290000003764,false,טחינה לבנה,,,טחינה לבנה,קילוגרמים,1.00,"ק""ג",true,,34.90,34.9000,true,1,104181
7290000003788,false,סלט פטריות מקסיקני,יד המלך,,סלט פטריות מקסיקני,קילוגרמים,1.00,"ק""ג",true,,69.90,69.9000,true,1,104431
7290000003825,false,סלט כרוב סיני,יד המלך,,סלט כרוב סיני,קילוגרמים,1.00,"ק""ג",true,,39.90,39.9000,true,1,104100
7290000003849,false,סלסה,יד המלך,,סלסה,קילוגרמים,1.00,"ק""ג",true,,56.90,56.9000,true,1,104101
7290000003900,false,סלט חציל טעם כבד,יד המלך,,סלט חציל טעם כבד,קילוגרמים,1.00,"ק""ג",true,,79.90,79.9000,true,1,104451
7290000003955,false,חציל סביח,,,חציל סביח,קילוגרמים,1.00,"ק""ג",true,,69.90,69.9000,true,1,104104
7290000003962,false,סלט מסאייר/ירקות סינ,,,סלט מסאייר/ירקות סינ,קילוגרמים,1.00,"ק""ג",true,,52.90,52.9000,true,1,104105
7290000004051,false,לימון כבוש במשקל,יד המלך,,לימון כבוש במשקל,קילוגרמים,1.00,"ק""ג",true,,64.90,64.9000,true,1,29387
7290000004310,false,טחינה ירוקה,יד המלך,,טחינה ירוקה,קילוגרמים,1.00,"ק""ג",true,,34.90,34.9000,true,1,104169
7290000004983,false,אמנון ענק טרי,,,אמנון ענק טרי,קילוגרמים,1.00,"ק""ג",true,,29.90,29.9000,false,1,97395
7290000005522,false,סלט חצילים,,,סלט חצילים,קילוגרמים,1.00,"ק""ג",true,,42.90,42.9000,true,1,104107
7290000005539,false,כרוב אדום,צבר,,כרוב אדום,קילוגרמים,1.00,"ק""ג",true,,39.90,39.9000,true,1,104102
7290000005546,false,סחוג אדום/ ירוק,יד המלך,,סחוג אדום/ ירוק,קילוגרמים,1.00,"ק""ג",true,,49.90,49.9000,true,1,104103
7290000005577,false,איקרה לבנה,,,איקרה לבנה,קילוגרמים,1.00,"ק""ג",true,,69.90,69.9000,true,1,23647
7290000005614,false,חומוס מעדניה צבר,צבר,,חומוס מעדניה צבר,קילוגרמים,1.00,"ק""ג",true,,19.90,19.9000,true,1,104184
7290000005638,false,סלט תירס,,,סלט תירס,קילוגרמים,1.00,"ק""ג",true,,54.90,54.9000,true,1,189762
7290000005676,false,זיתים שחורים במשקל,,,זיתים שחורים במשקל,קילוגרמים,1.00,"ק""ג",true,,49.90,49.9000,true,1,22854
7290000005683,false,זיתים ירוקים במשקל,,,זיתים ירוקים במשקל,קילוגרמים,1.00,"ק""ג",true,,49.90,49.9000,true,1,22861
7290000005706,false,זיתים שחורים טבעי במ,,,זיתים שחורים טבעי במ,קילוגרמים,1.00,"ק""ג",true,,49.90,49.9000,true,1,22855
7290000005713,false,זיתים סורים במשקל,,,זיתים סורים במשקל,קילוגרמים,1.00,"ק""ג",true,,49.90,49.9000,true,1,22859
7290000005737,false,לקרדה שלמה,,,לקרדה שלמה,קילוגרמים,1.00,"ק""ג",true,,79.90,79.9000,true,1,5569
7290000005812,false,חלבה נוגט ח. נוכרי,השחר העולה,,חלבה נוגט ח. נוכרי,קילוגרמים,1.00,"ק""ג",true,,39.90,39.9000,true,1,17380
7290000005867,false,דג מטיאס,,,דג מטיאס,קילוגרמים,1.00,"ק""ג",true,,59.90,59.9000,true,1,7400
7290000005898,false,דג כבוש,,,דג כבוש,קילוגרמים,1.00,"ק""ג",true,,59.90,59.9000,true,1,19360
7290000006000,false,מאפים  במישקל,,,מאפים  במישקל,קילוגרמים,1.00,"ק""ג",true,,44.90,44.9000,true,1,24763
7290000006062,false,כריך רוסטיק,,,כריך רוסטיק,יחידה,0.00,יחידה,false,,4.00,0.0000,true,1,101822
7290000006079,false,חלה כדורים,,,חלה כדורים,יחידה,0.00,יחידה,false,,12.90,0.0000,true,1,101823
7290000006086,false,לחם מחמצת מאפיה,,,לחם מחמצת מאפיה,יחידה,0.00,יחידה,false,,17.90,0.0000,true,1,101824
7290000006185,false,חלה מתוקה / רגילה,,,חלה מתוקה / רגילה,יחידה,0.00,יחידה,false,,12.90,0.0000,true,1,101826
7290000006222,false,בייגלה,,,בייגלה,יחידה,0.00,יחידה,false,,5.00,0.0000,true,1,101828
7290000006246,false,בגט רגיל / כפרי,,,בגט רגיל / כפרי,יחידה,0.00,יחידה,false,,5.90,0.0000,true,1,101836
7290000006253,false,חצי בגט,,,חצי בגט,יחידה,0.00,יחידה,false,,3.50,0.0000,true,1,101830
7290000006307,false,לחמנייה כפרית / דגני,,,לחמנייה כפרית / דגני,יחידה,0.00,יחידה,false,,4.00,0.0000,true,1,101832
7290000006314,false,כדורי שוקולד / פחזני,,,כדורי שוקולד / פחזני,קילוגרמים,1.00,"ק""ג",true,,60.00,60.0000,true,1,115682
7290000006376,false,מארז פיתות,,,מארז פיתות,יחידה,0.00,יחידה,false,,10.90,0.0000,true,1,121736
7290000006406,false,סופגניה רגיל /דונטס,,,סופגניה רגיל /דונטס,יחידה,0.00,יחידה,false,,5.00,0.0000,true,1,101833
7290000006512,false,עוגיות קוקיס / אמפנד,,,עוגיות קוקיס / אמפנד,קילוגרמים,1.00,"ק""ג",true,,55.90,55.9000,true,1,101906
7290000006598,false,לחם מרוקאי  / פוקאצ',,,לחם מרוקאי  / פוקאצ',יחידה,0.00,יחידה,false,,14.90,0.0000,true,1,102177
7290000006703,false,מארז שלוש לחמניה שמי,,,מארז שלוש לחמניה שמי,יחידה,0.00,יחידה,false,,10.00,0.0000,true,1,28696
7290000006758,false,מארז חמש מיני חליות,,,מארז חמש מיני חליות,יחידה,0.00,יחידה,false,,10.90,0.0000,true,1,117498
7290000006820,false,מצית חד פעמי,,,מצית חד פעמי,יחידה,0.00,יחידה,false,,4.90,0.0000,true,1,20142
7290000006901,false,לחמניית המבורגר רביע,,,לחמניית המבורגר רביע,יחידה,0.00,יחידה,false,,16.90,0.0000,true,1,121514
7290000006949,false,מארז זוג כריך רוסטיק,,,מארז זוג כריך רוסטיק,יחידה,0.00,יחידה,false,,10.00,0.0000,true,1,103926
7290000006994,false,פקאן מסוכר,,,פקאן מסוכר,קילוגרמים,1.00,"ק""ג",true,,100.00,100.0000,true,1,39881
7290000007052,false,זיתים חרוזית במשקל,,,זיתים חרוזית במשקל,קילוגרמים,1.00,"ק""ג",true,,49.90,49.9000,true,1,22858
7290000007076,false,לחם מחמצת בלקן,,,לחם מחמצת בלקן,יחידה,0.00,יחידה,false,,18.90,0.0000,true,1,189849
7290000007083,false,לימונים כבושים,יד המלך,,לימונים כבושים,קילוגרמים,1.00,"ק""ג",true,,29.90,29.9000,true,1,94157
7290000007090,false,פלפל שיפקה במשקל,,,פלפל שיפקה במשקל,קילוגרמים,1.00,"ק""ג",true,,49.90,49.9000,true,1,22853
7290000007106,false,זיתים שחורים יבשים ב,,,זיתים שחורים יבשים ב,קילוגרמים,1.00,"ק""ג",true,,49.90,49.9000,true,1,22856
7290000007108,false,סנטה ענק מבוקע במשקל,,,סנטה ענק מבוקע במשקל,קילוגרמים,1.00,"ק""ג",true,,49.90,49.9000,true,1,27961
7290000007113,false,קראנץ' עוגת ביסקוטי,,,קראנץ' עוגת ביסקוטי,יחידה,0.00,יחידה,false,,44.90,0.0000,true,1,189592
7290000007120,false,זיתים שחורים קלמטה ב,,,זיתים שחורים קלמטה ב,קילוגרמים,1.00,"ק""ג",true,,49.90,49.9000,true,1,22860
7290000007199,false,צימוק אוזבקי,,,צימוק אוזבקי,קילוגרמים,1.00,"ק""ג",true,,60.00,60.0000,true,1,122506
7290000007809,false,מארז זוג פרנה עגולה,,,מארז זוג פרנה עגולה,יחידה,0.00,יחידה,false,,10.00,0.0000,true,1,121976
7290000008004,false,עוגיות שמרים חלבי,קונדיטוריית ברטה- הו,,עוגיות שמרים חלבי,קילוגרמים,1.00,"ק""ג",true,,44.90,44.9000,true,1,19181
7290000008011,false,קרנץ שוקולד חלבי,קונדיטוריית ברטה- הו,,קרנץ שוקולד חלבי,יחידה,0.00,יחידה,false,,36.90,0.0000,true,1,5583
7290000008059,false,"שטרודל תפו""ע/ גבינה",קונדיטוריית ברטה- הו,,"שטרודל תפו""ע/ גבינה",קילוגרמים,1.00,"ק""ג",true,,44.90,44.9000,true,1,5587
7290000008066,false,קפלך אגוז חלבי,קונדיטוריית ברטה- הו,,קפלך אגוז חלבי,קילוגרמים,1.00,"ק""ג",true,,71.90,71.9000,true,1,5588
7290000008080,false,פחזניות חלבי,קונדיטוריית ברטה- הו,,פחזניות חלבי,קילוגרמים,1.00,"ק""ג",true,,66.90,66.9000,true,1,5589
7290000008127,false,פלטת גבינה חלבי,קונדיטוריית ברטה- הו,,פלטת גבינה חלבי,קילוגרמים,1.00,"ק""ג",true,,59.90,59.9000,true,1,5590
7290000008271,false,רולדה קצפת/גבינה חלב,קונדיטוריית ברטה- הו,,רולדה קצפת/גבינה חלב,קילוגרמים,1.00,"ק""ג",true,,64.90,64.9000,true,1,5592
7290000008301,false,פיסטוק מקולף,,,פיסטוק מקולף,קילוגרמים,1.00,"ק""ג",true,,130.00,130.0000,true,1,23616
7290000008660,false,צוואר כבש טרי,,,צוואר כבש טרי,קילוגרמים,1.00,"ק""ג",true,,90.00,90.0000,false,1,35609
7290000008912,false,חלה מתוקה קלועה 300,,,חלה מתוקה קלועה 300,יחידה,0.00,יחידה,false,,8.90,0.0000,true,1,121502
7290000009032,false,בננה ציפס,,,בננה ציפס,קילוגרמים,1.00,"ק""ג",true,,30.00,30.0000,true,1,11440
7290000009070,false,חמוציות שלמות מיובשו,,,חמוציות שלמות מיובשו,קילוגרמים,1.00,"ק""ג",true,,72.00,72.0000,true,1,30079
7290000009254,false,מישמש יבש,,,מישמש יבש,קילוגרמים,1.00,"ק""ג",true,,64.00,64.0000,true,1,11441
7290000009278,false,תפוחי עץ מיובש,,,תפוחי עץ מיובש,קילוגרמים,1.00,"ק""ג",true,,59.90,59.9000,true,1,11443
7290000009285,false,אגוז מלך ללא קליפה,,,אגוז מלך ללא קליפה,קילוגרמים,1.00,"ק""ג",true,,59.00,59.0000,true,1,11444
7290000009292,false,תאנים יבשות,,,תאנים יבשות,קילוגרמים,1.00,"ק""ג",true,,49.00,49.0000,true,1,11445
7290000009315,false,צימוקים,,,צימוקים,קילוגרמים,1.00,"ק""ג",true,,39.90,39.9000,true,1,11446
7290000009322,false,שזיפים יבשים,,,שזיפים יבשים,קילוגרמים,1.00,"ק""ג",true,,42.00,42.0000,true,1,11447
7290000009346,false,שקדים טבעיים,,,שקדים טבעיים,קילוגרמים,1.00,"ק""ג",true,,69.00,69.0000,true,1,11450
7290000009353,false,אננס יבש מסוכר,,,אננס יבש מסוכר,קילוגרמים,1.00,"ק""ג",true,,45.00,45.0000,true,1,11451
7290000009360,false,שזיפים יבשים ללא גרע,,,שזיפים יבשים ללא גרע,קילוגרמים,1.00,"ק""ג",true,,48.00,48.0000,true,1,35042
7290000009384,false,תמרים מג'הול,,,תמרים מג'הול,קילוגרמים,1.00,"ק""ג",true,,49.90,49.9000,true,1,32686
7290000009407,false,שאריות גבינה,תנובה חלב,,שאריות גבינה,קילוגרמים,1.00,"ק""ג",true,,31.00,31.0000,false,1,32941
7290000009445,false,בונדוק מקולף,,,בונדוק מקולף,קילוגרמים,1.00,"ק""ג",true,,60.00,60.0000,true,1,11454
7290000009469,false,צנובר,,,צנובר,קילוגרמים,1.00,"ק""ג",true,,199.00,199.0000,true,1,11455
7290000009506,false,מארז שלוש בייגלה,,,מארז שלוש בייגלה,יחידה,0.00,יחידה,false,,15.00,0.0000,true,1,119784
7290000009513,false,פקאן ללא קליפה,,,פקאן ללא קליפה,קילוגרמים,1.00,"ק""ג",true,,110.00,110.0000,true,1,11457
7290000009544,false,חמניות מקולפות,,,חמניות מקולפות,קילוגרמים,1.00,"ק""ג",true,,22.90,22.9000,true,1,21268
7290000009551,false,אגוזי קאשיו,,,אגוזי קאשיו,קילוגרמים,1.00,"ק""ג",true,,74.00,74.0000,true,1,11458
7290000009629,false,צימוקים שחורים,,,צימוקים שחורים,קילוגרמים,1.00,"ק""ג",true,,30.00,30.0000,true,1,23934
7290000009636,false,שאריות פסטרמה,עוף טוב,,שאריות פסטרמה,קילוגרמים,1.00,"ק""ג",true,,20.00,20.0000,false,1,32937
7290000009643,false,מארז לחמניות,,,מארז לחמניות,יחידה,0.00,יחידה,false,,11.90,0.0000,true,1,116835
7290000009650,false,עוגת קראנץ שוקולד חמ,,,עוגת קראנץ שוקולד חמ,גרמים,600.00,100 גרם,false,,38.90,0.0648,true,1,105811
7290000009810,false,חמש חליות במארז,,,חמש חליות במארז,יחידה,0.00,יחידה,false,,14.90,0.0000,true,1,123109
7290000010380,false,עלי גפן ממולאים,יד המלך,,עלי גפן ממולאים,קילוגרמים,1.00,"ק""ג",true,,52.90,52.9000,true,1,104436
7290000010762,false,כרעיים ללא עצם טרי,,,כרעיים ללא עצם טרי,קילוגרמים,1.00,"ק""ג",true,,31.90,31.9000,false,1,124347
7290000011004,false,שווארמה הודו+עוף טחו,,,שווארמה הודו+עוף טחו,קילוגרמים,1.00,"ק""ג",true,,59.90,59.9000,false,1,24353
7290000013008,false,שווארמה נקבה +בקר טר,,,שווארמה נקבה +בקר טר,קילוגרמים,1.00,"ק""ג",true,,69.90,69.9000,false,1,24354
7290000015101,false,עצמות בקר סוכר,,,עצמות בקר סוכר,קילוגרמים,1.00,"ק""ג",true,,14.00,14.0000,true,1,23001
7290000015200,false,טחון הודו +בקר+עוף,,,טחון הודו +בקר+עוף,קילוגרמים,1.00,"ק""ג",true,,55.00,55.0000,false,1,23002
7290000017006,false,שאריות בשר טרי,,,שאריות בשר טרי,קילוגרמים,1.00,"ק""ג",true,,9.90,9.9000,false,1,23005
7290000017396,false,מעורב ירושלמי טרי,,,מעורב ירושלמי טרי,קילוגרמים,1.00,"ק""ג",true,,69.90,69.9000,true,1,56165
7290000023007,false,שטוק 84,יקבי ברקן,,שטוק 84,מיליליטרים,750.00,"100 מ""ל",false,,69.90,0.0932,false,1,18485
7290000023809,false,קלאסיק קברנה סוביניו,ברקן קלאסיק,,קלאסיק קברנה סוביניו,מיליליטרים,750.00,"100 מ""ל",false,,24.90,0.0332,false,1,18504
7290000023847,false,קלאסיק שרדונה,ברקן קלאסיק,,קלאסיק שרדונה,מיליליטרים,750.00,"100 מ""ל",false,,24.90,0.0332,false,1,57938
7290000023977,false,קלאסיק מרלו,ברקן קלאסיק,,קלאסיק מרלו,מיליליטרים,750.00,"100 מ""ל",false,,24.90,0.0332,false,1,18506
7290000025018,false,גרעיני דלעת מקול,,,גרעיני דלעת מקול,קילוגרמים,1.00,"ק""ג",true,,40.00,40.0000,true,1,36586
7290000032214,false,כרוב בייגין,,,כרוב בייגין,קילוגרמים,1.00,"ק""ג",true,,39.90,39.9000,true,1,104069
7290000035116,false,סלט גזר מרוקאי,יד המלך,,סלט גזר מרוקאי,קילוגרמים,1.00,"ק""ג",true,,39.90,39.9000,true,1,104068
7290000035802,false,סלט חציל טבעי,יד המלך,,סלט חציל טבעי,קילוגרמים,1.00,"ק""ג",true,,56.90,56.9000,true,1,104430
7290000036144,false,קורנפלור 200,,,קורנפלור 200,גרמים,200.00,100 גרם,false,,3.50,0.0175,true,1,6843
7290000036151,false,קורנפלור 500,,,קורנפלור 500,גרמים,500.00,100 גרם,false,,6.90,0.0138,true,1,6844
7290000036588,false,פלפל מקולף ביתי,יד המלך,,פלפל מקולף ביתי,קילוגרמים,1.00,"ק""ג",true,,73.90,73.9000,true,1,104259
7290000040042,false,יופלה תות שובב 3%,תנובה חלב,,יופלה תות שובב 3%,מיליליטרים,150.00,"100 מ""ל",false,,4.90,0.0327,false,1,8475
7290000040066,false,יופלה דובדבן פראי 3%,תנובה חלב,,יופלה דובדבן פראי 3%,מיליליטרים,150.00,"100 מ""ל",false,,4.90,0.0327,true,1,8477
7290000040080,false,יופלה אפרסק מאוהב 3%,תנובה חלב,,יופלה אפרסק מאוהב 3%,מיליליטרים,150.00,"100 מ""ל",false,,4.90,0.0327,true,1,8478
7290000040301,false,עין גדי גבינת קממבר,תנובה חלב,,עין גדי גבינת קממבר,גרמים,125.00,100 גרם,false,,18.80,0.1504,true,1,8480
7290000040974,false,חלב דל לקטוז 2% - 1,תנובה חלב,,חלב דל לקטוז 2% - 1,ליטרים,1.00,ליטר,false,,6.70,6.7000,false,1,41750
7290000041858,false,שמנת חמוצה יטבתה 15%,יטבתה,,שמנת חמוצה יטבתה 15%,מיליליטרים,200.00,"100 מ""ל",false,,2.50,0.0125,true,1,7488
7290000041872,false,לבן יטבתה 3%,יטבתה,,לבן יטבתה 3%,מיליליטרים,200.00,"100 מ""ל",false,,2.10,0.0105,true,1,7490
7290000042008,false,חלב תנובה בשקית 3%,תנובה חלב,,חלב תנובה בשקית 3%,ליטרים,1.00,ליטר,false,,5.43,5.4300,false,1,8487
7290000042015,false,חלב תנובה מהדרין 3%,תנובה חלב,,חלב תנובה מהדרין 3%,ליטרים,1.00,ליטר,false,,5.43,5.4300,false,1,8488
7290000042367,false,חלב תנובה 3% בקבוק,,,חלב תנובה 3% בקבוק,ליטרים,1.00,ליטר,false,,6.23,6.2300,false,1,111305
7290000042435,false,חלב 1% בקרטון תנובה,תנובה חלב,,חלב 1% בקרטון תנובה,ליטרים,1.00,ליטר,false,,5.86,5.8600,false,1,8496
7290000042442,false,חלב טרי בקרטון 3% תנ,תנובה חלב,,חלב טרי בקרטון 3% תנ,ליטרים,1.00,ליטר,false,,6.23,6.2300,false,1,8497
7290000042640,false,חלב תנובה עמיד 3% 25,תנובה חלב,,חלב תנובה עמיד 3% 25,מיליליטרים,250.00,"100 מ""ל",false,,2.60,0.0104,true,1,8504
7290000042855,false,שוקו יטבתה בשקית 2%,יטבתה,,שוקו יטבתה בשקית 2%,מיליליטרים,225.00,"100 מ""ל",false,,2.60,0.0116,true,1,7491
7290000043012,false,שוקו עמיד 2% יחידה,תנובה חלב,,שוקו עמיד 2% יחידה,מיליליטרים,250.00,"100 מ""ל",false,,4.60,0.0184,false,1,8507
7290000043111,false,חמאה 82% 200 גרם,תנובה חלב,,חמאה 82% 200 גרם,גרמים,200.00,100 גרם,false,,7.80,0.0390,false,1,8508
7290000043272,false,סלט סלק,יד המלך,,סלט סלק,קילוגרמים,1.00,"ק""ג",true,,39.90,39.9000,true,1,104265
7290000043432,false,קישואים טעם כבד,,,קישואים טעם כבד,קילוגרמים,1.00,"ק""ג",true,,79.90,79.9000,true,1,104452
7290000043814,false,שמנת עמידה 38% השף ה,תנובה חלב,,שמנת עמידה 38% השף ה,מיליליטרים,250.00,"100 מ""ל",false,,6.47,0.0259,false,1,8510
7290000043890,false,ריוויון 1.5% - 1 ליט,תנובה חלב,,ריוויון 1.5% - 1 ליט,ליטרים,1.00,ליטר,false,,11.30,11.3000,false,1,8512
7290000044712,false,פרילי תות 1.5% 500 מ,תנובה חלב,,פרילי תות 1.5% 500 מ,מיליליטרים,500.00,"100 מ""ל",false,,10.60,0.0212,true,1,8517
7290000045573,false,גבינת נעמה 25%,תנובה חלב,,גבינת נעמה 25%,גרמים,200.00,100 גרם,false,,14.40,0.0720,true,1,8519
7290000045580,false,גבינת חורש 25%,תנובה חלב,,גבינת חורש 25%,מיליליטרים,240.00,"100 מ""ל",false,,17.20,0.0717,true,1,8520
7290000045771,false,יוגורט תנובה בכד 4.5,תנובה חלב,,יוגורט תנובה בכד 4.5,ליטרים,3.00,ליטר,false,,28.90,9.6333,false,1,8521
7290000045917,false,גבינת עזים פרומעז 23,תנובה חלב,,גבינת עזים פרומעז 23,מיליליטרים,200.00,"100 מ""ל",false,,25.00,0.1250,true,1,8522
7290000046020,false,גלבוע,,,גלבוע,קילוגרמים,1.00,"ק""ג",true,,42.58,42.5800,false,1,8525
7290000046327,false,גבינת גלבוע 22% - 20,תנובה חלב,,גבינת גלבוע 22% - 20,גרמים,200.00,100 גרם,false,,12.60,0.0630,false,1,8528
7290000046501,false,טל העמק,,,טל העמק,קילוגרמים,1.00,"ק""ג",true,,56.90,56.9000,true,1,8530
7290000046563,false,פרמזן,,,פרמזן,קילוגרמים,1.00,"ק""ג",true,,107.10,107.1000,false,1,8532
7290000046662,false,גבינה סקנדינבית,,,גבינה סקנדינבית,קילוגרמים,1.00,"ק""ג",true,,74.20,74.2000,false,1,8536
7290000047027,false,גלעד,,,גלעד,קילוגרמים,1.00,"ק""ג",true,,119.00,119.0000,false,1,8538
7290000047034,false,גליל,,,גליל,קילוגרמים,1.00,"ק""ג",true,,119.50,119.5000,false,1,8539
7290000047485,false,בולגרית 24% תנובה,,,בולגרית 24% תנובה,קילוגרמים,1.00,"ק""ג",true,,56.20,56.2000,false,1,8542
7290000047546,false,גבינת כנען 5% תנובה,תנובה חלב,,גבינת כנען 5% תנובה,מיליליטרים,500.00,"100 מ""ל",false,,23.60,0.0472,false,1,8543
7290000047942,false,גבינה לבנה 9% מהדרין,תנובה חלב,,גבינה לבנה 9% מהדרין,גרמים,250.00,100 גרם,false,,4.75,0.0190,false,1,57963
7290000048185,false,גבינה לבנה 5% תנובה,תנובה חלב,,גבינה לבנה 5% תנובה,גרמים,250.00,100 גרם,false,,4.98,0.0199,false,1,8548
7290000048192,false,גבינה לבנה תנובה 9%,תנובה חלב,,גבינה לבנה תנובה 9%,גרמים,250.00,100 גרם,false,,4.75,0.0190,false,1,8549
7290000048413,false,גבינת חמד 16% - 250,תנובה חלב,,גבינת חמד 16% - 250,מיליליטרים,250.00,"100 מ""ל",false,,17.70,0.0708,false,1,8554
7290000048437,false,צפתית פיראוס 5%,תנובה חלב,,צפתית פיראוס 5%,מיליליטרים,200.00,"100 מ""ל",false,,14.70,0.0735,false,1,8555
7290000049458,false,פטה עיזים,תנובה חלב,,פטה עיזים,גרמים,250.00,100 גרם,false,,27.80,0.1112,false,1,8557
7290000050447,false,יופלה תות 3% - 500 מ,תנובה חלב,,יופלה תות 3% - 500 מ,מיליליטרים,500.00,"100 מ""ל",false,,13.00,0.0260,true,1,33693
7290000050454,false,יופלה אפרסק 3% - 500,תנובה חלב,,יופלה אפרסק 3% - 500,מיליליטרים,500.00,"100 מ""ל",false,,13.00,0.0260,true,1,33694
7290000051307,false,מארז הפסקת אוכל עוגי,תנובה חלב,,מארז הפסקת אוכל עוגי,מיליליטרים,150.00,"100 מ""ל",false,,8.90,0.0593,false,1,35344
7290000051352,false,חלב מלא של פעם חלב ת,תנובה חלב,,חלב מלא של פעם חלב ת,ליטרים,1.00,ליטר,false,,7.50,7.5000,true,1,35192
7290000051376,false,יופלה דיאט אננס ספור,תנובה חלב,,יופלה דיאט אננס ספור,מיליליטרים,150.00,"100 מ""ל",false,,4.90,0.0327,true,1,36250
7290000051710,false,פיראוס לאבנה עם שמן,תנובה חלב,,פיראוס לאבנה עם שמן,גרמים,263.00,100 גרם,false,,13.60,0.0517,false,1,36252
7290000051956,false,טל העמק 9% מעדניה,,,טל העמק 9% מעדניה,קילוגרמים,1.00,"ק""ג",true,,81.60,81.6000,true,1,38607
7290000052311,false,עמק פרוס בקופסא 200,תנובה חלב,,עמק פרוס בקופסא 200,מיליליטרים,200.00,"100 מ""ל",false,,16.00,0.0800,false,1,39003
7290000052649,false,פיראוס לאבנה 5% 500,תנובה חלב,,פיראוס לאבנה 5% 500,גרמים,500.00,100 גרם,false,,19.20,0.0384,false,1,37326
7290000053219,false,טל העמק,,,טל העמק,קילוגרמים,1.00,"ק""ג",true,,56.90,56.9000,true,1,102209
7290000053981,false,מאגדת יופלה 4 תות+4,תנובה חלב,,מאגדת יופלה 4 תות+4,ליטרים,1.20,ליטר,false,,27.40,22.8333,true,1,75000
7290000055183,false,צפתית מלבנית פיראוס,תנובה חלב,,צפתית מלבנית פיראוס,קילוגרמים,1.00,"ק""ג",true,,54.20,54.2000,true,1,60463
7290000055329,false,משקה יוגורט יופלה 1.,תנובה חלב,,משקה יוגורט יופלה 1.,מיליליטרים,250.00,"100 מ""ל",false,,5.30,0.0212,true,1,42909
7290000055336,false,משקה יוגורט יופלה 1.,תנובה חלב,,משקה יוגורט יופלה 1.,מיליליטרים,250.00,"100 מ""ל",false,,5.30,0.0212,true,1,42910
7290000055343,false,משקה יוגורט יופלה בט,תנובה חלב,,משקה יוגורט יופלה בט,מיליליטרים,250.00,"100 מ""ל",false,,5.30,0.0212,true,1,42908
7290000055350,false,עמק מעדניה 28%,,,עמק מעדניה 28%,קילוגרמים,1.00,"ק""ג",true,,44.79,44.7900,false,1,98148
7290000055893,false,"חמאה 200 ג""ר מהדרין",תנובה חלב,,"חמאה 200 ג""ר מהדרין",גרמים,200.00,100 גרם,false,,7.80,0.0390,false,1,75046
7290000056081,false,מאגדת פרילי טבע 1.9%,תנובה חלב,,מאגדת פרילי טבע 1.9%,מיליליטרים,1200.00,"100 מ""ל",false,,22.30,0.0186,true,1,43274
7290000056784,false,פטה כבשים 5% במעדניה,תנובה חלב,,פטה כבשים 5% במעדניה,קילוגרמים,1.00,"ק""ג",true,,112.70,112.7000,true,1,57240
7290000056845,false,חלב תנובה 3% 1.5 ליט,תנובה חלב,,חלב תנובה 3% 1.5 ליט,ליטרים,1.50,ליטר,false,,9.34,6.2267,false,1,57404
7290000056883,false,שמיניית יופלה פרי 3%,,,שמיניית יופלה פרי 3%,מיליליטרים,1200.00,"100 מ""ל",false,,29.90,0.0249,true,1,56002
7290000056890,false,שמיניית יופלה  דיאט,תנובה חלב,,שמיניית יופלה  דיאט,מיליליטרים,1200.00,"100 מ""ל",false,,29.90,0.0249,true,1,56083
7290000056906,false,מאגדת שמיניה יופלה 1,תנובה חלב,,מאגדת שמיניה יופלה 1,גרמים,1200.00,100 גרם,false,,17.50,0.0146,true,1,56059
7290000056951,false,שמנת לבישול 15% 500,תנובה חלב,,שמנת לבישול 15% 500,מיליליטרים,500.00,"100 מ""ל",false,,16.50,0.0330,true,1,57919
7290000057088,false,עמק דק 28% - 200 גרם,תנובה חלב,,עמק דק 28% - 200 גרם,מיליליטרים,200.00,"100 מ""ל",false,,16.00,0.0800,false,1,57322
7290000057118,false,גבינת עמק 28% - 400,תנובה חלב,,גבינת עמק 28% - 400,גרמים,400.00,100 גרם,false,,22.80,0.0570,false,1,56960
7290000057132,false,יוגורט תנובה 1.5%,תנובה חלב,,יוגורט תנובה 1.5%,מיליליטרים,200.00,"100 מ""ל",false,,3.10,0.0155,true,1,57297
7290000057149,false,יוגורט תנובה 3% 200,תנובה חלב,,יוגורט תנובה 3% 200,מיליליטרים,200.00,"100 מ""ל",false,,3.10,0.0155,true,1,57298
7290000057552,false,יופלה דיאט עוגת גבינ,תנובה חלב,,יופלה דיאט עוגת גבינ,מיליליטרים,150.00,"100 מ""ל",false,,4.90,0.0327,true,1,60584
7290000058030,false,יופלה שטוזים משקה תו,תנובה חלב,,יופלה שטוזים משקה תו,גרמים,800.00,100 גרם,false,,20.30,0.0254,true,1,58947
7290000058979,false,גיל בטעם תות 125 גר,,,גיל בטעם תות 125 גר,גרמים,125.00,100 גרם,false,,1.40,0.0112,false,1,114519
7290000060071,false,חטיפי פריכונים בטעם,אסם,,חטיפי פריכונים בטעם,גרמים,80.00,100 גרם,false,,7.50,0.0938,false,1,5936
7290000060088,false,בייגלה מקלות מלוחים,אסם,,בייגלה מקלות מלוחים,גרמים,400.00,100 גרם,false,,11.00,0.0275,true,1,5937
7290000060156,false,אטריות ביצים 200 גר,אסם,,אטריות ביצים 200 גר,גרמים,200.00,100 גרם,false,,7.60,0.0380,true,1,5939
7290000060163,false,איטריות דקות 400 גר,אסם,,איטריות דקות 400 גר,גרמים,400.00,100 גרם,false,,7.60,0.0190,false,1,5940
7290000060200,false,פתיתים אפויים קוסקוס,אסם,,פתיתים אפויים קוסקוס,גרמים,500.00,100 גרם,false,,6.90,0.0138,false,1,5942
7290000060217,false,פסטה מקרוני 7 500 גר,אסם,,פסטה מקרוני 7 500 גר,גרמים,500.00,100 גרם,false,,5.90,0.0118,false,1,5943
7290000060248,false,פסטה תלתלים 500,אסם,,פסטה תלתלים 500,גרמים,500.00,100 גרם,false,,5.90,0.0118,false,1,5944
7290000060316,false,פרפקטו ספגטי 500 גר,אסם פרפקטו,,פרפקטו ספגטי 500 גר,גרמים,500.00,100 גרם,false,,7.70,0.0154,false,1,5948
7290000060323,false,פרפקטו ספגטיני 500גר,אסם,,פרפקטו ספגטיני 500גר,גרמים,500.00,100 גרם,false,,7.70,0.0154,false,1,5949
7290000060330,false,פרפקטו ספירלי 500גר,אסם פרפקטו,,פרפקטו ספירלי 500גר,גרמים,500.00,100 גרם,false,,7.70,0.0154,false,1,5950
7290000060408,false,פתיתים אפויים טבעות,אסם,,פתיתים אפויים טבעות,גרמים,500.00,100 גרם,false,,6.90,0.0138,false,1,5952
7290000060415,false,פרפקטו לזאניה 500 גר,אסם פרפקטו,,פרפקטו לזאניה 500 גר,גרמים,500.00,100 גרם,false,,14.90,0.0298,false,1,5953
7290000060576,false,פתיתים אפויים כוכבים,אסם,,פתיתים אפויים כוכבים,גרמים,500.00,100 גרם,false,,6.90,0.0138,false,1,5959
7290000060781,false,פסטה מסולסלים 500,אסם,,פסטה מסולסלים 500,גרמים,500.00,100 גרם,false,,5.90,0.0118,false,1,5961
7290000060828,false,פסטה קרניים בינוניות,אסם,,פסטה קרניים בינוניות,גרמים,500.00,100 גרם,false,,5.90,0.0118,false,1,5963
7290000060842,false,פסטה צדפים גדולים 50,אסם,,פסטה צדפים גדולים 50,גרמים,500.00,100 גרם,false,,5.90,0.0118,false,1,5965
7290000060859,false,פסטה צדפים קנים 500,אסם,,פסטה צדפים קנים 500,גרמים,500.00,100 גרם,false,,5.90,0.0118,false,1,5966
7290000060880,false,פסטה ספגטי 500גר,אסם,,פסטה ספגטי 500גר,גרמים,500.00,100 גרם,false,,5.90,0.0118,false,1,5967
7290000060903,false,פתיתים אפויים אורז 5,אסם,,פתיתים אפויים אורז 5,גרמים,500.00,100 גרם,false,,6.90,0.0138,false,1,5969
7290000060958,false,איטריות בינוני 400גר,אסם,,איטריות בינוני 400גר,גרמים,400.00,100 גרם,false,,7.60,0.0190,false,1,5972
7290000060965,false,איטריות רחבות 400,אסם,,איטריות רחבות 400,גרמים,400.00,100 גרם,false,,7.60,0.0190,false,1,5973
7290000061061,false,קרקר בצל אסם,אסם,,קרקר בצל אסם,גרמים,250.00,100 גרם,false,,10.40,0.0416,true,1,5978
7290000061085,false,רוטב צילי מתוק,אסם,,רוטב צילי מתוק,יחידה,290.00,יחידה,false,,12.00,0.0414,false,1,5980
7290000061108,false,רוטב טריאקי אסם,אסם,,רוטב טריאקי אסם,יחידה,290.00,יחידה,false,,12.00,0.0414,false,1,5981
7290000061214,false,פתיתים קוסקוס עם בצל,אסם,,פתיתים קוסקוס עם בצל,גרמים,500.00,100 גרם,false,,7.50,0.0150,false,1,34489
7290000061764,false,קפה נמס רד מאג 200 ג,נסטלה,,קפה נמס רד מאג 200 ג,גרמים,200.00,100 גרם,false,,20.00,0.1000,false,1,5994
7290000062952,false,מיני קרוטונים לסלט ו,אסם,,מיני קרוטונים לסלט ו,גרמים,250.00,100 גרם,false,,15.00,0.0600,true,1,30153
7290000063102,false,קמח תופח 350,אסם,,קמח תופח 350,גרמים,350.00,100 גרם,false,,4.70,0.0134,true,1,6008
7290000063133,false,שקדי מרק 100,אסם,,שקדי מרק 100,גרמים,100.00,100 גרם,false,,5.00,0.0500,true,1,6009
7290000063140,false,שקדי מרק 400,אסם,,שקדי מרק 400,גרמים,400.00,100 גרם,false,,10.00,0.0250,false,1,6010
7290000063157,false,קמח תופח 1קג,אסם,,קמח תופח 1קג,יחידה,1.00,יחידה,false,,9.70,9.7000,false,1,6011
7290000064758,false,קוסקוס אמיתי שקית 35,אסם,,קוסקוס אמיתי שקית 35,גרמים,350.00,100 גרם,false,,8.00,0.0229,false,1,6024
7290000064871,false,"מנה חמה פירה תפו""א ו",אסם,,"מנה חמה פירה תפו""א ו",גרמים,56.00,100 גרם,false,,6.70,0.1196,false,1,6025
7290000065090,false,מיני קרוטונים למרק 4,אסם,,מיני קרוטונים למרק 4,גרמים,400.00,100 גרם,false,,23.90,0.0597,true,1,6027
7290000065335,false,"מנה חמה פירה תפו""א ע",אסם,,"מנה חמה פירה תפו""א ע",גרמים,55.00,100 גרם,false,,6.70,0.1218,false,1,6028
7290000065540,false,מנה חמה פסטה מוקרמת,אסם,,מנה חמה פסטה מוקרמת,גרמים,55.00,100 גרם,false,,6.70,0.1218,false,1,6029
7290000065557,false,מנה חמה קוסקוס עם יר,אסם,,מנה חמה קוסקוס עם יר,גרמים,84.00,100 גרם,false,,6.70,0.0798,false,1,6030
7290000065977,false,חטיפי פריכונים תירס,אסם,,חטיפי פריכונים תירס,גרמים,80.00,100 גרם,false,,7.50,0.0938,false,1,38266
7290000066141,false,ביסלי גריל 70גר,אסם,,ביסלי גריל 70גר,גרמים,70.00,100 גרם,false,,4.70,0.0671,false,1,6037
7290000066172,false,ביסלי פיצה 70,אסם,,ביסלי פיצה 70,גרמים,70.00,100 גרם,false,,4.70,0.0671,false,1,6040
7290000066189,false,ביסלי פלאפל 200,אסם,,ביסלי פלאפל 200,גרמים,200.00,100 גרם,false,,9.00,0.0450,false,1,6041
7290000066196,false,ביסלי גריל 200גר,אסם,,ביסלי גריל 200גר,גרמים,200.00,100 גרם,false,,9.00,0.0450,false,1,6042
7290000066226,false,ביסלי פיצה 200,אסם,,ביסלי פיצה 200,גרמים,200.00,100 גרם,false,,9.00,0.0450,false,1,6045
7290000066264,false,דובונים חטיף,אסם,,דובונים חטיף,גרמים,40.00,100 גרם,false,,5.00,0.1250,false,1,6046
7290000066295,false,במבה תות 30גר,אסם,,במבה תות 30גר,גרמים,30.00,100 גרם,false,,2.60,0.0867,false,1,6047
7290000066318,false,במבה 80גר,אסם,,במבה 80גר,גרמים,80.00,100 גרם,false,,5.00,0.0625,false,1,6049
7290000066332,false,אפרופו 50 גר,אסם,,אפרופו 50 גר,גרמים,50.00,100 גרם,false,,5.20,0.1040,false,1,6050
7290000066349,false,אפרופו 100גר,אסם,,אפרופו 100גר,גרמים,100.00,100 גרם,false,,8.50,0.0850,false,1,6051
7290000066431,false,פופקו חמאה ודבש 80 ג,אסם,,פופקו חמאה ודבש 80 ג,גרמים,80.00,100 גרם,false,,5.30,0.0662,false,1,6053
7290000066882,false,סלט צ'ימיצ'ורי,,,סלט צ'ימיצ'ורי,קילוגרמים,1.00,"ק""ג",true,,56.60,56.6000,true,1,114786
7290000067131,false,"ג'לי תות כשל""פ",אסם,,"ג'לי תות כשל""פ",גרמים,85.00,100 גרם,false,,7.20,0.0847,false,1,33579
7290000067407,false,פירורית מתובלת 200גר,אסם,,פירורית מתובלת 200גר,גרמים,200.00,100 גרם,false,,6.00,0.0300,true,1,6062
7290000067599,false,מנה חמה ספגטי בולונז,אסם,,מנה חמה ספגטי בולונז,גרמים,65.00,100 גרם,false,,6.70,0.1031,false,1,6068
7290000068138,false,פודינג וניל,אסם,,פודינג וניל,גרמים,80.00,100 גרם,false,,5.80,0.0725,false,1,6072
7290000068152,false,"רוטב צלי כשל""פ אסם",אסם,,"רוטב צלי כשל""פ אסם",גרמים,22.00,100 גרם,false,,4.40,0.2000,true,1,33581
7290000068190,false,ג'ל תות,אסם,,ג'ל תות,גרמים,85.00,100 גרם,false,,6.50,0.0765,true,1,6075
7290000068206,false,ג'לי מישמש,אסם,,ג'לי מישמש,גרמים,85.00,100 גרם,false,,6.50,0.0765,true,1,6076
7290000068237,false,ג'לי פטל,אסם,,ג'לי פטל,גרמים,85.00,100 גרם,false,,6.50,0.0765,true,1,6077
7290000068282,false,"מנה חמה תפ""א עם ירקו",אסם,,"מנה חמה תפ""א עם ירקו",גרמים,44.00,100 גרם,false,,6.70,0.1523,false,1,33573
7290000068343,false,פריכונים מאורז מלא,אסם,,פריכונים מאורז מלא,גרמים,140.00,100 גרם,false,,7.20,0.0514,false,1,6082
7290000068701,false,שקדי מרק במיכל,אסם,,שקדי מרק במיכל,גרמים,400.00,100 גרם,false,,15.90,0.0398,true,1,6087
7290000068770,false,במבה יום הולדת 80 גר,אסם,,במבה יום הולדת 80 גר,גרמים,80.00,100 גרם,false,,5.00,0.0625,false,1,6090
7290000068787,false,במבה יום הולדת,אסם,,במבה יום הולדת,גרמים,25.00,100 גרם,false,,2.40,0.0960,true,1,6091
7290000069364,false,פריכונים מאורז מלא ל,אסם,,פריכונים מאורז מלא ל,גרמים,140.00,100 גרם,false,,7.20,0.0514,true,1,6096
7290000069609,false,חטיפי קרקר זעתר 300,אסם,,חטיפי קרקר זעתר 300,גרמים,300.00,100 גרם,false,,11.70,0.0390,true,1,34582
7290000069715,false,חטיפי קרקר מלוח אסם,אסם,,חטיפי קרקר מלוח אסם,גרמים,300.00,100 גרם,false,,11.70,0.0390,true,1,34566
7290000069739,false,חטיפי קרקר שומשום אס,אסם,,חטיפי קרקר שומשום אס,גרמים,300.00,100 גרם,false,,11.70,0.0390,true,1,34530
7290000070308,false,מרק עוף 400,אסם,,מרק עוף 400,גרמים,400.00,100 גרם,false,,15.90,0.0398,false,1,6104
7290000070322,false,מרק פטריות 400,אסם,,מרק פטריות 400,גרמים,400.00,100 גרם,false,,19.90,0.0497,false,1,6106
7290000070353,false,מרק בצל 400,אסם,,מרק בצל 400,גרמים,400.00,100 גרם,false,,19.90,0.0497,false,1,6107
7290000070544,false,קאשיו קלוי,,,קאשיו קלוי,קילוגרמים,1.00,"ק""ג",true,,80.00,80.0000,true,1,98178
7290000070919,false,בייגלה רשתות מלח אסם,אסם,,בייגלה רשתות מלח אסם,גרמים,400.00,100 גרם,false,,13.90,0.0348,true,1,40890
7290000071008,false,בייגלה שטוחים מלח אס,אסם,,בייגלה שטוחים מלח אס,גרמים,60.00,100 גרם,false,,3.10,0.0517,true,1,40772
7290000072067,false,במבה קרם חלבה,אסם,,במבה קרם חלבה,גרמים,60.00,100 גרם,false,,5.30,0.0883,true,1,36819
7290000072241,false,רוטב פיצה,אסם,,רוטב פיצה,גרמים,290.00,100 גרם,false,,12.00,0.0414,true,1,6129
7290000072623,false,קטשופ 750 לחיץ,אסם,,קטשופ 750 לחיץ,גרמים,750.00,100 גרם,false,,9.90,0.0132,false,1,6131
7290000072630,false,קטשופ חריף לחיץ 750ג,אסם,,קטשופ חריף לחיץ 750ג,גרמים,750.00,100 גרם,false,,9.90,0.0132,false,1,6132
7290000072753,false,קפה נמס טסטר'ס צ'ויס,טסטר צ'ויס,,קפה נמס טסטר'ס צ'ויס,גרמים,200.00,100 גרם,false,,29.90,0.1495,false,1,6137
7290000072760,false,קפה נמס טסטר'ס צ'ויס,טסטר צ'ויס,,קפה נמס טסטר'ס צ'ויס,גרמים,100.00,100 גרם,false,,25.90,0.2590,false,1,6138
7290000072777,false,קפה נמס טסטר'ס צ'ויס,טסטר צ'ויס,,קפה נמס טסטר'ס צ'ויס,גרמים,200.00,100 גרם,false,,39.90,0.1995,false,1,6139
7290000072784,false,קפה נמס טייסטרס צויס,טסטר צ'ויס,,קפה נמס טייסטרס צויס,גרמים,100.00,100 גרם,false,,28.90,0.2890,false,1,6140
7290000072968,false,דגני בוקר סיני מיניס,נסטלה,,דגני בוקר סיני מיניס,גרמים,500.00,100 גרם,false,,19.90,0.0398,false,1,6148
7290000073415,false,מנה חמה פסטה ברוטב פ,אסם,,מנה חמה פסטה ברוטב פ,גרמים,61.00,100 גרם,false,,6.70,0.1098,false,1,6157
7290000073699,false,חומוס חלק 150 גר,,,חומוס חלק 150 גר,גרמים,150.00,100 גרם,false,,4.80,0.0320,true,1,61985
7290000073750,false,מנה חמה נודלס אטריות,אסם,,מנה חמה נודלס אטריות,גרמים,70.00,100 גרם,false,,7.20,0.1029,false,1,6159
7290000073767,false,מנה חמה נודלס אטריות,אסם,,מנה חמה נודלס אטריות,גרמים,70.00,100 גרם,false,,7.20,0.1029,false,1,6160
7290000073774,false,מנה חמה נודלס+איטריו,אסם,,מנה חמה נודלס+איטריו,גרמים,70.00,100 גרם,false,,7.20,0.1029,false,1,6161
7290000074153,false,פתי בר שוקו 500,אסם,,פתי בר שוקו 500,גרמים,500.00,100 גרם,false,,13.90,0.0278,false,1,6164
7290000074184,false,פתיבר וניל אסם 500 ג,אסם,,פתיבר וניל אסם 500 ג,גרמים,500.00,100 גרם,false,,12.00,0.0240,false,1,6166
7290000074245,false,קרם קרקר 250,אסם,,קרם קרקר 250,גרמים,250.00,100 גרם,false,,8.50,0.0340,true,1,6167
7290000074252,false,קרקר שומשום 250,אסם,,קרקר שומשום 250,גרמים,250.00,100 גרם,false,,9.00,0.0360,true,1,6168
7290000074276,false,אסם קרקר קלאסי 250 ג,אסם,,אסם קרקר קלאסי 250 ג,גרמים,250.00,100 גרם,false,,10.00,0.0400,true,1,6169
7290000074375,false,קרקר זהב 150,אסם,,קרקר זהב 150,גרמים,150.00,100 גרם,false,,7.00,0.0467,true,1,6174
7290000074481,false,לחמית אגוזים,אסם,,לחמית אגוזים,גרמים,160.00,100 גרם,false,,10.50,0.0656,false,1,56660
7290000074696,false,קרם קרקר 1קג,אסם,,קרם קרקר 1קג,יחידה,1.00,יחידה,false,,24.90,24.9000,false,1,6176
7290000074764,false,"קרקר זהב 900 ג""ר",אסם,,"קרקר זהב 900 ג""ר",גרמים,900.00,100 גרם,false,,22.90,0.0254,true,1,6180
7290000075204,false,לחמית 250 גר,אסם,,לחמית 250 גר,גרמים,250.00,100 גרם,false,,8.70,0.0348,true,1,6184
7290000075693,false,עוגת שמרים בריוש שוק,אסם,,עוגת שמרים בריוש שוק,גרמים,360.00,100 גרם,false,,18.00,0.0500,false,1,36371
7290000076126,false,בייגלה שמיניות קטנות,אסם,,בייגלה שמיניות קטנות,מיליליטרים,80.00,"100 מ""ל",false,,3.10,0.0388,true,1,6187
7290000076133,false,בייגלה שמיניות קטנות,אסם,,בייגלה שמיניות קטנות,גרמים,400.00,100 גרם,false,,11.00,0.0275,true,1,6188
7290000076645,false,אסם טוסטעים חיטה מלא,אסם,,אסם טוסטעים חיטה מלא,גרמים,100.00,100 גרם,false,,9.90,0.0990,true,1,37756
7290000077017,false,קרמוגית שוקו,אסם,,קרמוגית שוקו,גרמים,200.00,100 גרם,false,,11.50,0.0575,true,1,6200
7290000077253,false,לחמית כפרית 190 גר,אסם,,לחמית כפרית 190 גר,גרמים,190.00,100 גרם,false,,10.50,0.0553,true,1,38636
7290000077925,false,טוסטעים צנימים מחיטה,אסם,,טוסטעים צנימים מחיטה,גרמים,125.00,100 גרם,false,,9.70,0.0776,true,1,38056
7290000078014,false,חמוציות חתוכות,,,חמוציות חתוכות,קילוגרמים,1.00,"ק""ג",true,,39.90,39.9000,true,1,23329
7290000078212,false,קרוטונים מתובלים 250,אסם,,קרוטונים מתובלים 250,גרמים,250.00,100 גרם,false,,14.50,0.0580,true,1,6205
7290000078762,false,פריכונים אורז מלא בט,אסם,,פריכונים אורז מלא בט,גרמים,80.00,100 גרם,false,,7.50,0.0938,false,1,6207
7290000079233,false,קרם קרקר דל נתרן דיי,אסם,,קרם קרקר דל נתרן דיי,גרמים,250.00,100 גרם,false,,10.60,0.0424,true,1,6211
7290000080758,false,טוסטעים פת קלויה,אסם,,טוסטעים פת קלויה,גרמים,100.00,100 גרם,false,,9.90,0.0990,true,1,6222
7290000080765,false,טוסטעים פת קלויה שומ,אסם,,טוסטעים פת קלויה שומ,גרמים,100.00,100 גרם,false,,9.90,0.0990,true,1,6223
7290000081663,false,בייגלה טבעות שומשום,אסם,,בייגלה טבעות שומשום,גרמים,300.00,100 גרם,false,,11.00,0.0367,true,1,6227
7290000085166,false,פתי בר גטניו 400 גר,,,פתי בר גטניו 400 גר,גרמים,400.00,100 גרם,false,,7.50,0.0188,true,1,17732
7290000085173,false,פתיבר שוקו גטניו,,,פתיבר שוקו גטניו,גרמים,400.00,100 גרם,false,,7.50,0.0188,true,1,17733
7290000089188,false,פומפדיתא יין מיוחד ל,יקבי בנימינה,,פומפדיתא יין מיוחד ל,ליטרים,1.00,ליטר,false,,16.90,16.9000,false,1,37376
7290000094540,false,אננס טבעי מיובש,,,אננס טבעי מיובש,קילוגרמים,1.00,"ק""ג",true,,88.00,88.0000,true,1,118570
7290000100029,false,פתיתי כרובית סנפרוסט,סנפרוסט,,פתיתי כרובית סנפרוסט,גרמים,800.00,100 גרם,false,,18.90,0.0236,true,1,110453
7290000100128,false,תות שדה סנפרוסט,סנפרוסט,,תות שדה סנפרוסט,גרמים,300.00,100 גרם,false,,14.90,0.0497,true,1,95571
7290000100135,false,דובדבן מתוק 300 גר',סנפרוסט,,דובדבן מתוק 300 גר',גרמים,300.00,100 גרם,false,,16.90,0.0563,true,1,110449
7290000100302,false,פול ירוק ללא קליפה ס,סנפרוסט,,פול ירוק ללא קליפה ס,גרמים,600.00,100 גרם,false,,22.90,0.0382,true,1,113392
7290000100593,false,אנטיפסטי לתנור 600 ג,,,אנטיפסטי לתנור 600 ג,גרמים,600.00,100 גרם,false,,21.00,0.0350,true,1,118883
7290000100609,false,אנטיפסטי להקפצה 600,,,אנטיפסטי להקפצה 600,גרמים,600.00,100 גרם,false,,21.00,0.0350,true,1,118884
7290000101927,false,אוכמניות כחולות מוקפ,סנפרוסט,,אוכמניות כחולות מוקפ,גרמים,300.00,100 גרם,false,,14.90,0.0497,true,1,104887
7290000101934,false,תערובת פירות יער קפו,סנפרוסט,,תערובת פירות יער קפו,גרמים,300.00,100 גרם,false,,14.90,0.0497,true,1,104888
7290000101941,false,אננס חתוך מוקפא 300,סנפרוסט,,אננס חתוך מוקפא 300,גרמים,300.00,100 גרם,false,,14.90,0.0497,true,1,104889
7290000101958,false,מנגו חתוך מוקפא 300,סנפרוסט,,מנגו חתוך מוקפא 300,גרמים,300.00,100 גרם,false,,14.90,0.0497,true,1,104890
7290000103365,false,מרק ירקות סנפרוסט,סנפרוסט,,מרק ירקות סנפרוסט,גרמים,500.00,100 גרם,false,,14.90,0.0298,false,1,60246
7290000103433,false,ירקות לתנור סנפרוסט,סנפרוסט,,ירקות לתנור סנפרוסט,יחידה,0.00,יחידה,false,,21.00,0.0000,false,1,100768
7290000103457,false,מיני כרובית 600 גר',סנפרוסט,,מיני כרובית 600 גר',גרמים,600.00,100 גרם,false,,15.90,0.0265,false,1,99426
7290000103471,false,מיני ברוקולי 600 גר',סנפרוסט,,מיני ברוקולי 600 גר',גרמים,600.00,100 גרם,false,,15.90,0.0265,true,1,99627
7290000103730,false,לקט להקפצה עם פסטה ס,סנפרוסט,,לקט להקפצה עם פסטה ס,גרמים,800.00,100 גרם,false,,21.90,0.0274,false,1,36947
7290000103815,false,לקט להקפצה בסגנון תא,,,לקט להקפצה בסגנון תא,גרמים,800.00,100 גרם,false,,21.90,0.0274,false,1,56550
7290000103822,false,לקט לעוף 800 גר' סנפ,סנפרוסט,,לקט לעוף 800 גר' סנפ,גרמים,800.00,100 גרם,false,,21.00,0.0263,false,1,55725
7290000103839,false,מרק כתום סנפרוסט,סנפרוסט,,מרק כתום סנפרוסט,גרמים,572.00,100 גרם,false,,14.90,0.0260,false,1,55666
7290000103860,false,מרק עדשים סנפרוסט,סנפרוסט,,מרק עדשים סנפרוסט,גרמים,572.00,100 גרם,false,,14.90,0.0260,false,1,55667
7290000104072,false,עדשים ירוקות מבושלות,סנפרוסט,,עדשים ירוקות מבושלות,גרמים,800.00,100 גרם,false,,19.90,0.0249,false,1,40671
7290000104188,false,שעועית אדומה מבושלת,סנפרוסט,,שעועית אדומה מבושלת,גרמים,800.00,100 גרם,false,,17.90,0.0224,false,1,36929
7290000104201,false,אפונה עדינה,סנפרוסט,,אפונה עדינה,גרמים,600.00,100 גרם,false,,17.90,0.0298,false,1,9035
7290000104218,false,במיה סנפרוסט,סנפרוסט,,במיה סנפרוסט,גרמים,600.00,100 גרם,false,,16.90,0.0282,false,1,9036
7290000104225,false,בצל קצוץ סנפרוסט,סנפרוסט,,בצל קצוץ סנפרוסט,גרמים,600.00,100 גרם,false,,16.90,0.0282,false,1,9037
7290000104676,false,אפונה סנפרוסט 00,סנפרוסט,,אפונה סנפרוסט 00,גרמים,800.00,100 גרם,false,,17.90,0.0224,false,1,9041
7290000104683,false,שעועית שלמה 800,סנפרוסט,,שעועית שלמה 800,גרמים,800.00,100 גרם,false,,19.90,0.0249,false,1,9042
7290000104690,false,תירס 800 סנפרוסט,סנפרוסט,,תירס 800 סנפרוסט,גרמים,800.00,100 גרם,false,,16.90,0.0211,false,1,9043
7290000104706,false,גזר גמדי 800,סנפרוסט,,גזר גמדי 800,גרמים,800.00,100 גרם,false,,17.90,0.0224,false,1,9044
7290000104713,false,פול ירוק 800,סנפרוסט,,פול ירוק 800,גרמים,800.00,100 גרם,false,,22.90,0.0286,false,1,9045
7290000104720,false,שעועית ירוקה חתוכה,סנפרוסט,,שעועית ירוקה חתוכה,גרמים,800.00,100 גרם,false,,16.90,0.0211,false,1,9046
7290000104744,false,כרובית 800 גר,סנפרוסט,,כרובית 800 גר,גרמים,800.00,100 גרם,false,,22.90,0.0286,false,1,9048
7290000104751,false,כרוב ניצנים סנפר,סנפרוסט,,כרוב ניצנים סנפר,גרמים,800.00,100 גרם,false,,23.90,0.0299,false,1,9049
7290000104768,false,תרד עלים 800,סנפרוסט,,תרד עלים 800,גרמים,800.00,100 גרם,false,,22.90,0.0286,false,1,9050
7290000104775,false,תרד מדליון,סנפרוסט,,תרד מדליון,גרמים,800.00,100 גרם,false,,23.90,0.0299,false,1,9051
7290000104799,false,שעועית לבנה מבוש,סנפרוסט,,שעועית לבנה מבוש,גרמים,800.00,100 גרם,false,,17.90,0.0224,false,1,9052
7290000104805,false,חומוס מבושל סנפר,סנפרוסט,,חומוס מבושל סנפר,גרמים,800.00,100 גרם,false,,17.90,0.0224,false,1,9053
7290000104829,false,קלחוני תירס 1 קג,סנפרוסט,,קלחוני תירס 1 קג,יחידה,1.00,יחידה,false,,19.90,19.9000,false,1,9055
7290000104836,false,שעועית עדינה שלמה 60,סנפרוסט,,שעועית עדינה שלמה 60,גרמים,600.00,100 גרם,false,,21.90,0.0365,false,1,9056
7290000104874,false,לקט לקוסקוס,סנפרוסט,,לקט לקוסקוס,גרמים,800.00,100 גרם,false,,21.00,0.0263,false,1,9058
7290000104881,false,אפונה וגזר,סנפרוסט,,אפונה וגזר,גרמים,800.00,100 גרם,false,,15.90,0.0199,false,1,9059
7290000104904,false,לקט ירקות מעורבי,סנפרוסט,,לקט ירקות מעורבי,גרמים,800.00,100 גרם,false,,21.90,0.0274,false,1,9061
7290000104911,false,לקט נורמנדי,סנפרוסט,,לקט נורמנדי,גרמים,800.00,100 גרם,false,,21.00,0.0263,false,1,9062
7290000106175,false,לקט כפרית 2,סנפרוסט,,לקט כפרית 2,יחידה,2.00,יחידה,false,,37.90,18.9500,false,1,9068
7290000106526,false,חגיגה ירוקה להקפצה,סנפרוסט,,חגיגה ירוקה להקפצה,גרמים,800.00,100 גרם,false,,21.00,0.0263,true,1,115802
7290000107165,false,חטיף סויה אדממה,סנפרוסט,,חטיף סויה אדממה,גרמים,400.00,100 גרם,false,,13.50,0.0338,false,1,9070
7290000107189,false,ארטישוק תחתיות,סנפרוסט,,ארטישוק תחתיות,גרמים,400.00,100 גרם,false,,19.90,0.0497,false,1,9071
7290000107295,false,ברוקולי 800,סנפרוסט,,ברוקולי 800,גרמים,800.00,100 גרם,false,,22.90,0.0286,false,1,9077
7290000107615,false,מנה אסייתית צבעונית,סנפרוסט,,מנה אסייתית צבעונית,גרמים,800.00,100 גרם,false,,21.00,0.0263,true,1,115804
7290000107622,false,פסטה וירקות א-לה איט,סנפרוסט,,פסטה וירקות א-לה איט,גרמים,800.00,100 גרם,false,,21.00,0.0263,true,1,115805
7290000110844,false,"כפלי גריל בד""ץ",,,"כפלי גריל בד""ץ",גרמים,70.00,100 גרם,false,,6.00,0.0857,false,1,11925
7290000110851,false,כפלי בצל,תלמה,,כפלי בצל,גרמים,70.00,100 גרם,false,,6.00,0.0857,true,1,11926
7290000111117,false,בדין לבן 4 ליטר,בדין,,בדין לבן 4 ליטר,ליטרים,4.00,ליטר,false,,19.90,4.9750,false,1,11928
7290000111186,false,מיונז 500,תלמה,,מיונז 500,גרמים,500.00,100 גרם,false,,9.90,0.0198,false,1,11930
7290000111353,false,מיונז אמיתי 1קג,תלמה,,מיונז אמיתי 1קג,יחידה,1.00,יחידה,false,,17.60,17.6000,false,1,11933
7290000111360,false,חרדל 250,תלמה,,חרדל 250,גרמים,250.00,100 גרם,false,,7.50,0.0300,true,1,11934
7290000111384,false,חרדל אמיתי 550,תלמה,,חרדל אמיתי 550,גרמים,550.00,100 גרם,false,,10.90,0.0198,true,1,11936
7290000112220,false,טחינה גולמית 500,בארכה,,טחינה גולמית 500,גרמים,500.00,100 גרם,false,,13.90,0.0278,false,1,16293
7290000112497,false,קנור עשיר עוף,קנור,,קנור עשיר עוף,גרמים,75.00,100 גרם,false,,10.90,0.1453,true,1,11958
7290000112503,false,קנור עשיר ירקות,קנור,,קנור עשיר ירקות,גרמים,61.00,100 גרם,false,,10.90,0.1787,true,1,11959
7290000112619,false,מרק עוף אמיתי,תלמה,,מרק עוף אמיתי,גרמים,400.00,100 גרם,false,,15.90,0.0398,false,1,11963
7290000116204,false,מ.דגש 1קג,קנור,,מ.דגש 1קג,יחידה,1.00,יחידה,false,,14.90,14.9000,false,1,12019
7290000116884,false,רוטב ברבקיו קנור,קנור,,רוטב ברבקיו קנור,יחידה,200.00,יחידה,false,,12.50,0.0625,false,1,12022
7290000116921,false,רוטב צ'ילי מתוק,תלמה,,רוטב צ'ילי מתוק,גרמים,370.00,100 גרם,false,,12.50,0.0338,false,1,12023
7290000116945,false,רוטב סויה קנור,קנור,,רוטב סויה קנור,מיליליטרים,300.00,"100 מ""ל",false,,13.90,0.0463,false,1,12024
7290000117171,false,מרק טעם עוף נמס 10 ק,תלמה,,מרק טעם עוף נמס 10 ק,גרמים,46.00,100 גרם,false,,7.20,0.1565,true,1,12028
7290000117720,false,נ.בכוס פטריות,קנור,,נ.בכוס פטריות,גרמים,43.00,100 גרם,false,,7.00,0.1628,true,1,12035
7290000118277,false,קניידל,קנור,,קניידל,גרמים,130.00,100 גרם,false,,11.90,0.0915,false,1,12042
7290000120836,false,מיונז הלמנס,הלמנ'ס,,מיונז הלמנס,גרמים,394.00,100 גרם,false,,10.90,0.0277,false,1,12062
7290000120874,false,מיונז הלמנס דל,הלמנ'ס,,מיונז הלמנס דל,גרמים,424.00,100 גרם,false,,10.90,0.0257,false,1,12064
7290000121017,false,גבינת שומרון7% 120 ג,נטו,,גבינת שומרון7% 120 ג,גרמים,120.00,100 גרם,false,,11.90,0.0992,true,1,17770
7290000121031,false,גבינת חתול 14% 120 ג,נטו,,גבינת חתול 14% 120 ג,גרמים,120.00,100 גרם,false,,10.60,0.0883,true,1,17771
7290000121079,false,גבינה מון בלאן לייט,נטו,,גבינה מון בלאן לייט,גרמים,120.00,100 גרם,false,,11.90,0.0992,true,1,17773
7290000121093,false,גבינה מון בלאן לייט,נטו,,גבינה מון בלאן לייט,גרמים,120.00,100 גרם,false,,11.50,0.0958,true,1,17774
7290000121109,false,גבינה מון בלאן לייט,נטו,,גבינה מון בלאן לייט,גרמים,120.00,100 גרם,false,,11.90,0.0992,true,1,17775
7290000121147,false,גבינה מון בלאן לייט,נטו,,גבינה מון בלאן לייט,גרמים,120.00,100 גרם,false,,11.90,0.0992,true,1,17776
7290000121154,false,גבינה מון בלאן לייט,נטו,,גבינה מון בלאן לייט,גרמים,120.00,100 גרם,false,,13.50,0.1125,true,1,17777
7290000121239,false,מיוקל 5 שומן%,תלמה,,מיוקל 5 שומן%,גרמים,500.00,100 גרם,false,,13.50,0.0270,false,1,12068
7290000122175,false,תמצית וניל 50,אפיכל,,תמצית וניל 50,יחידה,55.00,יחידה,false,,4.70,0.0855,true,1,12089
7290000123363,false,צמקאו 500גר,אפיכל,,צמקאו 500גר,גרמים,500.00,100 גרם,false,,16.50,0.0330,true,1,12114
7290000125251,false,שמפו לכביסה עדינה,בדין,,שמפו לכביסה עדינה,ליטרים,2.00,ליטר,false,,27.00,13.5000,true,1,12137
7290000129457,false,רוטב פטריות קנור,קנור,,רוטב פטריות קנור,גרמים,28.00,100 גרם,false,,4.60,0.1643,true,1,12202
7290000129785,false,בדין ירוק 4 ליטר,בדין,,בדין ירוק 4 ליטר,ליטרים,4.00,ליטר,false,,19.90,4.9750,false,1,12215
7290000130125,false,מצות 400,,,מצות 400,גרמים,400.00,100 גרם,false,,14.90,0.0373,true,1,13333
7290000130606,false,קמח מצה 200 גר,,,קמח מצה 200 גר,גרמים,200.00,100 גרם,false,,3.00,0.0150,true,1,13336
7290000131122,false,בצק עלים צרפתי שחף 1,,,בצק עלים צרפתי שחף 1,קילוגרמים,1.50,"ק""ג",false,,19.90,13.2667,true,1,5597
7290000133645,false,שלישיה אורביטול משחת,אורביטול,,שלישיה אורביטול משחת,גרמים,435.00,100 גרם,false,,19.90,0.0457,true,1,32114
7290000133904,false,דאודורנט פרש פסיפלור,סנו fresh,,דאודורנט פרש פסיפלור,מיליליטרים,300.00,"100 מ""ל",false,,12.90,0.0430,true,1,17019
7290000134147,false,מוסקט טחון 40 גרם,תבליני טעם וריח,,מוסקט טחון 40 גרם,גרמים,40.00,100 גרם,false,,14.90,0.3725,true,1,13704
7290000134307,false,קינמון טחון בשקית 50,תבליני טעם וריח,,קינמון טחון בשקית 50,גרמים,50.00,100 גרם,false,,5.90,0.1180,true,1,13705
7290000134314,false,תיבול לפיצה,תבליני טעם וריח,,תיבול לפיצה,גרמים,120.00,100 גרם,false,,9.50,0.0792,true,1,13706
7290000134338,false,אבקת שום מיכל,תבליני טעם וריח,,אבקת שום מיכל,גרמים,90.00,100 גרם,false,,9.50,0.1056,true,1,20420
7290000134352,false,תבלין קינמון טחו,תבליני טעם וריח,,תבלין קינמון טחו,גרמים,90.00,100 גרם,false,,9.50,0.1056,true,1,20422
7290000134376,false,פפריקה מרוקאית מתוקה,תבליני טעם וריח,,פפריקה מרוקאית מתוקה,גרמים,90.00,100 גרם,false,,9.50,0.1056,true,1,13707
7290000134550,false,עלי דפנה שק 20',תבליני טעם וריח,,עלי דפנה שק 20',גרמים,40.00,100 גרם,false,,5.90,0.1475,true,1,13712
7290000134673,false,זנגויל מיכל פלסטיק,תבליני טעם וריח,,זנגויל מיכל פלסטיק,גרמים,30.00,100 גרם,false,,5.50,0.1833,true,1,27170
7290000134680,false,קימל שלם במיכל,תבליני טעם וריח,,קימל שלם במיכל,גרמים,40.00,100 גרם,false,,5.50,0.1375,true,1,26981
7290000134758,false,"תבלין לתפו""א",תבליני טעם וריח,,"תבלין לתפו""א",גרמים,100.00,100 גרם,false,,9.50,0.0950,true,1,13714
7290000134826,false,תבלין זעתר,תבליני טעם וריח,,תבלין זעתר,גרמים,100.00,100 גרם,false,,9.50,0.0950,true,1,13717
7290000134833,false,תבלין כמון,תבליני טעם וריח,,תבלין כמון,גרמים,100.00,100 גרם,false,,9.50,0.0950,true,1,13718
7290000134840,false,תבלין כורכום,תבליני טעם וריח,,תבלין כורכום,גרמים,100.00,100 גרם,false,,9.50,0.0950,true,1,13719
7290000134857,false,פפריקה מתוקה,תבליני טעם וריח,,פפריקה מתוקה,גרמים,100.00,100 גרם,false,,9.50,0.0950,true,1,13720
7290000134864,false,תבלין פפריקה,תבליני טעם וריח,,תבלין פפריקה,גרמים,100.00,100 גרם,false,,9.50,0.0950,true,1,13721
7290000134871,false,פלפל שחור טחון 100 ג,תבליני טעם וריח,,פלפל שחור טחון 100 ג,גרמים,100.00,100 גרם,false,,12.90,0.1290,true,1,13722
7290000134970,false,תבלין חוויא'ג,תבליני טעם וריח,,תבלין חוויא'ג,גרמים,100.00,100 גרם,false,,9.50,0.0950,true,1,20426
7290000134987,false,פלפל שחור גרוס,תבליני טעם וריח,,פלפל שחור גרוס,גרמים,90.00,100 גרם,false,,12.90,0.1433,true,1,13726
7290000134994,false,טימין מיכל קטן,תבליני טעם וריח,,טימין מיכל קטן,גרמים,20.00,גרם,false,,5.50,0.2750,true,1,25545
7290000135045,false,"פחית XL תפוח 250 מ""ל",,,"פחית XL תפוח 250 מ""ל",מיליליטרים,250.00,"100 מ""ל",false,,4.50,0.0180,false,1,114569
7290000135168,false,שישייה פפסי מקס ליים,,,שישייה פפסי מקס ליים,ליטרים,1.98,ליטר,false,,18.90,9.5455,true,1,122408
7290000135182,false,שישייה דיאט סבן אפ פ,,,שישייה דיאט סבן אפ פ,ליטרים,1.98,ליטר,false,,18.90,9.5455,true,1,122409
7290000135311,false,פפסי מקס ליים 1.5 לי,פפסי,,פפסי מקס ליים 1.5 לי,ליטרים,1.50,ליטר,false,,6.90,4.6000,false,1,120722
7290000135465,false,סודה טמפו 500 מל מאר,,,סודה טמפו 500 מל מאר,ליטרים,6.00,ליטר,false,,25.90,4.3167,true,1,124948
7290000135595,false,פפסי מקס דובדבן 1.5,פפסי,,פפסי מקס דובדבן 1.5,ליטרים,1.50,ליטר,false,,6.90,4.6000,false,1,125501
7290000135663,false,פפסי מקס דובדבן פחית,,,פפסי מקס דובדבן פחית,ליטרים,1.98,ליטר,false,,18.90,9.5455,true,1,189941
7290000135755,false,בירה mccabee אפרסק ש,טמפו,,בירה mccabee אפרסק ש,מיליליטרים,1980.00,"100 מ""ל",false,,31.90,0.0161,false,1,125512
7290000136141,false,פפסי 1.5 ליטר,,,פפסי 1.5 ליטר,ליטרים,1.50,ליטר,false,,7.50,5.0000,false,1,186691
7290000136158,false,פפסי מקס 1.5 ליטר,,,פפסי מקס 1.5 ליטר,ליטרים,1.50,ליטר,false,,6.90,4.6000,false,1,186692
7290000136165,false,מירינדה 1.5 ליטר,,,מירינדה 1.5 ליטר,ליטרים,1.50,ליטר,false,,7.50,5.0000,false,1,186689
7290000136172,false,סבן אפ 1.5 ליטר,,,סבן אפ 1.5 ליטר,ליטרים,1.50,ליטר,false,,7.50,5.0000,false,1,186693
7290000136189,false,דיאט סבן אפ 1.5 ליטר,,,דיאט סבן אפ 1.5 ליטר,ליטרים,1.50,ליטר,false,,7.50,5.0000,false,1,186697
7290000136240,false,סודה 1.5 ליטר טמפו,,,סודה 1.5 ליטר טמפו,ליטרים,1.50,ליטר,false,,3.30,2.2000,false,1,186685
7290000136257,false,1.5ליטר טמפו rush&to,,,1.5ליטר טמפו rush&to,ליטרים,1.50,ליטר,false,,10.90,7.2667,false,1,186675
7290000136264,false,מי טוניק 1.5 ליטר,,,מי טוניק 1.5 ליטר,ליטרים,1.50,ליטר,false,,10.90,7.2667,false,1,186676
7290000136271,false,סודה למון ליים 1.5 ל,,,סודה למון ליים 1.5 ל,ליטרים,1.50,ליטר,false,,4.30,2.8667,false,1,186686
7290000136288,false,סירופ בטעם תפוחים סי,,,סירופ בטעם תפוחים סי,מיליליטרים,330.00,"100 מ""ל",false,,13.90,0.0421,true,1,190354
7290000136295,false,סירופ בטעם פטל סיידר,,,סירופ בטעם פטל סיידר,מיליליטרים,330.00,"100 מ""ל",false,,13.90,0.0421,true,1,190355
7290000136301,false,סירופ בטעם ענבים סיי,,,סירופ בטעם ענבים סיי,מיליליטרים,330.00,"100 מ""ל",false,,13.90,0.0421,true,1,190356
7290000136325,false,סודה נגיעות אפרסק 1.,,,סודה נגיעות אפרסק 1.,ליטרים,1.50,ליטר,false,,4.30,2.8667,false,1,186690
7290000136387,false,סודה אננס 1.5 ליטר,,,סודה אננס 1.5 ליטר,ליטרים,1.50,ליטר,false,,4.30,2.8667,false,1,186687
7290000136455,false,ג'אמפ אשכוליות 1.5 ל,,,ג'אמפ אשכוליות 1.5 ל,ליטרים,1.50,ליטר,false,,7.90,5.2667,false,1,186680
7290000136516,false,ג'אמפ מנגו פסיפלורה,,,ג'אמפ מנגו פסיפלורה,ליטרים,1.50,ליטר,false,,7.90,5.2667,false,1,186677
7290000136561,false,ג'אמפ תות בננה 1.5 ל,,,ג'אמפ תות בננה 1.5 ל,ליטרים,1.50,ליטר,false,,7.90,5.2667,false,1,186683
7290000136585,false,ג'אמפ תפוזים  1.5 לי,,,ג'אמפ תפוזים  1.5 לי,ליטרים,1.50,ליטר,false,,7.90,5.2667,false,1,186678
7290000136608,false,ג'אמפ תפוח צלול 1.5,,,ג'אמפ תפוח צלול 1.5,ליטרים,1.50,ליטר,false,,7.90,5.2667,false,1,186684
7290000136752,false,דיאט סבן אפ 1.5 ליטר,,,דיאט סבן אפ 1.5 ליטר,ליטרים,9.00,ליטר,false,,38.90,4.3222,false,1,186700
7290000136776,false,פפסי מקס 1.5 ליטר שי,,,פפסי מקס 1.5 ליטר שי,ליטרים,9.00,ליטר,false,,37.90,4.2111,false,1,186709
7290000136790,false,סודה 1.5 ליטר שישייה,,,סודה 1.5 ליטר שישייה,ליטרים,9.00,ליטר,false,,17.90,1.9889,false,1,186701
7290000136844,false,מי נובה  2 ליטר שישי,,,מי נובה  2 ליטר שישי,ליטרים,12.00,ליטר,false,,11.70,0.9750,false,1,186698
7290000136868,false,סן בנדטו 1.5 ליטר שי,,,סן בנדטו 1.5 ליטר שי,ליטרים,9.00,ליטר,false,,17.90,1.9889,false,1,186699
7290000136875,false,סן בנדטו מוגז 1.5 לי,,,סן בנדטו מוגז 1.5 לי,ליטרים,9.00,ליטר,false,,18.90,2.1000,false,1,186706
7290000137513,false,קרמיסימו גלידונית 60,קרמיסימו- שטראוס,,קרמיסימו גלידונית 60,גרמים,630.00,100 גרם,false,,47.90,0.0760,false,1,7786
7290000137643,false,מאגדת טעמקור שוקו ונ,שטראוס,,מאגדת טעמקור שוקו ונ,יח',8.00,יח',false,,38.90,4.8625,true,1,7787
7290000140056,false,עוף טחון,,,עוף טחון,קילוגרמים,1.00,"ק""ג",true,,39.90,39.9000,false,1,69188
7290000143187,false,שמפו הוואי לגבר 700,הוואי,,שמפו הוואי לגבר 700,מיליליטרים,700.00,"100 מ""ל",false,,8.90,0.0127,false,1,18783
7290000143194,false,שמפו הוואי רגיל 2ב-1,הוואי,,שמפו הוואי רגיל 2ב-1,מיליליטרים,700.00,"100 מ""ל",false,,8.90,0.0127,false,1,18784
7290000143200,false,מרכך הוואי יבש 700 מ,הוואי,,מרכך הוואי יבש 700 מ,מיליליטרים,700.00,"100 מ""ל",false,,8.90,0.0127,false,1,18785
7290000143217,false,שמפו הוואי יבש 700 מ,הוואי,,שמפו הוואי יבש 700 מ,מיליליטרים,700.00,"100 מ""ל",false,,8.90,0.0127,true,1,18786
7290000143255,false,שמפו הוואי רגיל 700,הוואי,,שמפו הוואי רגיל 700,מיליליטרים,700.00,"100 מ""ל",false,,8.90,0.0127,false,1,18787
7290000143262,false,שמפו הוואי ילדים 700,הוואי,,שמפו הוואי ילדים 700,מיליליטרים,700.00,"100 מ""ל",false,,8.90,0.0127,false,1,18788
7290000143279,false,שמפו הוואי נגד קשקשי,הוואי,,שמפו הוואי נגד קשקשי,מיליליטרים,700.00,"100 מ""ל",false,,8.90,0.0127,false,1,18789
7290000143286,false,מרכך הוואי רגיל 700,הוואי,,מרכך הוואי רגיל 700,מיליליטרים,700.00,"100 מ""ל",false,,8.90,0.0127,false,1,18790
7290000143293,false,מרכך הוואי ילדים 700,הוואי,,מרכך הוואי ילדים 700,מיליליטרים,700.00,"100 מ""ל",false,,8.90,0.0127,false,1,18791
7290000144160,false,שמן זית בטעם מודגש 7,עץ הזית,,שמן זית בטעם מודגש 7,יחידה,750.00,יחידה,false,,29.90,0.0399,false,1,38722
7290000144467,false,שמן חמניות בריאות,עץ הזית,,שמן חמניות בריאות,ליטרים,1.00,ליטר,false,,14.90,14.9000,false,1,18674
7290000144474,false,שמן קנולה בריאות,עץ הזית,,שמן קנולה בריאות,ליטרים,1.00,ליטר,false,,14.90,14.9000,false,1,18675
7290000146669,false,רבעיה ס.מ.הוואי שמיי,הוואי,,רבעיה ס.מ.הוואי שמיי,גרמים,400.00,100 גרם,false,,12.90,0.0323,true,1,18823
7290000146676,false,רבעיה ס.מ.הוואי לגבר,הוואי,,רבעיה ס.מ.הוואי לגבר,גרמים,400.00,100 גרם,false,,12.90,0.0323,true,1,18824
7290000146683,false,רבעיה ס.מ.הוואי אפקט,הוואי,,רבעיה ס.מ.הוואי אפקט,גרמים,400.00,100 גרם,false,,12.90,0.0323,true,1,18825
7290000146928,false,מ.שיניים טום וג'רי ע,טום וג'רי,,מ.שיניים טום וג'רי ע,מיליליטרים,50.00,"100 מ""ל",false,,6.90,0.1380,true,1,18833
7290000146997,false,מ.שיניים טום וג'רי מ,טום וג'רי,,מ.שיניים טום וג'רי מ,מיליליטרים,50.00,"100 מ""ל",false,,6.90,0.1380,true,1,18835
7290000148380,false,פיסטוק 200,קליית גת,,פיסטוק 200,גרמים,200.00,100 גרם,false,,21.00,0.1050,true,1,12715
7290000148489,false,גרעיני דלעת,קליית גת,,גרעיני דלעת,גרמים,200.00,100 גרם,false,,8.50,0.0425,true,1,12716
7290000148618,false,קאשיו 200,קליית גת,,קאשיו 200,גרמים,200.00,100 גרם,false,,18.00,0.0900,true,1,12717
7290000148748,false,גרעיני חמניה,קליית גת,,גרעיני חמניה,גרמים,200.00,100 גרם,false,,6.00,0.0300,true,1,12719
7290000148939,false,שקד קלוי 200 גר,קליית גת,,שקד קלוי 200 גר,גרמים,200.00,100 גרם,false,,18.00,0.0900,true,1,12721
7290000149851,false,סינטבון-כפול,נקה 7,,סינטבון-כפול,גרמים,460.00,100 גרם,false,,10.90,0.0237,true,1,16737
7290000149905,false,טקסטיל שמפו-1 ליטר נ,נקה 7,,טקסטיל שמפו-1 ליטר נ,ליטרים,1.00,ליטר,false,,14.90,14.9000,true,1,16739
7290000150369,false,פסטרמה מקסיקנית,עוף טוב,,פסטרמה מקסיקנית,קילוגרמים,1.00,"ק""ג",true,,74.00,74.0000,false,1,6242
7290000150468,false,פסטרמה רומנית הודו א,עוף טוב,,פסטרמה רומנית הודו א,קילוגרמים,1.00,"ק""ג",true,,74.00,74.0000,false,1,6244
7290000150642,false,כתף בקר מעושן,עוף טוב,,כתף בקר מעושן,קילוגרמים,1.00,"ק""ג",true,,85.00,85.0000,false,1,6248
7290000150956,false,מקלוני קבנוס עוף טוב,עוף טוב,,מקלוני קבנוס עוף טוב,גרמים,160.00,100 גרם,false,,10.90,0.0681,true,1,41817
7290000151052,false,פסטרמה בדבש,עוף טוב,,פסטרמה בדבש,קילוגרמים,1.00,"ק""ג",true,,74.00,74.0000,false,1,6254
7290000151106,false,פסטרמה אמריקאית,עוף טוב,,פסטרמה אמריקאית,קילוגרמים,1.00,"ק""ג",true,,74.00,74.0000,false,1,6255
7290000152028,false,חזה הודו מעושן,עוף טוב,,חזה הודו מעושן,קילוגרמים,1.00,"ק""ג",true,,74.00,74.0000,false,1,6266
7290000152288,false,נקנקיות עוף 400 עוף,עוף טוב,,נקנקיות עוף 400 עוף,גרמים,400.00,100 גרם,false,,11.90,0.0298,false,1,6267
7290000152943,false,מארז סלמי + פסטרמה,עוף טוב,,מארז סלמי + פסטרמה,גרמים,700.00,100 גרם,false,,24.90,0.0356,true,1,43726
7290000153469,false,עוף טוב קציצות עוף ק,עוף טוב,,עוף טוב קציצות עוף ק,גרמים,600.00,100 גרם,false,,28.90,0.0482,true,1,56194
7290000155524,false,פסטרמה פולנית עוף טו,עוף טוב,,פסטרמה פולנית עוף טו,קילוגרמים,1.00,"ק""ג",true,,74.00,74.0000,false,1,24867
7290000158105,false,שניצל דינוזאור 100%,,,שניצל דינוזאור 100%,יחידה,0.00,יחידה,false,,33.90,0.0000,true,1,59538
7290000159010,false,שניצל מיני דובונים,עוף טוב,,שניצל מיני דובונים,גרמים,700.00,100 גרם,false,,33.90,0.0484,true,1,59508
7290000161358,false,מיונז אמיתי משמן קנו,תלמה,,מיונז אמיתי משמן קנו,גרמים,500.00,100 גרם,false,,14.90,0.0298,false,1,12227
7290000168173,false,דגני בוקר קראנצ'ים,תלמה,,דגני בוקר קראנצ'ים,גרמים,375.00,100 גרם,false,,19.90,0.0531,false,1,62629
7290000169538,false,נמס בכוס עגבניות וקר,קנור,,נמס בכוס עגבניות וקר,גרמים,62.00,100 גרם,false,,7.00,0.1129,false,1,64647
7290000169798,false,עוגי מופחת סוכר 500,תלמה,,עוגי מופחת סוכר 500,גרמים,500.00,100 גרם,false,,19.90,0.0398,false,1,65289
7290000174723,false,שוקולית 500 גרם,עלית,,שוקולית 500 גרם,גרמים,500.00,100 גרם,false,,11.90,0.0238,false,1,9677
7290000176062,false,קפה טורקי 100 גרם,עלית,,קפה טורקי 100 גרם,גרמים,100.00,100 גרם,false,,8.90,0.0890,false,1,9684
7290000176079,false,קפה עם הל 100 גרם,עלית,,קפה עם הל 100 גרם,גרמים,100.00,100 גרם,false,,9.90,0.0990,true,1,9685
7290000176116,false,קפה טורקי אריזת ואקו,עלית,,קפה טורקי אריזת ואקו,קילוגרמים,1.00,"ק""ג",false,,82.90,82.9000,false,1,9688
7290000176413,false,קפה נמס 50 גרם,עלית,,קפה נמס 50 גרם,גרמים,50.00,100 גרם,false,,9.50,0.1900,false,1,9691
7290000176420,false,קפה נמס עלית 200 גרם,עלית,,קפה נמס עלית 200 גרם,גרמים,200.00,100 גרם,false,,19.90,0.0995,false,1,9692
7290000176468,false,קפה נמס האג נטול קפא,עלית,,קפה נמס האג נטול קפא,גרמים,50.00,100 גרם,false,,11.50,0.2300,true,1,9693
7290000178707,false,תפוצ'יפס 50,עלית,,תפוצ'יפס 50,גרמים,50.00,100 גרם,false,,3.90,0.0780,false,1,10142
7290000178721,false,תפוצ'יפס 200,עלית,,תפוצ'יפס 200,גרמים,200.00,100 גרם,false,,10.90,0.0545,false,1,10144
7290000185224,false,סילאן כנרת בקבוק לחי,,,סילאן כנרת בקבוק לחי,גרמים,650.00,100 גרם,false,,14.90,0.0229,true,1,35865
7290000185293,false,סילן טבעי 350גר,,,סילן טבעי 350גר,גרמים,350.00,100 גרם,false,,12.90,0.0369,true,1,39889
7290000185330,false,סילאן טבעי חצר כנרת,,,סילאן טבעי חצר כנרת,גרמים,900.00,100 גרם,false,,22.90,0.0254,true,1,57178
7290000185590,false,סילאן טבעי בקבוק לחי,,,סילאן טבעי בקבוק לחי,גרמים,650.00,100 גרם,false,,18.90,0.0291,true,1,124371
7290000186030,false,מארז מגבוני דיסני עם,,,מארז מגבוני דיסני עם,יחידה,0.00,יחידה,false,,24.90,0.0000,false,1,103821
7290000186535,false,לילי טריו 32 גלילים,,,לילי טריו 32 גלילים,יחידה,0.00,יחידה,false,,44.90,0.0000,false,1,70066
7290000187860,false,מגבוני טואלט לחי,,,מגבוני טואלט לחי,גרמים,59.00,100 גרם,false,,8.90,0.1508,false,1,13427
7290000187921,false,נייר טואלט לילי לבן,לילי,,נייר טואלט לילי לבן,גרמים,1969.00,100 גרם,false,,36.90,0.0187,false,1,30624
7290000187938,false,נייר טואלט לילי פסטל,לילי,,נייר טואלט לילי פסטל,יחידה,0.00,יחידה,false,,37.90,0.0000,false,1,30625
7290000187952,false,נייר טואלט לילי טריו,לילי,,נייר טואלט לילי טריו,גרמים,1788.00,100 גרם,false,,44.90,0.0251,false,1,30607
7290000188270,false,זוג טישו עם לחות- קל,קלינקס,,זוג טישו עם לחות- קל,גרמים,390.00,100 גרם,false,,18.90,0.0485,false,1,13433
7290000188553,false,מגן תחתון קוטקס נורמ,קוטקס,,מגן תחתון קוטקס נורמ,יחידה,0.00,יחידה,false,,17.90,0.0000,true,1,41307
7290000188591,false,מגן תחתון קוטקס יאנג,קוטקס,,מגן תחתון קוטקס יאנג,יחידה,0.00,יחידה,false,,17.90,0.0000,true,1,41308
7290000188782,false,מגבוני טיטולים רביעי,,,מגבוני טיטולים רביעי,יחידה,0.00,יחידה,false,,15.00,0.0000,false,1,99714
7290000188829,false,נייר מגבת תעשיתי,ניקול,,נייר מגבת תעשיתי,יחידה,0.00,יחידה,false,,8.00,0.0000,true,1,13434
7290000189079,false,תבניות עגולות ניקול,חוגלה,,תבניות עגולות ניקול,יחידה,0.00,יחידה,false,,10.90,0.0000,true,1,94009
7290000189116,false,תבניות חד פעמי ניקול,ניקול,,תבניות חד פעמי ניקול,יחידה,0.00,יחידה,false,,10.90,0.0000,true,1,94010
7290000189192,false,מטלית חכמה יומית - נ,ניקול,,מטלית חכמה יומית - נ,יחידה,0.00,יחידה,false,,17.90,0.0000,true,1,13435
7290000189260,false,תבניות מלבניות ניקול,,,תבניות מלבניות ניקול,יחידה,0.00,יחידה,false,,10.90,0.0000,true,1,94012
7290000189277,false,תבניות מלבניות גדולו,חוגלה,,תבניות מלבניות גדולו,יחידה,0.00,יחידה,false,,10.90,0.0000,true,1,94013
7290000189482,false,תבנית אפיה מקרטון מר,ניקול,,תבנית אפיה מקרטון מר,יחידה,0.00,יחידה,false,,10.90,0.0000,true,1,37359
7290000189499,false,תבנית אפייה מקרטון ע,ניקול,,תבנית אפייה מקרטון ע,יחידה,0.00,יחידה,false,,10.90,0.0000,true,1,37506
7290000189505,false,תבנית אפיה מקרטון אי,ניקול,,תבנית אפיה מקרטון אי,יחידה,0.00,יחידה,false,,10.90,0.0000,true,1,37360
7290000189536,false,אשפתון 40 יח',ניקול,,אשפתון 40 יח',יחידה,0.00,יחידה,false,,19.90,0.0000,false,1,13438
7290000189550,false,זוג שקיות אשפתון,ניקול,,זוג שקיות אשפתון,יחידה,0.00,יחידה,false,,22.90,0.0000,false,1,13440
7290000189598,false,ניקול מטליות לחות,ניקול,,ניקול מטליות לחות,יחידה,0.00,יחידה,false,,10.90,0.0000,false,1,33604
7290000189659,false,מטליות לחות רצפה ניק,ניקול,,מטליות לחות רצפה ניק,יחידה,0.00,יחידה,false,,10.90,0.0000,false,1,36373
7290000189734,false,מטליות לחות לפרקט,,,מטליות לחות לפרקט,יחידה,0.00,יחידה,false,,10.90,0.0000,true,1,42334
7290000189871,false,אשפתון 60 שקיות מתכל,ניקול,,אשפתון 60 שקיות מתכל,יחידה,0.00,יחידה,false,,22.90,0.0000,false,1,32227
7290000190068,false,מפיות ניקול- 100 יח',ניקול,,מפיות ניקול- 100 יח',יחידה,0.00,יחידה,false,,6.90,0.0000,false,1,13442
7290000190150,false,מפיות מעוטרות ניקול-,לילי,,מפיות מעוטרות ניקול-,גרמים,102.00,100 גרם,false,,6.90,0.0676,true,1,13444
7290000190198,false,מטלית לניקוי שירותים,,,מטלית לניקוי שירותים,יחידה,0.00,יחידה,false,,10.90,0.0000,false,1,65896
7290000190716,false,שקדים פרוסים,,,שקדים פרוסים,קילוגרמים,1.00,"ק""ג",true,,80.00,80.0000,true,1,19977
7290000191225,false,האגיס שלב 2,האגיס,,האגיס שלב 2,יחידה,0.00,יחידה,false,,35.90,0.0000,false,1,96003
7290000191539,false,מגבוני לילי צבעוני ח,לילי,,מגבוני לילי צבעוני ח,גרמים,593.00,100 גרם,false,,13.90,0.0234,true,1,13455
7290000191546,false,צבעוני שלישיה,קלינקס,,צבעוני שלישיה,גרמים,420.00,100 גרם,false,,10.90,0.0260,false,1,13456
7290000191652,false,מארז קלינקס שלישיה,קלינקס,,מארז קלינקס שלישיה,יחידה,0.00,יחידה,false,,11.90,0.0000,false,1,27649
7290000191966,false,נ.ט לילי לח סנסטיב,לילי,,נ.ט לילי לח סנסטיב,יחידה,0.00,יחידה,false,,8.90,0.0000,true,1,55178
7290000192581,false,שישיה נייר מגבת ניקו,,,שישיה נייר מגבת ניקו,יחידה,0.00,יחידה,false,,21.90,0.0000,false,1,104968
7290000193014,false,פדיות אינטרלוד,לילי,,פדיות אינטרלוד,יחידה,0.00,יחידה,false,,10.60,0.0000,true,1,13459
7290000193076,false,מטליות בד לריצפה מאר,,,מטליות בד לריצפה מאר,יחידה,0.00,יחידה,false,,10.90,0.0000,true,1,69538
7290000193083,false,נובה לי 28,נובה -לי,,נובה לי 28,יחידה,0.00,יחידה,false,,10.60,0.0000,true,1,28829
7290000193205,false,לילי נטורל לילה,לילי נטורל,,לילי נטורל לילה,יחידה,0.00,יחידה,false,,12.90,0.0000,true,1,19112
7290000193472,false,פדיות לילי אינטר,לילי,,פדיות לילי אינטר,יחידה,0.00,יחידה,false,,12.90,0.0000,true,1,13464
7290000193540,false,לילי אינטימייט ל,לילי,,לילי אינטימייט ל,יחידה,0.00,יחידה,false,,12.90,0.0000,true,1,13465
7290000193618,false,לילי אינטימייט ל,לילי,,לילי אינטימייט ל,יחידה,0.00,יחידה,false,,12.90,0.0000,true,1,13466
7290000193649,false,זוג תחבושות לילי,לילי,,זוג תחבושות לילי,יחידה,0.00,יחידה,false,,12.90,0.0000,true,1,13467
7290000193656,false,זוג תחבושות לילי,לילי,,זוג תחבושות לילי,יחידה,0.00,יחידה,false,,12.90,0.0000,true,1,13468
7290000193793,false,תחבושות אולטרה נ,לילי נטורל,,תחבושות אולטרה נ,יחידה,0.00,יחידה,false,,12.90,0.0000,false,1,13470
7290000194288,false,משטח החתלה האגיס,האגיס,,משטח החתלה האגיס,יחידה,0.00,יחידה,false,,23.90,0.0000,true,1,29704
7290000194837,false,ניקול שקיות מזון XL,,,ניקול שקיות מזון XL,יחידה,0.00,יחידה,false,,11.90,0.0000,true,1,68596
7290000195216,false,נייר אפיה נישלף,,,נייר אפיה נישלף,יחידה,0.00,יחידה,false,,10.90,0.0000,false,1,68609
7290000195537,false,מגבונים האגיס,האגיס,,מגבונים האגיס,יחידה,0.00,יחידה,false,,18.90,0.0000,false,1,13508
7290000195773,false,האגיס נטורל מילוי רב,האגיס,,האגיס נטורל מילוי רב,יחידה,0.00,יחידה,false,,18.90,0.0000,false,1,13515
7290000196039,false,זוג מפות ניקול,,,זוג מפות ניקול,גרמים,250.00,100 גרם,false,,10.90,0.0436,true,1,13516
7290000196343,false,מפת שולחן מהודרת,לילי,,מפת שולחן מהודרת,יחידה,0.00,יחידה,false,,10.90,0.0000,true,1,13519
7290000196763,false,אשפתון ניקול השקית ה,ניקול,,אשפתון ניקול השקית ה,יחידה,0.00,יחידה,false,,21.00,0.0000,true,1,43426
7290000197012,false,שקיות ריץ רץ לאיחסון,ניקול,,שקיות ריץ רץ לאיחסון,יחידה,0.00,יחידה,false,,16.00,0.0000,true,1,22376
7290000197029,false,שקיות ריצ רצ לאיחסון,ניקול,,שקיות ריצ רצ לאיחסון,יחידה,0.00,יחידה,false,,16.00,0.0000,true,1,22377
7290000197081,false,ניילון נצמד- 150 מטר,ניקול,,ניילון נצמד- 150 מטר,יחידה,0.00,יחידה,false,,27.90,0.0000,true,1,13520
7290000197326,false,זוג נייר כסף קטן- עו,ניקול,,זוג נייר כסף קטן- עו,יחידה,0.00,יחידה,false,,11.90,0.0000,false,1,13524
7290000197340,false,זוג רדיד אלומיניום א,ניקול,,זוג רדיד אלומיניום א,יחידה,0.00,יחידה,false,,16.90,0.0000,true,1,13525
7290000197425,false,האגיס פרידום דריי של,חוגלה,,האגיס פרידום דריי של,יחידה,0.00,יחידה,false,,41.90,0.0000,false,1,71279
7290000197432,false,סנדוויצון זוג- 300 י,ניקול,,סנדוויצון זוג- 300 י,יחידה,0.00,יחידה,false,,13.90,0.0000,true,1,13527
7290000197456,false,האגיס פרידום שלב 4,חוגלה,,האגיס פרידום שלב 4,יחידה,0.00,יחידה,false,,41.90,0.0000,false,1,93929
7290000197463,false,האגיס פרידום דריי של,חוגלה,,האגיס פרידום דריי של,יחידה,0.00,יחידה,false,,41.90,0.0000,false,1,71280
7290000197470,false,שקיות רב שימושי- 200,ניקול,,שקיות רב שימושי- 200,יחידה,0.00,יחידה,false,,16.90,0.0000,true,1,13528
7290000197548,false,האגיס פרידום דריי של,חוגלה,,האגיס פרידום דריי של,יחידה,0.00,יחידה,false,,41.90,0.0000,false,1,71281
7290000197654,false,שקיות אשפה ניקול בגו,ניקול,,שקיות אשפה ניקול בגו,יחידה,0.00,יחידה,false,,22.90,0.0000,false,1,13534
7290000197678,false,האגיס פרידום פלוס של,חוגלה,,האגיס פרידום פלוס של,יחידה,0.00,יחידה,false,,41.90,0.0000,false,1,71282
7290000197753,false,זוג ניילון נצמד,ניקול,,זוג ניילון נצמד,יחידה,0.00,יחידה,false,,11.90,0.0000,false,1,13538
7290000197876,false,מגשית אלומיניום עם מ,ניקול,,מגשית אלומיניום עם מ,יחידה,0.00,יחידה,false,,8.90,0.0000,true,1,13542
7290000197883,false,מגשית אלומיניום גדול,ניקול,,מגשית אלומיניום גדול,יחידה,0.00,יחידה,false,,9.90,0.0000,true,1,13543
7290000197951,false,מגש אלומיניום ענק 3,ניקול,,מגש אלומיניום ענק 3,יחידה,0.00,יחידה,false,,9.90,0.0000,true,1,13544
7290000197982,false,זוג רדיד אלומיניום ע,ניקול,,זוג רדיד אלומיניום ע,יחידה,0.00,יחידה,false,,22.90,0.0000,true,1,13545
7290000197999,false,זוג רדיד אלומיניום ע,ניקול,,זוג רדיד אלומיניום ע,יחידה,0.00,יחידה,false,,17.90,0.0000,true,1,13546
7290000199313,false,תחבושות קוטקס יאנג 2,קוטקס,,תחבושות קוטקס יאנג 2,יחידה,0.00,יחידה,false,,17.90,0.0000,true,1,26616
7290000201818,false,טיטולים פרימיום שלב,,,טיטולים פרימיום שלב,יחידה,0.00,יחידה,false,,31.90,0.0000,false,1,94427
7290000201849,false,טיטולים פרימיום שלב,,,טיטולים פרימיום שלב,יחידה,0.00,יחידה,false,,31.90,0.0000,false,1,94429
7290000201863,false,טיטולים פרימיום שלב,,,טיטולים פרימיום שלב,יחידה,0.00,יחידה,false,,31.90,0.0000,false,1,94431
7290000201870,false,טיטולים פרימיום שלב,,,טיטולים פרימיום שלב,יחידה,0.00,יחידה,false,,31.90,0.0000,false,1,94432
7290000204086,false,כרית קרצוף ניקול,ניקול,,כרית קרצוף ניקול,יחידה,0.00,יחידה,false,,10.90,0.0000,false,1,13553
7290000204147,false,כרית יפנית רביעיה,ניקול,,כרית יפנית רביעיה,יחידה,0.00,יחידה,false,,10.90,0.0000,false,1,22378
7290000204215,false,כרית יפנית שישייה ני,ניקול,,כרית יפנית שישייה ני,יחידה,0.00,יחידה,false,,10.90,0.0000,false,1,13554
7290000204239,false,מטליות רצפה רביע,ניקול,,מטליות רצפה רביע,יחידה,0.00,יחידה,false,,12.90,0.0000,true,1,13555
7290000204253,false,מטליות ניקול תשי,ניקול,,מטליות ניקול תשי,יחידה,0.00,יחידה,false,,10.90,0.0000,false,1,13556
7290000204512,false,מטליות לחות לריצפה ב,,,מטליות לחות לריצפה ב,יחידה,0.00,יחידה,false,,10.90,0.0000,true,1,103171
7290000204611,false,ניקול ספוגית,ניקול,,ניקול ספוגית,יחידה,0.00,יחידה,false,,10.90,0.0000,false,1,13560
7290000205762,false,האגיס אקסטרה קייר מי,,,האגיס אקסטרה קייר מי,יחידה,0.00,יחידה,false,,47.90,0.0000,false,1,97980
7290000205915,false,האגיס אקסטרה קייר מי,,,האגיס אקסטרה קייר מי,יחידה,0.00,יחידה,false,,47.90,0.0000,false,1,97981
7290000207162,false,רוטב עגבניות יכין 10,יכין,,רוטב עגבניות יכין 10,גרמים,100.00,100 גרם,false,,2.50,0.0250,false,1,18149
7290000207438,false,קוביות עגבניות 800 ג,יכין,,קוביות עגבניות 800 ג,גרמים,800.00,100 גרם,false,,8.90,0.0111,true,1,34328
7290000208008,false,חריסה רסק פלפל חריף,יכין,,חריסה רסק פלפל חריף,גרמים,600.00,100 גרם,false,,8.90,0.0148,true,1,18151
7290000208022,false,עגבניות מרוסקות 800,יכין,,עגבניות מרוסקות 800,גרמים,800.00,100 גרם,false,,8.90,0.0111,true,1,25700
7290000208077,false,אפונת גינה בינוני 55,יכין,,אפונת גינה בינוני 55,גרמים,550.00,100 גרם,false,,8.50,0.0155,true,1,18153
7290000208091,false,אפונה קטנה 2A יכ,יכין,,אפונה קטנה 2A יכ,גרמים,600.00,100 גרם,false,,8.90,0.0148,true,1,18155
7290000208114,false,אפונה וגזר 550 גרם,יכין,,אפונה וגזר 550 גרם,גרמים,550.00,100 גרם,false,,8.50,0.0155,true,1,18156
7290000208138,false,סירופ דיאט ענבים,יכין,,סירופ דיאט ענבים,ליטרים,1.00,ליטר,false,,16.90,16.9000,true,1,18158
7290000208145,false,תירס לייט 550 גרם,יכין,,תירס לייט 550 גרם,גרמים,550.00,100 גרם,false,,8.90,0.0162,true,1,18159
7290000208176,false,תפוחי אדמה יכין 550,יכין,,תפוחי אדמה יכין 550,גרמים,550.00,100 גרם,false,,8.90,0.0162,true,1,18160
7290000208213,false,שעועית אפויה לבנה בר,יכין,,שעועית אפויה לבנה בר,גרמים,580.00,100 גרם,false,,8.50,0.0147,true,1,18162
7290000208220,false,שעועית צ'ילי מקסיקני,יכין,,שעועית צ'ילי מקסיקני,גרמים,550.00,100 גרם,false,,8.90,0.0162,true,1,18163
7290000208244,false,בסיס עגבניות לשקשוקה,יכין,,בסיס עגבניות לשקשוקה,גרמים,570.00,100 גרם,false,,8.90,0.0156,true,1,18164
7290000208268,false,שעועית צהובה חתוכה,יכין,,שעועית צהובה חתוכה,גרמים,550.00,100 גרם,false,,8.90,0.0162,true,1,18166
7290000208329,false,תירס מתוק 550 גרם,יכין,,תירס מתוק 550 גרם,גרמים,550.00,100 גרם,false,,8.50,0.0155,false,1,18168
7290000208336,false,רוטב עגבניות 240 גר',יכין,,רוטב עגבניות 240 גר',גרמים,240.00,100 גרם,false,,4.50,0.0188,false,1,23578
7290000208404,false,פול מצרי 600 גרם,יכין,,פול מצרי 600 גרם,גרמים,600.00,100 גרם,false,,7.90,0.0132,true,1,18169
7290000208428,false,חומוס גרעינים 550 גר,יכין,,חומוס גרעינים 550 גר,גרמים,550.00,100 גרם,false,,8.50,0.0155,true,1,18170
7290000208480,false,תירס בטעם חמאה,יכין,,תירס בטעם חמאה,גרמים,550.00,100 גרם,false,,8.90,0.0162,true,1,18173
7290000208534,false,תירס קיד 550 גרם,יכין,,תירס קיד 550 גרם,גרמים,550.00,100 גרם,false,,8.90,0.0162,true,1,18174
7290000208855,false,רוטב עגבניות לפסטה 2,יכין,,רוטב עגבניות לפסטה 2,גרמים,240.00,100 גרם,false,,4.90,0.0204,true,1,23583
7290000208930,false,עגבניות מרוסקות עם ש,יכין,,עגבניות מרוסקות עם ש,גרמים,260.00,100 גרם,false,,4.90,0.0188,true,1,23581
7290000208947,false,עגבניות מרוסקות 260,יכין,,עגבניות מרוסקות 260,גרמים,260.00,100 גרם,false,,4.90,0.0188,true,1,23577
7290000209012,false,חומץ הדרים 5%,יכין,,חומץ הדרים 5%,ליטרים,1.00,ליטר,false,,6.90,6.9000,true,1,18178
7290000209043,false,רוטב לימון 1 ליטר יכ,יכין,,רוטב לימון 1 ליטר יכ,ליטרים,1.00,ליטר,false,,6.90,6.9000,true,1,18179
7290000209173,false,חומץ סינטטי,יכין,,חומץ סינטטי,ליטרים,1.00,ליטר,false,,4.90,4.9000,true,1,18180
7290000209371,false,שלישיה תירס יכין 3*1,,,שלישיה תירס יכין 3*1,גרמים,420.00,100 גרם,false,,13.90,0.0331,false,1,95606
7290000209388,false,שלישיות תירס לייט יכ,יכין,,שלישיות תירס לייט יכ,גרמים,165.00,100 גרם,false,,13.90,0.0842,true,1,98483
7290000209524,false,סירופ פטל דיאט,יכין,,סירופ פטל דיאט,ליטרים,1.00,ליטר,false,,16.90,16.9000,true,1,18193
7290000209555,false,"סירופ ת""ע דיאט",יכין,,"סירופ ת""ע דיאט",ליטרים,1.00,ליטר,false,,16.90,16.9000,true,1,18195
7290000209579,false,סירופ אננס דיאט,יכין,,סירופ אננס דיאט,ליטרים,1.00,ליטר,false,,16.90,16.9000,true,1,18197
7290000209708,false,עגבניות מרוסקות עם ב,יכין,,עגבניות מרוסקות עם ב,גרמים,260.00,100 גרם,false,,4.90,0.0188,true,1,23582
7290000209722,false,רסק עגבניות פריכוז,יכין,,רסק עגבניות פריכוז,גרמים,580.00,100 גרם,false,,9.90,0.0171,true,1,18199
7290000209906,false,עגבניות מרוסקות עם ב,יכין,,עגבניות מרוסקות עם ב,גרמים,260.00,100 גרם,false,,4.90,0.0188,true,1,33617
7290000209913,false,עגבניות קוביות 260 ג,יכין,,עגבניות קוביות 260 ג,גרמים,260.00,100 גרם,false,,4.90,0.0188,true,1,34708
7290000209944,false,רוטב עגבניות לשקשוקה,יכין,,רוטב עגבניות לשקשוקה,גרמים,260.00,100 גרם,false,,4.90,0.0188,true,1,30976
7290000209951,false,רוטב עגבניות לפיצה 2,יכין,,רוטב עגבניות לפיצה 2,גרמים,260.00,100 גרם,false,,4.90,0.0188,true,1,31060
7290000209968,false,רוטב עגבניות ללזניה,יכין,,רוטב עגבניות ללזניה,גרמים,260.00,100 גרם,false,,4.90,0.0188,true,1,31061
7290000210469,false,עגבניות שלמות מקולפו,יכין,,עגבניות שלמות מקולפו,גרמים,800.00,100 גרם,false,,8.90,0.0111,true,1,38164
7290000210896,false,רוטב בולונז לפסטה 24,יכין,,רוטב בולונז לפסטה 24,גרמים,240.00,100 גרם,false,,4.90,0.0204,true,1,39216
7290000211169,false,אורז תאילנדי 1 קג,סוגת,,אורז תאילנדי 1 קג,יחידה,1.00,יחידה,false,,6.90,6.9000,false,1,9589
7290000211312,false,אורז מלא,סוגת,,אורז מלא,יחידה,1.00,יחידה,false,,10.90,10.9000,true,1,9591
7290000211374,false,קמח מלא 1קג,סוגת,,קמח מלא 1קג,יחידה,1.00,יחידה,false,,6.90,6.9000,false,1,9592
7290000211442,false,אורז פרסי,סוגת,,אורז פרסי,יחידה,1.00,יחידה,false,,9.90,9.9000,false,1,9595
7290000211503,false,סוכר סוגת,סוגת,,סוכר סוגת,יחידה,1.00,יחידה,false,,3.90,3.9000,false,1,9596
7290000211626,false,אורז חיש 1 קג,סוגת,,אורז חיש 1 קג,יחידה,1.00,יחידה,false,,10.90,10.9000,true,1,9598
7290000211985,false,אורז עגול 1 קג,סוגת,,אורז עגול 1 קג,יחידה,1.00,יחידה,false,,10.90,10.9000,true,1,9600
7290000214115,false,מרק עוף צנצ 400',ויטה,,מרק עוף צנצ 400',גרמים,400.00,100 גרם,false,,10.90,0.0273,true,1,10323
7290000218502,false,חמין 2א,,,חמין 2א,גרמים,568.00,100 גרם,false,,8.90,0.0157,true,1,10338
7290000238029,false,בצק עלים צרפתי מרודד,מעדנות,,בצק עלים צרפתי מרודד,קילוגרמים,1.00,"ק""ג",false,,19.90,19.9000,false,1,9080
7290000238036,false,מלווח,מעדנות,,מלווח,גרמים,700.00,100 גרם,false,,16.90,0.0241,false,1,9081
7290000238173,false,בורקס גבינה,מעדנות,,בורקס גבינה,גרמים,800.00,100 גרם,false,,22.90,0.0286,false,1,9082
7290000238180,false,"בורקס תפו""א מעדנות",מעדנות,,"בורקס תפו""א מעדנות",גרמים,800.00,100 גרם,false,,19.90,0.0249,false,1,9083
7290000240541,false,ריבועי בצק עלים,מעדנות,,ריבועי בצק עלים,גרמים,800.00,100 גרם,false,,23.50,0.0294,false,1,9086
7290000244051,false,שלשה ס.נוזלי הוואי מ,הוואי,,שלשה ס.נוזלי הוואי מ,ליטרים,1.50,ליטר,false,,15.90,10.6000,true,1,18843
7290000244082,false,שלשה ס.נוזלי הוואי ש,הוואי,,שלשה ס.נוזלי הוואי ש,ליטרים,1.50,ליטר,false,,15.90,10.6000,true,1,18845
7290000244143,false,הוואי קרם לאחר גילוח,הוואי,,הוואי קרם לאחר גילוח,גרמים,120.00,100 גרם,false,,16.90,0.1408,true,1,18849
7290000244761,false,קרם ולוטה 80 גר',ולוטה,,קרם ולוטה 80 גר',מיליליטרים,100.00,"100 מ""ל",false,,7.90,0.0790,true,1,18856
7290000245072,false,מרכך הכביסה - סוד בי,סוד,,מרכך הכביסה - סוד בי,ליטרים,4.00,ליטר,false,,18.90,4.7250,false,1,18861
7290000245270,false,פרסיל Active Soda שק,פרסיל,,פרסיל Active Soda שק,קילוגרמים,1.25,"ק""ג",false,,15.90,12.7200,false,1,18870
7290000245287,false,פרסיל קולור שקית 1.2,פרסיל,,פרסיל קולור שקית 1.2,קילוגרמים,1.25,"ק""ג",false,,15.90,12.7200,false,1,18871
7290000245478,false,אבקת הכביסה - סוד לת,סוד,,אבקת הכביסה - סוד לת,קילוגרמים,1.25,"ק""ג",false,,12.90,10.3200,true,1,18875
7290000245508,false,א.כ. סוד פרפקט שקית,סוד,,א.כ. סוד פרפקט שקית,קילוגרמים,1.25,"ק""ג",false,,12.90,10.3200,false,1,18877
7290000245539,false,א.כ. סוד קולור שקית,סוד,,א.כ. סוד קולור שקית,קילוגרמים,1.25,"ק""ג",false,,12.90,10.3200,false,1,18880
7290000245782,false,מ.כביסה סוד ורוד 4 ל,סוד,,מ.כביסה סוד ורוד 4 ל,ליטרים,4.00,ליטר,false,,18.90,4.7250,false,1,18889
7290000245799,false,מ.כביסה סוד כחול 4 ל,סוד,,מ.כביסה סוד כחול 4 ל,ליטרים,4.00,ליטר,false,,18.90,4.7250,false,1,18890
7290000253220,false,שוקולד ציפס,,,שוקולד ציפס,גרמים,260.00,100 גרם,false,,11.90,0.0458,true,1,10825
7290000253251,false,שוקולד צי'פס אופנהיי,,,שוקולד צי'פס אופנהיי,גרמים,250.00,100 גרם,false,,11.90,0.0476,true,1,9439
7290000262161,false,נייר טואלט מולט 40 ל,מולט / שמורת טבע,,נייר טואלט מולט 40 ל,גרמים,3160.00,100 גרם,false,,36.90,0.0117,false,1,13566
7290000262413,false,האגיס אקסטרה קייר מי,,,האגיס אקסטרה קייר מי,יחידה,0.00,יחידה,false,,47.90,0.0000,false,1,97990
7290000263359,false,האגיס שלב 1 כותנה או,האגיס,,האגיס שלב 1 כותנה או,יחידה,0.00,יחידה,false,,35.90,0.0000,false,1,39113
7290000267012,false,שקד מולבן שלם 100 גר,שקדיה,,שקד מולבן שלם 100 גר,גרמים,100.00,100 גרם,false,,8.90,0.0890,true,1,19033
7290000267029,false,שקדים מולבנים חצויים,שקדיה,,שקדים מולבנים חצויים,גרמים,100.00,100 גרם,false,,8.90,0.0890,true,1,21809
7290000267036,false,שקדים משובבים 100 גר,שקדיה,,שקדים משובבים 100 גר,גרמים,100.00,100 גרם,false,,8.90,0.0890,true,1,19034
7290000267043,false,שקדים מולבנים פרוסים,שקדיה,,שקדים מולבנים פרוסים,גרמים,100.00,100 גרם,false,,8.90,0.0890,true,1,19035
7290000267050,false,שקד טבעי טחון 100 גר,שקדיה,,שקד טבעי טחון 100 גר,גרמים,100.00,100 גרם,false,,8.90,0.0890,true,1,22574
7290000267104,false,שקד טבעי גרוס 100 גר,שקדיה,,שקד טבעי גרוס 100 גר,גרמים,100.00,100 גרם,false,,8.90,0.0890,true,1,10214
7290000267548,false,אגוזי מלך טחונים השף,,,אגוזי מלך טחונים השף,גרמים,100.00,100 גרם,false,,8.90,0.0890,true,1,37619
7290000267555,false,בוטנים טבעים טחונים,,,בוטנים טבעים טחונים,גרמים,100.00,100 גרם,false,,5.50,0.0550,true,1,30347
7290000267586,false,גרעיני חמניה קלופים,,,גרעיני חמניה קלופים,גרמים,150.00,100 גרם,false,,6.50,0.0433,true,1,35687
7290000267678,false,גרעיני דלעת טבעי קלו,,,גרעיני דלעת טבעי קלו,גרמים,150.00,100 גרם,false,,8.50,0.0567,true,1,42157
7290000272443,false,סירופ דיאט תפוז,עסיס,,סירופ דיאט תפוז,ליטרים,1.00,ליטר,false,,17.90,17.9000,false,1,6314
7290000272467,false,סירופ דיאט פטל,עסיס,,סירופ דיאט פטל,ליטרים,1.00,ליטר,false,,17.90,17.9000,false,1,6315
7290000272696,false,מיץ לימון משומר 1ליט,עסיס,,מיץ לימון משומר 1ליט,ליטרים,1.00,ליטר,false,,9.90,9.9000,false,1,6317
7290000272726,false,חומץ 5% אסם,אסם,,חומץ 5% אסם,ליטרים,1.00,ליטר,false,,6.90,6.9000,true,1,6319
7290000286228,false,סנו סושי שישיה,סנו סושי,,סנו סושי שישיה,יחידה,0.00,יחידה,false,,11.50,0.0000,false,1,17026
7290000286297,false,סנו מסיר אבן מקו,סנו,,סנו מסיר אבן מקו,מיליליטרים,700.00,"100 מ""ל",false,,9.90,0.0141,true,1,17027
7290000286488,false,ספוג פיראט,סנו,,ספוג פיראט,יחידה,0.00,יחידה,false,,7.90,0.0000,true,1,17030
7290000286501,false,ספוג מסג',סנו,,ספוג מסג',יחידה,0.00,יחידה,false,,10.90,0.0000,true,1,17032
7290000286549,false,מטלית לכל 9 בשקי,סנו,,מטלית לכל 9 בשקי,יחידה,0.00,יחידה,false,,11.90,0.0000,false,1,17034
7290000286594,false,סנואיקס לימון,סנו,,סנואיקס לימון,גרמים,600.00,100 גרם,false,,9.90,0.0165,true,1,17036
7290000286761,false,זוג ניילון נצמד,סנו,,זוג ניילון נצמד,יחידה,0.00,יחידה,false,,11.50,0.0000,false,1,17039
7290000286877,false,סנו רב מתכת,סנו,,סנו רב מתכת,יחידה,300.00,יחידה,false,,22.90,0.0763,true,1,17040
7290000286921,false,סנוקל רסס כבס,סנו,,סנוקל רסס כבס,מיליליטרים,750.00,"100 מ""ל",false,,12.90,0.0172,false,1,17043
7290000287102,false,סנו שמפו שטיחים,סנו,,סנו שמפו שטיחים,מיליליטרים,600.00,"100 מ""ל",false,,21.90,0.0365,true,1,17046
7290000287195,false,סנו רהיט,סנו,,סנו רהיט,מיליליטרים,300.00,"100 מ""ל",false,,13.90,0.0463,false,1,17048
7290000287409,false,סנובון שלישיות,סנו סנובון,,סנובון שלישיות,גרמים,165.00,100 גרם,false,,11.90,0.0721,true,1,17055
7290000287621,false,סנו C.W עם זרבוב,סנו,,סנו C.W עם זרבוב,מיליליטרים,750.00,"100 מ""ל",false,,12.90,0.0172,true,1,33328
7290000288017,false,אקונומיקה סנו 1,סנו,,אקונומיקה סנו 1,ליטרים,1.00,ליטר,false,,8.50,8.5000,true,1,17066
7290000288024,false,סנו לימון אקונ,סנו JAVEL,,סנו לימון אקונ,ליטרים,4.00,ליטר,false,,16.90,4.2250,false,1,17067
7290000288048,false,סנו ג'בל תרסיס,סנו JAVEL,,סנו ג'בל תרסיס,ליטרים,1.00,ליטר,false,,18.90,18.9000,false,1,17068
7290000288079,false,סנו ג'בל 2 ליטר,סנו JAVEL,,סנו ג'בל 2 ליטר,ליטרים,2.00,ליטר,false,,9.90,4.9500,false,1,17070
7290000288109,false,שקית סנו מקסימה,סנו מקסימה,,שקית סנו מקסימה,קילוגרמים,1.25,"ק""ג",false,,14.90,11.9200,false,1,17072
7290000288352,false,סנו ק 300-,סנו,,סנו ק 300-,מיליליטרים,630.00,"100 מ""ל",false,,21.90,0.0348,false,1,17079
7290000288383,false,ק 500 סנו-,סנו,,ק 500 סנו-,מיליליטרים,400.00,"100 מ""ל",false,,21.90,0.0547,true,1,17080
7290000288390,false,ק 600 סנו-,סנו,,ק 600 סנו-,מיליליטרים,500.00,"100 מ""ל",false,,21.90,0.0438,true,1,17081
7290000288413,false,סנודי רולאון,סנו,,סנודי רולאון,מיליליטרים,50.00,"100 מ""ל",false,,19.90,0.3980,true,1,17082
7290000288420,false,סנו די תרסיס,סנו,,סנו די תרסיס,גרמים,125.00,100 גרם,false,,19.90,0.1592,true,1,17083
7290000288529,false,משחה לימון לכלים,סנו,,משחה לימון לכלים,קילוגרמים,3.50,"ק""ג",false,,27.90,7.9714,true,1,123111
7290000288642,false,מרכך סנו 4 ליטר,סנו,,מרכך סנו 4 ליטר,ליטרים,4.00,ליטר,false,,21.90,5.4750,false,1,17088
7290000288727,false,אבקת כביסה סנו,סנו,,אבקת כביסה סנו,קילוגרמים,1.25,"ק""ג",false,,14.90,11.9200,false,1,17089
7290000289069,false,סנו ג'בל ספריי,סנו JAVEL,,סנו ג'בל ספריי,ליטרים,1.00,ליטר,false,,18.90,18.9000,false,1,17095
7290000289472,false,שקיות אשפה סושי טבע,סנו סושי,,שקיות אשפה סושי טבע,יחידה,0.00,יחידה,false,,20.90,0.0000,true,1,17101
7290000289496,false,סופר קרם ג'בל לימון,סנו JAVEL,,סופר קרם ג'בל לימון,מיליליטרים,750.00,"100 מ""ל",false,,11.90,0.0159,false,1,23673
7290000289595,false,משחת שיניים אורביטול,,,משחת שיניים אורביטול,גרמים,100.00,100 גרם,false,,9.90,0.0990,true,1,42951
7290000289748,false,סנו פורטה פלוס,סנו,,סנו פורטה פלוס,מיליליטרים,750.00,"100 מ""ל",false,,13.90,0.0185,false,1,17103
7290000289885,false,סנו-פרש יבש,סנו fresh,,סנו-פרש יבש,יחידה,375.00,יחידה,false,,13.50,0.0360,true,1,17104
7290000289892,false,סנו פרש תרסיס,סנו fresh,,סנו פרש תרסיס,מיליליטרים,375.00,"100 מ""ל",false,,13.50,0.0360,true,1,17105
7290000289915,false,סנופרש ענק,סנו fresh,,סנופרש ענק,מיליליטרים,375.00,"100 מ""ל",false,,13.50,0.0360,true,1,17106
7290000291857,false,פוליוקס 2 ליטר,סנו פוליויקס,,פוליוקס 2 ליטר,ליטרים,2.00,ליטר,false,,19.90,9.9500,false,1,17111
7290000291963,false,סנו ג'בל 1 ליטר,סנו JAVEL,,סנו ג'בל 1 ליטר,ליטרים,1.00,ליטר,false,,8.50,8.5000,true,1,35823
7290000292007,false,סנו K3 פתיון ג'ל קוט,,,סנו K3 פתיון ג'ל קוט,גרמים,10.00,100 גרם,false,,49.90,4.9900,true,1,113344
7290000292311,false,סנו פוליוקס 2 ל',סנו פוליויקס,,סנו פוליוקס 2 ל',ליטרים,2.00,ליטר,false,,19.90,9.9500,false,1,17119
7290000292557,false,סנומט מלוי נוזלי,סנומט,,סנומט מלוי נוזלי,מיליליטרים,500.00,"מ""ל",false,,12.90,0.0258,true,1,17127
7290000292564,false,סנו K 2000,סנו,,סנו K 2000,מיליליטרים,750.00,"100 מ""ל",false,,29.90,0.0399,true,1,17128
7290000292687,false,שלישיה סנובון כח,סנו סנובון,,שלישיה סנובון כח,גרמים,165.00,100 גרם,false,,14.90,0.0903,false,1,17131
7290000292694,false,מגן קריסטל 2 ליט,סנו,,מגן קריסטל 2 ליט,ליטרים,2.00,ליטר,false,,39.90,19.9500,true,1,17132
7290000292915,false,סנו רסס ונגב+אקד,סנו,,סנו רסס ונגב+אקד,מיליליטרים,715.00,"100 מ""ל",false,,12.90,0.0180,false,1,17133
7290000292939,false,סנו אקוה בלו,סנו,,סנו אקוה בלו,גרמים,180.00,100 גרם,false,,13.50,0.0750,true,1,17134
7290000293073,false,מרכך סנו 4 ליטר,סנו,,מרכך סנו 4 ליטר,ליטרים,4.00,ליטר,false,,21.90,5.4750,false,1,17137
7290000293516,false,סנו סופג לחות קו,סנו,,סנו סופג לחות קו,גרמים,340.00,100 גרם,false,,31.90,0.0938,true,1,17138
7290000293530,false,סנו סופג לחות מי,סנו,,סנו סופג לחות מי,גרמים,340.00,100 גרם,false,,15.90,0.0468,true,1,17139
7290000293820,false,ג'ל רחצה אקטיב קרמה,,,ג'ל רחצה אקטיב קרמה,מיליליטרים,700.00,"100 מ""ל",false,,17.90,0.0256,true,1,109884
7290000293837,false,דאודורנט ג'ל אנטיפרס,קרמה,,דאודורנט ג'ל אנטיפרס,מיליליטרים,70.00,"100 מ""ל",false,,14.90,0.2129,true,1,109963
7290000293943,false,מרסס אנטי קאלק,סנו,,מרסס אנטי קאלק,ליטרים,1.00,ליטר,false,,19.90,19.9000,true,1,17141
7290000294780,false,סנו ז'אוול סמיכה 4 ל,סנו JAVEL,,סנו ז'אוול סמיכה 4 ל,ליטרים,4.00,ליטר,false,,16.90,4.2250,false,1,17150
7290000295121,false,מטלית זיגזג שלשי,סנו,,מטלית זיגזג שלשי,יחידה,0.00,יחידה,false,,11.50,0.0000,false,1,17152
7290000295299,false,סנו סושי אקטיב ר,סנו סושי,,סנו סושי אקטיב ר,יחידה,0.00,יחידה,false,,11.50,0.0000,false,1,17154
7290000295336,false,סנו מקסימה שקית,סנו מקסימה,,סנו מקסימה שקית,קילוגרמים,1.25,"ק""ג",false,,14.90,11.9200,false,1,17156
7290000295343,false,סנו מקסימה מילוי,סנו מקסימה,,סנו מקסימה מילוי,קילוגרמים,1.25,"ק""ג",false,,14.90,11.9200,false,1,17157
7290000295367,false,סנו מקסימה 5 2 ק,סנו מקסימה,,סנו מקסימה 5 2 ק,קילוגרמים,2.50,"ק""ג",false,,25.90,10.3600,false,1,17158
7290000295404,false,שקיות אשפה סושי רחבו,סנו סושי,,שקיות אשפה סושי רחבו,יחידה,0.00,יחידה,false,,24.90,0.0000,true,1,17159
7290000295503,false,זוג שקיות סושי למזון,סנו סושי,,זוג שקיות סושי למזון,יחידה,0.00,יחידה,false,,14.90,0.0000,false,1,17161
7290000295541,false,סנו רב מגבת ג'מבו (7,סנו סושי,,סנו רב מגבת ג'מבו (7,יחידה,0.00,יחידה,false,,16.90,0.0000,true,1,17163
7290000295558,false,זוג רדיד אלומיניום ק,סנו,,זוג רדיד אלומיניום ק,יחידה,0.00,יחידה,false,,11.50,0.0000,false,1,17164
7290000295565,false,זוג רדיד אלומיניום ג,סנו,,זוג רדיד אלומיניום ג,יחידה,0.00,יחידה,false,,20.00,0.0000,false,1,57553
7290000295572,false,זוג מנקה אסלות,סנו,,זוג מנקה אסלות,ליטרים,1.50,ליטר,false,,19.90,13.2667,true,1,17165
7290000295749,false,ספוג סאקי מסאג',סנו,,ספוג סאקי מסאג',יחידה,0.00,יחידה,false,,13.90,0.0000,true,1,17167
7290000295794,false,ספוגיות אל חלד זוג,סנו,,ספוגיות אל חלד זוג,יחידה,0.00,יחידה,false,,13.00,0.0000,true,1,33296
7290000295817,false,ניילון נצמד סנו,סנו,,ניילון נצמד סנו,יחידה,0.00,יחידה,false,,59.90,0.0000,false,1,17169
7290000295824,false,סנו סושי רדיד אלומני,סנו,,סנו סושי רדיד אלומני,יחידה,0.00,יחידה,false,,59.90,0.0000,false,1,17170
7290000300900,false,שניצל תירס טבעול,טבעול,,שניצל תירס טבעול,גרמים,750.00,100 גרם,false,,24.90,0.0332,false,1,6331
7290000302027,false,טיים רגיל פקט,,,טיים רגיל פקט,יחידה,0.00,יחידה,false,,280.00,0.0000,false,1,12619
7290000302102,false,מונטנה פקט סיגרי,,,מונטנה פקט סיגרי,יחידה,0.00,יחידה,false,,290.00,0.0000,false,1,12623
7290000302126,false,אירופה פקט סיגריות,,,אירופה פקט סיגריות,יחידה,0.00,יחידה,false,,280.00,0.0000,false,1,12625
7290000302201,false,נלסון פקט סיגריו,,,נלסון פקט סיגריו,יחידה,0.00,יחידה,false,,280.00,0.0000,false,1,12627
7290000303581,false,פול מצרי פרי הגליל 5,פרי הגליל,,פול מצרי פרי הגליל 5,גרמים,560.00,100 גרם,false,,6.90,0.0123,false,1,10381
7290000303598,false,שעועית ברוטב 570 גרם,פרי הגליל,,שעועית ברוטב 570 גרם,גרמים,570.00,100 גרם,false,,6.90,0.0121,false,1,10382
7290000303604,false,חומוס שלם פרי הגליל,פרי הגליל,,חומוס שלם פרי הגליל,גרמים,550.00,100 גרם,false,,6.90,0.0125,false,1,10383
7290000305882,false,אס ירקות עם דגים ברו,יונה,,אס ירקות עם דגים ברו,גרמים,120.00,100 גרם,false,,6.30,0.0525,true,1,15835
7290000307015,false,אפונה פרי הגליל 550,פרי הגליל,,אפונה פרי הגליל 550,גרמים,550.00,100 גרם,false,,6.90,0.0125,false,1,10386
7290000307046,false,אפונה וגזר 550 גרם,פרי הגליל,,אפונה וגזר 550 גרם,גרמים,550.00,100 גרם,false,,6.90,0.0125,false,1,10387
7290000307220,false,תירס פרי הגליל 340 ג,פרי הגליל,,תירס פרי הגליל 340 ג,גרמים,340.00,100 גרם,false,,5.50,0.0162,false,1,10388
7290000307237,false,תירס פרי הגליל 550 ג,פרי הגליל,,תירס פרי הגליל 550 ג,גרמים,550.00,100 גרם,false,,6.90,0.0125,false,1,10389
7290000307800,false,פול פרי גליל,פרי הגליל,,פול פרי גליל,גרמים,800.00,100 גרם,false,,13.90,0.0174,true,1,24718
7290000307985,false,תירס ללא מלח,פרי הגליל,,תירס ללא מלח,גרמים,325.00,100 גרם,false,,5.50,0.0169,false,1,10396
7290000311128,false,מן עוגיות חמאה,מן,,מן עוגיות חמאה,גרמים,300.00,100 גרם,false,,7.90,0.0263,true,1,14159
7290000311203,false,וופלים 200 גר שוקו,,,וופלים 200 גר שוקו,גרמים,200.00,100 גרם,false,,5.20,0.0260,false,1,30892
7290000311210,false,וופלים 200 גר לימון,מן,,וופלים 200 גר לימון,גרמים,200.00,100 גרם,false,,5.20,0.0260,false,1,30375
7290000311227,false,וופלים 200 גר קפה מן,מן,,וופלים 200 גר קפה מן,גרמים,200.00,100 גרם,false,,5.20,0.0260,false,1,30893
7290000311234,false,ופל וניל 200 גר מן,מן,,ופל וניל 200 גר מן,גרמים,200.00,100 גרם,false,,5.20,0.0260,false,1,30376
7290000311258,false,מן וופל מצופה 250 גר,ברמן,,מן וופל מצופה 250 גר,גרמים,250.00,100 גרם,false,,7.50,0.0300,true,1,120213
7290000311272,false,וופלים מן חלבה,,,וופלים מן חלבה,גרמים,180.00,100 גרם,false,,5.20,0.0289,false,1,40617
7290000311364,false,וופל מן מארז 10 יח',ברמן,,וופל מן מארז 10 יח',גרמים,210.00,100 גרם,false,,8.90,0.0424,true,1,65734
7290000311425,false,וופל מצופה כחול 10יח,,,וופל מצופה כחול 10יח,גרמים,200.00,100 גרם,false,,9.50,0.0475,true,1,28985
7290000311432,false,עוגיות מן גרנולה קינ,מן,,עוגיות מן גרנולה קינ,גרמים,200.00,100 גרם,false,,10.90,0.0545,true,1,187882
7290000311463,false,מן עוגיות חמאה ללא ס,,,מן עוגיות חמאה ללא ס,גרמים,200.00,100 גרם,false,,10.90,0.0545,true,1,126212
7290000311708,false,מן עוגיות חיטה מלאה,מן,,מן עוגיות חיטה מלאה,גרמים,300.00,100 גרם,false,,7.90,0.0263,true,1,14162
7290000311715,false,מן עוגיות שוקולד,מן,,מן עוגיות שוקולד,גרמים,300.00,100 גרם,false,,7.90,0.0263,true,1,14163
7290000311746,false,עוגיות מן קרמל 300 ג,מן,,עוגיות מן קרמל 300 ג,גרמים,300.00,100 גרם,false,,7.90,0.0263,true,1,96608
7290000311845,false,עוגיות מן חיטה מלאה,מן,,עוגיות מן חיטה מלאה,גרמים,200.00,100 גרם,false,,10.90,0.0545,true,1,97873
7290000311869,false,וופל ללא סוכר 180 גר,,,וופל ללא סוכר 180 גר,גרמים,180.00,100 גרם,false,,8.90,0.0494,true,1,62930
7290000311876,false,וופל מן וניל ללא סוכ,מן,,וופל מן וניל ללא סוכ,גרמים,180.00,100 גרם,false,,8.90,0.0494,true,1,99770
7290000311883,false,מן עוגיות גרנולה ללא,ברמן,,מן עוגיות גרנולה ללא,גרמים,200.00,100 גרם,false,,10.90,0.0545,true,1,68980
7290000311890,false,וופל מן לימון ללא סו,מן,,וופל מן לימון ללא סו,גרמים,180.00,100 גרם,false,,8.90,0.0494,true,1,123789
7290000313160,false,עוגיות זהבה 3 דובים,אסם,,עוגיות זהבה 3 דובים,גרמים,250.00,100 גרם,false,,7.90,0.0316,true,1,6343
7290000313184,false,עוגיות גן חיות,אסם,,עוגיות גן חיות,גרמים,250.00,100 גרם,false,,7.90,0.0316,true,1,6344
7290000313290,false,נודלס א.מסולסלות 200,אסם,,נודלס א.מסולסלות 200,גרמים,200.00,100 גרם,false,,9.90,0.0495,true,1,6346
7290000315126,false,קנור ציר עוף,קנור,,קנור ציר עוף,גרמים,300.00,100 גרם,false,,27.90,0.0930,true,1,21832
7290000315133,false,קנור ציר בקר,קנור,,קנור ציר בקר,גרמים,300.00,100 גרם,false,,27.90,0.0930,true,1,21833
7290000315140,false,קורנפלקס מלא 500 גר',תלמה,,קורנפלקס מלא 500 גר',גרמים,500.00,100 גרם,false,,21.00,0.0420,false,1,65290
7290000318127,false,נקניקיות ביס 380,יחיעם,,נקניקיות ביס 380,גרמים,380.00,100 גרם,false,,11.90,0.0313,true,1,10549
7290000318363,false,פסטרמה ברביקיו לבגט,יחיעם,,פסטרמה ברביקיו לבגט,קילוגרמים,1.00,"ק""ג",true,,79.90,79.9000,false,1,104688
7290000318479,false,פרשוטו עגל,יחיעם,,פרשוטו עגל,גרמים,100.00,100 גרם,false,,25.90,0.2590,true,1,10564
7290000318530,false,רוסטביף יחיעם,יחיעם,,רוסטביף יחיעם,קילוגרמים,1.00,"ק""ג",true,,149.90,149.9000,true,1,10565
7290000318677,false,סרוולט 150גר יחיעם,יחיעם,,סרוולט 150גר יחיעם,גרמים,150.00,100 גרם,false,,25.90,0.1727,true,1,28609
7290000318707,false,סלמי מעושן יחיעם,יחיעם,,סלמי מעושן יחיעם,גרמים,500.00,100 גרם,false,,33.90,0.0678,true,1,10572
7290000318806,false,סרוולד יחיעם,יחיעם,,סרוולד יחיעם,קילוגרמים,1.00,"ק""ג",true,,179.90,179.9000,true,1,10575
7290000318837,false,פסטרמה קורנביף י,יחיעם,,פסטרמה קורנביף י,קילוגרמים,1.00,"ק""ג",true,,139.90,139.9000,true,1,10577
7290000318851,false,סלמי קוניאק,יחיעם,,סלמי קוניאק,קילוגרמים,1.00,"ק""ג",true,,89.90,89.9000,false,1,10578
7290000318868,false,סלמי פפרוני,יחיעם,,סלמי פפרוני,קילוגרמים,1.00,"ק""ג",true,,89.90,89.9000,false,1,10579
7290000318882,false,מעושן איטלקי יחיעם,יחיעם,,מעושן איטלקי יחיעם,קילוגרמים,1.00,"ק""ג",true,,69.90,69.9000,false,1,10580
7290000318899,false,סלמי פיין,יחיעם,,סלמי פיין,קילוגרמים,1.00,"ק""ג",true,,52.90,52.9000,false,1,10581
7290000318929,false,סלמי צרפתי,יחיעם,,סלמי צרפתי,קילוגרמים,1.00,"ק""ג",true,,179.90,179.9000,true,1,10584
7290000319063,false,כתף בקר מעושן מפולפל,יחיעם,,כתף בקר מעושן מפולפל,גרמים,150.00,100 גרם,false,,25.90,0.1727,true,1,108962
7290000319124,false,סרוולד יחיעם,יחיעם,,סרוולד יחיעם,גרמים,250.00,100 גרם,false,,37.90,0.1516,true,1,10590
7290000319131,false,נקניקיות עוף 400,יחיעם,,נקניקיות עוף 400,גרמים,400.00,100 גרם,false,,10.90,0.0273,true,1,10591
7290000319339,false,סלמי פרח,יחיעם,,סלמי פרח,קילוגרמים,1.00,"ק""ג",true,,99.90,99.9000,false,1,60671
7290000319520,false,סלמי צרפתי 100 גר,יחיעם,,סלמי צרפתי 100 גר,גרמים,100.00,100 גרם,false,,19.90,0.1990,true,1,10600
7290000319704,false,כתף בקר מעושן יחיעם,יחיעם,,כתף בקר מעושן יחיעם,קילוגרמים,1.00,"ק""ג",true,,139.90,139.9000,true,1,10602
7290000319728,false,איטלקי מפולפל יח,יחיעם,,איטלקי מפולפל יח,קילוגרמים,1.00,"ק""ג",true,,79.90,79.9000,false,1,10603
7290000319759,false,סלמי תה יחיעם,יחיעם,,סלמי תה יחיעם,קילוגרמים,1.00,"ק""ג",true,,46.90,46.9000,false,1,68894
7290000319803,false,קבנוס קלאסי 125 גרם,יחיעם,,קבנוס קלאסי 125 גרם,גרמים,125.00,100 גרם,false,,13.90,0.1112,true,1,95629
7290000319834,false,קבנוס פפרוני קלאסי 1,יחיעם,,קבנוס פפרוני קלאסי 1,גרמים,125.00,100 גרם,false,,13.90,0.1112,true,1,95531
7290000334325,false,תפוגן מארז שלישיה צי,תפוגן,,תפוגן מארז שלישיה צי,גרמים,380.00,100 גרם,false,,13.90,0.0366,false,1,6352
7290000334684,false,תפוגן טבעות בצל 700,תפוגן,,תפוגן טבעות בצל 700,גרמים,700.00,גרם,false,,17.90,0.0256,true,1,6356
7290000335810,false,כתף עגל חלב,,,כתף עגל חלב,קילוגרמים,1.00,"ק""ג",true,,85.00,85.0000,false,1,105562
7290000336053,false,תרכיז סיידר טבעי,,,תרכיז סיידר טבעי,יחידה,330.00,יחידה,false,,13.90,0.0421,true,1,18528
7290000339191,false,רן להלבנה,בדין,,רן להלבנה,גרמים,350.00,100 גרם,false,,22.00,0.0629,true,1,12254
7290000339566,false,בדין 4 ליטר,בדין,,בדין 4 ליטר,ליטרים,4.00,ליטר,false,,19.90,4.9750,false,1,12255
7290000339887,false,משחה 5 3קג דלי.,סיף פנטסטיק,,משחה 5 3קג דלי.,קילוגרמים,3.50,"ק""ג",false,,26.90,7.6857,false,1,12261
7290000341071,false,בייבי בדין 2 ליט,בדין,,בייבי בדין 2 ליט,ליטרים,2.00,ליטר,false,,20.00,10.0000,true,1,12262
7290000342832,false,בדין 4 ליטר,בדין,,בדין 4 ליטר,ליטרים,4.00,ליטר,false,,19.90,4.9750,false,1,12266
7290000342856,false,בדין 4 ליטר,בדין,,בדין 4 ליטר,ליטרים,4.00,ליטר,false,,19.90,4.9750,false,1,12267
7290000345048,false,תה 74 בתפזורת  125 ג,ויסוצקי,,תה 74 בתפזורת  125 ג,גרמים,125.00,100 גרם,false,,13.00,0.1040,true,1,8872
7290000345055,false,תה עלים ארל גריי  10,ויסוצקי,,תה עלים ארל גריי  10,גרמים,100.00,100 גרם,false,,14.50,0.1450,true,1,8873
7290000345116,false,תה ירוק עלים,ויסוצקי,,תה ירוק עלים,גרמים,125.00,100 גרם,false,,14.90,0.1192,true,1,8876
7290000345215,false,ויסוצקי קלאסיק 100 ש,ויסוצקי,,ויסוצקי קלאסיק 100 ש,מיליליטרים,100.00,"100 מ""ל",false,,16.90,0.1690,false,1,8880
7290000345260,false,ויסוצקי קלאסיק 25 שק,ויסוצקי,,ויסוצקי קלאסיק 25 שק,גרמים,37.50,100 גרם,false,,7.20,0.1920,true,1,8882
7290000345277,false,ויסוצקי קלאסיק 50 שק,ויסוצקי,,ויסוצקי קלאסיק 50 שק,גרמים,75.00,100 גרם,false,,13.50,0.1800,true,1,8883
7290000345284,false,ויסוצקי קלאסיק 100 ש,ויסוצקי,,ויסוצקי קלאסיק 100 ש,גרמים,150.00,100 גרם,false,,16.90,0.1127,false,1,8884
7290000345291,false,ארל גריי 25 שקיקים,ויסוצקי,,ארל גריי 25 שקיקים,גרמים,37.50,100 גרם,false,,15.90,0.4240,false,1,8885
7290000345307,false,תה ארל גריי  50 שקיק,ויסוצקי,,תה ארל גריי  50 שקיק,גרמים,75.00,100 גרם,false,,28.90,0.3853,false,1,8886
7290000345536,false,תה נענע 25 שקיקים,ויסוצקי,,תה נענע 25 שקיקים,גרמים,37.50,100 גרם,false,,17.90,0.4773,false,1,8890
7290000346021,false,תה חליטת קמומיל 50 ש,ויסוצקי,,תה חליטת קמומיל 50 ש,גרמים,75.00,100 גרם,false,,34.90,0.4653,true,1,8897
7290000346120,false,תה קסם הקינמון 25 שק,ויסוצקי,,תה קסם הקינמון 25 שק,גרמים,62.50,100 גרם,false,,18.90,0.3024,false,1,8900
7290000346137,false,תה חליטת הילולי פירו,ויסוצקי,,תה חליטת הילולי פירו,גרמים,62.50,100 גרם,false,,18.90,0.3024,false,1,8901
7290000346144,false,תה חליטת עינוגי התפו,ויסוצקי,,תה חליטת עינוגי התפו,גרמים,75.00,100 גרם,false,,18.90,0.2520,false,1,8902
7290000346168,false,תה חליטת שומר 25 שקי,ויסוצקי,,תה חליטת שומר 25 שקי,גרמים,37.50,100 גרם,false,,18.90,0.5040,false,1,8904
7290000346199,false,תה חליטת פירות יער 2,ויסוצקי,,תה חליטת פירות יער 2,גרמים,67.50,100 גרם,false,,18.90,0.2800,false,1,8905
7290000346205,false,תה חליטת קמומיל 25 ש,ויסוצקי,,תה חליטת קמומיל 25 ש,גרמים,37.50,100 גרם,false,,18.90,0.5040,false,1,8906
7290000346212,false,תה חליטת מנטה 25 שקי,ויסוצקי,,תה חליטת מנטה 25 שקי,גרמים,50.00,100 גרם,false,,18.90,0.3780,false,1,8907
7290000346229,false,תה חליטת ורד הבר והי,ויסוצקי,,תה חליטת ורד הבר והי,גרמים,75.00,100 גרם,false,,18.90,0.2520,false,1,8908
7290000346960,false,תה נענע 50 שקיקים,ויסוצקי,,תה נענע 50 שקיקים,גרמים,75.00,100 גרם,false,,31.90,0.4253,true,1,8913
7290000347738,false,תה ירוק נענע 25 שקיק,ויסוצקי,,תה ירוק נענע 25 שקיק,גרמים,37.50,100 גרם,false,,24.90,0.6640,false,1,8918
7290000347752,false,תה ירוק לימונית,ויסוצקי,,תה ירוק לימונית,גרמים,37.50,100 גרם,false,,24.90,0.6640,false,1,8920
7290000355382,false,עגבניות מרוסקות עם ב,טל,,עגבניות מרוסקות עם ב,גרמים,800.00,100 גרם,false,,7.20,0.0090,false,1,18273
7290000355412,false,עגבניות מרוסקות עם ש,טל,,עגבניות מרוסקות עם ש,גרמים,800.00,100 גרם,false,,7.20,0.0090,false,1,18275
7290000355757,false,עגבניות מרוסקות 800,טל,,עגבניות מרוסקות 800,גרמים,800.00,100 גרם,false,,7.20,0.0090,false,1,18279
7290000363011,false,קוניאק טירת צבי,טירת צבי,,קוניאק טירת צבי,קילוגרמים,1.00,"ק""ג",true,,84.90,84.9000,false,1,9088
7290000363189,false,סרוולד טירת צבי,טירת צבי,,סרוולד טירת צבי,קילוגרמים,1.00,"ק""ג",true,,179.90,179.9000,false,1,9089
7290000363363,false,קבנוס מיוחד 160,טירת צבי,,קבנוס מיוחד 160,גרמים,160.00,100 גרם,false,,14.90,0.0931,true,1,9090
7290000363462,false,סלמי מעושן איטלק,טירת צבי,,סלמי מעושן איטלק,קילוגרמים,1.00,"ק""ג",true,,84.90,84.9000,false,1,9091
7290000363486,false,נקניק תה טירת צב,טירת צבי,,נקניק תה טירת צב,קילוגרמים,1.00,"ק""ג",true,,56.90,56.9000,false,1,9092
7290000364100,false,נקניק פריזר,,,נקניק פריזר,קילוגרמים,1.00,"ק""ג",true,,56.90,56.9000,false,1,61258
7290000364278,false,סלסולי סלמי איטלקי מ,טירת צבי,,סלסולי סלמי איטלקי מ,גרמים,120.00,100 גרם,false,,15.90,0.1325,false,1,38400
7290000364285,false,סלסולי פסטרמה הודו,טירת צבי,,סלסולי פסטרמה הודו,גרמים,120.00,100 גרם,false,,15.90,0.1325,false,1,38401
7290000364292,false,סלסולי פסטרמה הודו ע,טירת צבי,,סלסולי פסטרמה הודו ע,גרמים,120.00,100 גרם,false,,15.90,0.1325,false,1,40389
7290000364803,false,נקנקיות אמריקאיו,טירת צבי,,נקנקיות אמריקאיו,גרמים,500.00,100 גרם,false,,27.90,0.0558,true,1,9103
7290000364858,false,נקנקיות עוף 1 קג,טירת צבי,,נקנקיות עוף 1 קג,יחידה,1.00,יחידה,false,,26.90,26.9000,false,1,9105
7290000364872,false,נקנקיות עוף טירת,טירת צבי,,נקנקיות עוף טירת,גרמים,400.00,100 גרם,false,,11.90,0.0298,true,1,9106
7290000364957,false,נקנקיות מיני,,,נקנקיות מיני,גרמים,700.00,100 גרם,false,,26.90,0.0384,true,1,40468
7290000365046,false,כתף בקר טירת צבי,טירת צבי,,כתף בקר טירת צבי,קילוגרמים,1.00,"ק""ג",true,,109.90,109.9000,false,1,31904
7290000365107,false,כתף מפולפל טירת צבי,טירת צבי,,כתף מפולפל טירת צבי,קילוגרמים,1.00,"ק""ג",true,,109.90,109.9000,false,1,32669
7290000365398,false,פסטרמה דבש ט.צבי,טירת צבי,,פסטרמה דבש ט.צבי,קילוגרמים,1.00,"ק""ג",true,,84.90,84.9000,false,1,9108
7290000365909,false,פסטרמה הודו מעושנת,טירת צבי,,פסטרמה הודו מעושנת,קילוגרמים,1.00,"ק""ג",true,,84.90,84.9000,false,1,9112
7290000365954,false,פסטרמה על גחלים,טירת צבי,,פסטרמה על גחלים,קילוגרמים,1.00,"ק""ג",true,,84.90,84.9000,false,1,9113
7290000367590,false,זוג פסטרמה טירת,טירת צבי,,זוג פסטרמה טירת,גרמים,800.00,100 גרם,false,,29.90,0.0374,true,1,9116
7290000377209,false,בוטנים 200,קליית גת,,בוטנים 200,גרמים,200.00,100 גרם,false,,6.90,0.0345,true,1,12726
7290000377445,false,תערובת מנצ'ס,,,תערובת מנצ'ס,גרמים,200.00,100 גרם,false,,8.50,0.0425,true,1,12729
7290000377452,false,גרעיני אבטיח 200ח,קליית גת,,גרעיני אבטיח 200ח,גרמים,200.00,100 גרם,false,,12.00,0.0600,true,1,12730
7290000377612,false,פריגת סחוט תפוז 400,פריגת,,פריגת סחוט תפוז 400,יחידה,400.00,יחידה,false,,9.50,0.0238,true,1,5629
7290000408316,false,יוגורט דנונה טבעי 3%,שטראוס דנונה,,יוגורט דנונה טבעי 3%,מיליליטרים,200.00,"100 מ""ל",false,,3.50,0.0175,true,1,7496
7290000408354,false,דנונה קראנצ' פצפוצים,שטראוס דנונה,,דנונה קראנצ' פצפוצים,מיליליטרים,175.00,"100 מ""ל",false,,4.60,0.0263,false,1,7497
7290000412481,false,מנקה אסלות 1ליטר,סנו,,מנקה אסלות 1ליטר,ליטרים,1.00,ליטר,false,,7.90,7.9000,false,1,17173
7290000412764,false,פזטוקס ארזול,סנו,,פזטוקס ארזול,מיליליטרים,630.00,"100 מ""ל",false,,18.90,0.0300,true,1,17174
7290000416021,false,ממרח השחר 500 גרם,,,ממרח השחר 500 גרם,גרמים,500.00,100 גרם,false,,13.90,0.0278,false,1,17381
7290000416045,false,"ממרח השחר 1 ק""ג",השחר העולה,,"ממרח השחר 1 ק""ג",קילוגרמים,1.00,"ק""ג",false,,23.90,23.9000,false,1,17382
7290000416076,false,שוקולד צימקאו,השחר העולה,,שוקולד צימקאו,גרמים,400.00,100 גרם,false,,12.60,0.0315,true,1,17383
7290000416618,false,ממרח שוקולד השחר פרו,השחר העולה,,ממרח שוקולד השחר פרו,גרמים,400.00,100 גרם,false,,10.60,0.0265,true,1,17385
7290000416809,false,ממרח השחר חצי חצי,,,ממרח השחר חצי חצי,גרמים,350.00,100 גרם,false,,9.90,0.0283,false,1,107943
7290000416854,false,קקאו 150 גר,השחר העולה,,קקאו 150 גר,גרמים,150.00,100 גרם,false,,9.50,0.0633,true,1,17387
7290000419220,false,מארז קפה לנדוור טחון,קפה לנדוור,,מארז קפה לנדוור טחון,גרמים,300.00,100 גרם,false,,18.90,0.0630,false,1,31018
7290000419374,false,מארז שלישייה קפה שחו,קפה לנדוור,,מארז שלישייה קפה שחו,גרמים,300.00,100 גרם,false,,18.90,0.0630,false,1,43814
7290000420325,false,פופסטאר טבעי 5יח',,,פופסטאר טבעי 5יח',גרמים,500.00,100 גרם,false,,12.90,0.0258,false,1,16299
7290000420332,false,פופסטאר חמאה 5יח',פופ סטאר,,פופסטאר חמאה 5יח',גרמים,500.00,100 גרם,false,,12.90,0.0258,false,1,16300
7290000420417,false,גלילונית 50X70 עם לש,גלילונית,,גלילונית 50X70 עם לש,יחידה,0.00,יחידה,false,,24.00,0.0000,false,1,16301
7290000430102,false,"שקיות קרח 2 ק""ג",,,"שקיות קרח 2 ק""ג",יחידה,2.00,יחידה,false,,9.90,4.9500,true,1,25890
7290000432212,false,נרות שבת 72,,,נרות שבת 72,יחידה,0.00,יחידה,false,,29.90,0.0000,true,1,105053
7290000432335,false,נר נשמה 72 שעות,,,נר נשמה 72 שעות,יחידה,0.00,יחידה,false,,5.50,0.0000,true,1,31213
7290000432359,false,נר נשמה שבועי,,,נר נשמה שבועי,יחידה,0.00,יחידה,false,,9.90,0.0000,true,1,11181
7290000432649,false,נרות שבת 6,,,נרות שבת 6,גרמים,180.00,100 גרם,false,,4.50,0.0250,true,1,100510
7290000432663,false,נרות שבת מס' 10,,,נרות שבת מס' 10,גרמים,180.00,100 גרם,false,,4.50,0.0250,true,1,100512
7290000446523,false,חמאת בוטנים מתוקה,,,חמאת בוטנים מתוקה,גרמים,350.00,100 גרם,false,,12.90,0.0369,true,1,99224
7290000446547,false,חמאת בוטנים טבעית,,,חמאת בוטנים טבעית,גרמים,350.00,100 גרם,false,,12.90,0.0369,true,1,40975
7290000446554,false,חמאת בוטנים טבעית 1,,,חמאת בוטנים טבעית 1,קילוגרמים,1.00,"100 ק""ג",false,,27.90,27.9000,true,1,98127
7290000446936,false,ציפוי עדיף דק ללא גל,,,ציפוי עדיף דק ללא גל,גרמים,300.00,100 גרם,false,,9.90,0.0330,true,1,104480
7290000449128,false,פנטסטיק 4 ליטר,סיף פנטסטיק,,פנטסטיק 4 ליטר,ליטרים,4.00,ליטר,false,,19.90,4.9750,false,1,12270
7290000450209,false,טונה פוסידון בשמן 11,ויליגר,,טונה פוסידון בשמן 11,גרמים,110.00,100 גרם,false,,6.00,0.0545,true,1,17790
7290000453019,false,שמרית,,,שמרית,גרמים,50.00,100 גרם,false,,4.60,0.0920,false,1,7499
7290000453125,false,שמרית+משפר אפיה,,,שמרית+משפר אפיה,גרמים,100.00,100 גרם,false,,7.90,0.0790,true,1,7500
7290000453200,false,בלילה מצוננת להכנת פ,,,בלילה מצוננת להכנת פ,מיליליטרים,750.00,"100 מ""ל",false,,21.90,0.0292,true,1,126961
7290000453323,false,קמח תמי עמילן חיטה ל,,,קמח תמי עמילן חיטה ל,גרמים,500.00,100 גרם,false,,18.90,0.0378,true,1,188839
7290000453385,false,שמרים יבשים פאקא,,,שמרים יבשים פאקא,גרמים,500.00,100 גרם,false,,14.40,0.0288,true,1,98404
7290000453408,false,בצק פיצה דק מצונן ומ,,,בצק פיצה דק מצונן ומ,גרמים,415.00,100 גרם,false,,16.90,0.0407,true,1,115951
7290000453415,false,בצק עלים מצונן ומוכן,,,בצק עלים מצונן ומוכן,גרמים,300.00,100 גרם,false,,15.90,0.0530,true,1,115952
7290000453422,false,בצק פילו מוכן לאפייה,,,בצק פילו מוכן לאפייה,גרמים,300.00,100 גרם,false,,15.90,0.0530,true,1,115953
7290000453446,false,פיצה קראסט שמרית,,,פיצה קראסט שמרית,גרמים,500.00,100 גרם,false,,19.90,0.0398,true,1,187638
7290000453484,false,בצק קדאיף 350 גר שימ,,,בצק קדאיף 350 גר שימ,גרמים,350.00,100 גרם,false,,15.90,0.0454,false,1,189081
7290000453781,false,שמרים יבשים,,,שמרים יבשים,גרמים,125.00,100 גרם,false,,6.30,0.0504,true,1,111761
7290000453798,false,שמרים אקטיבים 500 גר,,,שמרים אקטיבים 500 גר,גרמים,500.00,100 גרם,false,,14.90,0.0298,false,1,109212
7290000453866,false,נטורינה קוקוס שמרית,,,נטורינה קוקוס שמרית,גרמים,200.00,100 גרם,false,,7.60,0.0380,false,1,107188
7290000453880,false,מרגרינה ללא מלח לאפי,,,מרגרינה ללא מלח לאפי,גרמים,200.00,100 גרם,false,,5.90,0.0295,false,1,99647
7290000453897,false,מרגרינה בטעם חמאה 20,,,מרגרינה בטעם חמאה 20,גרמים,200.00,100 גרם,false,,5.90,0.0295,false,1,99648
7290000461625,false,בייגלה שמיניות גדולו,בייגל בייגל,,בייגלה שמיניות גדולו,גרמים,400.00,100 גרם,false,,7.90,0.0198,true,1,12274
7290000461656,false,מקלות בייגל,בייגל בייגל,,מקלות בייגל,גרמים,400.00,100 גרם,false,,7.90,0.0198,true,1,12276
7290000461700,false,בייגלה גדול גדול,בייגל בייגל,,בייגלה גדול גדול,גרמים,400.00,100 גרם,false,,12.90,0.0323,true,1,12277
7290000461724,false,בייגלה שומשום 00,בייגל בייגל,,בייגלה שומשום 00,גרמים,400.00,100 גרם,false,,12.90,0.0323,true,1,12278
7290000461793,false,מקלות מלוחים קטן,בייגל בייגל,,מקלות מלוחים קטן,גרמים,150.00,100 גרם,false,,6.20,0.0413,false,1,12280
7290000462103,false,סחוג זהבי,אחלה,,סחוג זהבי,גרמים,150.00,100 גרם,false,,8.90,0.0593,true,1,7501
7290000462141,false,סחוג חריף מאוד זהבי,אחלה,,סחוג חריף מאוד זהבי,גרמים,150.00,100 גרם,false,,8.90,0.0593,true,1,34169
7290000462172,false,סחוג,אחלה,,סחוג,גרמים,150.00,100 גרם,false,,8.90,0.0593,true,1,7502
7290000462981,false,זחוק חריף אש 150 גר',,,זחוק חריף אש 150 גר',גרמים,150.00,100 גרם,false,,8.90,0.0593,true,1,120106
7290000467320,false,חומוס אבו מרוואן 400,,,חומוס אבו מרוואן 400,גרמים,400.00,100 גרם,false,,13.90,0.0348,true,1,67328
7290000469522,false,סחבה לריצפה אוני,,,סחבה לריצפה אוני,יחידה,0.00,יחידה,false,,8.50,0.0000,true,1,18226
7290000469638,false,מריטו 500 מל,,,מריטו 500 מל,מיליליטרים,500.00,"100 מ""ל",false,,22.90,0.0458,true,1,8292
7290000474090,false,חלב טרה הומוגני דל ש,טרה,,חלב טרה הומוגני דל ש,ליטרים,1.00,ליטר,false,,5.86,5.8600,false,1,5639
7290000474373,false,שמנת חמוצה 15%,,,שמנת חמוצה 15%,גרמים,200.00,100 גרם,false,,2.40,0.0120,false,1,55709
7290000474502,false,גבינה לבנה 250 גר' ט,טרה,,גבינה לבנה 250 גר' ט,גרמים,250.00,100 גרם,false,,4.98,0.0199,false,1,5649
7290000474540,false,גבינה טוב טעם 3% טרה,טרה,,גבינה טוב טעם 3% טרה,גרמים,250.00,100 גרם,false,,11.50,0.0460,false,1,5651
7290000474830,false,גבינה מגורדת חצי קשה,טרה,,גבינה מגורדת חצי קשה,גרמים,500.00,100 גרם,false,,34.50,0.0690,true,1,5652
7290000480107,false,קוואקר שיבולת שועל פ,קוואקר,,קוואקר שיבולת שועל פ,גרמים,500.00,100 גרם,false,,11.90,0.0238,false,1,15845
7290000480442,false,שיבולת שועל קוואקר ב,קוואקר,,שיבולת שועל קוואקר ב,גרמים,500.00,100 גרם,false,,12.90,0.0258,false,1,15853
7290000481531,false,מארז 10 לחמניות אצבע,דגנית עין בר,,מארז 10 לחמניות אצבע,גרמים,750.00,100 גרם,false,,12.50,0.0167,false,1,70391
7290000481647,false,חלה צמה מתוקה,דגנית עין בר,,חלה צמה מתוקה,גרמים,500.00,100 גרם,false,,12.90,0.0258,true,1,15071
7290000481883,false,מארז לחמניות אצבע עש,דגנית עין בר,,מארז לחמניות אצבע עש,גרמים,750.00,100 גרם,false,,11.00,0.0147,false,1,69485
7290000482019,false,שקיות קוקי- 10 יח',,,שקיות קוקי- 10 יח',יחידה,0.00,יחידה,false,,9.90,0.0000,true,1,8293
7290000482033,false,שקיות קוקי ענק- 5 יח,,,שקיות קוקי ענק- 5 יח,יחידה,0.00,יחידה,false,,9.90,0.0000,true,1,8295
7290000484747,false,עלית הארק,,,עלית הארק,מיליליטרים,700.00,"100 מ""ל",false,,57.90,0.0827,false,1,101426
7290000490601,false,מאגדת גלידל דיאט שלג,גלידות פלדמן,,מאגדת גלידל דיאט שלג,גרמים,400.00,100 גרם,false,,35.90,0.0897,true,1,18445
7290000490762,false,מאגדת גלידל שלגוני ש,,,מאגדת גלידל שלגוני ש,גרמים,400.00,100 גרם,false,,35.90,0.0897,true,1,18446
7290000493176,false,רוטב צלי באבקה,אסם,,רוטב צלי באבקה,גרמים,22.00,100 גרם,false,,4.40,0.2000,true,1,6418
7290000493183,false,רוטב פטריות באבקה,אסם,,רוטב פטריות באבקה,גרמים,30.00,100 גרם,false,,4.40,0.1467,true,1,6419
7290000497044,false,לחם ברמן אקטיב,ודש,,לחם ברמן אקטיב,גרמים,750.00,100 גרם,false,,15.90,0.0212,true,1,69427
7290000497426,false,ברמן קל לעניין,ברמן,,ברמן קל לעניין,גרמים,750.00,100 גרם,false,,16.90,0.0225,true,1,25265
7290000504025,false,פטריה 300טבל',סוכרזית,,פטריה 300טבל',גרמים,246.00,100 גרם,false,,8.50,0.0346,true,1,9717
7290000504049,false,סוכרזית קנקן,סוכרזית,,סוכרזית קנקן,גרמים,984.00,100 גרם,false,,24.50,0.0249,true,1,9719
7290000504209,false,דיאט טיפ ממתיק,סוכרזית,,דיאט טיפ ממתיק,יחידה,220.00,יחידה,false,,19.50,0.0886,true,1,9720
7290000504261,false,כמו סוכר ממת 140י,סוכרזית,,כמו סוכר ממת 140י,גרמים,65.00,100 גרם,false,,25.90,0.3985,true,1,9721
7290000504278,false,סוכרזית פטנט,סוכרזית,,סוכרזית פטנט,גרמים,574.00,100 גרם,false,,17.90,0.0312,true,1,9722
7290000518121,false,מתוק וקל 50יח,,,מתוק וקל 50יח,גרמים,50.00,100 גרם,false,,6.50,0.1300,true,1,10831
7290000518152,false,מתוק וקל זהב,,,מתוק וקל זהב,גרמים,25.00,100 גרם,false,,6.90,0.2760,true,1,14734
7290000518169,false,מתוק וקל 1000 יח,,,מתוק וקל 1000 יח,גרמים,820.00,100 גרם,false,,10.90,0.0133,true,1,14735
7290000518176,false,מתוק וקל 250,,,מתוק וקל 250,גרמים,250.00,100 גרם,false,,18.90,0.0756,true,1,14736
7290000518190,false,מתוק וקל סטיביה 100,,,מתוק וקל סטיביה 100,יחידה,0.00,יחידה,false,,26.90,0.0000,true,1,105066
7290000518220,false,סוכרה דיאט 100 שקיות,,,סוכרה דיאט 100 שקיות,יחידה,0.00,יחידה,false,,25.00,0.0000,true,1,105003
7290000518237,false,סוכרה דיאט אבקה 100,,,סוכרה דיאט אבקה 100,גרמים,100.00,100 גרם,false,,23.90,0.2390,true,1,104735
7290000518251,false,מתוק וקל זהב 100,,,מתוק וקל זהב 100,גרמים,100.00,100 גרם,false,,12.90,0.1290,true,1,14738
7290000518336,false,צמר גפן מתוק,,,צמר גפן מתוק,גרמים,10.00,100 גרם,false,,5.00,0.5000,true,1,126394
7290000518879,false,סוכרה דיאט 250 שקיות,,,סוכרה דיאט 250 שקיות,גרמים,200.00,100 גרם,false,,49.90,0.2495,true,1,67125
7290000521008,false,של סגל אדום יבש,של סגל,,של סגל אדום יבש,גרמים,750.00,100 גרם,false,,19.90,0.0265,false,1,18535
7290000521015,false,סגל לבן יבש,של סגל,,סגל לבן יבש,מיליליטרים,750.00,"100 מ""ל",false,,19.90,0.0265,false,1,18536
7290000523125,false,מלח ים 200 גר',מלח הארץ,,מלח ים 200 גר',גרמים,250.00,100 גרם,false,,5.50,0.0220,true,1,13688
7290000523224,false,מלח ים 500 גר',מלח הארץ,,מלח ים 500 גר',גרמים,500.00,100 גרם,false,,7.90,0.0158,true,1,13689
7290000523514,false,מלח ים מופחת נתרן,מלח הארץ,,מלח ים מופחת נתרן,גרמים,250.00,100 גרם,false,,10.00,0.0400,true,1,9448
7290000523521,false,מלח מועשר ביוד,מלח הארץ,,מלח מועשר ביוד,גרמים,250.00,100 גרם,false,,5.90,0.0236,true,1,9449
7290000523804,false,מלח הארץ עדין 1קג,מלח הארץ,,מלח הארץ עדין 1קג,קילוגרמים,1.00,"ק""ג",false,,7.50,7.5000,true,1,34741
7290000523811,false,מלח הארץ גס 1קג,מלח הארץ,,מלח הארץ גס 1קג,קילוגרמים,1.00,"ק""ג",false,,7.50,7.5000,true,1,34742
7290000525969,false,פרימור סחוט תפוזים 1,פרימור,,פרימור סחוט תפוזים 1,ליטרים,1.00,ליטר,false,,15.90,15.9000,false,1,7503
7290000530024,false,תה זוגלובק,זוגלובק,,תה זוגלובק,קילוגרמים,1.00,"ק""ג",true,,49.90,49.9000,false,1,11667
7290000530031,false,סלמי פיין צר,זוגלובק,,סלמי פיין צר,קילוגרמים,1.00,"ק""ג",true,,52.90,52.9000,true,1,11668
7290000530048,false,סלמי פפרוני,זוגלובק,,סלמי פפרוני,קילוגרמים,1.00,"ק""ג",true,,46.90,46.9000,false,1,25833
7290000530062,false,מעושן איטלקי בלו,זוגלובק,,מעושן איטלקי בלו,קילוגרמים,1.00,"ק""ג",true,,72.90,72.9000,true,1,11669
7290000530086,false,סלמי מעוש 7000ן,זוגלובק,,סלמי מעוש 7000ן,גרמים,610.00,100 גרם,false,,31.90,0.0523,true,1,25873
7290000530109,false,זוג קבנוס בואקום,זוגלובק,,זוג קבנוס בואקום,גרמים,360.00,100 גרם,false,,28.90,0.0803,true,1,28472
7290000530116,false,נקניק בשן,זוגלובק,,נקניק בשן,גרמים,485.00,100 גרם,false,,25.90,0.0534,true,1,11670
7290000530178,false,נקניק קוניאק זוגלובק,זוגלובק,,נקניק קוניאק זוגלובק,קילוגרמים,1.00,"ק""ג",true,,79.90,79.9000,true,1,11671
7290000530192,false,סרבלד זוגלובק,זוגלובק,,סרבלד זוגלובק,קילוגרמים,1.00,"ק""ג",true,,119.90,119.9000,true,1,11672
7290000530260,false,מרטדלה רחב,זוגלובק,,מרטדלה רחב,קילוגרמים,1.00,"ק""ג",true,,35.90,35.9000,true,1,11673
7290000530291,false,נקניק מבשר הודו,זוגלובק,,נקניק מבשר הודו,גרמים,800.00,100 גרם,false,,17.90,0.0224,true,1,20000
7290000530369,false,גולן-חזה מעושן,זוגלובק,,גולן-חזה מעושן,קילוגרמים,1.00,"ק""ג",true,,79.90,79.9000,false,1,11674
7290000530413,false,המבורגר זהב,זוגלובק,,המבורגר זהב,גרמים,400.00,100 גרם,false,,19.90,0.0497,true,1,11675
7290000530598,false,נקנקיות,זוגלובק,,נקנקיות,גרמים,500.00,100 גרם,false,,17.00,0.0340,true,1,11678
7290000530604,false,נקנקיות חריפות,זוגלובק,,נקנקיות חריפות,גרמים,500.00,100 גרם,false,,16.50,0.0330,true,1,11679
7290000530703,false,חרמון כפרית 400+תה 4,זוגלובק,,חרמון כפרית 400+תה 4,גרמים,800.00,100 גרם,false,,26.90,0.0336,true,1,38680
7290000531410,false,פסטרממיה בדבש טה,זוגלובק,,פסטרממיה בדבש טה,קילוגרמים,1.00,"ק""ג",true,,79.90,79.9000,false,1,29277
7290000531601,false,סטייקבורגר זהב,זוגלובק,,סטייקבורגר זהב,גרמים,400.00,100 גרם,false,,19.90,0.0497,true,1,11690
7290000531977,false,בורקס גבינה 800 גר',זוגלובק,,בורקס גבינה 800 גר',גרמים,800.00,100 גרם,false,,16.90,0.0211,false,1,11694
7290000532400,false,פסטרמה בר בי קיו  זו,זוגלובק,,פסטרמה בר בי קיו  זו,קילוגרמים,1.00,"ק""ג",true,,79.90,79.9000,false,1,11700
7290000532479,false,"נקניקיות חריפות 1 ק""",זוגלובק,,"נקניקיות חריפות 1 ק""",קילוגרמים,1.00,"ק""ג",false,,29.90,29.9000,true,1,114412
7290000532721,false,טורו זוגלובק,זוגלובק,,טורו זוגלובק,קילוגרמים,1.00,"ק""ג",true,,109.90,109.9000,false,1,11706
7290000533353,false,בצק עלים זוגלובק,זוגלובק,,בצק עלים זוגלובק,קילוגרמים,1.00,"ק""ג",false,,16.90,16.9000,false,1,11709
7290000534718,false,תבור-חזה הודו דל שומ,זוגלובק,,תבור-חזה הודו דל שומ,קילוגרמים,1.00,"ק""ג",true,,79.90,79.9000,false,1,30399
7290000534800,false,פסטרמה הודו רומנ,זוגלובק,,פסטרמה הודו רומנ,קילוגרמים,1.00,"ק""ג",true,,79.90,79.9000,false,1,34940
7290000534824,false,חרמון-חזה הודו מ,זוגלובק,,חרמון-חזה הודו מ,קילוגרמים,1.00,"ק""ג",true,,49.90,49.9000,false,1,11725
7290000535791,false,חזה בקר ניו יורק זוג,,,חזה בקר ניו יורק זוג,קילוגרמים,1.00,"ק""ג",true,,109.90,109.9000,false,1,56707
7290000536743,false,קריספי סטיקס תירס,זוגלובק,,קריספי סטיקס תירס,גרמים,500.00,100 גרם,false,,13.90,0.0278,true,1,70040
7290000537566,false,נקנקיות עוף טרי,זוגלובק,,נקנקיות עוף טרי,גרמים,400.00,100 גרם,false,,15.90,0.0398,true,1,11749
7290000538105,false,סרוולד 200 גר,זוגלובק,,סרוולד 200 גר,גרמים,200.00,100 גרם,false,,31.90,0.1595,true,1,20009
7290000538372,false,פיין אקסטרא קוני,זוגלובק,,פיין אקסטרא קוני,קילוגרמים,1.00,"ק""ג",true,,49.90,49.9000,false,1,11757
7290000538709,false,נקניק תה מעושן,זוגלובק,,נקניק תה מעושן,גרמים,200.00,100 גרם,false,,12.50,0.0625,true,1,20011
7290000551159,false,בשר ראש מוכשר,טיבון ויל,,בשר ראש מוכשר,קילוגרמים,1.00,"ק""ג",true,,59.90,59.9000,true,1,21284
7290000552569,false,סטייקבורגר 400 גר',טיבון ויל,,סטייקבורגר 400 גר',גרמים,400.00,100 גרם,false,,18.90,0.0472,false,1,17798
7290000554006,false,גבינת קשקבל גד,מחלבות גד,,גבינת קשקבל גד,קילוגרמים,1.00,"ק""ג",true,,120.20,120.2000,true,1,18301
7290000554402,false,מלבי 5% גד,מחלבות גד,,מלבי 5% גד,גרמים,160.00,100 גרם,false,,5.40,0.0338,true,1,18302
7290000554457,false,צפתית גד 5%,מחלבות גד,,צפתית גד 5%,גרמים,350.00,100 גרם,false,,21.00,0.0600,true,1,18303
7290000554471,false,מוצרלה  22%,מחלבות גד,,מוצרלה  22%,גרמים,180.00,100 גרם,false,,16.80,0.0933,true,1,18304
7290000554532,false,צפתית מעודנת 5% 200ג,,,צפתית מעודנת 5% 200ג,גרמים,200.00,100 גרם,false,,14.20,0.0710,true,1,33849
7290000554600,false,מוצרלה מגורדת 22%,מחלבות גד,,מוצרלה מגורדת 22%,גרמים,300.00,100 גרם,false,,25.90,0.0863,true,1,18307
7290000554624,false,ירח מתוק 3% גד,מחלבות גד,,ירח מתוק 3% גד,גרמים,150.00,100 גרם,false,,5.40,0.0360,true,1,18308
7290000554686,false,לבנה 5% זעתר גד,מחלבות גד,,לבנה 5% זעתר גד,גרמים,250.00,100 גרם,false,,13.90,0.0556,true,1,18309
7290000554754,false,מוצרלה במים קטן,מחלבות גד,,מוצרלה במים קטן,קילוגרמים,1.00,"ק""ג",true,,89.70,89.7000,true,1,41706
7290000554792,false,בולגרית 5% גד מעודנת,מחלבות גד,,בולגרית 5% גד מעודנת,קילוגרמים,1.00,"ק""ג",true,,56.00,56.0000,false,1,42021
7290000554815,false,מוצרלה גד,מחלבות גד,,מוצרלה גד,קילוגרמים,1.00,"ק""ג",true,,79.80,79.8000,false,1,18314
7290000554822,false,ריקוטה אורדה 5% גד,מחלבות גד,,ריקוטה אורדה 5% גד,גרמים,250.00,100 גרם,false,,14.20,0.0568,true,1,18315
7290000554839,false,מסקרפונה 40% גד,מחלבות גד,,מסקרפונה 40% גד,גרמים,250.00,100 גרם,false,,21.30,0.0852,true,1,18316
7290000554969,false,גבינת שמנת טבעית גד,מחלבות גד,,גבינת שמנת טבעית גד,קילוגרמים,1.00,"ק""ג",true,,44.00,44.0000,true,1,42228
7290000554976,false,גבינת שמנת זיתים גד,מחלבות גד,,גבינת שמנת זיתים גד,קילוגרמים,1.00,"ק""ג",true,,44.00,44.0000,true,1,42229
7290000555501,false,פיקדון בק  ריק,,,פיקדון בק  ריק,יחידה,0.00,יחידה,false,,0.30,0.0000,false,1,5601
7290000555502,false,פיקדון שש בק',,,פיקדון שש בק',יחידה,0.00,יחידה,false,,1.80,0.0000,false,1,5714
7290000555503,false,פיקדון ארבע בק',פריגת,,פיקדון ארבע בק',יחידה,0.00,יחידה,false,,1.20,0.0000,false,1,5658
7290000555507,false,פיקדון שתיים עשרה בק,,,פיקדון שתיים עשרה בק,יחידה,0.00,יחידה,false,,3.60,0.0000,false,1,106478
7290000555508,false,פיקדון חמש בק',,,פיקדון חמש בק',יחידה,0.00,יחידה,false,,1.50,0.0000,false,1,154167
7290000555509,false,פיקדון 24 בק',,,פיקדון 24 בק',יחידה,0.00,יחידה,false,,7.20,0.0000,false,1,33958
7290000560533,false,אדג' ג'ל ירוק לעור ר,אדג' ג'ל,,אדג' ג'ל ירוק לעור ר,גרמים,200.00,100 גרם,false,,17.90,0.0895,false,1,16314
7290000560540,false,אדג' ג'ל כתום לעור ר,אדג' ג'ל,,אדג' ג'ל כתום לעור ר,גרמים,200.00,100 גרם,false,,17.90,0.0895,false,1,16315
7290000560557,false,אדג' ג'ל סגול כהה לע,אדג' ג'ל,,אדג' ג'ל סגול כהה לע,גרמים,200.00,100 גרם,false,,17.90,0.0895,false,1,16316
7290000561097,false,תערובת פיצוחים מובחר,,,תערובת פיצוחים מובחר,גרמים,150.00,100 גרם,false,,14.90,0.0993,true,1,110706
7290000561189,false,חמוציות חתוכות 200 ג,,,חמוציות חתוכות 200 ג,גרמים,200.00,100 גרם,false,,8.90,0.0445,true,1,111158
7290000561202,false,גרעיני חמניה 200 גר,,,גרעיני חמניה 200 גר,גרמים,200.00,100 גרם,false,,5.80,0.0290,true,1,28866
7290000561233,false,בוטן קלוי 200 גרם,,,בוטן קלוי 200 גרם,גרמים,200.00,100 גרם,false,,7.20,0.0360,true,1,31554
7290000561240,false,גרעיני דלעת 200 גר,,,גרעיני דלעת 200 גר,גרמים,200.00,100 גרם,false,,11.90,0.0595,true,1,31552
7290000561295,false,חמוציות ברכז 200 גר',,,חמוציות ברכז 200 גר',גרמים,200.00,100 גרם,false,,13.90,0.0695,true,1,111486
7290000561363,false,גרעיני אבטיח 200 גר,,,גרעיני אבטיח 200 גר,גרמים,200.00,100 גרם,false,,14.90,0.0745,true,1,31557
7290000561561,false,מנצ'יס 200 גרם,,,מנצ'יס 200 גרם,גרמים,200.00,100 גרם,false,,7.99,0.0400,true,1,31558
7290000561578,false,'בוטן אמריקאי 200 גר,,,'בוטן אמריקאי 200 גר,גרמים,200.00,100 גרם,false,,6.00,0.0300,true,1,31559
7290000561585,false,קבוקים 200 גרם,,,קבוקים 200 גרם,גרמים,200.00,100 גרם,false,,6.00,0.0300,true,1,31560
7290000561936,false,צימוק כהה 200 גר',,,צימוק כהה 200 גר',גרמים,200.00,100 גרם,false,,8.90,0.0445,true,1,39194
7290000561981,false,אגוזי המלך 200 גרם,,,אגוזי המלך 200 גרם,גרמים,200.00,100 גרם,false,,12.90,0.0645,true,1,31562
7290000571232,false,גבינת גאודה 30% בית,תנובה חלב,,גבינת גאודה 30% בית,גרמים,150.00,100 גרם,false,,23.90,0.1593,true,1,34921
7290000571300,false,גאודה פרוס מעושנת,תנובה חלב,,גאודה פרוס מעושנת,גרמים,150.00,100 גרם,false,,23.90,0.1593,true,1,58093
7290000572055,false,חלוה לייט 400 גרם,אחוה,,חלוה לייט 400 גרם,גרמים,400.00,100 גרם,false,,13.50,0.0338,true,1,22765
7290000572208,false,חלבה אחווה וניל 100,אחוה,,חלבה אחווה וניל 100,גרמים,100.00,100 גרם,false,,2.90,0.0290,false,1,14168
7290000572222,false,חלבה וניל בלוק אחווה,אחוה,,חלבה וניל בלוק אחווה,גרמים,500.00,100 גרם,false,,11.50,0.0230,true,1,14170
7290000572529,false,חלבה פיסטוק אחווה 40,אחוה,,חלבה פיסטוק אחווה 40,גרמים,400.00,100 גרם,false,,12.50,0.0313,true,1,14173
7290000572536,false,חלבה אחווה וניל 400,אחוה,,חלבה אחווה וניל 400,גרמים,400.00,100 גרם,false,,10.90,0.0273,true,1,14174
7290000572543,false,חלבה אחווה שוקו וניל,אחוה,,חלבה אחווה שוקו וניל,גרמים,400.00,100 גרם,false,,10.90,0.0273,true,1,14175
7290000572628,false,חלבה אחווה וניל ללא,אחוה,,חלבה אחווה וניל ללא,גרמים,275.00,100 גרם,false,,13.90,0.0505,true,1,14176
7290000572673,false,חלבה אורגנית אחווה מ,אחוה,,חלבה אורגנית אחווה מ,גרמים,300.00,100 גרם,false,,13.90,0.0463,true,1,14178
7290000574035,false,לחם שחור פרוס דגנית,דגנית עין בר,,לחם שחור פרוס דגנית,גרמים,750.00,100 גרם,false,,6.50,0.0087,false,1,15074
7290000574141,false,לחם חיטה מלא דגנית,דגנית עין בר,,לחם חיטה מלא דגנית,גרמים,750.00,100 גרם,false,,12.90,0.0172,false,1,25418
7290000574172,false,לחם קל מחיטה מלאה,דגנית עין בר,,לחם קל מחיטה מלאה,גרמים,750.00,100 גרם,false,,12.90,0.0172,false,1,34244
7290000574455,false,לחם חיטה מלא כוסמין,דגנית עין בר,,לחם חיטה מלא כוסמין,גרמים,750.00,100 גרם,false,,13.90,0.0185,true,1,95476
7290000596044,true,"קרם קרקר הדר 1 ק""ג",,,"קרם קרקר הדר 1 ק""ג",,0.00,,false,,21.90,0.0000,true,1,123087
7290000604015,false,ביצים ענק XL,ביצי תנובה,,ביצים ענק XL,יחידה,0.00,יחידה,false,,13.10,0.0000,false,1,30980
7290000604022,false,ביצים גדול L,ביצי תנובה,,ביצים גדול L,יחידה,0.00,יחידה,false,,12.05,0.0000,false,1,30981
7290000604039,false,ביצים בינוני M,,,ביצים בינוני M,יחידה,0.00,יחידה,false,,11.15,0.0000,false,1,43582
7290000604343,false,תמרים 400גר',,,תמרים 400גר',גרמים,400.00,100 גרם,false,,9.90,0.0248,true,1,27038
7290000630526,false,עוף טרי מפורק,תנובה בשר,,עוף טרי מפורק,קילוגרמים,1.00,"ק""ג",true,,21.00,21.0000,false,1,9123
7290000631059,false,כבד לצליה בלבד תפזור,,,כבד לצליה בלבד תפזור,קילוגרמים,1.00,"ק""ג",true,,18.90,18.9000,false,1,9125
7290000631141,false,קורקבן עוף טרי,,,קורקבן עוף טרי,קילוגרמים,1.00,"ק""ג",true,,9.90,9.9000,false,1,18200
7290000631257,false,לב לצליה בלבד,,,לב לצליה בלבד,קילוגרמים,1.00,"ק""ג",true,,26.90,26.9000,false,1,9129
7290000631356,false,טחול טרי,,,טחול טרי,קילוגרמים,1.00,"ק""ג",true,,69.90,69.9000,false,1,9130
7290000632278,false,שניצל עוף טרי,,,שניצל עוף טרי,קילוגרמים,1.00,"ק""ג",true,,39.90,39.9000,false,1,9134
7290000632452,false,כרעיים עוף טרי תפזור,,,כרעיים עוף טרי תפזור,קילוגרמים,1.00,"ק""ג",true,,26.90,26.9000,false,1,9136
7290000632629,false,שווארמה פרגיות,,,שווארמה פרגיות,קילוגרמים,1.00,"ק""ג",true,,64.90,64.9000,false,1,18201
7290000633855,false,כנפיים עוף טרי (ללא,,,כנפיים עוף טרי (ללא,קילוגרמים,1.00,"ק""ג",true,,9.90,9.9000,false,1,9142
7290000634326,false,גרונות עוף,תנובה בשר,,גרונות עוף,קילוגרמים,1.00,"ק""ג",true,,3.00,3.0000,true,1,9143
7290000640945,false,פילה עוף טרי,,,פילה עוף טרי,קילוגרמים,1.00,"ק""ג",true,,33.90,33.9000,false,1,94716
7290000641751,false,חזה הודו טרי,,,חזה הודו טרי,קילוגרמים,1.00,"ק""ג",true,,32.90,32.9000,false,1,9147
7290000642840,false,שוק הודו טרי,,,שוק הודו טרי,קילוגרמים,1.00,"ק""ג",true,,29.90,29.9000,false,1,9150
7290000643243,false,טרי הודו שווארמה נקב,תנובה בשר,,טרי הודו שווארמה נקב,קילוגרמים,1.00,"ק""ג",true,,74.90,74.9000,false,1,9152
7290000643359,false,טרי שוק הודו מפורק ל,,,טרי שוק הודו מפורק ל,קילוגרמים,1.00,"ק""ג",true,,57.90,57.9000,false,1,9153
7290000643946,false,כנף הודו טרי,,,כנף הודו טרי,קילוגרמים,1.00,"ק""ג",true,,14.90,14.9000,false,1,18204
7290000644356,false,גרון הודו טרי,,,גרון הודו טרי,קילוגרמים,1.00,"ק""ג",true,,31.90,31.9000,false,1,9158
7290000644783,false,פילה סלמון מנות בואק,דגי תנובה,,פילה סלמון מנות בואק,קילוגרמים,1.00,"ק""ג",true,,84.90,84.9000,true,1,39711
7290000652177,false,נתחי פילה נסיכת הניל,דגי תנובה,,נתחי פילה נסיכת הניל,קילוגרמים,1.00,"ק""ג",true,,59.90,59.9000,true,1,120562
7290000652542,false,פילה אמנון 5-7 תנובה,דגי תנובה,,פילה אמנון 5-7 תנובה,קילוגרמים,1.00,"ק""ג",true,,31.90,31.9000,true,1,120220
7290000654546,false,פילה אמנון 7-9 תנובה,,,פילה אמנון 7-9 תנובה,קילוגרמים,1.00,"ק""ג",true,,32.90,32.9000,true,1,121692
7290000655376,false,פילה דניס קפוא תנובה,דגי תנובה,,פילה דניס קפוא תנובה,קילוגרמים,1.00,"ק""ג",true,,81.90,81.9000,true,1,103862
7290000656434,false,לשון,טיבון ויל,,לשון,קילוגרמים,1.00,"ק""ג",true,,39.90,39.9000,false,1,17807
7290000656861,false,צלי כתף מוכשר,טיבון ויל,,צלי כתף מוכשר,קילוגרמים,1.00,"ק""ג",true,,74.90,74.9000,false,1,17815
7290000656885,false,פילה מדומה מס' 6,,,פילה מדומה מס' 6,קילוגרמים,1.00,"ק""ג",true,,42.90,42.9000,false,1,107552
7290000656991,false,בשר ראש,טיבון ויל,,בשר ראש,קילוגרמים,1.00,"ק""ג",true,,64.90,64.9000,false,1,21288
7290000658469,false,שריר מס' 8 צרכני מוכ,,,שריר מס' 8 צרכני מוכ,קילוגרמים,1.00,"ק""ג",true,,33.90,33.9000,false,1,108750
7290000658926,false,פילה מרלוזה קפוא תנו,דגי תנובה,,פילה מרלוזה קפוא תנו,קילוגרמים,1.00,"ק""ג",true,,31.90,31.9000,true,1,107831
7290000659312,false,פילה סלמון קפוא,דגי תנובה,,פילה סלמון קפוא,קילוגרמים,1.00,"ק""ג",true,,72.90,72.9000,true,1,9160
7290000661629,false,צלי כתף 5 חלק,,,צלי כתף 5 חלק,קילוגרמים,1.00,"ק""ג",true,,79.90,79.9000,false,1,113393
7290000662817,false,סלמון מעושן 100 גר',דגי תנובה,,סלמון מעושן 100 גר',גרמים,100.00,100 גרם,false,,21.00,0.2100,true,1,124400
7290000663036,false,פילה אמנון קפוא ללא,דגי תנובה,,פילה אמנון קפוא ללא,קילוגרמים,1.00,"ק""ג",true,,32.90,32.9000,true,1,124426
7290000663135,false,קוביות סלומון להקפצה,דגי תנובה,,קוביות סלומון להקפצה,גרמים,300.00,100 גרם,false,,29.90,0.0997,true,1,126615
7290000679440,false,משחה לתינוק קמיל בלו,קמיל בלו,,משחה לתינוק קמיל בלו,גרמים,100.00,100 גרם,false,,15.90,0.1590,true,1,10732
7290000679631,false,קמיל בלו קלאסיק אל ס,קמיל בלו,,קמיל בלו קלאסיק אל ס,מיליליטרים,500.00,"100 מ""ל",false,,11.90,0.0238,true,1,24944
7290000688084,false,מי עדן ספורט 5 0.,מי עדן,,מי עדן ספורט 5 0.,יחידה,500.00,יחידה,false,,2.70,0.0054,false,1,13876
7290000688176,false,מי עדן 250,מי עדן,,מי עדן 250,מיליליטרים,250.00,"100 מ""ל",false,,2.50,0.0100,true,1,13878
7290000688374,false,מי עדן בייבי שישייה,מי עדן,,מי עדן בייבי שישייה,ליטרים,1.98,ליטר,false,,13.90,7.0202,false,1,13879
7290000688381,false,מי עדן שישייה 0.5 ל',מי עדן,,מי עדן שישייה 0.5 ל',ליטרים,3.00,ליטר,false,,12.90,4.3000,false,1,13880
7290000688503,false,מי עדן ספורט שישייה,מי עדן,,מי עדן ספורט שישייה,ליטרים,4.50,ליטר,false,,14.90,3.3111,true,1,13884
7290000692135,false,ספיד סטיק לגבר,ספיד סטיק,,ספיד סטיק לגבר,גרמים,60.00,100 גרם,false,,19.90,0.3317,true,1,19378
7290000692203,false,אג'קס ירוק 2 ליטר,אג'קס,,אג'קס ירוק 2 ליטר,ליטרים,2.00,ליטר,false,,22.90,11.4500,false,1,7930
7290000692210,false,אג'קס סגול 2 ליטר,אג'קס,,אג'קס סגול 2 ליטר,ליטרים,2.00,ליטר,false,,22.90,11.4500,false,1,7931
7290000692227,false,פלמוליב לכלים 1ליטר,פלמוליב,,פלמוליב לכלים 1ליטר,ליטרים,1.00,ליטר,false,,13.90,13.9000,false,1,7932
7290000692456,false,אג'קס לחלונות זוג,אג'קס,,אג'קס לחלונות זוג,ליטרים,1.50,ליטר,false,,24.90,16.6000,true,1,7935
7290000780023,false,בדי צח M,,,בדי צח M,יחידה,0.00,יחידה,false,,8.90,0.0000,true,1,126347
7290000803067,false,אלמקס משחת שיניים לי,אלמקס,,אלמקס משחת שיניים לי,גרמים,75.00,100 גרם,false,,15.90,0.2120,true,1,16334
7290000803180,false,מרידול שטיפת פה 400מ,מרידול,,מרידול שטיפת פה 400מ,מיליליטרים,400.00,"100 מ""ל",false,,29.90,0.0747,true,1,16335
7290000804484,false,אלמקס מי פה לשטיפה 4,אלמקס,,אלמקס מי פה לשטיפה 4,מיליליטרים,400.00,"100 מ""ל",false,,27.90,0.0697,true,1,16338
7290000805795,false,חול חתולים,,,חול חתולים,קילוגרמים,10.00,"ק""ג",false,,34.90,3.4900,true,1,15860
7290000805900,false,"לה קט עוף 2.85 ק""ג",לה -קט,,"לה קט עוף 2.85 ק""ג",קילוגרמים,2.85,"ק""ג",false,,59.90,21.0175,false,1,15867
7290000805917,false,"לה קט כבד 2.85 ק""ג",לה -קט,,"לה קט כבד 2.85 ק""ג",קילוגרמים,2.85,"ק""ג",false,,59.90,21.0175,true,1,15868
7290000830001,false,אגוזי ברזיל,,,אגוזי ברזיל,קילוגרמים,1.00,"ק""ג",true,,80.00,80.0000,true,1,11459
7290000841557,false,סטרילי טבע-תרכיז לני,,,סטרילי טבע-תרכיז לני,מיליליטרים,500.00,"100 מ""ל",false,,13.50,0.0270,true,1,63118
7290000907970,false,פסטרמה כפרית טירת צב,טירת צבי,,פסטרמה כפרית טירת צב,קילוגרמים,1.00,"ק""ג",true,,53.90,53.9000,false,1,42780
7290001045169,false,פרימור מיץ תפוחים צל,פרימור,,פרימור מיץ תפוחים צל,ליטרים,1.00,ליטר,false,,15.90,15.9000,true,1,7507
7290001045220,false,פרימור תפוזים סחוט 2,פרימור,,פרימור תפוזים סחוט 2,ליטרים,2.00,ליטר,false,,25.00,12.5000,false,1,7508
7290001045688,false,פרימור תפוזים סחוט 4,פרימור,,פרימור תפוזים סחוט 4,מיליליטרים,400.00,"100 מ""ל",false,,8.70,0.0218,true,1,63629
7290001121023,false,פסטרמה של פעם יחיעם,יחיעם,,פסטרמה של פעם יחיעם,קילוגרמים,1.00,"ק""ג",true,,79.90,79.9000,false,1,10606
7290001121054,false,זוג פסטרמה יחיעם,יחיעם,,זוג פסטרמה יחיעם,גרמים,700.00,100 גרם,false,,24.90,0.0356,true,1,10608
7290001121092,false,פסטרמה עוף בגריל,יחיעם,,פסטרמה עוף בגריל,קילוגרמים,1.00,"ק""ג",true,,79.90,79.9000,false,1,10610
7290001121238,false,קורנד ביף 180 גר',יחיעם,,קורנד ביף 180 גר',גרמים,180.00,100 גרם,false,,25.90,0.1439,true,1,37428
7290001121672,false,פסטרמה מעודנת בפפריק,יחיעם,,פסטרמה מעודנת בפפריק,גרמים,300.00,100 גרם,false,,22.90,0.0763,true,1,59018
7290001121849,false,פסטרמה 100% חומרים ט,יחיעם,,פסטרמה 100% חומרים ט,גרמים,250.00,100 גרם,false,,25.90,0.1036,true,1,62345
7290001121931,false,קבנוס מקסיקני דק דק,יחיעם,,קבנוס מקסיקני דק דק,גרמים,125.00,100 גרם,false,,13.90,0.1112,true,1,58972
7290001123775,false,שווארמה  אמיתית פרגי,טיבון ויל,,שווארמה  אמיתית פרגי,גרמים,500.00,100 גרם,false,,21.90,0.0438,true,1,17829
7290001123782,false,שווארמה הודו,טיבון ויל,,שווארמה הודו,גרמים,500.00,100 גרם,false,,21.90,0.0438,true,1,17830
7290001124536,false,מגיק איטריות,מג'יק,,מגיק איטריות,גרמים,70.00,100 גרם,false,,5.00,0.0714,false,1,17831
7290001136287,false,נקה 7-שמפו  רגיל ירו,נקה 7,,נקה 7-שמפו  רגיל ירו,מיליליטרים,750.00,"100 מ""ל",false,,11.90,0.0159,true,1,16749
7290001136294,false,נקה 7-שמפו  יבש  אדו,נקה 7,,נקה 7-שמפו  יבש  אדו,מיליליטרים,750.00,"100 מ""ל",false,,11.90,0.0159,true,1,16750
7290001136362,false,נקה תחליב רחצה ירוק,נקה 7,,נקה תחליב רחצה ירוק,ליטרים,1.00,ליטר,false,,13.90,13.9000,true,1,16756
7290001136683,false,נקה 7-מייצב רגיל ירו,נקה 7,,נקה 7-מייצב רגיל ירו,מיליליטרים,750.00,"100 מ""ל",false,,11.90,0.0159,true,1,16759
7290001136799,false,נקה תחליב רחצה ורוד,נקה 7,,נקה תחליב רחצה ורוד,ליטרים,1.00,ליטר,false,,13.90,13.9000,true,1,16761
7290001136973,false,נקה תחליב רחצה לבן ק,נקה 7,,נקה תחליב רחצה לבן ק,ליטרים,1.00,ליטר,false,,13.90,13.9000,true,1,16766
7290001216040,false,טחינה אל ארז 0.5קג,אל ארז,,טחינה אל ארז 0.5קג,יחידה,1.00,יחידה,false,,15.00,15.0000,true,1,29354
7290001216057,false,טחינה אל ארז 1קג,אל ארז,,טחינה אל ארז 1קג,גרמים,500.00,100 גרם,false,,27.90,0.0558,true,1,29355
7290001216101,false,טחינה מלאה 1 קג אל א,,,טחינה מלאה 1 קג אל א,גרמים,1000.00,100 גרם,false,,29.90,0.0299,true,1,122257
7290001216231,false,טחינה מלאה אל ארז,אל ארז,,טחינה מלאה אל ארז,גרמים,500.00,100 גרם,false,,15.90,0.0318,true,1,32459
7290001230234,false,כאמל סופט,,,כאמל סופט,יחידה,0.00,יחידה,false,,30.00,0.0000,false,1,7438
7290001230331,false,כאמל בוקס,,,כאמל בוקס,יחידה,0.00,יחידה,false,,30.00,0.0000,false,1,7439
7290001230739,false,כאמל כחול,,,כאמל כחול,יחידה,0.00,יחידה,false,,30.00,0.0000,false,1,7440
7290001231932,false,וינסטון כחול בוקס,,,וינסטון כחול בוקס,יחידה,0.00,יחידה,false,,32.00,0.0000,false,1,18298
7290001235938,false,וינסטון כחול ארוך,,,וינסטון כחול ארוך,יחידה,0.00,יחידה,false,,32.00,0.0000,false,1,36144
7290001247068,false,ספרינג קרטונית תות ב,ספרינג,,ספרינג קרטונית תות ב,ליטרים,1.00,ליטר,false,,6.90,6.9000,false,1,13893
7290001247082,false,ספרינג קרטונית עגבני,ספרינג,,ספרינג קרטונית עגבני,ליטרים,1.00,ליטר,false,,6.90,6.9000,false,1,13895
7290001247099,false,ספרינג קרטונית מנגו,ספרינג,,ספרינג קרטונית מנגו,ליטרים,1.00,ליטר,false,,6.90,6.9000,false,1,13896
7290001247105,false,ספרינג קרטונית אפרסק,ספרינג,,ספרינג קרטונית אפרסק,ליטרים,1.00,ליטר,false,,6.90,6.9000,false,1,13897
7290001247112,false,ספרינג קרטונית לימונ,ספרינג,,ספרינג קרטונית לימונ,ליטרים,1.00,ליטר,false,,6.90,6.9000,false,1,13898
7290001247129,false,ספרינג קרטונית תפוזי,ספרינג,,ספרינג קרטונית תפוזי,ליטרים,1.00,ליטר,false,,6.90,6.9000,false,1,13899
7290001247143,false,ספרינג קרטונית תפוחי,ספרינג,,ספרינג קרטונית תפוחי,ליטרים,1.00,ליטר,false,,6.90,6.9000,false,1,13901
7290001258149,false,פקורינו רומנו צא,משק יעקבס,,פקורינו רומנו צא,קילוגרמים,1.00,"ק""ג",true,,134.90,134.9000,true,1,36733
7290001258415,false,גבינת רוקפור 32%,משק יעקבס,,גבינת רוקפור 32%,גרמים,180.00,גרם,false,,26.90,0.1494,true,1,30048
7290001258446,false,יוגורט כבשים 5%,משק יעקבס,,יוגורט כבשים 5%,מיליליטרים,850.00,"100 מ""ל",false,,18.90,0.0222,true,1,37123
7290001258552,false,גבינת לבנה בקר 250 ג,משק יעקבס,,גבינת לבנה בקר 250 ג,גרמים,250.00,100 גרם,false,,11.50,0.0460,true,1,114748
7290001258576,false,גבינת גאודה 28%,משק יעקבס,,גבינת גאודה 28%,גרמים,180.00,גרם,false,,23.90,0.1328,true,1,30047
7290001258620,false,גבינת מנצ'גו,משק יעקבס,,גבינת מנצ'גו,יחידה,0.00,יחידה,false,,22.90,0.0000,true,1,109534
7290001258668,false,גבינת עז מה 5% 250 מ,משק יעקבס,,גבינת עז מה 5% 250 מ,מיליליטרים,250.00,"100 מ""ל",false,,16.90,0.0676,true,1,36188
7290001258682,false,יוגורט עיזים 3% 500,משק יעקבס,,יוגורט עיזים 3% 500,מיליליטרים,500.00,"100 מ""ל",false,,13.90,0.0278,true,1,33048
7290001258729,false,"לבנה עיזים 250 מ""ל",משק יעקבס,,"לבנה עיזים 250 מ""ל",גרמים,250.00,100 גרם,false,,16.90,0.0676,true,1,35858
7290001258774,false,גבינת מוצרלה 140 גר',משק יעקבס,,גבינת מוצרלה 140 גר',גרמים,140.00,100 גרם,false,,11.50,0.0821,true,1,114578
7290001258798,false,גבינת פטה כבשים 250,משק יעקבס,,גבינת פטה כבשים 250,גרמים,250.00,100 גרם,false,,29.90,0.1196,true,1,57398
7290001258804,false,גבינת קשקבל 180 גר',משק יעקבס,,גבינת קשקבל 180 גר',גרמים,180.00,100 גרם,false,,26.90,0.1494,true,1,57399
7290001258958,false,מוצרלה מגורדת 200 גר,משק יעקבס,,מוצרלה מגורדת 200 גר,גרמים,200.00,100 גרם,false,,21.90,0.1095,true,1,67147
7290001258972,false,גבינת חלומי 200 גר',משק יעקבס,,גבינת חלומי 200 גר',גרמים,200.00,100 גרם,false,,21.90,0.1095,true,1,67148
7290001265642,false,לה קט שלישיה,לה -קט,,לה קט שלישיה,קילוגרמים,1.20,"ק""ג",false,,19.90,16.5833,true,1,15885
7290001274934,false,מאגדת גלידל דיאט קרח,גלידות פלדמן,,מאגדת גלידל דיאט קרח,גרמים,640.00,100 גרם,false,,28.90,0.0452,true,1,18447
7290001274941,false,מאגדת גלידל דיאט קרח,גלידות פלדמן,,מאגדת גלידל דיאט קרח,גרמים,640.00,100 גרם,false,,28.90,0.0452,true,1,21429
7290001305058,false,פלמוליב סבון נוזלי ל,פלמוליב,,פלמוליב סבון נוזלי ל,מיליליטרים,500.00,"100 מ""ל",false,,14.90,0.0298,false,1,7942
7290001305188,false,פלמוליב לכלים שקוף ל,פלמוליב,,פלמוליב לכלים שקוף ל,מיליליטרים,750.00,"100 מ""ל",false,,9.90,0.0132,false,1,7945
7290001327180,false,גלידה קרמיסימו וניל,קרמיסימו- שטראוס,,גלידה קרמיסימו וניל,ליטרים,1.33,ליטר,false,,22.90,17.2180,false,1,7792
7290001327791,false,קרמיסימו וניל עוגיות,קרמיסימו- שטראוס,,קרמיסימו וניל עוגיות,ליטרים,1.33,ליטר,false,,22.90,17.2180,false,1,7797
7290001343845,false,גרנולה תפוחי עץ קינמ,מפעלי דגן,,גרנולה תפוחי עץ קינמ,קילוגרמים,1.00,"ק""ג",false,,19.90,19.9000,true,1,21590
7290001361009,false,עוגת טורט קייבסק,,,עוגת טורט קייבסק,גרמים,700.00,100 גרם,false,,76.90,0.1099,true,1,11786
7290001361016,false,עוגת דבש גינג'ית,,,עוגת דבש גינג'ית,גרמים,600.00,100 גרם,false,,41.90,0.0698,true,1,11787
7290001361023,false,עוגה מולטית,,,עוגה מולטית,גרמים,650.00,100 גרם,false,,41.90,0.0645,true,1,20018
7290001361054,false,פחזניות,,,פחזניות,גרמים,600.00,100 גרם,false,,42.90,0.0715,true,1,20020
7290001361061,false,פחזניות שוקולד,,,פחזניות שוקולד,יחידה,0.00,יחידה,false,,42.90,0.0000,true,1,57676
7290001361085,false,עוגת נפוליאון,,,עוגת נפוליאון,גרמים,600.00,100 גרם,false,,41.90,0.0698,true,1,20022
7290001361092,false,עוגת פיצוץ,,,עוגת פיצוץ,גרמים,500.00,100 גרם,false,,41.90,0.0838,true,1,20023
7290001361153,false,עוגת פיצוץ נטלי,,,עוגת פיצוץ נטלי,יחידה,1.10,יחידה,false,,99.90,90.8182,true,1,20029
7290001361160,false,עוגת מיסטיקה נטלי,,,עוגת מיסטיקה נטלי,גרמים,600.00,100 גרם,false,,74.90,0.1248,true,1,41460
7290001361177,false,עוגת דובדבן,,,עוגת דובדבן,גרמים,650.00,100 גרם,false,,48.90,0.0752,true,1,20030
7290001361207,false,עוגת אוכמניות,,,עוגת אוכמניות,גרמים,650.00,100 גרם,false,,48.90,0.0752,true,1,20032
7290001361269,false,עוגת טורט קייב,,,עוגת טורט קייב,גרמים,400.00,100 גרם,false,,41.90,0.1047,true,1,120740
7290001361290,false,עוגת מוצרט נטלי,,,עוגת מוצרט נטלי,יחידה,1.00,יחידה,false,,98.90,98.9000,true,1,20037
7290001361344,false,פס עוגת מוזה,,,פס עוגת מוזה,גרמים,400.00,100 גרם,false,,46.90,0.1172,true,1,109059
7290001361436,false,עוגת עטרת נטלי,,,עוגת עטרת נטלי,גרמים,550.00,100 גרם,false,,41.90,0.0762,true,1,122820
7290001361450,false,עוגת מותק ריבת חלב,,,עוגת מותק ריבת חלב,גרמים,600.00,100 גרם,false,,74.90,0.1248,true,1,32809
7290001361580,false,פס היער השחור נטלי 5,,,פס היער השחור נטלי 5,גרמים,550.00,100 גרם,false,,41.90,0.0762,true,1,122818
7290001361733,false,פס אלפחורס נטלי 550,,,פס אלפחורס נטלי 550,גרמים,550.00,100 גרם,false,,41.90,0.0762,true,1,122819
7290001361832,false,עוגת מוזה 700 גר,,,עוגת מוזה 700 גר,גרמים,700.00,100 גרם,false,,99.90,0.1427,true,1,98543
7290001361894,false,פס טראפלס שוקולד,,,פס טראפלס שוקולד,יחידה,0.00,יחידה,false,,34.90,0.0000,true,1,97645
7290001361924,false,עוגת פס גבינה נטלי,,,עוגת פס גבינה נטלי,גרמים,500.00,100 גרם,false,,34.90,0.0698,true,1,62633
7290001361931,false,פחזניות במילוי גבינה,,,פחזניות במילוי גבינה,גרמים,450.00,100 גרם,false,,36.90,0.0820,true,1,37995
7290001361979,false,פס גבינה ללא תוספת ס,,,פס גבינה ללא תוספת ס,גרמים,500.00,100 גרם,false,,34.90,0.0698,true,1,62470
7290001407769,false,טחינה משומשום מלא,בארכה,,טחינה משומשום מלא,גרמים,500.00,100 גרם,false,,16.90,0.0338,false,1,23821
7290001407813,false,חלבה שאמית פיסטוק בא,עבדי,,חלבה שאמית פיסטוק בא,גרמים,350.00,100 גרם,false,,15.90,0.0454,true,1,24141
7290001407844,false,חלבה קלאסית בטעם וני,עבדי,,חלבה קלאסית בטעם וני,גרמים,350.00,100 גרם,false,,14.90,0.0426,true,1,23884
7290001407936,false,טחינה בארכה מעודנת,,,טחינה בארכה מעודנת,גרמים,310.00,100 גרם,false,,12.90,0.0416,true,1,100265
7290001419618,false,גילרו ופל בלגי 200ג',,,גילרו ופל בלגי 200ג',גרמים,200.00,100 גרם,false,,3.20,0.0160,true,1,38737
7290001419793,false,גביעי גלידה מגולגלים,,,גביעי גלידה מגולגלים,יחידה,0.00,יחידה,false,,11.50,0.0000,true,1,20537
7290001427347,false,מיץ תפוחים 100% סחוט,,,מיץ תפוחים 100% סחוט,ליטרים,1.00,ליטר,false,,19.90,19.9000,true,1,186537
7290001436790,false,בלדי- מרגז מיני חריף,,,בלדי- מרגז מיני חריף,גרמים,500.00,100 גרם,false,,26.90,0.0538,true,1,103764
7290001439029,false,נר קוקסויה גדול,,,נר קוקסויה גדול,יחידה,0.00,יחידה,false,,30.00,0.0000,true,1,181050
7290001455418,false,סטייק טונה בוואקום,,,סטייק טונה בוואקום,קילוגרמים,1.00,"ק""ג",true,,37.90,37.9000,true,1,107241
7290001455456,false,פילה נסיכת הנילוס פר,,,פילה נסיכת הנילוס פר,קילוגרמים,1.00,"ק""ג",true,,64.90,64.9000,true,1,105107
7290001468470,false,כפפה מגבת ליפה,,,כפפה מגבת ליפה,יחידה,0.00,יחידה,false,,13.90,0.0000,true,1,106384
7290001468678,false,מפת שולחן 137*274סמ,,,מפת שולחן 137*274סמ,יחידה,0.00,יחידה,false,,10.90,0.0000,true,1,76314
7290001468753,false,"קמח תפו""א",נאמן,,"קמח תפו""א",גרמים,500.00,100 גרם,false,,6.90,0.0138,true,1,27877
7290001468883,false,ריבה 820 גר',,,ריבה 820 גר',גרמים,820.00,100 גרם,false,,10.90,0.0133,true,1,70392
7290001482384,false,חתיכות אננס בסירופ ק,וילי פוד,,חתיכות אננס בסירופ ק,גרמים,227.00,100 גרם,false,,3.60,0.0159,true,1,22161
7290001491096,false,תה ירוק לימונית 50 ש,ויסוצקי,,תה ירוק לימונית 50 ש,גרמים,75.00,100 גרם,false,,45.90,0.6120,false,1,8922
7290001515310,false,שש כריות קרצוף יפניו,,,שש כריות קרצוף יפניו,יחידה,0.00,יחידה,false,,13.90,0.0000,true,1,30320
7290001515631,false,ספוג קירצוף קשיח,,,ספוג קירצוף קשיח,יחידה,0.00,יחידה,false,,8.90,0.0000,true,1,15893
7290001552049,false,קוסקוס מרוקאי צהוב,,,קוסקוס מרוקאי צהוב,גרמים,800.00,100 גרם,false,,15.90,0.0199,true,1,60420
7290001566626,false,כוסברה שלם נווה תבלי,,,כוסברה שלם נווה תבלי,גרמים,80.00,100 גרם,false,,8.40,0.1050,true,1,105139
7290001567043,false,פסטרמה מעודנת על גחל,יחיעם,,פסטרמה מעודנת על גחל,קילוגרמים,1.00,"ק""ג",true,,49.90,49.9000,false,1,95216
7290001567142,false,סלמי תה מפולפל יחיעם,יחיעם,,סלמי תה מפולפל יחיעם,קילוגרמים,1.00,"ק""ג",true,,46.90,46.9000,false,1,96798
7290001567555,false,פסטרמה מעודנת עם דבש,יחיעם,,פסטרמה מעודנת עם דבש,גרמים,300.00,100 גרם,false,,22.90,0.0763,true,1,103163
7290001567708,false,נקניקיות וינר 400 גר,יחיעם,,נקניקיות וינר 400 גר,גרמים,400.00,100 גרם,false,,12.90,0.0323,true,1,99168
7290001567760,false,פסטרמה של פעם 300 גר,יחיעם,,פסטרמה של פעם 300 גר,גרמים,300.00,100 גרם,false,,25.90,0.0863,true,1,100170
7290001567791,false,פסטרמה רומנית 250 גר,יחיעם,,פסטרמה רומנית 250 גר,גרמים,250.00,100 גרם,false,,25.90,0.1036,true,1,100211
7290001567807,false,כתף בקר מעושן 250 גר,יחיעם,,כתף בקר מעושן 250 גר,גרמים,250.00,100 גרם,false,,25.90,0.1036,true,1,100212
7290001567814,false,סלמי מעושן בסגנון אי,יחיעם,,סלמי מעושן בסגנון אי,גרמים,300.00,100 גרם,false,,22.90,0.0763,true,1,100280
7290001594025,false,בק' קולה 350,קוקה קולה,,בק' קולה 350,יחידה,350.00,יחידה,false,,5.90,0.0169,true,1,5684
7290001594230,false,קינלי סודה 250,קוקה קולה,,קינלי סודה 250,יחידה,250.00,יחידה,false,,3.20,0.0128,false,1,5697
7290001594377,false,פריגת תפוזים 5 0.,פריגת,,פריגת תפוזים 5 0.,יחידה,500.00,יחידה,false,,5.90,0.0118,true,1,5698
7290001594384,false,פריגת אשכוליות 5,פריגת,,פריגת אשכוליות 5,יחידה,500.00,יחידה,false,,5.90,0.0118,true,1,5699
7290001594391,false,פריגת ענבים 5 0.,פריגת,,פריגת ענבים 5 0.,יחידה,500.00,יחידה,false,,5.90,0.0118,true,1,5700
7290001594520,false,טובורג רד 330 בק,טובורג,,טובורג רד 330 בק,יחידה,330.00,יחידה,false,,7.20,0.0218,true,1,5703
7290001594568,false,קרלסברג בירה פחית 50,קרלסברג,,קרלסברג בירה פחית 50,מיליליטרים,500.00,"100 מ""ל",false,,9.00,0.0180,true,1,5707
7290001594575,false,"טובורג פחית 500 מ""ל",טובורג,,"טובורג פחית 500 מ""ל",מיליליטרים,500.00,"100 מ""ל",false,,8.90,0.0178,true,1,5708
7290001594810,false,מאלטי שישיית בקבוק 3,מאלטי,,מאלטי שישיית בקבוק 3,ליטרים,1.98,ליטר,false,,29.40,14.8485,true,1,5715
7290001594858,false,טובורג שישייה בקבוק,טובורג,,טובורג שישייה בקבוק,ליטרים,1.98,ליטר,false,,34.90,17.6263,false,1,5718
7290001594865,false,קרלסברג שישייה בקבוק,קרלסברג,,קרלסברג שישייה בקבוק,ליטרים,1.98,ליטר,false,,34.90,17.6263,false,1,5719
7290001598085,false,לחם קסטן משפחתי חיטה,,,לחם קסטן משפחתי חיטה,גרמים,1100.00,100 גרם,false,,14.50,0.0132,true,1,100939
7290001598115,false,לחם חיטה מלאה 100%,,,לחם חיטה מלאה 100%,גרמים,700.00,100 גרם,false,,10.90,0.0156,true,1,188717
7290001598122,false,לחם מיוחד שיפון עם ח,,,לחם מיוחד שיפון עם ח,גרמים,700.00,100 גרם,false,,10.90,0.0156,true,1,102006
7290001598191,false,לחם שיפון קל,,,לחם שיפון קל,גרמים,550.00,100 גרם,false,,10.90,0.0198,true,1,100750
7290001598269,false,לחם מחמצת עם דגנים,,,לחם מחמצת עם דגנים,גרמים,550.00,100 גרם,false,,10.90,0.0198,true,1,101983
7290001598276,false,לחם קסטן מחמצת עם דג,,,לחם קסטן מחמצת עם דג,גרמים,1100.00,100 גרם,false,,14.50,0.0132,true,1,122189
7290001598429,false,פרנה מרוקאית 4 יח',,,פרנה מרוקאית 4 יח',גרמים,500.00,100 גרם,false,,9.90,0.0198,true,1,122785
7290001598528,false,"לחם כוסמין ""חמשת""",,,"לחם כוסמין ""חמשת""",גרמים,500.00,100 גרם,false,,15.90,0.0318,true,1,103875
7290001598573,false,לחמניות כוסמין 100%,,,לחמניות כוסמין 100%,גרמים,315.00,100 גרם,false,,13.90,0.0441,true,1,188730
7290001598580,false,פיתות כוסמין חמישייה,,,פיתות כוסמין חמישייה,גרמים,372.00,100 גרם,false,,15.90,0.0427,true,1,188729
7290001648643,false,שלישייה קפה כתר 3x10,,,שלישייה קפה כתר 3x10,גרמים,300.00,100 גרם,false,,13.90,0.0463,false,1,7355
7290001670057,false,כפיות חד פעמי- 100 י,הנמל,,כפיות חד פעמי- 100 י,יחידה,0.00,יחידה,false,,11.50,0.0000,true,1,17394
7290001670064,false,סכינים חד פעמי- 100,הנמל,,סכינים חד פעמי- 100,יחידה,0.00,יחידה,false,,10.90,0.0000,true,1,22731
7290001670071,false,כפות חד פעמי 100 יח',הנמל,,כפות חד פעמי 100 יח',יחידה,0.00,יחידה,false,,10.90,0.0000,true,1,17395
7290001670224,false,מלית פרג 400 גר,פוליבה,,מלית פרג 400 גר,גרמים,400.00,100 גרם,false,,11.50,0.0288,true,1,17398
7290001670354,false,מפת שולחן סופגת לבן,הנמל,,מפת שולחן סופגת לבן,יחידה,0.00,יחידה,false,,9.50,0.0000,true,1,17402
7290001670408,false,נר חימום בשקית 0,,,נר חימום בשקית 0,יחידה,0.00,יחידה,false,,10.90,0.0000,true,1,96745
7290001670507,false,ממרח תמרים,פוליבה,,ממרח תמרים,גרמים,450.00,100 גרם,false,,4.90,0.0109,false,1,17405
7290001670514,false,מלית אוכמניות,פוליבה,,מלית אוכמניות,גרמים,400.00,100 גרם,false,,12.90,0.0323,true,1,17406
7290001670521,false,מלית תפוחים 400,פוליבה,,מלית תפוחים 400,גרמים,400.00,100 גרם,false,,11.50,0.0288,true,1,17407
7290001670736,false,כפפות ניילון,הנמל,,כפפות ניילון,יחידה,0.00,יחידה,false,,5.20,0.0000,true,1,17415
7290001670859,false,מלית דבדבנים,פוליבה,,מלית דבדבנים,גרמים,400.00,100 גרם,false,,12.90,0.0323,true,1,17418
7290001670873,false,"צלחות 1 ק""ג",הנמל,,"צלחות 1 ק""ג",יחידה,0.00,יחידה,false,,35.90,0.0000,false,1,24296
7290001690147,false,גבינת טעם טוב מותכת,,,גבינת טעם טוב מותכת,גרמים,120.00,100 גרם,false,,11.50,0.0958,true,1,187846
7290001696019,false,צימוק לבן 200 גרם,,,צימוק לבן 200 גרם,גרמים,200.00,100 גרם,false,,10.90,0.0545,true,1,31569
7290001696620,false,מיקס פיצוחים 350 גר,,,מיקס פיצוחים 350 גר,גרמים,350.00,100 גרם,false,,10.90,0.0311,true,1,31563
7290001696736,false,פאקן סיני 100 גרם,,,פאקן סיני 100 גרם,גרמים,100.00,100 גרם,false,,12.50,0.1250,true,1,31565
7290001696767,false,בוטן קלוי בקליפה,,,בוטן קלוי בקליפה,גרמים,200.00,100 גרם,false,,6.50,0.0325,true,1,31566
7290001696989,false,גרעיני חמניה ללא מלח,,,גרעיני חמניה ללא מלח,גרמים,200.00,100 גרם,false,,5.80,0.0290,true,1,62766
7290001710111,false,נקניקיות מרגז 500 גר,מעדני הטלה,,נקניקיות מרגז 500 גר,גרמים,500.00,100 גרם,false,,22.90,0.0458,true,1,62230
7290001710128,false,נקניקיות צ'וריסוס 50,מעדני הטלה,,נקניקיות צ'וריסוס 50,גרמים,500.00,100 גרם,false,,22.90,0.0458,true,1,62231
7290001710159,false,גולש עגל קפוא ארוז מ,מעדני הטלה,,גולש עגל קפוא ארוז מ,קילוגרמים,1.00,"ק""ג",true,,42.90,42.9000,true,1,43791
7290001710579,false,שיפודי פרגיות מעדני,,,שיפודי פרגיות מעדני,קילוגרמים,1.00,"ק""ג",true,,75.90,75.9000,true,1,188564
7290001710784,false,נקניקיות צ'וריסוס מע,,,נקניקיות צ'וריסוס מע,גרמים,500.00,100 גרם,false,,22.90,0.0458,true,1,114166
7290001713020,false,שקיות אשפה עלמה חזקו,,,שקיות אשפה עלמה חזקו,יחידה,0.00,יחידה,false,,7.50,0.0000,true,1,125367
7290001713150,false,אקונומיקה קצף ניקוי,,,אקונומיקה קצף ניקוי,ליטרים,1.00,ליטר,false,,9.90,9.9000,true,1,114681
7290001713167,false,קצף לניקוי כלים סניט,,,קצף לניקוי כלים סניט,ליטרים,1.00,ליטר,false,,9.90,9.9000,true,1,114682
7290001713242,false,שקיות אשפה עם ידיות,,,שקיות אשפה עם ידיות,יחידה,0.00,יחידה,false,,11.50,0.0000,true,1,125265
7290001713372,false,ספריי לניקוי וטיפול,,,ספריי לניקוי וטיפול,מיליליטרים,400.00,"100 מ""ל",false,,18.90,0.0472,true,1,70018
7290001713464,false,שקיות אשפה עלמה עם ש,,,שקיות אשפה עלמה עם ש,יחידה,0.00,יחידה,false,,19.90,0.0000,true,1,58517
7290001713518,false,נוזל ניקוי רהיטים 75,,,נוזל ניקוי רהיטים 75,יחידה,750.00,יחידה,false,,16.90,0.0225,false,1,31453
7290001713648,false,מרכך כביסה Baby מרוכ,,,מרכך כביסה Baby מרוכ,ליטרים,1.00,ליטר,false,,10.90,10.9000,true,1,188285
7290001713662,false,מרכך כביסה בניחוח מל,,,מרכך כביסה בניחוח מל,ליטרים,1.00,ליטר,false,,10.90,10.9000,true,1,126947
7290001713785,false,מרכך כביסה Baby מרוכ,,,מרכך כביסה Baby מרוכ,ליטרים,1.00,ליטר,false,,10.90,10.9000,true,1,188286
7290001713860,false,מרכך כביסה בניחוח מל,,,מרכך כביסה בניחוח מל,ליטרים,1.00,ליטר,false,,10.90,10.9000,true,1,126948
7290001713884,false,מטליות לריצפה מיקרופ,,,מטליות לריצפה מיקרופ,יחידה,0.00,יחידה,false,,13.90,0.0000,true,1,121074
7290001713891,false,מטליות מיקרופייבר חמ,,,מטליות מיקרופייבר חמ,יחידה,0.00,יחידה,false,,7.90,0.0000,true,1,113157
7290001713907,false,אקונומיקה BLANCO ג'ל,,,אקונומיקה BLANCO ג'ל,ליטרים,4.00,ליטר,false,,11.90,2.9750,true,1,120586
7290001713921,false,אקונומיקה מבושמת 4 ל,,,אקונומיקה מבושמת 4 ל,ליטרים,4.00,ליטר,false,,9.90,2.4750,true,1,124378
7290001720943,false,בצק פילו 500 גר,אופרה,,בצק פילו 500 גר,גרמים,500.00,100 גרם,false,,19.90,0.0398,true,1,13398
7290001723869,false,נורת ליבון 60 וואט,,,נורת ליבון 60 וואט,יחידה,0.00,יחידה,false,,2.70,0.0000,true,1,100300
7290001791356,false,סנו פרש אוטומטיק ברי,סנו fresh,,סנו פרש אוטומטיק ברי,גרמים,165.00,100 גרם,false,,14.90,0.0903,true,1,36376
7290001791776,false,סנו די רול און אלוור,סנו,,סנו די רול און אלוור,יחידה,50.00,יחידה,false,,19.90,0.3980,true,1,17180
7290001805008,false,פיתות גילי  (אחלה) ק,,,פיתות גילי  (אחלה) ק,גרמים,500.00,100 גרם,false,,10.00,0.0200,true,1,11542
7290001805039,false,פיתות גילי (אחלה) חי,,,פיתות גילי (אחלה) חי,גרמים,400.00,100 גרם,false,,10.90,0.0273,true,1,22831
7290001813454,false,עוגיות חיוכים 00,עלית,,עוגיות חיוכים 00,גרמים,900.00,100 גרם,false,,22.90,0.0254,true,1,9736
7290001813478,false,עוגיות חיוכים ונ,עלית,,עוגיות חיוכים ונ,גרמים,900.00,100 גרם,false,,22.90,0.0254,true,1,9737
7290001817377,false,ציטוס 60 גר,עלית,,ציטוס 60 גר,גרמים,60.00,100 גרם,false,,3.40,0.0567,true,1,10148
7290001817728,false,ציטוס כאפה 55 גר,עלית,,ציטוס כאפה 55 גר,גרמים,55.00,100 גרם,false,,3.40,0.0618,true,1,10150
7290001835364,false,פרמיו חטיפי ברווז 10,,,פרמיו חטיפי ברווז 10,גרמים,100.00,100 גרם,false,,15.00,0.1500,true,1,189376
7290001865439,false,פמלי אל סבון ליטר ונ,פמלי,,פמלי אל סבון ליטר ונ,ליטרים,1.00,ליטר,false,,11.90,11.9000,false,1,37031
7290001865453,false,פמלי אל סבון ליטר לב,פמלי,,פמלי אל סבון ליטר לב,ליטרים,1.00,ליטר,false,,11.90,11.9000,false,1,37032
7290001865460,false,פמלי אל סבון ליטר לי,פמלי,,פמלי אל סבון ליטר לי,ליטרים,1.00,ליטר,false,,11.90,11.9000,false,1,37033
7290001901656,false,געפילטע פיש צנצנת,,,געפילטע פיש צנצנת,גרמים,320.00,100 גרם,false,,15.90,0.0497,true,1,98786
7290001901670,false,גפילטעפיש 4 קציצות ל,,,גפילטעפיש 4 קציצות ל,גרמים,470.00,100 גרם,false,,19.90,0.0423,true,1,99565
7290001917527,false,פדיות קוסמטיות **1X3,,,פדיות קוסמטיות **1X3,יחידה,0.00,יחידה,false,,19.90,0.0000,true,1,26848
7290001946015,false,אריסה של ביטון,,,אריסה של ביטון,גרמים,250.00,100 גרם,false,,11.90,0.0476,true,1,20301
7290001946046,false,עמבה ביטון,,,עמבה ביטון,גרמים,400.00,100 גרם,false,,11.90,0.0298,true,1,27586
7290001946077,false,אריסה חריפה,,,אריסה חריפה,יחידה,250.00,יחידה,false,,11.90,0.0476,true,1,36975
7290001946237,false,פלפל צ'ומה ביטון,,,פלפל צ'ומה ביטון,יחידה,0.00,יחידה,false,,11.90,0.0000,true,1,29522
7290001946299,false,סחוג ירוק תבליני ביט,,,סחוג ירוק תבליני ביט,יחידה,250.00,יחידה,false,,11.90,0.0476,true,1,39519
7290001946381,false,פפריקה מתוקה ביטון 3,,,פפריקה מתוקה ביטון 3,גרמים,300.00,100 גרם,false,,18.90,0.0630,true,1,65702
7290001946503,false,שום כתוש ביטון,,,שום כתוש ביטון,יחידה,0.00,יחידה,false,,11.90,0.0000,true,1,20306
7290001946725,false,לימון בלאדי ביטון,,,לימון בלאדי ביטון,יחידה,250.00,יחידה,false,,11.90,0.0476,true,1,37719
7290001973233,false,קמיל בלו מגבונים,קמיל בלו,,קמיל בלו מגבונים,יחידה,0.00,יחידה,false,,10.00,0.0000,true,1,10744
7290001975015,false,טובורג גרין בירה בקב,טובורג,,טובורג גרין בירה בקב,מיליליטרים,500.00,"100 מ""ל",false,,7.40,0.0148,false,1,5720
7290001990094,false,סוכר חום צנצנת,סוגת,,סוכר חום צנצנת,יחידה,1.00,יחידה,false,,14.90,14.9000,false,1,9602
7290001990117,false,שומשום 100 גר סו,סוגת,,שומשום 100 גר סו,גרמים,100.00,100 גרם,false,,4.50,0.0450,true,1,9603
7290001990148,false,סוכר גולדן קלאסי,סוגת,,סוכר גולדן קלאסי,יחידה,1.00,יחידה,false,,12.90,12.9000,true,1,9604
7290001990377,false,שעועית בובס 500,סוגת,,שעועית בובס 500,גרמים,500.00,100 גרם,false,,10.90,0.0218,true,1,19738
7290002000143,false,חדש -פנג'ל ק.ידיים ק,,,חדש -פנג'ל ק.ידיים ק,מיליליטרים,100.00,"100 מ""ל",false,,8.00,0.0800,true,1,16368
7290002000266,false,מגע המשי התפוח ש.למי,,,מגע המשי התפוח ש.למי,גרמים,500.00,100 גרם,false,,20.90,0.0418,true,1,16369
7290002003168,false,מארז שלישית פנג'ל קל,,,מארז שלישית פנג'ל קל,מיליליטרים,300.00,"100 מ""ל",false,,21.90,0.0730,true,1,16395
7290002007029,false,קוקוס 100,הנמל,,קוקוס 100,גרמים,100.00,100 גרם,false,,3.40,0.0340,false,1,17422
7290002007036,false,כוסמת 500,הנמל,,כוסמת 500,גרמים,500.00,100 גרם,false,,7.90,0.0158,true,1,17423
7290002007234,false,אבקת סוכר,הנמל,,אבקת סוכר,גרמים,100.00,100 גרם,false,,1.90,0.0190,true,1,17441
7290002007241,false,סודה 50 ג',הנמל,,סודה 50 ג',גרמים,50.00,100 גרם,false,,1.70,0.0340,true,1,17442
7290002007357,false,שקיות לצליה- 10 יח',הנמל,,שקיות לצליה- 10 יח',יחידה,0.00,יחידה,false,,5.70,0.0000,true,1,17448
7290002007371,false,פרורי לחם 500,הנמל,,פרורי לחם 500,גרמים,500.00,100 גרם,false,,5.50,0.0110,true,1,17450
7290002007487,false,צמר פלדה 100 גר',הנמל,,צמר פלדה 100 גר',קילוגרמים,100.00,"100 ק""ג",false,,3.90,0.0390,true,1,57601
7290002007500,false,קסמים חבית 500,הנמל,,קסמים חבית 500,יחידה,0.00,יחידה,false,,3.80,0.0000,true,1,17458
7290002007623,false,כוסות ליין- 50 יח',הנמל,,כוסות ליין- 50 יח',יחידה,0.00,יחידה,false,,4.60,0.0000,true,1,17459
7290002007715,false,סיר אלומיניום ענק 5.,הנמל,,סיר אלומיניום ענק 5.,יחידה,0.00,יחידה,false,,14.50,0.0000,true,1,97025
7290002007746,false,צבע מאכל כחול,הנמל,,צבע מאכל כחול,יחידה,55.00,יחידה,false,,3.00,0.0545,true,1,17460
7290002007821,false,צבע מאכל אדום,הנמל,,צבע מאכל אדום,מיליליטרים,55.00,"100 מ""ל",false,,3.00,0.0545,true,1,17462
7290002007852,false,תמצית וניל,הנמל,,תמצית וניל,יחידה,55.00,יחידה,false,,3.20,0.0582,true,1,17463
7290002007890,false,כוסות 100 יח',הנמל,,כוסות 100 יח',יחידה,0.00,יחידה,false,,8.90,0.0000,false,1,17466
7290002007975,false,צלחות קטנות- 50 יח',הנמל,,צלחות קטנות- 50 יח',יחידה,0.00,יחידה,false,,9.90,0.0000,true,1,17470
7290002007982,false,מזלגות 100 יח',הנמל,,מזלגות 100 יח',יחידה,0.00,יחידה,false,,10.90,0.0000,true,1,17471
7290002007999,false,צלחות גדול חד פעמי-,הנמל,,צלחות גדול חד פעמי-,יחידה,0.00,יחידה,false,,14.90,0.0000,true,1,17472
7290002008002,false,כפפות לטקס 100 יח M,,,כפפות לטקס 100 יח M,יח',100.00,יח',false,,19.90,0.1990,true,1,70913
7290002008040,false,שיפודים-100 יח',הנמל,,שיפודים-100 יח',יחידה,0.00,יחידה,false,,2.80,0.0000,true,1,17473
7290002008057,false,תמצית רום,הנמל,,תמצית רום,יחידה,55.00,יחידה,false,,3.20,0.0582,true,1,17474
7290002008071,false,עטרות חום מס' 2- 130,הנמל,,עטרות חום מס' 2- 130,יחידה,0.00,יחידה,false,,4.40,0.0000,true,1,17476
7290002008088,false,צבע מאכל צהוב,הנמל,,צבע מאכל צהוב,יחידה,55.00,יחידה,false,,3.00,0.0545,true,1,17477
7290002008149,false,מדליק פחם-40 יח',הנמל,,מדליק פחם-40 יח',יחידה,0.00,יחידה,false,,5.90,0.0000,true,1,17481
7290002008156,false,עטרות חום מס' 5- 130,הנמל,,עטרות חום מס' 5- 130,יחידה,0.00,יחידה,false,,5.60,0.0000,true,1,17482
7290002008170,false,עטרות חום מס' 3- 130,הנמל,,עטרות חום מס' 3- 130,יחידה,0.00,יחידה,false,,4.80,0.0000,true,1,17484
7290002008187,false,קשים מתקפלים- 40 יח',הנמל,,קשים מתקפלים- 40 יח',יחידה,0.00,יחידה,false,,1.80,0.0000,true,1,17485
7290002008224,false,מזרה עגול צנצ',הנמל,,מזרה עגול צנצ',גרמים,60.00,100 גרם,false,,5.50,0.0917,true,1,17487
7290002008231,false,אציטון 100גר,,,אציטון 100גר,גרמים,100.00,100 גרם,false,,4.90,0.0490,true,1,58900
7290002008309,false,עטרות חום מס' 4- 130,הנמל,,עטרות חום מס' 4- 130,יחידה,0.00,יחידה,false,,5.00,0.0000,true,1,17490
7290002008354,false,מפות שולחן בגליל- 8,הנמל,,מפות שולחן בגליל- 8,גרמים,400.00,100 גרם,false,,9.90,0.0248,true,1,26602
7290002008491,false,מזרה שוקולד צנצנ,הנמל,,מזרה שוקולד צנצנ,גרמים,100.00,100 גרם,false,,5.50,0.0550,true,1,17500
7290002008507,false,נייר אפיה- 50 יח',הנמל,,נייר אפיה- 50 יח',יחידה,0.00,יחידה,false,,8.90,0.0000,true,1,17501
7290002008576,false,מפיון קופסא 100יח הנ,,,מפיון קופסא 100יח הנ,יחידה,0.00,יחידה,false,,3.70,0.0000,true,1,59121
7290002008651,false,"קמח תפו""א 500גר",הנמל,,"קמח תפו""א 500גר",גרמים,500.00,100 גרם,false,,5.90,0.0118,true,1,17506
7290002008668,false,צמרונים 200 יח',הנמל,,צמרונים 200 יח',יחידה,0.00,יחידה,false,,3.90,0.0000,true,1,35664
7290002008743,false,סוכר וניל,הנמל,,סוכר וניל,גרמים,100.00,100 גרם,false,,2.40,0.0240,true,1,29509
7290002008750,false,אבקת אפיה הנמל,הנמל,,אבקת אפיה הנמל,גרמים,100.00,100 גרם,false,,2.40,0.0240,true,1,22235
7290002008774,false,שומשום 200,הנמל,,שומשום 200,גרמים,200.00,100 גרם,false,,5.50,0.0275,true,1,17509
7290002008835,false,מגן כיריים,הנמל,,מגן כיריים,יחידה,0.00,יחידה,false,,4.80,0.0000,true,1,17510
7290002008927,false,סוכריות לעוגה שוקו ל,הנמל,,סוכריות לעוגה שוקו ל,יחידה,0.00,יחידה,false,,5.50,0.0000,true,1,17511
7290002008989,false,קישקשים 225יח,הנמל,,קישקשים 225יח,יחידה,0.00,יחידה,false,,9.50,0.0000,true,1,17512
7290002013037,false,פסטרמה פרגיות על לבנ,זוגלובק,,פסטרמה פרגיות על לבנ,קילוגרמים,1.00,"ק""ג",true,,79.90,79.9000,false,1,39465
7290002013174,false,פסטרמה של פעם זוגלוב,זוגלובק,,פסטרמה של פעם זוגלוב,קילוגרמים,1.00,"ק""ג",true,,79.90,79.9000,false,1,40371
7290002019114,false,פרי ניר רוטב עגבניות,פריניר,,פרי ניר רוטב עגבניות,גרמים,580.00,100 גרם,false,,6.50,0.0112,true,1,10249
7290002019787,false,רוטב עגבניות פרי ניר,פריניר,,רוטב עגבניות פרי ניר,גרמים,260.00,100 גרם,false,,3.50,0.0135,false,1,10253
7290002019794,false,רוטב עגבניות 100 גר,פריניר,,רוטב עגבניות 100 גר,גרמים,100.00,100 גרם,false,,1.70,0.0170,false,1,10254
7290002022923,false,לקקן כרמית 50 יח,כרמית,,לקקן כרמית 50 יח,גרמים,500.00,100 גרם,false,,14.90,0.0298,true,1,12584
7290002026341,false,צ'יפס בטטה 500 גר',,,צ'יפס בטטה 500 גר',גרמים,500.00,100 גרם,false,,14.90,0.0298,true,1,97175
7290002026358,false,צ'יפס בטטה זיג זג 50,,,צ'יפס בטטה זיג זג 50,גרמים,500.00,100 גרם,false,,14.90,0.0298,true,1,97176
7290002026365,false,טבעות בצל 500 גר',,,טבעות בצל 500 גר',גרמים,500.00,100 גרם,false,,10.90,0.0218,true,1,97177
7290002026402,false,בלינצ'ס גבינה,,,בלינצ'ס גבינה,גרמים,350.00,100 גרם,false,,14.90,0.0426,true,1,63691
7290002026440,false,פרצל חם מהמקפיא,,,פרצל חם מהמקפיא,גרמים,280.00,100 גרם,false,,14.90,0.0532,true,1,63696
7290002026587,false,וופל בלגי,,,וופל בלגי,גרמים,280.00,100 גרם,false,,14.90,0.0532,true,1,119641
7290002037163,false,אחיד פרוס,ודש,,אחיד פרוס,גרמים,750.00,100 גרם,false,,7.11,0.0095,false,1,10508
7290002037637,false,לחמניות חליות וד,ודש,,לחמניות חליות וד,גרמים,400.00,100 גרם,false,,13.50,0.0338,true,1,10521
7290002040019,false,קוסקוס רגיל 350 גר ה,הנמל,,קוסקוס רגיל 350 גר ה,גרמים,350.00,100 גרם,false,,5.50,0.0157,false,1,17514
7290002040064,false,קוסקוס דק,הנמל,,קוסקוס דק,גרמים,350.00,100 גרם,false,,5.50,0.0157,false,1,17519
7290002040071,false,קוסקוס עבה,הנמל,,קוסקוס עבה,גרמים,350.00,100 גרם,false,,5.50,0.0157,false,1,17520
7290002040088,false,קוסקוס מלא 350 גר',הנמל,,קוסקוס מלא 350 גר',גרמים,350.00,100 גרם,false,,6.00,0.0171,true,1,17521
7290002040095,false,מארז שלישיה קוסקוס,הנמל,,מארז שלישיה קוסקוס,יחידה,1.05,יחידה,false,,13.50,12.8571,true,1,84701
7290002041023,false,דאודורנט רעננה לרגל,,,דאודורנט רעננה לרגל,גרמים,12.50,100 גרם,false,,39.90,3.1920,true,1,56388
7290002041368,false,דאוד' מיד נייט,,,דאוד' מיד נייט,מיליליטרים,150.00,"100 מ""ל",false,,18.90,0.1260,true,1,19530
7290002041801,false,קרם גוף חלאבין,,,קרם גוף חלאבין,מיליליטרים,300.00,"100 מ""ל",false,,39.90,0.1330,true,1,9333
7290002041832,false,רול און לאב ליין,,,רול און לאב ליין,מיליליטרים,50.00,"100 מ""ל",false,,16.90,0.3380,true,1,19532
7290002043218,false,צ'יפס אורז חום מלא מ,,,צ'יפס אורז חום מלא מ,גרמים,60.00,100 גרם,false,,6.90,0.1150,true,1,123279
7290002043782,false,צ'יפס אורז חום מלא ט,,,צ'יפס אורז חום מלא ט,גרמים,60.00,100 גרם,false,,6.90,0.1150,true,1,123268
7290002050018,false,גרעיני אבטיח 170 גר',זארובי,,גרעיני אבטיח 170 גר',גרמים,170.00,100 גרם,false,,14.90,0.0876,true,1,95779
7290002050025,false,פירורי לחם זהוב 1 קג,,,פירורי לחם זהוב 1 קג,קילוגרמים,1.00,"ק""ג",false,,10.90,10.9000,true,1,95558
7290002050032,false,תערובת אגוזים ופיצוח,זארובי,,תערובת אגוזים ופיצוח,גרמים,630.00,100 גרם,false,,57.90,0.0919,true,1,96580
7290002050803,false,מארז סוכריות גומי 60,זארובי,,מארז סוכריות גומי 60,גרמים,600.00,100 גרם,false,,21.90,0.0365,true,1,123607
7290002057017,false,זית נובו מבוקע 340 ג,קבוצת יבנה,,זית נובו מבוקע 340 ג,גרמים,340.00,100 גרם,false,,9.90,0.0291,true,1,45527
7290002057031,false,זיתים מבוקעים 340 גר,קבוצת יבנה,,זיתים מבוקעים 340 גר,גרמים,340.00,100 גרם,false,,7.90,0.0232,true,1,22011
7290002057048,false,זית סורי מבוקע 340 ג,קבוצת יבנה,,זית סורי מבוקע 340 ג,גרמים,340.00,100 גרם,false,,8.90,0.0262,true,1,23317
7290002057055,false,זית סורי שלם 340 גרם,קבוצת יבנה,,זית סורי שלם 340 גרם,גרמים,340.00,100 גרם,false,,9.90,0.0291,true,1,34596
7290002057062,false,זיתים מנזלינו בינוני,קבוצת יבנה,,זיתים מנזלינו בינוני,גרמים,540.00,100 גרם,false,,6.90,0.0128,true,1,29045
7290002057086,false,זיתים מנזנילו גדולים,קבוצת יבנה,,זיתים מנזנילו גדולים,גרמים,650.00,100 גרם,false,,19.90,0.0306,true,1,33865
7290002057093,false,זיתים ירוקים מנזנילו,קבוצת יבנה,,זיתים ירוקים מנזנילו,גרמים,340.00,100 גרם,false,,8.40,0.0247,true,1,34580
7290002057109,false,זיתים מנזנילו גדולים,קבוצת יבנה,,זיתים מנזנילו גדולים,גרמים,340.00,100 גרם,false,,8.50,0.0250,true,1,29561
7290002057123,false,זיתים ירוקים נטולי ג,קבוצת יבנה,,זיתים ירוקים נטולי ג,גרמים,275.00,100 גרם,false,,7.50,0.0273,true,1,22000
7290002057130,false,זיתים ירוקים מנזנילו,קבוצת יבנה,,זיתים ירוקים מנזנילו,גרמים,650.00,100 גרם,false,,21.00,0.0323,true,1,30891
7290002057161,false,זית מרינד חתוך בחומץ,קבוצת יבנה,,זית מרינד חתוך בחומץ,גרמים,275.00,100 גרם,false,,9.40,0.0342,true,1,28631
7290002057178,false,זית שחור טבעי יבנה,קבוצת יבנה,,זית שחור טבעי יבנה,גרמים,340.00,100 גרם,false,,9.40,0.0276,true,1,38915
7290002057185,false,טבעות זיתים ירוקים 2,קבוצת יבנה,,טבעות זיתים ירוקים 2,גרמים,275.00,100 גרם,false,,7.50,0.0273,true,1,27749
7290002057314,false,מלפפון במלח 15-20 67,קבוצת יבנה,,מלפפון במלח 15-20 67,גרמים,675.00,100 גרם,false,,13.90,0.0206,true,1,31221
7290002057352,false,מלפפון במלח 7-9 320,קבוצת יבנה,,מלפפון במלח 7-9 320,גרמים,320.00,100 גרם,false,,5.90,0.0184,true,1,22001
7290002057369,false,מלפפונים במלח 12-10,קבוצת יבנה,,מלפפונים במלח 12-10,גרמים,320.00,100 גרם,false,,6.90,0.0216,true,1,22735
7290002057376,false,מלפפון במלח 13-17 32,קבוצת יבנה,,מלפפון במלח 13-17 32,גרמים,320.00,100 גרם,false,,8.00,0.0250,false,1,23762
7290002057383,false,מלפפון במלח 18-25 32,קבוצת יבנה,,מלפפון במלח 18-25 32,גרמים,320.00,100 גרם,false,,8.90,0.0278,true,1,24246
7290002057413,false,מלפפון בחומץ 15-20 6,קבוצת יבנה,,מלפפון בחומץ 15-20 6,גרמים,675.00,100 גרם,false,,13.90,0.0206,true,1,31536
7290002057451,false,מלפפון בחומץ 7-9 290,קבוצת יבנה,,מלפפון בחומץ 7-9 290,גרמים,290.00,100 גרם,false,,5.90,0.0203,true,1,33866
7290002057468,false,מלפפון בחומץ 10-12 2,קבוצת יבנה,,מלפפון בחומץ 10-12 2,גרמים,290.00,100 גרם,false,,6.90,0.0238,true,1,30896
7290002057475,false,מלפפון בחומץ 13-17 2,קבוצת יבנה,,מלפפון בחומץ 13-17 2,גרמים,290.00,100 גרם,false,,8.00,0.0276,true,1,38927
7290002057482,false,מלפפון בחומץ 18-25 2,קבוצת יבנה,,מלפפון בחומץ 18-25 2,גרמים,290.00,100 גרם,false,,8.90,0.0307,true,1,43295
7290002057604,false,פלפל חריף שיפקה 225,קבוצת יבנה,,פלפל חריף שיפקה 225,גרמים,225.00,100 גרם,false,,5.50,0.0244,true,1,22006
7290002057628,false,זיתים טבעות מושחרים,קבוצת יבנה,,זיתים טבעות מושחרים,גרמים,275.00,100 גרם,false,,9.40,0.0342,true,1,38220
7290002057703,false,חצילים במלח 320 גרם,קבוצת יבנה,,חצילים במלח 320 גרם,גרמים,320.00,100 גרם,false,,6.50,0.0203,true,1,20414
7290002057734,false,זיתים מושחרים נטולי,קבוצת יבנה,,זיתים מושחרים נטולי,גרמים,275.00,100 גרם,false,,9.40,0.0342,true,1,28632
7290002057819,false,רצועות פלפל אדום 300,קבוצת יבנה,,רצועות פלפל אדום 300,גרמים,300.00,100 גרם,false,,6.90,0.0230,true,1,26767
7290002065555,false,שש לחמניות אנג'ל,אנג'ל,,שש לחמניות אנג'ל,גרמים,450.00,100 גרם,false,,10.90,0.0242,true,1,19422
7290002065616,false,לחם שיפון גרעינים,אנג'ל,,לחם שיפון גרעינים,גרמים,750.00,100 גרם,false,,13.90,0.0185,true,1,35188
7290002075035,false,אובלטים 500 גר,,,אובלטים 500 גר,גרמים,500.00,100 גרם,false,,15.90,0.0318,true,1,10835
7290002077268,false,מיני קציצות דג לבישו,דלידג,,מיני קציצות דג לבישו,גרמים,500.00,100 גרם,false,,21.00,0.0420,true,1,56186
7290002077657,false,"סגנון פטה 16 ק""ג",,,"סגנון פטה 16 ק""ג",קילוגרמים,1.00,"ק""ג",true,,29.90,29.9000,true,1,69132
7290002079033,false,לחם דגנים לייט דוידו,מאפיית דוידוביץ ובני,,לחם דגנים לייט דוידו,גרמים,500.00,100 גרם,false,,13.50,0.0270,true,1,13174
7290002079316,false,חלה פרוסה,מאפיית דוידוביץ ובני,,חלה פרוסה,גרמים,500.00,100 גרם,false,,11.90,0.0238,true,1,13180
7290002079347,false,חלה קלה פרוסה,מאפיית דוידוביץ ובני,,חלה קלה פרוסה,גרמים,500.00,100 גרם,false,,21.90,0.0438,true,1,13181
7290002079361,false,לחמניות המבורגר,מאפיית דוידוביץ ובני,,לחמניות המבורגר,גרמים,400.00,100 גרם,false,,13.90,0.0348,true,1,13182
7290002079477,false,לחם אחיד פרוס דוידוב,מאפיית דוידוביץ ובני,,לחם אחיד פרוס דוידוב,גרמים,750.00,100 גרם,false,,6.90,0.0092,false,1,13184
7290002079613,false,חלה מתוקה דוידוביץ',מאפיית דוידוביץ ובני,,חלה מתוקה דוידוביץ',גרמים,500.00,100 גרם,false,,10.90,0.0218,true,1,13187
7290002079927,false,לחם דגנים מלא דוידוב,מאפיית דוידוביץ ובני,,לחם דגנים מלא דוידוב,גרמים,750.00,100 גרם,false,,12.90,0.0172,true,1,37465
7290002079996,false,לחם אחיד קל פרוס,מאפיית דוידוביץ ובני,,לחם אחיד קל פרוס,גרמים,750.00,100 גרם,false,,11.90,0.0159,true,1,20237
7290002096009,false,דובשניות חפץ 450 גר,,,דובשניות חפץ 450 גר,גרמים,450.00,100 גרם,false,,10.90,0.0242,true,1,14190
7290002107071,false,פטה עיזים מעודנת,משק צוריאל,,פטה עיזים מעודנת,גרמים,200.00,100 גרם,false,,24.90,0.1245,true,1,12957
7290002107316,false,טבורוג למעדיה צוריאל,,,טבורוג למעדיה צוריאל,קילוגרמים,1.00,"ק""ג",true,,43.90,43.9000,false,1,58829
7290002107385,false,דליקטס עז 20% 180 גר,משק צוריאל,,דליקטס עז 20% 180 גר,גרמים,180.00,100 גרם,false,,23.90,0.1328,true,1,31218
7290002107491,false,גבינת עיזים 5%,משק צוריאל,,גבינת עיזים 5%,גרמים,250.00,100 גרם,false,,14.90,0.0596,false,1,12967
7290002107798,false,בולגרית מעודנת 5% מש,משק צוריאל,,בולגרית מעודנת 5% מש,גרמים,250.00,100 גרם,false,,22.50,0.0900,true,1,12976
7290002107965,false,טבורוג 5% 500 גר,משק צוריאל,,טבורוג 5% 500 גר,גרמים,500.00,100 גרם,false,,25.90,0.0518,true,1,29640
7290002109488,false,קבב אמיתי 100% טיבון,טיבון ויל,,קבב אמיתי 100% טיבון,גרמים,440.00,100 גרם,false,,19.90,0.0452,false,1,59258
7290002118435,false,מקלוני כותנה ענק 300,,,מקלוני כותנה ענק 300,יחידה,0.00,יחידה,false,,5.30,0.0000,true,1,123085
7290002129479,false,פיצה איטלקית דקה שלו,,,פיצה איטלקית דקה שלו,גרמים,320.00,100 גרם,false,,13.90,0.0434,false,1,104196
7290002132011,false,מזרחיות עגול,,,מזרחיות עגול,גרמים,400.00,100 גרם,false,,17.90,0.0447,false,1,8929
7290002133032,false,פתיתי קשקבל 22% גבינ,מחלבת השומרון,,פתיתי קשקבל 22% גבינ,גרמים,300.00,100 גרם,false,,29.90,0.0997,true,1,10715
7290002133094,false,ברינזה צאן,מחלבת השומרון,,ברינזה צאן,קילוגרמים,1.00,"ק""ג",true,,79.90,79.9000,false,1,10717
7290002133148,false,צפתית שומרון טבעית/,מחלבת השומרון,,צפתית שומרון טבעית/,קילוגרמים,1.00,"ק""ג",true,,55.90,55.9000,false,1,10720
7290002133193,false,בולגרית שומרון מעדני,מחלבת השומרון,,בולגרית שומרון מעדני,קילוגרמים,1.00,"ק""ג",true,,55.90,55.9000,false,1,14100
7290002133216,false,גבינות שמנת- טבעי  ז,מחלבת השומרון,,גבינות שמנת- טבעי  ז,קילוגרמים,1.00,"ק""ג",true,,46.90,46.9000,false,1,10723
7290002133247,false,לבנה זעתר 5% - 250 ג,מחלבת השומרון,,לבנה זעתר 5% - 250 ג,גרמים,250.00,100 גרם,false,,13.50,0.0540,true,1,10724
7290002133520,false,יוגורט של פעם 3%,מחלבת השומרון,,יוגורט של פעם 3%,גרמים,400.00,100 גרם,false,,9.90,0.0248,true,1,19854
7290002133858,false,בולגרית צאן  18%,מחלבת השומרון,,בולגרית צאן  18%,גרמים,250.00,100 גרם,false,,22.90,0.0916,true,1,19856
7290002150077,false,פלאפל אמיתי 400 גר,חמים וטעים,,פלאפל אמיתי 400 גר,גרמים,400.00,100 גרם,false,,15.50,0.0388,true,1,95168
7290002150718,false,חמים וטעים-קרפלך תפו,,,חמים וטעים-קרפלך תפו,גרמים,400.00,100 גרם,false,,15.50,0.0388,true,1,95133
7290002150732,false,קרפלך בשר 400 גר,חמים וטעים,,קרפלך בשר 400 גר,גרמים,400.00,100 גרם,false,,15.50,0.0388,true,1,70961
7290002150794,false,סיגרים בשר 400 גר,חמים וטעים,,סיגרים בשר 400 גר,גרמים,400.00,100 גרם,false,,15.50,0.0388,true,1,70962
7290002150817,false,"סיגרים תפו""א 400",חמים וטעים,,"סיגרים תפו""א 400",גרמים,400.00,100 גרם,false,,15.50,0.0388,true,1,70963
7290002150848,false,אגרול סיני 400 גר,חמים וטעים,,אגרול סיני 400 גר,גרמים,400.00,100 גרם,false,,15.50,0.0388,true,1,94859
7290002150862,false,קובה בשר מטוגן 400 ג,חמים וטעים,,קובה בשר מטוגן 400 ג,גרמים,400.00,100 גרם,false,,15.50,0.0388,true,1,70964
7290002157953,false,טונה קנולה 4*140 גר,,,טונה קנולה 4*140 גר,גרמים,560.00,100 גרם,false,,18.90,0.0337,false,1,101598
7290002157960,false,טונה במים 4*140 גר ו,,,טונה במים 4*140 גר ו,גרמים,560.00,100 גרם,false,,18.90,0.0337,false,1,101599
7290002195054,false,המבורגר בלדי 400 גר',בלדי,,המבורגר בלדי 400 גר',גרמים,400.00,100 גרם,false,,11.90,0.0298,false,1,35821
7290002195078,false,קבב כבש בלדי,בלדי,,קבב כבש בלדי,גרמים,400.00,100 גרם,false,,11.90,0.0298,false,1,43379
7290002195085,false,קבב מזרחי בלדי 400 ג,בלדי,,קבב מזרחי בלדי 400 ג,גרמים,400.00,100 גרם,false,,11.90,0.0298,false,1,35739
7290002195092,false,קבב רומני בלדי,בלדי,,קבב רומני בלדי,יחידה,0.00,יחידה,false,,11.90,0.0000,false,1,43380
7290002198055,false,סרוולד בנוסח איטלקי,זוגלובק,,סרוולד בנוסח איטלקי,קילוגרמים,1.00,"ק""ג",true,,129.90,129.9000,false,1,186109
7290002198109,false,צלעות אסאדו מעושנת מ,זוגלובק,,צלעות אסאדו מעושנת מ,קילוגרמים,1.00,"ק""ג",true,,134.90,134.9000,false,1,187886
7290002198116,false,פסטרמה ברזילאית זוגל,זוגלובק,,פסטרמה ברזילאית זוגל,קילוגרמים,1.00,"ק""ג",true,,109.90,109.9000,false,1,189797
7290002211044,false,סולת 1 קג,,,סולת 1 קג,קילוגרמים,1.00,"ק""ג",false,,6.50,6.5000,false,1,13698
7290002211112,false,"קמח 1 ק""ג",,,"קמח 1 ק""ג",קילוגרמים,1.00,"ק""ג",false,,4.40,4.4000,false,1,69655
7290002239185,false,אפונה 800 פרי גל,פרי הגליל,,אפונה 800 פרי גל,גרמים,800.00,100 גרם,false,,9.90,0.0124,false,1,10397
7290002239215,false,אפונה וגזר 800,פרי הגליל,,אפונה וגזר 800,גרמים,800.00,100 גרם,false,,9.90,0.0124,true,1,10398
7290002239277,false,גזר גמדי פרי גלי,פרי הגליל,,גזר גמדי פרי גלי,גרמים,800.00,100 גרם,false,,9.90,0.0124,true,1,10399
7290002239307,false,שעועית צהובה,פרי הגליל,,שעועית צהובה,גרמים,800.00,100 גרם,false,,9.90,0.0124,true,1,10400
7290002239338,false,שעועית ירוקה פרי גלי,פרי הגליל,,שעועית ירוקה פרי גלי,גרמים,800.00,100 גרם,false,,9.90,0.0124,true,1,10401
7290002239369,false,שעועית שלמה 800,פרי הגליל,,שעועית שלמה 800,גרמים,800.00,100 גרם,false,,9.90,0.0124,true,1,10402
7290002239420,false,תירס גרעינים 800,פרי הגליל,,תירס גרעינים 800,גרמים,800.00,100 גרם,false,,9.90,0.0124,true,1,10404
7290002246916,true,משולש לכיור גבוה,,,משולש לכיור גבוה,,0.00,,false,,21.90,0.0000,true,1,123051
7290002253006,false,שום כתוש טרי 200גר ד,דורות,,שום כתוש טרי 200גר ד,גרמים,200.00,100 גרם,false,,19.90,0.0995,true,1,6435
7290002253105,false,קוביות שום כתוש דורו,דורות,,קוביות שום כתוש דורו,גרמים,80.00,100 גרם,false,,14.50,0.1813,false,1,6436
7290002253150,false,בזיליקום קפוא קצוץ ד,דורות,,בזיליקום קפוא קצוץ ד,גרמים,70.00,100 גרם,false,,11.00,0.1571,true,1,6437
7290002253167,false,פטרוזליה קצוצה דורות,דורות,,פטרוזליה קצוצה דורות,גרמים,70.00,100 גרם,false,,11.00,0.1571,true,1,6438
7290002253174,false,שמיר קצוץ דורות,דורות,,שמיר קצוץ דורות,גרמים,70.00,100 גרם,false,,11.00,0.1571,true,1,6439
7290002253181,false,כוסברה קצוצה דורות,דורות,,כוסברה קצוצה דורות,גרמים,70.00,100 גרם,false,,11.00,0.1571,true,1,6440
7290002253198,false,ג'ינג'ר טרי כתוש במג,דורות,,ג'ינג'ר טרי כתוש במג,גרמים,90.00,100 גרם,false,,12.00,0.1333,true,1,6441
7290002253235,false,רוטב פסטו דורות,דורות,,רוטב פסטו דורות,גרמים,160.00,100 גרם,false,,12.90,0.0806,true,1,94938
7290002259640,false,רדיד אלומיניום,,,רדיד אלומיניום,יחידה,0.00,יחידה,false,,12.90,0.0000,true,1,14471
7290002278528,false,כריות יפניות לשבת,,,כריות יפניות לשבת,יחידה,0.00,יחידה,false,,7.90,0.0000,true,1,112278
7290002291046,false,המבורגר מסעדות קצביה,בלדי,,המבורגר מסעדות קצביה,גרמים,480.00,100 גרם,false,,22.90,0.0477,true,1,56473
7290002301684,false,צ'דר אנגלי מעושן,,,צ'דר אנגלי מעושן,קילוגרמים,1.00,"ק""ג",true,,130.00,130.0000,true,1,100340
7290002304203,false,קונפיטורה תות שדה לי,ענבי ציון,,קונפיטורה תות שדה לי,גרמים,600.00,100 גרם,false,,22.90,0.0382,true,1,25498
7290002304210,false,קונפיטורה משמש לייט,ענבי ציון,,קונפיטורה משמש לייט,גרמים,600.00,100 גרם,false,,22.90,0.0382,true,1,32280
7290002304227,false,קונפיטורה דובדבן חמו,ענבי ציון,,קונפיטורה דובדבן חמו,גרמים,600.00,100 גרם,false,,22.90,0.0382,true,1,25499
7290002304234,false,קונפיטורה אוכמניות ל,ענבי ציון,,קונפיטורה אוכמניות ל,גרמים,600.00,100 גרם,false,,22.90,0.0382,true,1,37411
7290002304609,false,קונפיטורה תות שדה 60,ענבי ציון,,קונפיטורה תות שדה 60,גרמים,600.00,100 גרם,false,,17.90,0.0298,true,1,25494
7290002304630,false,קונפיטורה דובדבן 600,ענבי ציון,,קונפיטורה דובדבן 600,גרמים,600.00,100 גרם,false,,17.90,0.0298,true,1,25501
7290002304661,false,קונפיטורה אוכמניות 6,ענבי ציון,,קונפיטורה אוכמניות 6,גרמים,600.00,100 גרם,false,,17.90,0.0298,false,1,37972
7290002304692,false,קונפיטורה ענבי ציון,,,קונפיטורה ענבי ציון,גרמים,600.00,100 גרם,false,,17.90,0.0298,true,1,104801
7290002317081,false,זיתים חרוזית מוטולה,,,זיתים חרוזית מוטולה,יחידה,0.00,יחידה,false,,7.90,0.0000,false,1,63006
7290002317265,false,מלפפון במלח 7-9 מוטו,,,מלפפון במלח 7-9 מוטו,גרמים,385.00,100 גרם,false,,5.00,0.0130,true,1,61380
7290002317852,false,מוטולה מלפפונים במלח,,,מוטולה מלפפונים במלח,גרמים,900.00,100 גרם,false,,23.90,0.0266,true,1,58864
7290002327028,true,ג'חנון שלושת האופים,,,ג'חנון שלושת האופים,,0.00,,false,,10.90,0.0000,true,1,123112
7290002327103,true,ג'חנון שלושת האופים,,,ג'חנון שלושת האופים,,0.00,,false,,14.90,0.0000,true,1,123113
7290002327516,false,ג'חנון אפוי 650 גר',אופרה,,ג'חנון אפוי 650 גר',גרמים,650.00,100 גרם,false,,15.90,0.0245,true,1,94677
7290002327608,false,קונכיות בצק אופרה,אופרה,,קונכיות בצק אופרה,גרמים,500.00,100 גרם,false,,18.90,0.0378,false,1,13402
7290002327615,false,ג'חנון 900 גר' אופרה,אופרה,,ג'חנון 900 גר' אופרה,גרמים,900.00,100 גרם,false,,14.50,0.0161,true,1,13403
7290002327622,false,ג'חנון 650 גר אופרה,אופרה,,ג'חנון 650 גר אופרה,גרמים,650.00,100 גרם,false,,12.90,0.0198,false,1,13404
7290002327646,false,מלווח אופרה,אופרה,,מלווח אופרה,גרמים,700.00,100 גרם,false,,13.90,0.0199,false,1,13406
7290002327660,false,"בורקס תפו""א אופרה",אופרה,,"בורקס תפו""א אופרה",גרמים,800.00,100 גרם,false,,14.50,0.0181,false,1,13407
7290002327677,false,בורקס גבינה אופרה,אופרה,,בורקס גבינה אופרה,גרמים,800.00,100 גרם,false,,18.90,0.0236,true,1,13408
7290002327684,false,בצק עלים 1 קג אופרה,אופרה,,בצק עלים 1 קג אופרה,קילוגרמים,1.00,"ק""ג",false,,15.90,15.9000,false,1,13409
7290002327691,false,"מיני בורקס תפו""א",אופרה,,"מיני בורקס תפו""א",גרמים,800.00,100 גרם,false,,15.90,0.0199,false,1,13410
7290002327707,false,מיני בורקס גבינה,אופרה,,מיני בורקס גבינה,גרמים,800.00,100 גרם,false,,18.90,0.0236,true,1,13411
7290002331025,false,נביעות 0.5 ליטר -,נביעות,,נביעות 0.5 ליטר -,יחידה,500.00,יחידה,false,,2.60,0.0052,true,1,5730
7290002331094,false,נביעות 75 0.,נביעות,,נביעות 75 0.,יחידה,755.00,יחידה,false,,3.00,0.0040,true,1,5731
7290002331124,false,נביעות+ תפוח 0.5 ליט,נביעות,,נביעות+ תפוח 0.5 ליט,יחידה,500.00,יחידה,false,,6.00,0.0120,false,1,21780
7290002331155,false,נביעות+ אפרסק 0.5 לי,נביעות,,נביעות+ אפרסק 0.5 לי,יחידה,500.00,יחידה,false,,6.00,0.0120,false,1,21781
7290002331360,false,נביעות שישייה 0.5 ל',נביעות,,נביעות שישייה 0.5 ל',ליטרים,3.00,ליטר,false,,12.90,4.3000,false,1,5734
7290002331421,false,"נביעות שישיה 750 מ""ל",נביעות,,"נביעות שישיה 750 מ""ל",ליטרים,4.50,ליטר,false,,16.90,3.7556,false,1,5735
7290002331483,false,שישייה נביעות אישי ב,,,שישייה נביעות אישי ב,ליטרים,1.92,ליטר,false,,13.90,7.2396,true,1,65944
7290002331490,false,נביעות 1 ליטר,נביעות,,נביעות 1 ליטר,ליטרים,1.00,ליטר,false,,2.90,2.9000,false,1,67625
7290002331711,false,נביעות+ ענבים 0.5 לי,נביעות,,נביעות+ ענבים 0.5 לי,יחידה,500.00,יחידה,false,,6.00,0.0120,true,1,29408
7290002340003,false,חזרת אדומה פייביש,,,חזרת אדומה פייביש,גרמים,150.00,100 גרם,false,,18.90,0.1260,true,1,5581
7290002341024,false,מטליות מיקרופייבר לר,,,מטליות מיקרופייבר לר,יחידה,0.00,יחידה,false,,12.90,0.0000,true,1,115934
7290002342021,false,מטליות לשיש 5 יח',,,מטליות לשיש 5 יח',יחידה,0.00,יחידה,false,,6.90,0.0000,true,1,116003
7290002345282,false,נתחי פילה סלמון קפוא,,,נתחי פילה סלמון קפוא,קילוגרמים,1.00,"ק""ג",true,,89.90,89.9000,false,1,108026
7290002345435,false,פילה מרלוזה ארגנטינא,,,פילה מרלוזה ארגנטינא,קילוגרמים,1.00,"ק""ג",true,,31.90,31.9000,true,1,109120
7290002348139,false,תחתיות ארטישוק 400 ג,ויליגר,,תחתיות ארטישוק 400 ג,גרמים,400.00,100 גרם,false,,9.90,0.0248,true,1,17860
7290002348160,false,תירס צעיר שלם,,,תירס צעיר שלם,גרמים,400.00,100 גרם,false,,6.50,0.0163,true,1,17862
7290002348238,false,לפתן אננס,,,לפתן אננס,גרמים,830.00,100 גרם,false,,8.90,0.0107,true,1,17864
7290002348306,false,קוקטייל פירות 850 גר,,,קוקטייל פירות 850 גר,גרמים,850.00,100 גרם,false,,8.90,0.0105,true,1,17868
7290002348573,false,מקלוני אורז וילי,ויליגר,,מקלוני אורז וילי,גרמים,300.00,100 גרם,false,,5.90,0.0197,true,1,17870
7290002353225,false,חרדל דיז'ון בדבש,,,חרדל דיז'ון בדבש,גרמים,210.00,100 גרם,false,,13.50,0.0643,true,1,99537
7290002353249,false,דיג'ונז מייל 345 גר,,,דיג'ונז מייל 345 גר,גרמים,345.00,100 גרם,false,,19.90,0.0577,true,1,105293
7290002353836,false,סרדין רוברטס בשמן זי,ויליגר,,סרדין רוברטס בשמן זי,גרמים,120.00,100 גרם,false,,7.50,0.0625,true,1,17872
7290002360124,false,תה צמחים פומפדור 20,פומפדור,,תה צמחים פומפדור 20,גרמים,30.00,100 גרם,false,,15.90,0.5300,true,1,8299
7290002360155,false,תה פומפדור שומר 20 ש,פומפדור,,תה פומפדור שומר 20 ש,גרמים,40.00,100 גרם,false,,15.90,0.3975,true,1,8301
7290002360278,false,תה פומפדור מינטה,פומפדור,,תה פומפדור מינטה,גרמים,45.00,100 גרם,false,,15.90,0.3533,true,1,8305
7290002360285,false,חליטת תה קמומיל פומפ,פומפדור,,חליטת תה קמומיל פומפ,גרמים,30.00,100 גרם,false,,15.90,0.5300,true,1,8306
7290002371533,false,סילסולי פסטרמה ודבש,טירת צבי,,סילסולי פסטרמה ודבש,יחידה,0.00,יחידה,false,,15.90,0.0000,true,1,65557
7290002371571,false,פסטרמה פרגיות טירת צ,טירת צבי,,פסטרמה פרגיות טירת צ,קילוגרמים,1.00,"ק""ג",true,,84.90,84.9000,false,1,36075
7290002371939,false,סרוולד צרפתי 120 גר',טירת צבי,,סרוולד צרפתי 120 גר',גרמים,120.00,100 גרם,false,,26.90,0.2242,false,1,65559
7290002374268,false,שמן חמניות מילומ,מילומור,,שמן חמניות מילומ,ליטרים,1.00,ליטר,false,,9.90,9.9000,false,1,18689
7290002374312,false,שמן קנולה מילומו,מילומור,,שמן קנולה מילומו,ליטרים,1.00,ליטר,false,,10.90,10.9000,false,1,18690
7290002374640,false,שמן קנולה פלוס אומגה,,,שמן קנולה פלוס אומגה,ליטרים,1.00,ליטר,false,,14.90,14.9000,false,1,70292
7290002385196,false,רוקפור מחלבת גד,,,רוקפור מחלבת גד,קילוגרמים,1.00,"ק""ג",true,,123.00,123.0000,true,1,100667
7290002385455,false,בולגרית 24% גד  מעוד,,,בולגרית 24% גד  מעוד,קילוגרמים,1.00,"ק""ג",true,,59.80,59.8000,true,1,103053
7290002385738,false,גבינת מנצ'גו משולשים,מחלבות גד,,גבינת מנצ'גו משולשים,קילוגרמים,1.00,"ק""ג",true,,144.00,144.0000,true,1,57210
7290002385745,false,פיקורינו משולשים גד,מחלבות גד,,פיקורינו משולשים גד,קילוגרמים,1.00,"ק""ג",true,,144.00,144.0000,true,1,57211
7290002395300,false,כדורי מוצרלה גדולים,משק צוריאל,,כדורי מוצרלה גדולים,קילוגרמים,1.00,"ק""ג",true,,89.90,89.9000,true,1,61355
7290002395317,false,מוצרלה בייבי צוריאל,משק צוריאל,,מוצרלה בייבי צוריאל,קילוגרמים,1.00,"ק""ג",true,,89.90,89.9000,true,1,117839
7290002395409,false,גבינה צהובה נעם 28%,טרה,,גבינה צהובה נעם 28%,קילוגרמים,1.00,"ק""ג",true,,44.79,44.7900,false,1,62962
7290002395416,false,גבינה צהובה נעם 9%,,,גבינה צהובה נעם 9%,קילוגרמים,1.00,"ק""ג",true,,76.90,76.9000,false,1,63100
7290002395423,false,גבינה צהובה נעם 22%,טרה,,גבינה צהובה נעם 22%,קילוגרמים,1.00,"ק""ג",true,,42.58,42.5800,false,1,62963
7290002407034,false,זית סורי מבוקע 800 ג,ג'השאן,,זית סורי מבוקע 800 ג,גרמים,800.00,100 גרם,false,,18.90,0.0236,false,1,8931
7290002407102,false,זית סנטה גדול 800 גר,ג'השאן,,זית סנטה גדול 800 גר,גרמים,800.00,100 גרם,false,,18.90,0.0236,false,1,39807
7290002407348,false,שמן זית 750 ג'השאן,ג'השאן,,שמן זית 750 ג'השאן,מיליליטרים,750.00,"100 מ""ל",false,,29.90,0.0399,false,1,8937
7290002407454,false,שמן זית 750 זן סורי,,,שמן זית 750 זן סורי,מיליליטרים,750.00,"100 מ""ל",false,,36.90,0.0492,false,1,42598
7290002410713,false,קישקע ממולא 500 גר',מעדני הטלה,,קישקע ממולא 500 גר',גרמים,500.00,100 גרם,false,,10.90,0.0218,true,1,32121
7290002447214,false,מח עצם,,,מח עצם,קילוגרמים,1.00,"ק""ג",true,,37.90,37.9000,false,1,19499
7290002447405,false,בקר טחון,,,בקר טחון,קילוגרמים,1.00,"ק""ג",true,,65.00,65.0000,false,1,19502
7290002447412,false,כבד עגל טרי לצליה בל,,,כבד עגל טרי לצליה בל,קילוגרמים,1.00,"ק""ג",true,,34.90,34.9000,false,1,19503
7290002447429,false,חזה עגל טרי,,,חזה עגל טרי,קילוגרמים,1.00,"ק""ג",true,,49.90,49.9000,true,1,19504
7290002447436,false,כתף עגל טרי,,,כתף עגל טרי,קילוגרמים,1.00,"ק""ג",true,,75.00,75.0000,false,1,19505
7290002447443,false,צלי כתף עגל,,,צלי כתף עגל,קילוגרמים,1.00,"ק""ג",true,,89.90,89.9000,false,1,19506
7290002447450,false,פילה מדומה לקדירה,,,פילה מדומה לקדירה,קילוגרמים,1.00,"ק""ג",true,,79.90,79.9000,false,1,9182
7290002447467,false,אסדו עגל טרי,,,אסדו עגל טרי,קילוגרמים,1.00,"ק""ג",true,,55.00,55.0000,false,1,19507
7290002447474,false,צוואר עגל טרי.,,,צוואר עגל טרי.,קילוגרמים,1.00,"ק""ג",true,,74.90,74.9000,false,1,19508
7290002447481,false,צא'ך עגל טרי,אדום אדום,,צא'ך עגל טרי,קילוגרמים,1.00,"ק""ג",true,,74.90,74.9000,false,1,19509
7290002447528,false,אווזית לקדירה,אדום אדום,,אווזית לקדירה,קילוגרמים,1.00,"ק""ג",true,,74.90,74.9000,false,1,19513
7290002447542,false,אנטריקוט עגל טרי,אדום אדום,,אנטריקוט עגל טרי,קילוגרמים,1.00,"ק""ג",true,,159.00,159.0000,false,1,9183
7290002447559,false,סינטה עגל טרי,אדום אדום,,סינטה עגל טרי,קילוגרמים,1.00,"ק""ג",true,,129.00,129.0000,false,1,9184
7290002447566,false,אוסובוקו עגל טרי,,,אוסובוקו עגל טרי,קילוגרמים,1.00,"ק""ג",true,,55.00,55.0000,false,1,19514
7290002447573,false,שייטל עגל טרי,אדום אדום,,שייטל עגל טרי,קילוגרמים,1.00,"ק""ג",true,,84.90,84.9000,false,1,19515
7290002447597,false,שריר הזרוע,,,שריר הזרוע,קילוגרמים,1.00,"ק""ג",true,,75.00,75.0000,true,1,19516
7290002447887,false,צוואר עם עצם,,,צוואר עם עצם,קילוגרמים,1.00,"ק""ג",true,,49.90,49.9000,false,1,19517
7290002447894,false,סטייק עם עצם,,,סטייק עם עצם,קילוגרמים,1.00,"ק""ג",true,,120.00,120.0000,false,1,19518
7290002447979,false,בשר כף טרי,אדום אדום,,בשר כף טרי,קילוגרמים,1.00,"ק""ג",true,,74.90,74.9000,false,1,19519
7290002460060,false,קמח לבן 1קג מן,מן,,קמח לבן 1קג מן,יחידה,1.00,יחידה,false,,3.90,3.9000,false,1,13695
7290002461562,false,מיני מרגז מעדני הטלה,,,מיני מרגז מעדני הטלה,גרמים,500.00,100 גרם,false,,22.90,0.0458,true,1,66743
7290002478157,false,רבעי פרגיות ממולאות,,,רבעי פרגיות ממולאות,קילוגרמים,1.00,"ק""ג",true,,51.90,51.9000,true,1,116043
7290002479109,false,"דבש 1 ק""ג עמק חפ",,,"דבש 1 ק""ג עמק חפ",יחידה,1.00,יחידה,false,,47.90,47.9000,true,1,61226
7290002479352,false,דבש עמק חפר טהור פרח,,,דבש עמק חפר טהור פרח,גרמים,350.00,100 גרם,false,,18.50,0.0529,true,1,41748
7290002479925,false,דבש טהור מפרחי בר עמ,,,דבש טהור מפרחי בר עמ,גרמים,350.00,100 גרם,false,,21.90,0.0626,true,1,42169
7290002488460,false,תמר מג'הול סופר עסיס,,,תמר מג'הול סופר עסיס,גרמים,500.00,100 גרם,false,,24.90,0.0498,true,1,189938
7290002502067,false,חלה רגילה קלועה,בונז'ור,,חלה רגילה קלועה,יחידה,0.00,יחידה,false,,9.90,0.0000,true,1,37146
7290002502203,false,בורקס גבינה,בונז'ור,,בורקס גבינה,קילוגרמים,1.00,"ק""ג",true,,42.00,42.0000,true,1,14368
7290002507451,false,קציצות סלמון לבישול,,,קציצות סלמון לבישול,גרמים,750.00,100 גרם,false,,31.90,0.0425,true,1,105199
7290002507604,false,פיצת השף מאיטליה 320,,,פיצת השף מאיטליה 320,גרמים,320.00,100 גרם,false,,14.90,0.0466,true,1,104919
7290002515333,false,קמיל פלוס 500,קמיל בלו,,קמיל פלוס 500,יחידה,500.00,יחידה,false,,17.90,0.0358,true,1,10748
7290002515371,false,קמיל בלו קלאסיק אל ס,קמיל בלו,,קמיל בלו קלאסיק אל ס,ליטרים,1.00,ליטר,false,,26.90,26.9000,true,1,10749
7290002517269,false,פלפל שחור שלם מיכל ק,תבליני טעם וריח,,פלפל שחור שלם מיכל ק,גרמים,35.00,100 גרם,false,,9.50,0.2714,true,1,26712
7290002517276,false,מיכל קטן פלפל אנגלי,תבליני טעם וריח,,מיכל קטן פלפל אנגלי,גרמים,25.00,100 גרם,false,,5.50,0.2200,true,1,25918
7290002517290,false,קינמון טחון מיכל קטן,תבליני טעם וריח,,קינמון טחון מיכל קטן,גרמים,40.00,100 גרם,false,,5.50,0.1375,true,1,25546
7290002517337,false,עשבי תיבול שקיות,תבליני טעם וריח,,עשבי תיבול שקיות,גרמים,30.00,100 גרם,false,,5.90,0.1967,true,1,13736
7290002517375,false,בזיליקום שקית 30 גר',תבליני טעם וריח,,בזיליקום שקית 30 גר',גרמים,30.00,100 גרם,false,,5.90,0.1967,true,1,29873
7290002517566,false,תערובת תיבול לדג,תבליני טעם וריח,,תערובת תיבול לדג,גרמים,80.00,100 גרם,false,,9.00,0.1125,true,1,23652
7290002517580,false,תערובת תיבול לעוף,תבליני טעם וריח,,תערובת תיבול לעוף,גרמים,80.00,100 גרם,false,,9.00,0.1125,true,1,23649
7290002517603,false,בזיליקום מיכל קטן,תבליני טעם וריח,,בזיליקום מיכל קטן,גרמים,10.00,100 גרם,false,,5.50,0.5500,true,1,26847
7290002517634,false,כוזברה במיכל,תבליני טעם וריח,,כוזברה במיכל,גרמים,30.00,100 גרם,false,,5.50,0.1833,true,1,27268
7290002517689,false,אבקת קרי במיכל,תבליני טעם וריח,,אבקת קרי במיכל,גרמים,40.00,100 גרם,false,,5.50,0.1375,true,1,26522
7290002517726,false,מקלות קינמון במיכל,תבליני טעם וריח,,מקלות קינמון במיכל,גרמים,15.00,100 גרם,false,,5.50,0.3667,true,1,27466
7290002517733,false,קצח מיכל קטן,תבליני טעם וריח,,קצח מיכל קטן,גרמים,40.00,100 גרם,false,,5.50,0.1375,true,1,25540
7290002517801,false,צ'ילי כתוש-חריף מיכל,תבליני טעם וריח,,צ'ילי כתוש-חריף מיכל,גרמים,30.00,100 גרם,false,,5.50,0.1833,true,1,25542
7290002517825,false,פלפל לבן טחון במיכל,תבליני טעם וריח,,פלפל לבן טחון במיכל,גרמים,40.00,100 גרם,false,,9.50,0.2375,true,1,27467
7290002517863,false,ציפורן טחון,תבליני טעם וריח,,ציפורן טחון,גרמים,40.00,100 גרם,false,,9.50,0.2375,true,1,26985
7290002542506,false,קורונה בירה בקבוק 35,,,קורונה בירה בקבוק 35,מיליליטרים,355.00,"100 מ""ל",false,,10.00,0.0282,true,1,39524
7290002542780,false,שישיה בירה סטלה בק',,,שישיה בירה סטלה בק',מיליליטרים,1980.00,"100 מ""ל",false,,29.90,0.0151,false,1,185792
7290002542841,false,שישיית בירה לף בלונד,,,שישיית בירה לף בלונד,ליטרים,1.98,ליטר,false,,44.90,22.6768,false,1,187161
7290002542865,false,שישיית בירה הוגרדן,,,שישיית בירה הוגרדן,ליטרים,1.98,ליטר,false,,44.90,22.6768,false,1,186795
7290002543046,false,דגני קלוגס פרוסטיס 7,קלוגס,,דגני קלוגס פרוסטיס 7,גרמים,750.00,100 גרם,false,,17.90,0.0239,false,1,8323
7290002543237,false,קורנפלקס קלוגס 750 ג,קלוגס,,קורנפלקס קלוגס 750 ג,גרמים,750.00,100 גרם,false,,13.90,0.0185,false,1,8331
7290002551003,false,טונה סטארקיסט בשמן 1,סטאר קיסט,,טונה סטארקיסט בשמן 1,גרמים,160.00,100 גרם,false,,6.60,0.0412,false,1,15903
7290002596523,false,סטייק אנטריקוט משובח,מעדני הטלה,,סטייק אנטריקוט משובח,קילוגרמים,1.00,"ק""ג",true,,84.90,84.9000,true,1,43792
7290002603634,false,פיצה משולש תפזורת,,,פיצה משולש תפזורת,גרמים,80.00,100 גרם,false,,2.40,0.0300,false,1,108686
7290002603689,false,מקלות פילו אקסטרא לא,,,מקלות פילו אקסטרא לא,גרמים,450.00,100 גרם,false,,21.00,0.0467,true,1,108404
7290002627210,false,גפילטע פיש צנצנת דלי,,,גפילטע פיש צנצנת דלי,גרמים,560.00,100 גרם,false,,10.90,0.0195,false,1,115761
7290002628064,false,טחון בקר בלדי קפוא 5,בלדי,,טחון בקר בלדי קפוא 5,גרמים,500.00,100 גרם,false,,19.90,0.0398,true,1,23362
7290002628248,false,שוקיים עוף קפוא בלדי,בלדי,,שוקיים עוף קפוא בלדי,קילוגרמים,1.00,"ק""ג",true,,31.90,31.9000,true,1,56470
7290002628255,false,כרעיים עוף קפוא בלדי,בלדי,,כרעיים עוף קפוא בלדי,קילוגרמים,1.00,"ק""ג",true,,28.90,28.9000,false,1,56471
7290002628293,false,טחון עוף בלדי 500 גר,בלדי,,טחון עוף בלדי 500 גר,גרמים,500.00,100 גרם,false,,9.90,0.0198,true,1,55801
7290002628453,false,פילה מדומה מס' 6 קפו,בלדי,,פילה מדומה מס' 6 קפו,קילוגרמים,1.00,"ק""ג",true,,49.90,49.9000,true,1,7420
7290002628484,false,כנפיים עוף קפוא בלדי,בלדי,,כנפיים עוף קפוא בלדי,קילוגרמים,1.00,"ק""ג",true,,13.90,13.9000,true,1,56472
7290002628989,false,נקניקיות מרגז 500 גר,בלדי,,נקניקיות מרגז 500 גר,גרמים,500.00,100 גרם,false,,23.90,0.0478,true,1,7424
7290002654667,false,תערובת לעוגת וני,,,תערובת לעוגת וני,גרמים,560.00,100 גרם,false,,12.90,0.0230,true,1,20439
7290002654674,false,תערובת לעוגת שוק,,,תערובת לעוגת שוק,גרמים,560.00,100 גרם,false,,12.90,0.0230,true,1,13985
7290002654681,false,כדורי שוקולד 500,,,כדורי שוקולד 500,גרמים,500.00,100 גרם,false,,13.50,0.0270,true,1,13986
7290002674221,false,אקווה פרש משאבה,אקווה פרש,,אקווה פרש משאבה,גרמים,100.00,100 גרם,false,,16.90,0.1690,true,1,14476
7290002680451,false,כבד פטם טרי ארוז,,,כבד פטם טרי ארוז,קילוגרמים,1.00,"ק""ג",true,,18.90,18.9000,true,1,80560
7290002680475,false,לב פטם טרי ארוז,,,לב פטם טרי ארוז,קילוגרמים,1.00,"ק""ג",true,,26.90,26.9000,false,1,112345
7290002688532,false,ירך הודו זכר,,,ירך הודו זכר,קילוגרמים,1.00,"ק""ג",true,,57.90,57.9000,false,1,27399
7290002692393,false,שמן קנולה ויטמין E,עץ הזית,,שמן קנולה ויטמין E,ליטרים,1.00,ליטר,false,,14.90,14.9000,false,1,18694
7290002692478,false,שמן זית כתית מעולה 7,עץ הזית,,שמן זית כתית מעולה 7,יחידה,750.00,יחידה,false,,29.90,0.0399,false,1,18699
7290002692768,false,תרסיס שמן קנולה,עץ הזית,,תרסיס שמן קנולה,יחידה,200.00,יחידה,false,,14.90,0.0745,false,1,33454
7290002692775,false,תרסיס שמן טעם חמאה,עץ הזית,,תרסיס שמן טעם חמאה,מיליליטרים,200.00,"100 מ""ל",false,,14.90,0.0745,false,1,113214
7290002692782,false,תרסיס שמן זית,עץ הזית,,תרסיס שמן זית,יחידה,200.00,יחידה,false,,14.90,0.0745,false,1,33456
7290002715375,false,קבב יווני 400,טיבון ויל,,קבב יווני 400,גרמים,400.00,100 גרם,false,,18.90,0.0472,false,1,17882
7290002715504,false,מרק מג'יק,מג'יק,,מרק מג'יק,מיליליטרים,70.00,"100 מ""ל",false,,5.00,0.0714,false,1,17884
7290002715511,false,מרק מג'יק,מג'יק,,מרק מג'יק,גרמים,70.00,100 גרם,false,,5.00,0.0714,false,1,17885
7290002715528,false,מרק מג'יק,מג'יק,,מרק מג'יק,גרמים,70.00,100 גרם,false,,5.00,0.0714,false,1,17886
7290002715580,false,מרק מגיק,מג'יק,,מרק מגיק,גרמים,70.00,100 גרם,false,,5.00,0.0714,false,1,17888
7290002730262,false,פלמוליב קריסטל,פלמוליב,,פלמוליב קריסטל,מיליליטרים,750.00,"100 מ""ל",false,,9.90,0.0132,false,1,7949
7290002730521,false,צמרונים 200יח,,,צמרונים 200יח,יחידה,0.00,יחידה,false,,5.90,0.0000,true,1,8105
7290002730675,false,משחת שיניים קולגייט,קולגייט,,משחת שיניים קולגייט,מיליליטרים,100.00,"100 מ""ל",false,,10.90,0.1090,false,1,7953
7290002730811,false,משחת שיניים קולגייט,קולגייט,,משחת שיניים קולגייט,מיליליטרים,100.00,"100 מ""ל",false,,11.90,0.1190,false,1,7954
7290002730903,false,סבון פלמוליב מוצ,פלמוליב,,סבון פלמוליב מוצ,גרמים,500.00,100 גרם,false,,17.00,0.0340,true,1,7956
7290002730941,false,בלונס צמר גפן,,,בלונס צמר גפן,גרמים,100.00,100 גרם,false,,5.90,0.0590,true,1,8109
7290002730958,false,סבון פלמוליב מוצ,פלמוליב,,סבון פלמוליב מוצ,גרמים,400.00,100 גרם,false,,17.00,0.0425,true,1,7959
7290002735007,false,בצק עלים ינון,,,בצק עלים ינון,יחידה,1.00,יחידה,false,,13.90,13.9000,true,1,35534
7290002735014,false,מלווח ינון,,,מלווח ינון,גרמים,800.00,100 גרם,false,,13.90,0.0174,true,1,19190
7290002735021,false,ג'חנון ינון,,,ג'חנון ינון,גרמים,750.00,100 גרם,false,,13.90,0.0185,true,1,19191
7290002735113,false,בורקס גבינה יינון,,,בורקס גבינה יינון,גרמים,800.00,100 גרם,false,,16.90,0.0211,true,1,30400
7290002735120,false,"בורקס תפו""א ינון 800",,,"בורקס תפו""א ינון 800",גרמים,800.00,100 גרם,false,,13.90,0.0174,true,1,30401
7290002735205,false,בורקס פיצביס ינון,,,בורקס פיצביס ינון,גרמים,800.00,100 גרם,false,,18.90,0.0236,true,1,104040
7290002735274,false,ג'חנון יינון אפוי 60,,,ג'חנון יינון אפוי 60,גרמים,600.00,100 גרם,false,,16.90,0.0282,true,1,23642
7290002735434,false,בורקס פטריות 800 גר,,,בורקס פטריות 800 גר,גרמים,800.00,100 גרם,false,,19.90,0.0249,true,1,105109
7290002735595,false,בצק פילאס יינון,,,בצק פילאס יינון,גרמים,600.00,100 גרם,false,,18.90,0.0315,true,1,115109
7290002752332,false,מנטוס פירות,פרפטי ואן מלה,,מנטוס פירות,גרמים,37.50,100 גרם,false,,2.90,0.0773,true,1,12733
7290002752349,false,מנטוס מנטה,פרפטי ואן מלה,,מנטוס מנטה,גרמים,37.50,100 גרם,false,,2.90,0.0773,true,1,12734
7290002753995,false,קישוטי שוקולד,,,קישוטי שוקולד,גרמים,150.00,100 גרם,false,,15.90,0.1060,true,1,12739
7290002757511,false,קציצות דג לבישול,דלידג,,קציצות דג לבישול,גרמים,750.00,100 גרם,false,,31.90,0.0425,true,1,35772
7290002757535,false,שלושת האופים בורקס פ,שלושת האופים,,שלושת האופים בורקס פ,גרמים,700.00,100 גרם,false,,19.90,0.0284,true,1,35850
7290002757542,false,איטריות קדאיף,,,איטריות קדאיף,גרמים,400.00,100 גרם,false,,19.90,0.0497,true,1,67167
7290002768036,false,תיאדנט מיפה ענק,,,תיאדנט מיפה ענק,מיליליטרים,150.00,"100 מ""ל",false,,17.90,0.1193,true,1,16791
7290002768074,false,דרמפון,,,דרמפון,ליטרים,1.00,ליטר,false,,15.90,15.9000,true,1,16793
7290002768159,false,בת אורן,,,בת אורן,מיליליטרים,500.00,"100 מ""ל",false,,15.90,0.0318,true,1,16794
7290002771104,false,קפה שחור אלנחלה 500,,,קפה שחור אלנחלה 500,גרמים,500.00,100 גרם,false,,29.90,0.0598,false,1,39702
7290002771111,false,קפה שחור אלנחלה עם ה,,,קפה שחור אלנחלה עם ה,גרמים,250.00,100 גרם,false,,14.90,0.0596,false,1,6836
7290002771128,false,קפה שחור אלנחלה 250,,,קפה שחור אלנחלה 250,גרמים,250.00,100 גרם,false,,14.90,0.0596,true,1,6837
7290002782131,false,דאוד'פנינה רוזנב,,,דאוד'פנינה רוזנב,מיליליטרים,150.00,"100 מ""ל",false,,22.90,0.1527,true,1,16279
7290002782735,false,דאו'לגבר פנינה,,,דאו'לגבר פנינה,מיליליטרים,80.00,"100 מ""ל",false,,15.90,0.1988,true,1,16280
7290002782742,false,דאו'פנינה ספריי,,,דאו'פנינה ספריי,מיליליטרים,150.00,"100 מ""ל",false,,15.90,0.1060,true,1,16281
7290002782759,false,קרם גוף פנינה,,,קרם גוף פנינה,מיליליטרים,400.00,"100 מ""ל",false,,22.90,0.0572,true,1,21040
7290002787891,false,מקלות פילו תרד 600 ג,,,מקלות פילו תרד 600 ג,גרמים,600.00,100 גרם,false,,19.90,0.0332,true,1,96308
7290002793311,false,מילוי גז לבלון 60ליט,,,מילוי גז לבלון 60ליט,יחידה,0.00,יחידה,false,,56.90,0.0000,false,1,39555
7290002800361,false,המבורגר מסעדות 500 ג,מעדני הטלה,,המבורגר מסעדות 500 ג,גרמים,500.00,100 גרם,false,,22.90,0.0458,true,1,43795
7290002808398,false,חומץ תפוחים 5%,,,חומץ תפוחים 5%,יחידה,473.00,יחידה,false,,8.90,0.0188,true,1,31167
7290002808527,false,חומץ תפוחים,,,חומץ תפוחים,ליטרים,1.00,ליטר,false,,13.90,13.9000,true,1,36029
7290002814016,false,מסיר שומנים,,,מסיר שומנים,מיליליטרים,750.00,"100 מ""ל",false,,14.90,0.0199,false,1,13301
7290002814023,false,מבריק אסלות אסלונית,,,מבריק אסלות אסלונית,מיליליטרים,750.00,"100 מ""ל",false,,7.90,0.0105,true,1,95495
7290002814054,false,אנטרטיק במתז 1 ליטר,,,אנטרטיק במתז 1 ליטר,ליטרים,1.00,ליטר,false,,9.90,9.9000,true,1,114683
7290002814061,false,סיליקון חלונות,,,סיליקון חלונות,מיליליטרים,750.00,"100 מ""ל",false,,11.00,0.0147,false,1,13302
7290002814078,false,אנטרטיק אסלות,,,אנטרטיק אסלות,ליטרים,1.00,ליטר,false,,7.90,7.9000,true,1,13303
7290002814283,false,מטהר אוויר למכשיר או,,,מטהר אוויר למכשיר או,מיליליטרים,250.00,"100 מ""ל",false,,9.90,0.0396,true,1,188932
7290002814290,false,קצף מרוכז אקונומיקה,,,קצף מרוכז אקונומיקה,ליטרים,1.00,ליטר,false,,9.90,9.9000,true,1,186946
7290002814337,false,אבקת כביסה פרפקטו 6,,,אבקת כביסה פרפקטו 6,יחידה,6.00,יחידה,false,,35.00,5.8333,true,1,42981
7290002814412,false,נוזל כלים 1.5 ליטר ל,,,נוזל כלים 1.5 ליטר ל,ליטרים,1.50,ליטר,false,,9.90,6.6000,true,1,105372
7290002814436,false,נוזל כלים 1.5 ליטר ל,,,נוזל כלים 1.5 ליטר ל,ליטרים,1.50,ליטר,false,,9.90,6.6000,true,1,105375
7290002814542,false,אשפתון סנט מוריץ 90*,,,אשפתון סנט מוריץ 90*,יחידה,0.00,יחידה,false,,9.90,0.0000,true,1,120931
7290002814597,false,טורנדו נוזל לפתיחת ס,,,טורנדו נוזל לפתיחת ס,ליטרים,1.00,ליטר,false,,13.90,13.9000,true,1,102859
7290002814603,false,מסיר שומנים מבושם 75,,,מסיר שומנים מבושם 75,מיליליטרים,750.00,"100 מ""ל",false,,11.90,0.0159,false,1,107097
7290002814665,false,מסיר עובש 1 ליטר סנט,,,מסיר עובש 1 ליטר סנט,ליטרים,1.00,ליטר,false,,9.90,9.9000,true,1,126613
7290002814719,false,נוזל רצפות 4 ליטר מא,,,נוזל רצפות 4 ליטר מא,ליטרים,4.00,ליטר,false,,14.90,3.7250,true,1,30536
7290002814849,false,סבון אסלה מרוכז כחול,,,סבון אסלה מרוכז כחול,יחידה,0.00,יחידה,false,,9.90,0.0000,true,1,123025
7290002814870,false,מסיר שומנים בניחוח פ,,,מסיר שומנים בניחוח פ,מיליליטרים,750.00,"100 מ""ל",false,,11.90,0.0159,true,1,113503
7290002814894,false,אקונומיקה קצף ניקוי,,,אקונומיקה קצף ניקוי,ליטרים,1.00,ליטר,false,,9.90,9.9000,true,1,120177
7290002814917,false,נוזל לניקוי רצפות 4,,,נוזל לניקוי רצפות 4,ליטרים,4.00,ליטר,false,,13.90,3.4750,true,1,69181
7290002814931,false,סנט מוריץ לרצפות,,,סנט מוריץ לרצפות,ליטרים,4.00,ליטר,false,,14.90,3.7250,true,1,13316
7290002814948,false,מגבונים לריצפה 50 יח,,,מגבונים לריצפה 50 יח,יחידה,0.00,יחידה,false,,29.90,0.0000,true,1,190398
7290002814986,false,מגבונים לניקוי כללי,,,מגבונים לניקוי כללי,יחידה,0.00,יחידה,false,,21.90,0.0000,true,1,190036
7290002824183,false,גבינת סקי 5% 500 גרם,שטראוס,,גבינת סקי 5% 500 גרם,גרמים,500.00,100 גרם,false,,9.50,0.0190,false,1,7517
7290002824466,false,דנונה טבעי 0%,שטראוס דנונה,,דנונה טבעי 0%,מיליליטרים,200.00,"100 מ""ל",false,,3.50,0.0175,true,1,7518
7290002824640,false,גבינה סקי 5%,שטראוס,,גבינה סקי 5%,גרמים,250.00,100 גרם,false,,4.75,0.0190,false,1,7520
7290002830184,false,פילה לברק 7-9,,,פילה לברק 7-9,קילוגרמים,1.00,"ק""ג",true,,51.90,51.9000,true,1,63398
7290002830948,false,מון בלאן עיזים 30% -,,,מון בלאן עיזים 30% -,גרמים,120.00,100 גרם,false,,11.90,0.0992,true,1,40802
7290002842293,false,סרדינים בשמן חמניות,,,סרדינים בשמן חמניות,גרמים,120.00,100 גרם,false,,6.20,0.0517,true,1,10866
7290002842309,false,סרדינים מינרבה בשמן,,,סרדינים מינרבה בשמן,גרמים,82.00,100 גרם,false,,6.20,0.0756,true,1,10867
7290002842699,false,מיץ שזיפים יולה ללא,,,מיץ שזיפים יולה ללא,מיליליטרים,946.00,"100 מ""ל",false,,19.90,0.0210,true,1,121723
7290002859512,false,חזה אווז קפוא,,,חזה אווז קפוא,קילוגרמים,1.00,"ק""ג",true,,165.00,165.0000,false,1,70774
7290002868996,false,קוט'ג ביו 5% טרה,טרה,,קוט'ג ביו 5% טרה,גרמים,250.00,100 גרם,false,,5.90,0.0236,false,1,5745
7290002871248,false,טובורג בירה בקבוק 50,טובורג,,טובורג בירה בקבוק 50,מיליליטרים,500.00,"100 מ""ל",false,,7.60,0.0152,false,1,5746
7290002871361,false,קרלסברג בירה בקבוק 5,קרלסברג,,קרלסברג בירה בקבוק 5,מיליליטרים,500.00,"100 מ""ל",false,,7.60,0.0152,false,1,5747
7290002879299,false,מלפפונים כבושים,,,מלפפונים כבושים,גרמים,860.00,100 גרם,false,,18.90,0.0220,true,1,100932
7290002879305,false,מלפפונים קטנים ב,,,מלפפונים קטנים ב,גרמים,680.00,100 גרם,false,,19.90,0.0293,true,1,100933
7290002881209,false,"רסק תפו""ע 720 גר'",,,"רסק תפו""ע 720 גר'",גרמים,720.00,100 גרם,false,,10.90,0.0151,true,1,68025
7290002881216,false,"רסק תפו""ע דיאט 720 ג",,,"רסק תפו""ע דיאט 720 ג",גרמים,720.00,100 גרם,false,,10.90,0.0151,true,1,68026
7290002881551,false,תומר-עלי גפן ממולאים,,,תומר-עלי גפן ממולאים,גרמים,345.00,100 גרם,false,,7.50,0.0217,true,1,68526
7290002900313,false,פסטרמה ספרדית טירת צ,טירת צבי,,פסטרמה ספרדית טירת צ,קילוגרמים,1.00,"ק""ג",true,,84.90,84.9000,false,1,9196
7290002900566,false,פסטרמה ברביקיו טירת,טירת צבי,,פסטרמה ברביקיו טירת,גרמים,360.00,100 גרם,false,,31.90,0.0886,true,1,9206
7290002909576,false,בשר בקר טחון לקציצות,בלדי,,בשר בקר טחון לקציצות,גרמים,500.00,100 גרם,false,,19.90,0.0398,true,1,96948
7290002909804,false,פילה בקלה ללא עור,,,פילה בקלה ללא עור,קילוגרמים,1.00,"ק""ג",true,,34.90,34.9000,true,1,101713
7290002911036,false,דבש חורש 500 גרם,,,דבש חורש 500 גרם,גרמים,500.00,100 גרם,false,,22.90,0.0458,true,1,13164
7290002911043,false,"דבש חורש 1 ק""ג",,,"דבש חורש 1 ק""ג",קילוגרמים,1.00,"ק""ג",false,,41.90,41.9000,true,1,13165
7290002921332,false,סבון אסטוניש,יעקובי אסטוניש,,סבון אסטוניש,גרמים,75.00,100 גרם,false,,15.90,0.2120,true,1,13756
7290002921349,false,סופר גלו,יעקובי סופר גלו,,סופר גלו,יחידה,0.00,יחידה,false,,13.90,0.0000,true,1,13757
7290002929512,false,כדורי פלאפל 500 גר,שלושת האופים,,כדורי פלאפל 500 גר,גרמים,500.00,100 גרם,false,,12.90,0.0258,true,1,95322
7290002929536,false,קובה למרק 600 גר,שלושת האופים,,קובה למרק 600 גר,גרמים,600.00,גרם,false,,12.90,0.0215,true,1,95324
7290002929642,false,טונה ויליגר בשמן 4*1,ויליגר,,טונה ויליגר בשמן 4*1,גרמים,560.00,100 גרם,false,,18.90,0.0337,false,1,69576
7290002946700,false,מצית פחם נוזלי,,,מצית פחם נוזלי,יחידה,0.00,יחידה,false,,11.90,0.0000,true,1,29902
7290002954187,false,אורז יסמין 5קג,,,אורז יסמין 5קג,קילוגרמים,5.00,"ק""ג",false,,42.90,8.5800,true,1,56133
7290002970446,false,אינגליש ניר קטן בחבק,,,אינגליש ניר קטן בחבק,יחידה,0.00,יחידה,false,,4.90,0.0000,true,1,189006
7290002977193,false,"קמח כוסמין מלא 1 ק""ג",,,"קמח כוסמין מלא 1 ק""ג",קילוגרמים,1.00,"ק""ג",false,,13.90,13.9000,true,1,103786
7290002977377,false,קמח כוסמין לבן,,,קמח כוסמין לבן,קילוגרמים,1.00,"ק""ג",false,,16.90,16.9000,true,1,123005
7290002987963,false,"חומוס אחלה 1 ק""ג",אחלה,,"חומוס אחלה 1 ק""ג",קילוגרמים,1.00,"100 ק""ג",false,,13.90,13.9000,false,1,7525
7290002994329,false,לחם אחיד פרוס אגמי,,,לחם אחיד פרוס אגמי,גרמים,750.00,100 גרם,false,,6.90,0.0092,false,1,19958
7290002994794,false,חלה קלה אגמי,,,חלה קלה אגמי,גרמים,500.00,100 גרם,false,,13.90,0.0278,true,1,106364
7290003009183,false,סירופ דיאט תפוחים 75,פריגת,,סירופ דיאט תפוחים 75,יחידה,750.00,יחידה,false,,22.90,0.0305,true,1,5759
7290003009312,false,בוטן קלוי 200 גר,קליית גת,,בוטן קלוי 200 גר,גרמים,200.00,100 גרם,false,,6.90,0.0345,true,1,12740
7290003009329,false,בוטן אמריקאי 200,קליית גת,,בוטן אמריקאי 200,גרמים,200.00,100 גרם,false,,5.90,0.0295,true,1,12741
7290003009336,false,קבוקים גת 200 גר,קליית גת,,קבוקים גת 200 גר,גרמים,200.00,100 גרם,false,,5.90,0.0295,true,1,12742
7290003009596,false,סירופ דיאט אשכוליות,פריגת,,סירופ דיאט אשכוליות,יחידה,750.00,יחידה,false,,22.90,0.0305,false,1,5768
7290003009640,false,פריגת סחוט תפוז 1 לי,פריגת,,פריגת סחוט תפוז 1 לי,ליטרים,1.00,ליטר,false,,16.00,16.0000,false,1,5773
7290003015627,false,ריצפז פרש אפרסק 2ל',סנו ריצפז,,ריצפז פרש אפרסק 2ל',ליטרים,2.00,ליטר,false,,17.90,8.9500,false,1,22153
7290003015634,false,ריצפז פרש פסיפלורה 2,סנו ריצפז,,ריצפז פרש פסיפלורה 2,ליטרים,2.00,ליטר,false,,17.90,8.9500,false,1,22154
7290003015641,false,ריצפז פרש יסמין 2 לי,סנו ריצפז,,ריצפז פרש יסמין 2 לי,ליטרים,2.00,ליטר,false,,17.90,8.9500,false,1,22559
7290003026036,false,קמיל בלו סנסיטיב ורו,קמיל בלו,,קמיל בלו סנסיטיב ורו,ליטרים,1.00,ליטר,false,,29.90,29.9000,true,1,10753
7290003026227,false,קמיל בלו שמפו סנסיטי,קמיל בלו,,קמיל בלו שמפו סנסיטי,ליטרים,1.00,ליטר,false,,29.90,29.9000,true,1,10755
7290003026234,false,קמיל תחליב לתינוק הי,קמיל בלו,,קמיל תחליב לתינוק הי,יחידה,500.00,יחידה,false,,29.90,0.0598,true,1,10756
7290003029181,false,שוקו 2% - 1 ליטר,יטבתה,,שוקו 2% - 1 ליטר,ליטרים,1.00,ליטר,false,,11.80,11.8000,false,1,7531
7290003029372,false,משקה חלב בננה 2% - 1,יטבתה,,משקה חלב בננה 2% - 1,ליטרים,1.00,ליטר,false,,11.80,11.8000,false,1,7536
7290003029389,false,משקה חלב בננה 2%,יטבתה,,משקה חלב בננה 2%,מיליליטרים,250.00,"100 מ""ל",false,,5.20,0.0208,true,1,7537
7290003029433,false,שוקו יטבתה בקבוק 2%,יטבתה,,שוקו יטבתה בקבוק 2%,מיליליטרים,250.00,"100 מ""ל",false,,5.20,0.0208,true,1,7541
7290003029532,false,מוקה יטבתה 2% - 1 לי,יטבתה,,מוקה יטבתה 2% - 1 לי,ליטרים,1.00,ליטר,false,,11.80,11.8000,false,1,7544
7290003029617,false,שמנת מנה אישית 15%,יטבתה,,שמנת מנה אישית 15%,מיליליטרים,125.00,"100 מ""ל",false,,1.90,0.0152,false,1,34903
7290003029792,false,שוקו מארז שמינייה 2%,יטבתה,,שוקו מארז שמינייה 2%,ליטרים,1.80,ליטר,false,,19.90,11.0556,false,1,7551
7290003029815,false,חלב יטבתה 3% - 2 ליט,יטבתה,,חלב יטבתה 3% - 2 ליט,ליטרים,2.00,ליטר,false,,15.20,7.6000,false,1,7553
7290003029907,false,קפה יטבתה 2% 1 ליטר,יטבתה,,קפה יטבתה 2% 1 ליטר,ליטרים,1.00,ליטר,false,,11.80,11.8000,false,1,19366
7290003047642,false,תה ליפטון ילו לי,ליפטון,,תה ליפטון ילו לי,גרמים,150.00,100 גרם,false,,12.90,0.0860,false,1,12289
7290003054657,false,חרדל דיזו'ן 350 גרם,ריין דה דיג'ון,,חרדל דיזו'ן 350 גרם,גרמים,350.00,100 גרם,false,,10.90,0.0311,true,1,10908
7290003069583,false,סטייק סלמון נורווגי,דלידג,,סטייק סלמון נורווגי,קילוגרמים,1.00,"ק""ג",true,,69.90,69.9000,true,1,56300
7290003069590,false,סול ארוז,דלידג,,סול ארוז,יחידה,1.00,יחידה,false,,37.90,37.9000,true,1,42393
7290003072804,false,פסטרמה של פעם 200 גר,טירת צבי,,פסטרמה של פעם 200 גר,גרמים,200.00,100 גרם,false,,24.90,0.1245,true,1,116037
7290003072859,false,רוסטביף 120 גר' טירת,טירת צבי,,רוסטביף 120 גר' טירת,גרמים,120.00,100 גרם,false,,26.90,0.2242,true,1,118484
7290003109265,false,עוגיות מרוקאיות.,,,עוגיות מרוקאיות.,גרמים,500.00,100 גרם,false,,16.90,0.0338,true,1,18382
7290003121083,false,מג'יק בשר שקית,מג'יק,,מג'יק בשר שקית,גרמים,85.00,100 גרם,false,,2.70,0.0318,true,1,17896
7290003121090,false,מג'יק ירקות שקית,מג'יק,,מג'יק ירקות שקית,גרמים,85.00,100 גרם,false,,2.70,0.0318,false,1,17897
7290003121106,false,מג'יק עוף שקית,מג'יק,,מג'יק עוף שקית,גרמים,85.00,100 גרם,false,,2.70,0.0318,true,1,17898
7290003126712,false,יוגורט עיזים מחלב מל,משק צוריאל,,יוגורט עיזים מחלב מל,מיליליטרים,140.00,"100 מ""ל",false,,6.20,0.0443,true,1,26603
7290003126958,false,טופו צוריאל 9%,משק צוריאל,,טופו צוריאל 9%,גרמים,300.00,100 גרם,false,,12.00,0.0400,true,1,13025
7290003133123,false,לחם רוסי זהב עגול דו,מאפיית דוידוביץ ובני,,לחם רוסי זהב עגול דו,גרמים,750.00,100 גרם,false,,11.90,0.0159,true,1,13192
7290003133505,false,לחם שיפונטו,מאפיית דוידוביץ ובני,,לחם שיפונטו,גרמים,750.00,100 גרם,false,,15.90,0.0212,true,1,13194
7290003137343,false,שניצל הודו טרי,,,שניצל הודו טרי,קילוגרמים,1.00,"ק""ג",true,,34.90,34.9000,false,1,106382
7290003141159,false,מרשמלו יוגטה,,,מרשמלו יוגטה,יחידה,0.00,יחידה,false,,8.50,0.0000,true,1,61194
7290003142422,false,גרעיני חמניה ללא מלח,קליית גת,,גרעיני חמניה ללא מלח,גרמים,180.00,100 גרם,false,,6.00,0.0333,true,1,55738
7290003142477,false,ערמונים קלופים וקלוי,קליית גת,,ערמונים קלופים וקלוי,גרמים,100.00,100 גרם,false,,6.40,0.0640,true,1,60059
7290003143146,false,ממרח תמרים קליית גת,קליית גת,,ממרח תמרים קליית גת,גרמים,450.00,100 גרם,false,,6.00,0.0133,true,1,57258
7290003143276,false,מרשמלו רול 180 גר' י,,,מרשמלו רול 180 גר' י,גרמים,180.00,100 גרם,false,,8.50,0.0472,true,1,65163
7290003143573,false,מארז 3 שקיות קואדרטי,לואקר,,מארז 3 שקיות קואדרטי,גרמים,750.00,100 גרם,false,,37.90,0.0505,true,1,96470
7290003144310,false,תערובת אגוזים וחמוצי,קליית גת,,תערובת אגוזים וחמוצי,גרמים,150.00,100 גרם,false,,16.50,0.1100,true,1,96973
7290003145751,false,קשיו קלוי 200 גר',,,קשיו קלוי 200 גר',גרמים,200.00,100 גרם,false,,18.00,0.0900,true,1,34301
7290003145782,false,צנובר טבעי 100ג',קליית גת,,צנובר טבעי 100ג',גרמים,100.00,100 גרם,false,,23.90,0.2390,true,1,37445
7290003145959,false,פקאן טבעי 150גר גת,קליית גת,,פקאן טבעי 150גר גת,גרמים,150.00,100 גרם,false,,18.90,0.1260,true,1,31606
7290003185719,false,קבב רומני 400 גר,טיבון ויל,,קבב רומני 400 גר,גרמים,500.00,100 גרם,false,,18.90,0.0378,false,1,17902
7290003185726,false,קבב מזרחי 500 גר',טיבון ויל,,קבב מזרחי 500 גר',גרמים,500.00,100 גרם,false,,18.90,0.0378,false,1,17903
7290003189045,false,גבינה צהובה הולנדית,,,גבינה צהובה הולנדית,קילוגרמים,1.00,"ק""ג",true,,38.90,38.9000,true,1,60247
7290003189199,false,גבינה מקסיקנית,,,גבינה מקסיקנית,קילוגרמים,1.00,"ק""ג",true,,41.90,41.9000,true,1,27710
7290003189274,false,גבינה מעושנת,,,גבינה מעושנת,קילוגרמים,1.00,"ק""ג",true,,41.90,41.9000,true,1,18211
7290003222070,false,פיתות 13 יח',,,פיתות 13 יח',יחידה,0.00,יחידה,false,,11.90,0.0000,true,1,103874
7290003222094,false,פיתה ביס,,,פיתה ביס,יחידה,0.00,יחידה,false,,11.90,0.0000,true,1,100708
7290003222568,false,פיתות המכבים 5,,,פיתות המכבים 5,גרמים,500.00,100 גרם,false,,4.50,0.0090,true,1,19976
7290003224036,false,אוכמניות כחולות 300,מאמא מרי,,אוכמניות כחולות 300,גרמים,700.00,100 גרם,false,,16.90,0.0241,true,1,36430
7290003224128,false,"כיסונים תפו""א",מאמא מרי,,"כיסונים תפו""א",גרמים,800.00,100 גרם,false,,17.90,0.0224,true,1,13157
7290003224135,false,כיסונים בשר 800 גר,,,כיסונים בשר 800 גר,גרמים,800.00,100 גרם,false,,21.90,0.0274,true,1,120385
7290003224159,false,בלינצ'ס בשר 7 יח',מאמא מרי,,בלינצ'ס בשר 7 יח',גרמים,700.00,100 גרם,false,,18.90,0.0270,true,1,28605
7290003224173,false,בלינצ'ס פטריות,,,בלינצ'ס פטריות,גרמים,700.00,100 גרם,false,,15.90,0.0227,true,1,62224
7290003224265,false,קרפלך במילוי בשר בקר,,,קרפלך במילוי בשר בקר,גרמים,800.00,100 גרם,false,,26.90,0.0336,true,1,123799
7290003224333,false,דבדבן חמוץ 300 גר,מאמא מרי,,דבדבן חמוץ 300 גר,גרמים,300.00,100 גרם,false,,10.90,0.0363,true,1,20211
7290003224340,false,חמוציות קפואות,מאמא מרי,,חמוציות קפואות,גרמים,300.00,100 גרם,false,,17.90,0.0597,true,1,27088
7290003224456,false,כיסוני בשר סיבירסקי,מאמא מרי,,כיסוני בשר סיבירסקי,קילוגרמים,1.00,"ק""ג",false,,26.90,26.9000,true,1,13160
7290003224623,false,כיסוני גבינה מתוקה ט,,,כיסוני גבינה מתוקה ט,יחידה,0.00,יחידה,false,,19.90,0.0000,true,1,189022
7290003224654,false,מיקס פירות יער קפוא,מאמא מרי,,מיקס פירות יער קפוא,גרמים,300.00,100 גרם,false,,11.90,0.0397,true,1,20213
7290003224708,false,בלינצ'ס גבינה מאמא מ,מאמא מרי,,בלינצ'ס גבינה מאמא מ,גרמים,400.00,100 גרם,false,,19.90,0.0497,true,1,150734
7290003224784,false,בלינצ'ס עם דובדבנים,מאמא מרי,,בלינצ'ס עם דובדבנים,גרמים,700.00,100 גרם,false,,16.90,0.0241,true,1,34572
7290003224845,false,"כיסונים תפו""א ופטריו",,,"כיסונים תפו""א ופטריו",גרמים,800.00,100 גרם,false,,18.90,0.0236,true,1,187732
7290003227402,false,קרם גוף מיד נייט,,,קרם גוף מיד נייט,מיליליטרים,400.00,"100 מ""ל",false,,28.90,0.0722,true,1,21835
7290003229109,false,פסטרמה בפפריקה,טירת צבי,,פסטרמה בפפריקה,גרמים,400.00,100 גרם,false,,31.90,0.0797,true,1,9207
7290003229116,false,פסטרמה בדבש טירת,טירת צבי,,פסטרמה בדבש טירת,גרמים,400.00,100 גרם,false,,31.90,0.0797,true,1,9208
7290003229123,false,פסטרמה גחלים טיר,טירת צבי,,פסטרמה גחלים טיר,גרמים,400.00,100 גרם,false,,31.90,0.0797,true,1,9209
7290003229147,false,סלמי איטלקי 300,טירת צבי,,סלמי איטלקי 300,גרמים,300.00,100 גרם,false,,31.90,0.1063,true,1,9211
7290003229154,false,סלמי קוניאק 300,טירת צבי,,סלמי קוניאק 300,גרמים,300.00,100 גרם,false,,31.90,0.1063,true,1,9212
7290003229192,false,א.מ. כתף בקר מעושן 4,,,א.מ. כתף בקר מעושן 4,גרמים,400.00,100 גרם,false,,31.90,0.0797,true,1,9216
7290003229222,false,סלמי תה טירת צבי,טירת צבי,,סלמי תה טירת צבי,גרמים,300.00,100 גרם,false,,23.90,0.0797,true,1,40853
7290003258406,false,ווקס לשיער ברילנ,,,ווקס לשיער ברילנ,מיליליטרים,100.00,"100 מ""ל",false,,14.90,0.1490,true,1,21041
7290003268252,false,לחם חיטה מלא ללא גרע,דגנית עין בר,,לחם חיטה מלא ללא גרע,גרמים,750.00,100 גרם,false,,13.90,0.0185,false,1,96113
7290003287055,false,שיפודי פרגיות בלדי ק,בלדי,,שיפודי פרגיות בלדי ק,גרמים,500.00,100 גרם,false,,42.90,0.0858,true,1,56205
7290003287215,false,גולש בקר קפוא ארוז-,בלדי,,גולש בקר קפוא ארוז-,גרמים,800.00,100 גרם,false,,34.90,0.0436,false,1,56097
7290003287253,false,מרגז בלדי קצביה ארוז,בלדי,,מרגז בלדי קצביה ארוז,גרמים,500.00,100 גרם,false,,26.90,0.0538,true,1,56908
7290003287284,false,קבב ביתי קצביה ארוז,בלדי,,קבב ביתי קצביה ארוז,גרמים,600.00,100 גרם,false,,26.90,0.0448,false,1,56897
7290003287291,false,קבב טלה וצנובר בלדי,בלדי,,קבב טלה וצנובר בלדי,גרמים,600.00,100 גרם,false,,26.90,0.0448,false,1,57181
7290003287307,false,קבב רומני קצביה 600,בלדי,,קבב רומני קצביה 600,גרמים,600.00,100 גרם,false,,26.90,0.0448,false,1,57342
7290003287314,false,קבב על מקל קינמון קצ,בלדי,,קבב על מקל קינמון קצ,גרמים,520.00,100 גרם,false,,26.90,0.0517,true,1,109075
7290003287956,false,פילה לברק 5-7 בוואקו,,,פילה לברק 5-7 בוואקו,קילוגרמים,1.00,"ק""ג",true,,43.90,43.9000,true,1,68837
7290003318100,false,וופל שוקולד 200,מנעמים,,וופל שוקולד 200,גרמים,250.00,100 גרם,false,,3.50,0.0140,false,1,8938
7290003318131,false,ופל מנעמים אגוזים,מנעמים,,ופל מנעמים אגוזים,גרמים,200.00,100 גרם,false,,3.50,0.0175,false,1,36527
7290003318155,false,וופל לימון 200 גר,מנעמים,,וופל לימון 200 גר,גרמים,250.00,100 גרם,false,,3.50,0.0140,false,1,8939
7290003319138,false,גפילטע פיש צנצנת,,,גפילטע פיש צנצנת,גרמים,330.00,100 גרם,false,,17.90,0.0542,true,1,22584
7290003321155,false,דנונה קראנצ' שבבי פק,שטראוס דנונה,,דנונה קראנצ' שבבי פק,מיליליטרים,175.00,"100 מ""ל",false,,4.60,0.0263,false,1,7555
7290003321292,false,סקי 9%,שטראוס,,סקי 9%,גרמים,250.00,100 גרם,false,,4.75,0.0190,false,1,7556
7290003387205,false,ספיד סטיק,ספיד סטיק,,ספיד סטיק,גרמים,63.00,100 גרם,false,,19.90,0.3159,false,1,7961
7290003387410,false,בלונס מסיר איפור שלש,,,בלונס מסיר איפור שלש,יחידה,0.00,יחידה,false,,21.90,0.0000,true,1,36646
7290003400500,false,חטיף נאטרייג'ס קרמל,,,חטיף נאטרייג'ס קרמל,גרמים,47.00,100 גרם,false,,4.50,0.0957,true,1,65502
7290003401420,false,קרם לחות ועיצוב לשיע,נטורל פורמולה,,קרם לחות ועיצוב לשיע,מיליליטרים,400.00,"100 מ""ל",false,,22.90,0.0572,true,1,16800
7290003402809,false,ריזס לבן 39 גר',,,ריזס לבן 39 גר',גרמים,39.00,100 גרם,false,,3.60,0.0923,true,1,114021
7290003411054,false,שקיות לצליה גדול- 5,הנמל,,שקיות לצליה גדול- 5,יחידה,0.00,יחידה,false,,4.60,0.0000,true,1,17530
7290003411238,false,שמרים נמסים 450,הנמל,,שמרים נמסים 450,גרמים,500.00,100 גרם,false,,14.60,0.0292,true,1,17533
7290003411313,false,מפות חד פעמי,הנמל,,מפות חד פעמי,גרמים,100.00,100 גרם,false,,6.50,0.0650,false,1,35600
7290003411399,false,פירורי לחם זהב,הנמל,,פירורי לחם זהב,גרמים,200.00,100 גרם,false,,3.90,0.0195,true,1,17536
7290003411405,false,נר נשמה 24 שעות בפח,,,נר נשמה 24 שעות בפח,יחידה,0.00,יחידה,false,,1.80,0.0000,true,1,103863
7290003411528,false,מלית קינמון,פוליבה,,מלית קינמון,גרמים,450.00,100 גרם,false,,11.50,0.0256,true,1,17540
7290003411566,false,קיסמי אזניים 200 יח,,,קיסמי אזניים 200 יח,יחידה,0.00,יחידה,false,,2.30,0.0000,true,1,105197
7290003411573,false,צלחות עמוקות- 30 יח',הנמל,,צלחות עמוקות- 30 יח',יחידה,0.00,יחידה,false,,16.90,0.0000,true,1,17541
7290003411689,false,צלחות ליפתן 25 יח',הנמל,,צלחות ליפתן 25 יח',יחידה,0.00,יחידה,false,,4.80,0.0000,true,1,17542
7290003411696,false,סט מרקיות 25 יח,הנמל,,סט מרקיות 25 יח,יחידה,0.00,יחידה,false,,8.90,0.0000,true,1,17543
7290003411702,false,חומוס ענק,הנמל,,חומוס ענק,גרמים,500.00,100 גרם,false,,8.90,0.0178,true,1,17544
7290003411726,false,קיסמי שיניים הנמ,הנמל,,קיסמי שיניים הנמ,יחידה,0.00,יחידה,false,,3.50,0.0000,true,1,17545
7290003411948,false,צמר גפן 100 גר הנמל,הנמל,,צמר גפן 100 גר הנמל,גרמים,100.00,100 גרם,false,,4.50,0.0450,true,1,62699
7290003411993,false,גפרורים,,,גפרורים,יחידה,0.00,יחידה,false,,2.60,0.0000,true,1,37116
7290003414406,false,ריזס נטיפים לאפייה,,,ריזס נטיפים לאפייה,גרמים,283.00,100 גרם,false,,13.90,0.0491,true,1,94920
7290003423909,false,חטיף קוקיז אנד קרים,,,חטיף קוקיז אנד קרים,יחידה,0.00,יחידה,false,,4.50,0.0000,true,1,65498
7290003427154,false,"שמן זית זיתא 750 מ""ל",זיתא,,"שמן זית זיתא 750 מ""ל",יחידה,750.00,יחידה,false,,32.90,0.0439,false,1,10221
7290003438006,false,ממרח פסטו,אוליביה,,ממרח פסטו,גרמים,190.00,100 גרם,false,,13.90,0.0732,true,1,8577
7290003438013,false,ממרח זיתים,אוליביה,,ממרח זיתים,גרמים,190.00,100 גרם,false,,13.90,0.0732,true,1,8578
7290003438020,false,ממרח עגבניות,אוליביה,,ממרח עגבניות,גרמים,190.00,100 גרם,false,,13.90,0.0732,true,1,8579
7290003438990,false,עיטורי עגבניות מיובש,אוליביה,,עיטורי עגבניות מיובש,גרמים,220.00,100 גרם,false,,19.90,0.0905,true,1,8588
7290003444009,false,ריזס שוקולד חלב הרשי,,,ריזס שוקולד חלב הרשי,גרמים,42.00,100 גרם,false,,3.60,0.0857,true,1,65504
7290003450602,false,חרדל אמיתי היינץ,היינץ,,חרדל אמיתי היינץ,גרמים,255.00,100 גרם,false,,9.90,0.0388,true,1,15926
7290003457991,false,מאגדת קורנטו קלאסיק,שטראוס,,מאגדת קורנטו קלאסיק,יח',6.00,יח',false,,33.90,5.6500,true,1,7820
7290003470433,false,פרג 200  גר',,,פרג 200  גר',גרמים,100.00,100 גרם,false,,7.90,0.0790,true,1,113394
7290003475124,false,צמר גפן עננים 100 גר,,,צמר גפן עננים 100 גר,גרמים,100.00,100 גרם,false,,5.90,0.0590,true,1,27470
7290003514007,false,שקדי מרק מנה,,,שקדי מרק מנה,גרמים,400.00,100 גרם,false,,8.90,0.0223,false,1,34758
7290003521074,false,מרכך סרקל,סרקל,,מרכך סרקל,ליטרים,1.00,ליטר,false,,27.90,27.9000,true,1,10759
7290003521081,false,סרקל שמפו 1 ליטר,סרקל,,סרקל שמפו 1 ליטר,ליטרים,1.00,ליטר,false,,27.90,27.9000,true,1,10760
7290003521166,false,סרקל קרם שיער רו,סרקל,,סרקל קרם שיער רו,גרמים,325.00,100 גרם,false,,26.90,0.0828,true,1,10761
7290003521197,false,סרקל ספריי,סרקל,,סרקל ספריי,מיליליטרים,340.00,"100 מ""ל",false,,26.90,0.0791,true,1,10762
7290003524297,false,אספרגוס לבן שלם 330,נטו,,אספרגוס לבן שלם 330,גרמים,330.00,100 גרם,false,,10.90,0.0330,true,1,17925
7290003525898,false,שלישיה סלט טונה וילי,ויליגר,,שלישיה סלט טונה וילי,גרמים,480.00,100 גרם,false,,14.90,0.0310,true,1,55876
7290003525904,false,שלישיה סלט טונה וילי,ויליגר,,שלישיה סלט טונה וילי,גרמים,480.00,100 גרם,false,,14.90,0.0310,true,1,55877
7290003527380,false,דבדבן מתוק ללא חרצני,,,דבדבן מתוק ללא חרצני,יחידה,680.00,יחידה,false,,8.90,0.0131,true,1,60087
7290003550753,false,רביעייה טונה פוסידון,ויליגר,,רביעייה טונה פוסידון,גרמים,432.00,100 גרם,false,,21.00,0.0486,false,1,32509
7290003570164,false,מינוט שווארמה פרגית,,,מינוט שווארמה פרגית,גרמים,300.00,100 גרם,false,,29.90,0.0997,true,1,109708
7290003570928,false,קבב בלדי קצביה 500 ג,בלדי,,קבב בלדי קצביה 500 ג,גרמים,500.00,100 גרם,false,,26.90,0.0538,true,1,108908
7290003571550,false,סטייק טונה בוואקום ב,,,סטייק טונה בוואקום ב,קילוגרמים,1.00,"ק""ג",true,,45.90,45.9000,true,1,107756
7290003578108,false,חתיכות אננס בסירופ ק,וילי פוד,,חתיכות אננס בסירופ ק,גרמים,850.00,100 גרם,false,,9.40,0.0111,false,1,14879
7290003578153,false,נתחי טונה בהירה בשמן,וילי פוד,,נתחי טונה בהירה בשמן,גרמים,160.00,100 גרם,false,,6.50,0.0406,false,1,14880
7290003578160,false,טונה ויליפוד במי,,,טונה ויליפוד במי,גרמים,160.00,100 גרם,false,,6.50,0.0406,false,1,14881
7290003578290,false,מקלוני אורז,וילי פוד,,מקלוני אורז,גרמים,300.00,100 גרם,false,,5.60,0.0187,true,1,14885
7290003578313,false,דובדבן חמוץ ללא חרצנ,וילי פוד,,דובדבן חמוץ ללא חרצנ,גרמים,680.00,100 גרם,false,,9.90,0.0146,true,1,14886
7290003598311,false,מינוט סטייק 300 גר',,,מינוט סטייק 300 גר',יחידה,0.00,יחידה,false,,26.90,0.0000,true,1,106718
7290003598984,false,פיקניה (שפיץ צ'אך),,,פיקניה (שפיץ צ'אך),קילוגרמים,1.00,"ק""ג",true,,109.90,109.9000,true,1,187374
7290003632367,false,פילה ברבוניה בוואקום,,,פילה ברבוניה בוואקום,יחידה,0.00,יחידה,false,,24.90,0.0000,true,1,68070
7290003643004,false,אורז בסמטי קלאסי 1 ק,סוגת,,אורז בסמטי קלאסי 1 ק,גרמים,1.00,גרם,false,,12.90,12.9000,false,1,9606
7290003643172,false,אבקת סוכר 100 גר,סוגת,,אבקת סוכר 100 גר,גרמים,100.00,100 גרם,false,,2.20,0.0220,false,1,27464
7290003643325,false,קוסקוס בינוני סוגת,,,קוסקוס בינוני סוגת,גרמים,350.00,100 גרם,false,,4.90,0.0140,false,1,42280
7290003643387,false,סוכר לבן צנצנת,סוגת,,סוכר לבן צנצנת,יחידה,1.00,יחידה,false,,7.90,7.9000,false,1,9611
7290003643646,false,סוכר דמררה צנצנת,סוגת,,סוכר דמררה צנצנת,גרמים,1.00,100 גרם,false,,12.90,12.9000,false,1,9613
7290003643684,false,אפונה יבשה 500,סוגת,,אפונה יבשה 500,גרמים,500.00,100 גרם,false,,6.50,0.0130,true,1,9614
7290003643707,false,גריסים 500,סוגת,,גריסים 500,גרמים,500.00,100 גרם,false,,4.90,0.0098,false,1,9615
7290003643714,false,חומוס 500 סוגת,סוגת,,חומוס 500 סוגת,גרמים,500.00,100 גרם,false,,7.90,0.0158,true,1,9616
7290003643738,false,חיטה יבשה 500,סוגת,,חיטה יבשה 500,גרמים,500.00,100 גרם,false,,4.90,0.0098,false,1,9617
7290003643745,false,כוסמת סוגת,סוגת,,כוסמת סוגת,גרמים,500.00,100 גרם,false,,7.90,0.0158,true,1,9618
7290003643752,false,עדשים ירוקים,סוגת,,עדשים ירוקים,גרמים,500.00,100 גרם,false,,7.90,0.0158,true,1,9619
7290003643769,false,עדשים אדומים,סוגת,,עדשים אדומים,גרמים,500.00,100 גרם,false,,7.90,0.0158,true,1,9620
7290003643776,false,פופקורן 500 גר,סוגת,,פופקורן 500 גר,גרמים,500.00,100 גרם,false,,4.90,0.0098,true,1,9621
7290003643783,false,קוקוס 100 גר,סוגת,,קוקוס 100 גר,גרמים,100.00,100 גרם,false,,4.20,0.0420,true,1,9622
7290003643806,false,שעועית לבנה 500,סוגת,,שעועית לבנה 500,גרמים,500.00,100 גרם,false,,10.90,0.0218,true,1,9623
7290003643813,false,שעועית אדומה 500,סוגת,,שעועית אדומה 500,גרמים,500.00,100 גרם,false,,10.90,0.0218,true,1,9624
7290003643820,false,חומוס ענק 500 סו,סוגת,,חומוס ענק 500 סו,גרמים,500.00,100 גרם,false,,11.90,0.0238,true,1,25606
7290003715107,false,בוטנים קלויים 00,זארובי,,בוטנים קלויים 00,גרמים,400.00,100 גרם,false,,11.00,0.0275,true,1,5541
7290003715299,false,פיצוחים מעורב,זארובי,,פיצוחים מעורב,גרמים,200.00,100 גרם,false,,19.90,0.0995,true,1,5550
7290003715329,false,בוטנים עם קליפה,,,בוטנים עם קליפה,גרמים,350.00,100 גרם,false,,10.90,0.0311,true,1,68490
7290003715596,false,אגוזי מלך 300 גר,זארובי,,אגוזי מלך 300 גר,גרמים,300.00,100 גרם,false,,28.90,0.0963,true,1,33388
7290003726141,false,טופו טבעי 300 גר,מחלבות גד,,טופו טבעי 300 גר,גרמים,300.00,100 גרם,false,,11.90,0.0397,true,1,18326
7290003726592,false,טופו מתובל בפסטו -מש,,,טופו מתובל בפסטו -מש,גרמים,300.00,100 גרם,false,,11.90,0.0397,false,1,114455
7290003726615,false,טופו הבית במרקם קשה-,,,טופו הבית במרקם קשה-,גרמים,300.00,100 גרם,false,,11.90,0.0397,true,1,114456
7290003744831,false,אובלטים בצל ברט,,,אובלטים בצל ברט,גרמים,300.00,100 גרם,false,,10.90,0.0363,true,1,64244
7290003744855,false,אובלטים מלוחים,,,אובלטים מלוחים,גרמים,300.00,100 גרם,false,,10.90,0.0363,true,1,64250
7290003781652,false,צלפים 370 גרם,וילי פוד,,צלפים 370 גרם,גרמים,370.00,100 גרם,false,,9.90,0.0268,true,1,22763
7290003804252,false,תיבולית קנור הודי,קנור,,תיבולית קנור הודי,גרמים,72.00,100 גרם,false,,10.00,0.1389,false,1,12291
7290003804320,false,תיבולית שום ופטרוזיל,קנור,,תיבולית שום ופטרוזיל,גרמים,72.00,100 גרם,false,,10.00,0.1389,false,1,12292
7290003804368,false,תיבולית קנור בזי,קנור,,תיבולית קנור בזי,גרמים,72.00,100 גרם,false,,10.00,0.1389,false,1,12295
7290003804382,false,תיבולית פטריות,קנור,,תיבולית פטריות,גרמים,72.00,100 גרם,false,,10.00,0.1389,false,1,12297
7290003805501,false,פתית שבדי חסכוני,פתית,,פתית שבדי חסכוני,גרמים,300.00,100 גרם,false,,18.50,0.0617,true,1,22812
7290003805587,false,פתית חיטה מלאה,פתית,,פתית חיטה מלאה,גרמים,250.00,100 גרם,false,,18.50,0.0740,true,1,40395
7290003807178,false,רוטב סויה בסגנון סינ,קנור,,רוטב סויה בסגנון סינ,יחידה,300.00,יחידה,false,,12.50,0.0417,true,1,25779
7290003807482,false,רוטב טריאקי קנור,קנור,,רוטב טריאקי קנור,יחידה,300.00,יחידה,false,,12.50,0.0417,true,1,25780
7290003864478,false,סרדינים בשמן צמחי 11,וילי פוד,,סרדינים בשמן צמחי 11,גרמים,110.00,100 גרם,false,,4.90,0.0445,true,1,14894
7290003864485,false,סרדינים ברוטב עגבניו,וילי פוד,,סרדינים ברוטב עגבניו,גרמים,110.00,100 גרם,false,,4.90,0.0445,true,1,14895
7290003864492,false,סרדינים בשמן צמחי פי,וילי פוד,,סרדינים בשמן צמחי פי,גרמים,110.00,100 גרם,false,,4.90,0.0445,true,1,14896
7290003882922,false,עלי גפן ממולאים 400,וילי פוד,,עלי גפן ממולאים 400,גרמים,400.00,100 גרם,false,,8.90,0.0223,true,1,14900
7290003893027,false,דג מרלוזה ארוז,ווינר פוד,,דג מרלוזה ארוז,קילוגרמים,1.00,"ק""ג",true,,36.90,36.9000,true,1,34058
7290003893690,false,פילה אמנון 5-7,,,פילה אמנון 5-7,יחידה,0.00,יחידה,false,,29.90,0.0000,false,1,122258
7290003893843,false,פילה אמנון   בלי עור,,,פילה אמנון   בלי עור,קילוגרמים,1.00,"ק""ג",true,,31.90,31.9000,true,1,111833
7290003893911,false,דג נילוס בוואקום,,,דג נילוס בוואקום,קילוגרמים,1.00,"ק""ג",true,,74.90,74.9000,true,1,116341
7290003896141,false,פיצוחים אלפנדוס,קליית גת,,פיצוחים אלפנדוס,גרמים,200.00,100 גרם,false,,8.90,0.0445,true,1,27264
7290003989539,false,רביולי גבינה,שטראוס,,רביולי גבינה,גרמים,400.00,100 גרם,false,,19.90,0.0497,true,1,7559
7290003989553,false,טורטליני פיטריות,שטראוס,,טורטליני פיטריות,גרמים,400.00,100 גרם,false,,19.90,0.0497,true,1,7560
7290004011284,false,בסיס להכנת קצפת ריץ',ריץ',,בסיס להכנת קצפת ריץ',מיליליטרים,212.00,"100 מ""ל",false,,7.50,0.0354,true,1,37291
7290004011291,false,בסיס הכנת קצפת 425מל,ריץ',,בסיס הכנת קצפת 425מל,מיליליטרים,425.00,"100 מ""ל",false,,12.90,0.0304,true,1,42728
7290004011338,false,ריץ' קצפת מיכל 22.5%,ריץ',,ריץ' קצפת מיכל 22.5%,גרמים,250.00,100 גרם,false,,10.90,0.0436,false,1,38017
7290004011345,false,ר'יצ קצפת פרווה 250,ריץ',,ר'יצ קצפת פרווה 250,גרמים,250.00,100 גרם,false,,10.90,0.0436,false,1,56106
7290004014407,false,סוכריות אם אנד אם,,,סוכריות אם אנד אם,גרמים,46.20,100 גרם,false,,4.90,0.1061,true,1,98076
7290004030100,false,מיץ תפוזים סחוט וולנ,,,מיץ תפוזים סחוט וולנ,ליטרים,1.00,ליטר,false,,14.90,14.9000,true,1,117974
7290004030223,false,מיץ תפוחים סחוט 1 לי,,,מיץ תפוחים סחוט 1 לי,ליטרים,1.00,ליטר,false,,17.90,17.9000,true,1,62837
7290004030445,false,פרי ניב מיץ תפוזים 1,פרי ניב,,פרי ניב מיץ תפוזים 1,ליטרים,1.00,ליטר,false,,13.50,13.5000,true,1,33028
7290004030544,false,פרי ניב לימונענע 1 ל,פרי ניב,,פרי ניב לימונענע 1 ל,ליטרים,1.00,ליטר,false,,12.50,12.5000,true,1,34024
7290004030612,false,מיץ קיוי אגס תפוח 1,,,מיץ קיוי אגס תפוח 1,ליטרים,1.00,ליטר,false,,15.00,15.0000,true,1,67530
7290004030834,false,מיץ רימונים  1 ליטר,פרי ניב,,מיץ רימונים  1 ליטר,ליטרים,1.00,ליטר,false,,23.90,23.9000,true,1,38238
7290004033705,false,הבורגריה 6 לחמניות ה,ברמן,,הבורגריה 6 לחמניות ה,גרמים,600.00,100 גרם,false,,14.90,0.0248,true,1,126318
7290004033712,false,לחם עננים מקמח מלא ע,ברמן,,לחם עננים מקמח מלא ע,גרמים,750.00,100 גרם,false,,12.90,0.0172,true,1,126319
7290004061449,false,שניצל אמרקאי 700 גר,ויטה,,שניצל אמרקאי 700 גר,גרמים,700.00,100 גרם,false,,13.90,0.0199,true,1,117922
7290004061487,false,טבעות עוף  700 גר,פרסקו,,טבעות עוף  700 גר,גרמים,700.00,100 גרם,false,,13.90,0.0199,true,1,119667
7290004061494,false,נגיסי עוף 700גר,פרסקו,,נגיסי עוף 700גר,גרמים,700.00,100 גרם,false,,13.90,0.0199,true,1,119668
7290004063016,false,מלח דק 1 קג,קבוצת יבנה,,מלח דק 1 קג,יחידה,1.00,יחידה,false,,1.90,1.9000,false,1,13690
7290004063115,false,מלח עבה 1 קג,קבוצת יבנה,,מלח עבה 1 קג,יחידה,1.00,יחידה,false,,1.90,1.9000,false,1,13691
7290004064082,false,מטחנה מלח ים טבעי,,,מטחנה מלח ים טבעי,גרמים,250.00,100 גרם,false,,13.50,0.0540,true,1,99918
7290004064174,false,מלח הארץ הימלאיה דק,מלח הארץ,,מלח הארץ הימלאיה דק,קילוגרמים,1.00,"ק""ג",false,,15.90,15.9000,true,1,107589
7290004064181,false,מלח הארץ הימלאיה גס,מלח הארץ,,מלח הארץ הימלאיה גס,קילוגרמים,1.00,"ק""ג",false,,15.90,15.9000,true,1,107590
7290004064280,false,מלח מופחת נתרן בצנצנ,מלח הארץ,,מלח מופחת נתרן בצנצנ,גרמים,600.00,100 גרם,false,,15.90,0.0265,true,1,115321
7290004064297,false,מלח מועשר ביוד צנצנת,מלח הארץ,,מלח מועשר ביוד צנצנת,קילוגרמים,1.00,"ק""ג",false,,8.90,8.9000,true,1,114945
7290004064303,false,מלח אטלנטי בצנצנת 80,מלח הארץ,,מלח אטלנטי בצנצנת 80,גרמים,800.00,100 גרם,false,,18.90,0.0236,true,1,114946
7290004068172,false,יוגורט עיזים דלי 600,תנובה חלב,,יוגורט עיזים דלי 600,גרמים,600.00,100 גרם,false,,16.90,0.0282,true,1,62323
7290004068424,false,גאודה גלגל גד,,,גאודה גלגל גד,קילוגרמים,1.00,"ק""ג",true,,111.50,111.5000,true,1,67209
7290004068585,false,גאודה עיזים גלגל,,,גאודה עיזים גלגל,קילוגרמים,1.00,"ק""ג",true,,122.90,122.9000,true,1,97851
7290004078263,false,בלונס מקלות אזניים ז,,,בלונס מקלות אזניים ז,יחידה,0.00,יחידה,false,,10.90,0.0000,true,1,8116
7290004078270,false,פלמוליב לכלים לימון,פלמוליב,,פלמוליב לכלים לימון,ליטרים,1.00,ליטר,false,,13.90,13.9000,false,1,7967
7290004091248,false,ווזלין מס 2,וזלין,,ווזלין מס 2,גרמים,106.00,100 גרם,false,,15.00,0.1415,true,1,12339
7290004119133,false,יוגורט בכד 7% 1.5 לי,תנובה חלב,,יוגורט בכד 7% 1.5 לי,גרמים,1.50,גרם,false,,17.30,11.5333,true,1,8590
7290004119225,false,יופלה אננס ספונטני 3,תנובה חלב,,יופלה אננס ספונטני 3,מיליליטרים,150.00,"100 מ""ל",false,,4.90,0.0327,true,1,8591
7290004119522,false,שוקו שקית תנובה,תנובה חלב,,שוקו שקית תנובה,מיליליטרים,225.00,"100 מ""ל",false,,2.80,0.0124,true,1,8592
7290004119928,false,קרלו וניל 1.5%,תנובה חלב,,קרלו וניל 1.5%,גרמים,125.00,100 גרם,false,,2.80,0.0224,true,1,8594
7290004119973,false,מעדן קרלו 1.5%,תנובה חלב,,מעדן קרלו 1.5%,גרמים,125.00,100 גרם,false,,2.80,0.0224,true,1,8595
7290004120061,false,קרלו מעדן שוניל 1.5%,תנובה חלב,,קרלו מעדן שוניל 1.5%,גרמים,125.00,100 גרם,false,,3.00,0.0240,true,1,8596
7290004120108,false,יופלה דבדבן 0%,תנובה חלב,,יופלה דבדבן 0%,מיליליטרים,150.00,"100 מ""ל",false,,4.90,0.0327,true,1,8598
7290004120283,false,"שוקו באדי בד""צ 250מל",תנובה חלב,,"שוקו באדי בד""צ 250מל",מיליליטרים,225.00,"100 מ""ל",false,,2.80,0.0124,true,1,8604
7290004120566,false,בולגרית פיראוס 24%,תנובה חלב,,בולגרית פיראוס 24%,גרמים,250.00,100 גרם,false,,22.80,0.0912,false,1,8609
7290004120573,false,בולגרית פיראוס 16%,תנובה חלב,,בולגרית פיראוס 16%,גרמים,250.00,100 גרם,false,,22.80,0.0912,false,1,8610
7290004120634,false,בולגרית פיראוס 5%,תנובה חלב,,בולגרית פיראוס 5%,מיליליטרים,250.00,"100 מ""ל",false,,22.80,0.0912,false,1,8611
7290004121488,false,יופלה אפרסק חטוב 0%,תנובה חלב,,יופלה אפרסק חטוב 0%,מיליליטרים,150.00,"100 מ""ל",false,,4.90,0.0327,true,1,8617
7290004121525,false,מאגדת יופלה אפרסק+תו,תנובה חלב,,מאגדת יופלה אפרסק+תו,מיליליטרים,1200.00,"100 מ""ל",false,,29.90,0.0249,true,1,8619
7290004121754,false,יופלה עוגת גבינה ותו,תנובה חלב,,יופלה עוגת גבינה ותו,מיליליטרים,150.00,"100 מ""ל",false,,4.90,0.0327,true,1,8626
7290004121853,false,פיראוס קוביות בולגרי,תנובה חלב,,פיראוס קוביות בולגרי,מיליליטרים,200.00,"100 מ""ל",false,,20.60,0.1030,false,1,8628
7290004122119,false,פתיתי פרמזן לאפיה 23,תנובה חלב,,פתיתי פרמזן לאפיה 23,מיליליטרים,100.00,"100 מ""ל",false,,11.90,0.1190,true,1,8632
7290004122195,false,גוש חלב פרוס 28%,תנובה חלב,,גוש חלב פרוס 28%,מיליליטרים,200.00,"100 מ""ל",false,,13.60,0.0680,false,1,8633
7290004122270,false,עמק פרוסות 28%,תנובה חלב,,עמק פרוסות 28%,מיליליטרים,200.00,"100 מ""ל",false,,16.00,0.0800,false,1,8634
7290004122348,false,עמק לייט 9%,תנובה חלב,,עמק לייט 9%,מיליליטרים,200.00,"100 מ""ל",false,,16.70,0.0835,false,1,8636
7290004122676,false,גבינת חמד 5% גביע 25,תנובה חלב,,גבינת חמד 5% גביע 25,מיליליטרים,250.00,"100 מ""ל",false,,17.70,0.0708,false,1,26511
7290004122683,false,אצבעות חטיף גבינת עמ,תנובה חלב,,אצבעות חטיף גבינת עמ,מיליליטרים,172.00,"100 מ""ל",false,,16.00,0.0930,true,1,26657
7290004124168,false,יופלה טבעי 3%,תנובה חלב,,יופלה טבעי 3%,מיליליטרים,150.00,"100 מ""ל",false,,2.20,0.0147,true,1,38953
7290004124205,false,יופלה תות קליל 0%,תנובה חלב,,יופלה תות קליל 0%,מיליליטרים,150.00,"100 מ""ל",false,,4.90,0.0327,true,1,8647
7290004124847,false,קצפת צימחית השף הלבן,תנובה חלב,,קצפת צימחית השף הלבן,מיליליטרים,500.00,"100 מ""ל",false,,15.90,0.0318,true,1,8653
7290004125370,false,שמנת תנובה 9%,תנובה חלב,,שמנת תנובה 9%,גרמים,200.00,100 גרם,false,,3.50,0.0175,true,1,8657
7290004125400,false,שלי אשל 4.5%,תנובה חלב,,שלי אשל 4.5%,מיליליטרים,200.00,"100 מ""ל",false,,1.69,0.0084,false,1,8658
7290004125417,false,שלי גיל 3%,תנובה חלב,,שלי גיל 3%,מיליליטרים,200.00,"100 מ""ל",false,,1.51,0.0076,false,1,8659
7290004125455,false,שמנת 15%,תנובה חלב,,שמנת 15%,מיליליטרים,200.00,"100 מ""ל",false,,2.40,0.0120,false,1,8660
7290004125462,false,שמנת חמוצה 15%,תנובה חלב,,שמנת חמוצה 15%,יחידה,500.00,יחידה,false,,6.00,0.0120,false,1,8661
7290004125509,false,שמנת אורגינל 15%,תנובה חלב,,שמנת אורגינל 15%,מיליליטרים,100.00,"100 מ""ל",false,,1.60,0.0160,false,1,8663
7290004125578,false,משקה סויה מועשר 1.6%,תנובה חלב,,משקה סויה מועשר 1.6%,ליטרים,1.00,ליטר,false,,9.90,9.9000,false,1,8665
7290004125585,false,משקה סויה וניל 1.45%,תנובה חלב,,משקה סויה וניל 1.45%,ליטרים,1.00,ליטר,false,,9.90,9.9000,false,1,8666
7290004125721,false,שמנת לבישול 15%,תנובה חלב,,שמנת לבישול 15%,גרמים,250.00,100 גרם,false,,8.20,0.0328,true,1,8672
7290004125738,false,שמנת להקצפה 32%,תנובה חלב,,שמנת להקצפה 32%,גרמים,250.00,100 גרם,false,,6.50,0.0260,true,1,8673
7290004125776,false,עמק פרוס 28% 400 גרם,תנובה חלב,,עמק פרוס 28% 400 גרם,גרמים,400.00,100 גרם,false,,28.90,0.0722,false,1,8675
7290004126674,false,טל העמק לייט 9%,תנובה חלב,,טל העמק לייט 9%,גרמים,200.00,100 גרם,false,,18.70,0.0935,true,1,8683
7290004126759,false,יופלה פירות יער 0%,תנובה חלב,,יופלה פירות יער 0%,מיליליטרים,150.00,"100 מ""ל",false,,4.90,0.0327,true,1,8686
7290004126872,false,שוקו בקבוקון 2%,תנובה חלב,,שוקו בקבוקון 2%,גרמים,250.00,100 גרם,false,,5.60,0.0224,true,1,22139
7290004127329,false,קוטג' תנובה 5% 250 ג,תנובה חלב,,קוטג' תנובה 5% 250 ג,מיליליטרים,250.00,"100 מ""ל",false,,5.50,0.0220,false,1,8690
7290004127336,false,קוטג' תנובה 9% 250 ג,תנובה חלב,,קוטג' תנובה 9% 250 ג,מיליליטרים,250.00,"100 מ""ל",false,,5.50,0.0220,false,1,8691
7290004127800,false,גבינה לבנה 5% 500 גר,תנובה חלב,,גבינה לבנה 5% 500 גר,גרמים,500.00,100 גרם,false,,9.96,0.0199,false,1,8693
7290004127817,false,גבינה לבנה 9% 500 גר,תנובה חלב,,גבינה לבנה 9% 500 גר,מיליליטרים,500.00,"100 מ""ל",false,,9.50,0.0190,false,1,8694
7290004127862,false,גבינה 5% 750,תנובה חלב,,גבינה 5% 750,גרמים,750.00,100 גרם,false,,14.94,0.0199,false,1,8695
7290004127916,false,גבינה תנובה 0.5%,תנובה חלב,,גבינה תנובה 0.5%,גרמים,500.00,100 גרם,false,,9.50,0.0190,false,1,8697
7290004128333,false,לבנה פיראוס 9% - 500,תנובה חלב,,לבנה פיראוס 9% - 500,מיליליטרים,500.00,"100 מ""ל",false,,19.20,0.0384,false,1,8707
7290004128340,false,גבינת קרם 5% טבעית,תנובה חלב,,גבינת קרם 5% טבעית,מיליליטרים,200.00,"100 מ""ל",false,,11.30,0.0565,true,1,8708
7290004128401,false,פטה כבשים20%  פיראוס,תנובה חלב,,פטה כבשים20%  פיראוס,קילוגרמים,1.00,"ק""ג",true,,112.70,112.7000,true,1,8711
7290004128432,false,פתיתים מיוחדים לפיצה,תנובה חלב,,פתיתים מיוחדים לפיצה,גרמים,500.00,100 גרם,false,,21.80,0.0436,false,1,29822
7290004129101,false,נפוליאון טבעי 30%,תנובה חלב,,נפוליאון טבעי 30%,גרמים,225.00,100 גרם,false,,13.90,0.0618,false,1,8715
7290004129118,false,נפוליאון זיתים 27%,תנובה חלב,,נפוליאון זיתים 27%,גרמים,225.00,100 גרם,false,,13.90,0.0618,false,1,8716
7290004129156,false,נפוליאון שום שמיר 30,תנובה חלב,,נפוליאון שום שמיר 30,גרמים,225.00,100 גרם,false,,13.90,0.0618,false,1,8717
7290004129545,false,גבינה תנובה 3%,תנובה חלב,,גבינה תנובה 3%,גרמים,250.00,100 גרם,false,,4.75,0.0190,false,1,8724
7290004129736,false,יופלה במתיקות מעודנת,תנובה חלב,,יופלה במתיקות מעודנת,מיליליטרים,200.00,"100 מ""ל",false,,4.30,0.0215,true,1,8727
7290004129767,false,יופלה טבעי 3% שמיניה,תנובה חלב,,יופלה טבעי 3% שמיניה,מיליליטרים,1200.00,"100 מ""ל",false,,17.50,0.0146,true,1,8728
7290004130695,false,אייס קפה 1ליטר,תנובה חלב,,אייס קפה 1ליטר,ליטרים,1.00,ליטר,false,,12.90,12.9000,true,1,30186
7290004130794,false,משקה סויה מועשר 1.6%,תנובה חלב,,משקה סויה מועשר 1.6%,ליטרים,1.00,ליטר,false,,9.90,9.9000,false,1,8733
7290004130916,false,יופלה פירות יער בשמנ,תנובה חלב,,יופלה פירות יער בשמנ,מיליליטרים,150.00,"100 מ""ל",false,,4.90,0.0327,true,1,8736
7290004131074,false,חלב 3% טרי בקרטון מה,תנובה חלב,,חלב 3% טרי בקרטון מה,ליטרים,1.00,ליטר,false,,6.23,6.2300,false,1,8739
7290004131432,false,יופלה טבעי 3%,תנובה חלב,,יופלה טבעי 3%,מיליליטרים,200.00,"100 מ""ל",false,,3.80,0.0190,true,1,8743
7290004131456,false,יופלה טבעי 1.5%,תנובה חלב,,יופלה טבעי 1.5%,מיליליטרים,200.00,"100 מ""ל",false,,3.80,0.0190,true,1,8744
7290004131531,false,שוקו בקבוק 1ליטר,תנובה חלב,,שוקו בקבוק 1ליטר,ליטרים,1.00,ליטר,false,,12.60,12.6000,false,1,8747
7290004131814,false,גבינת פיראוס צפתית מ,תנובה חלב,,גבינת פיראוס צפתית מ,גרמים,200.00,100 גרם,false,,14.70,0.0735,false,1,8755
7290004131845,false,לאבנה פיראוס 9% 750,תנובה חלב,,לאבנה פיראוס 9% 750,גרמים,750.00,100 גרם,false,,21.90,0.0292,false,1,60525
7290004132552,false,דיאט סויה טבעי 1.8%,תנובה חלב,,דיאט סויה טבעי 1.8%,ליטרים,1.00,ליטר,false,,9.90,9.9000,false,1,8774
7290004132606,false,מאגדת מיני קרלו שמינ,תנובה חלב,,מאגדת מיני קרלו שמינ,יחידה,800.00,יחידה,false,,13.90,0.0174,true,1,28085
7290004133511,false,שמיניית יופלה במתיקו,תנובה חלב,,שמיניית יופלה במתיקו,מיליליטרים,1200.00,"100 מ""ל",false,,20.70,0.0172,true,1,8794
7290004135058,false,מאגדת מיני קרלו שמינ,תנובה חלב,,מאגדת מיני קרלו שמינ,גרמים,800.00,100 גרם,false,,13.90,0.0174,true,1,28086
7290004135225,false,מעדן דיאט שוקולדה 0%,תנובה חלב,,מעדן דיאט שוקולדה 0%,מיליליטרים,150.00,"100 מ""ל",false,,3.90,0.0260,true,1,24286
7290004135324,false,בולגרית 5% מעודנת תנ,,,בולגרית 5% מעודנת תנ,קילוגרמים,1.00,"ק""ג",true,,46.90,46.9000,false,1,23596
7290004135614,false,בולגרית מעודנת 5% תנ,תנובה חלב,,בולגרית מעודנת 5% תנ,גרמים,250.00,100 גרם,false,,22.70,0.0908,false,1,28496
7290004136291,false,צפתית מעודנת,,,צפתית מעודנת,קילוגרמים,1.00,"ק""ג",true,,56.90,56.9000,true,1,34303
7290004136598,false,מארז הפסקת אוכל חלב,תנובה חלב,,מארז הפסקת אוכל חלב,מיליליטרים,150.00,"100 מ""ל",false,,8.90,0.0593,false,1,27071
7290004136857,false,ג'לי פטל תנובה,תנובה חלב,,ג'לי פטל תנובה,גרמים,125.00,100 גרם,false,,2.30,0.0184,true,1,26886
7290004136864,false,ג'לי אננס עם חתיכו א,תנובה חלב,,ג'לי אננס עם חתיכו א,גרמים,125.00,100 גרם,false,,2.70,0.0216,true,1,26887
7290004136871,false,ג'לי אפרסק עם חתיכות,תנובה חלב,,ג'לי אפרסק עם חתיכות,גרמים,125.00,100 גרם,false,,2.70,0.0216,true,1,26888
7290004137021,false,שמנת לבישול מופחת שו,תנובה חלב,,שמנת לבישול מופחת שו,מיליליטרים,250.00,"100 מ""ל",false,,8.20,0.0328,false,1,29763
7290004137311,false,עמק לייט 9% 400 גרם,תנובה חלב,,עמק לייט 9% 400 גרם,גרמים,400.00,100 גרם,false,,30.50,0.0763,false,1,29450
7290004137809,false,לאבנה 5% פיראוס,תנובה חלב,,לאבנה 5% פיראוס,גרמים,250.00,100 גרם,false,,12.40,0.0496,false,1,29654
7290004147051,false,קיסמי שיניים צנצ,,,קיסמי שיניים צנצ,יחידה,0.00,יחידה,false,,10.90,0.0000,true,1,14998
7290004147150,false,רצועות מסאז' לגב,,,רצועות מסאז' לגב,יחידה,0.00,יחידה,false,,12.90,0.0000,true,1,15000
7290004147266,false,רפידות אל ריח,,,רפידות אל ריח,יחידה,0.00,יחידה,false,,10.90,0.0000,true,1,42200
7290004147280,false,שקית כביסון,,,שקית כביסון,יחידה,750.00,יחידה,false,,9.90,0.0132,true,1,15006
7290004147334,false,סוגרן שקיות,,,סוגרן שקיות,יחידה,0.00,יחידה,false,,7.90,0.0000,true,1,29062
7290004147440,false,קוצץ ציפורניים,,,קוצץ ציפורניים,יחידה,0.00,יחידה,false,,8.90,0.0000,true,1,35209
7290004147617,false,קוקיות קטיפה,,,קוקיות קטיפה,יחידה,0.00,יחידה,false,,7.90,0.0000,true,1,114168
7290004147655,false,שרוכים לנעליים,,,שרוכים לנעליים,יחידה,0.00,יחידה,false,,8.00,0.0000,true,1,38178
7290004147839,false,מראות הגדלה,,,מראות הגדלה,יחידה,0.00,יחידה,false,,13.90,0.0000,true,1,116378
7290004165000,false,"רסק תפו""ע עם סוכר",יכין,,"רסק תפו""ע עם סוכר",גרמים,560.00,100 גרם,false,,6.90,0.0123,true,1,58826
7290004165017,false,רסק תפוחי עץ ללא סוכ,יכין,,רסק תפוחי עץ ללא סוכ,יחידה,0.00,יחידה,false,,7.90,0.0000,true,1,56238
7290004200268,false,צעצוע רמה 2,,,צעצוע רמה 2,יחידה,0.00,יחידה,false,,10.00,0.0000,true,1,7359
7290004200930,false,זוג זיקוקין,,,זוג זיקוקין,יחידה,0.00,יחידה,false,,7.20,0.0000,true,1,7367
7290004218621,false,אנטריקוט פולני עם עצ,,,אנטריקוט פולני עם עצ,קילוגרמים,1.00,"ק""ג",true,,130.00,130.0000,false,1,66615
7290004219819,false,מלבין קפה הולנדי,קומפלטה,,מלבין קפה הולנדי,גרמים,200.00,100 גרם,false,,10.50,0.0525,true,1,14904
7290004219826,false,מלבין קפה הולנדי,קומפלטה,,מלבין קפה הולנדי,גרמים,400.00,100 גרם,false,,18.90,0.0472,true,1,14905
7290004225872,false,"קרם קוקוס 400 מ""ל",ויליגר,,"קרם קוקוס 400 מ""ל",מיליליטרים,400.00,"100 מ""ל",false,,6.30,0.0157,true,1,63775
7290004229931,false,אורז בסמטי 1 קג - הי,,,אורז בסמטי 1 קג - הי,קילוגרמים,1.00,"ק""ג",false,,9.90,9.9000,true,1,114175
7290004230081,false,קציצות עוף ברוטב עגב,נטו,,קציצות עוף ברוטב עגב,גרמים,800.00,100 גרם,false,,22.90,0.0286,true,1,61657
7290004230104,false,קציצות בקר ברוטב עגב,נטו,,קציצות בקר ברוטב עגב,גרמים,800.00,100 גרם,false,,22.90,0.0286,true,1,95241
7290004230333,false,מקלות בורקס פילו שגב,,,מקלות בורקס פילו שגב,גרמים,600.00,100 גרם,false,,21.00,0.0350,true,1,62462
7290004230340,false,מקלות בורקס פילו תרד,,,מקלות בורקס פילו תרד,גרמים,600.00,100 גרם,false,,21.00,0.0350,true,1,62463
7290004230364,false,מקלות בורקס פילו גבי,,,מקלות בורקס פילו גבי,גרמים,600.00,100 גרם,false,,21.00,0.0350,true,1,62465
7290004256753,false,עלי סיגר לפסטילייה,,,עלי סיגר לפסטילייה,יחידה,0.00,יחידה,false,,13.90,0.0000,true,1,114541
7290004324605,false,מון בלאן רוקפור לייט,נטו,,מון בלאן רוקפור לייט,גרמים,120.00,100 גרם,false,,13.00,0.1083,true,1,24267
7290004324858,false,קבב כבש,טיבון ויל,,קבב כבש,גרמים,500.00,100 גרם,false,,18.90,0.0378,false,1,17966
7290004329990,false,שניצל עוף פרוס,בלדי,,שניצל עוף פרוס,קילוגרמים,1.00,"ק""ג",true,,42.90,42.9000,true,1,7434
7290004492274,false,בייגלה טבעות מלוחות,בייגל בייגל,,בייגלה טבעות מלוחות,גרמים,400.00,100 גרם,false,,7.90,0.0198,true,1,12347
7290004492762,false,נשנושים תירס,בייגל בייגל,,נשנושים תירס,גרמים,325.00,100 גרם,false,,13.50,0.0415,false,1,12363
7290004494179,false,יין דלתון שרדונה,,,יין דלתון שרדונה,מיליליטרים,750.00,"100 מ""ל",false,,59.90,0.0799,true,1,57952
7290004494919,false,כנען קברנה שיראז,,,כנען קברנה שיראז,מיליליטרים,750.00,"100 מ""ל",false,,37.50,0.0500,true,1,102577
7290004554354,false,גלידת פנטזיה וניל שו,שטראוס,,גלידת פנטזיה וניל שו,יחידה,900.00,יחידה,false,,21.90,0.0243,true,1,7825
7290004554903,false,פנטזיה פרווה,שטראוס,,פנטזיה פרווה,יחידה,900.00,יחידה,false,,21.90,0.0243,true,1,7831
7290004584306,false,סופר גמדים תות בננה,שטראוס,,סופר גמדים תות בננה,גרמים,400.00,100 גרם,false,,11.10,0.0277,true,1,7564
7290004584351,false,סימפוניה 5%,שטראוס,,סימפוניה 5%,גרמים,200.00,100 גרם,false,,11.20,0.0560,false,1,7565
7290004584528,false,יוגורט דנונה ביו 1.7,שטראוס דנונה,,יוגורט דנונה ביו 1.7,מיליליטרים,200.00,"100 מ""ל",false,,3.50,0.0175,true,1,7566
7290004585907,false,דני וניל 1.5%,שטראוס,,דני וניל 1.5%,מיליליטרים,130.00,"100 מ""ל",false,,2.60,0.0200,true,1,7568
7290004639006,false,קוסקוס קפוא 800 גר',,,קוסקוס קפוא 800 גר',גרמים,800.00,100 גרם,false,,15.90,0.0199,true,1,11489
7290004658847,false,יין תירוש קטן,,,יין תירוש קטן,מיליליטרים,187.00,"100 מ""ל",false,,5.90,0.0316,true,1,112787
7290004658953,false,סוביניון בלאן .C,יקבי כרמל,,סוביניון בלאן .C,מיליליטרים,750.00,"100 מ""ל",false,,34.90,0.0465,false,1,20449
7290004685010,false,לחם הארץ,ודש,,לחם הארץ,גרמים,500.00,100 גרם,false,,17.90,0.0358,true,1,59288
7290004685027,false,לחם חיטה מלאה קל,ודש,,לחם חיטה מלאה קל,גרמים,500.00,100 גרם,false,,17.90,0.0358,true,1,59289
7290004685089,false,לחם הארץ חמניות,ודש,,לחם הארץ חמניות,גרמים,500.00,100 גרם,false,,17.90,0.0358,true,1,59327
7290004685126,false,לחם 5 דגנים הארץ,ברמן,,לחם 5 דגנים הארץ,גרמים,750.00,100 גרם,false,,17.90,0.0239,true,1,35833
7290004685157,false,לחם הארץ שיפון 100%,ברמן,,לחם הארץ שיפון 100%,גרמים,750.00,100 גרם,false,,17.90,0.0239,true,1,10533
7290004685201,false,לחם שיפון אגוזים,ברמן,,לחם שיפון אגוזים,גרמים,500.00,100 גרם,false,,17.90,0.0358,true,1,10536
7290004685225,false,לחם שיפון פומפרניקל,ברמן,,לחם שיפון פומפרניקל,גרמים,750.00,100 גרם,false,,17.90,0.0239,true,1,10537
7290004685430,false,לחם הארץ כוסמין 100%,ברמן,,לחם הארץ כוסמין 100%,גרמים,500.00,100 גרם,false,,17.90,0.0358,true,1,104566
7290004725600,false,גבינה סקנדינבית,,,גבינה סקנדינבית,קילוגרמים,1.00,"ק""ג",true,,74.20,74.2000,false,1,102206
7290004725945,false,פלח ברי למעדניה,,,פלח ברי למעדניה,קילוגרמים,1.00,"ק""ג",true,,149.00,149.0000,true,1,124030
7290004731076,false,אל סבון כיף 1 ליטר א,כיף,,אל סבון כיף 1 ליטר א,ליטרים,1.00,ליטר,false,,12.90,12.9000,true,1,59259
7290004731083,false,כיף ג'נסינג 1 ליטר,כיף,,כיף ג'נסינג 1 ליטר,ליטרים,1.00,ליטר,false,,12.90,12.9000,true,1,59260
7290004731090,false,כיף קמומיל אל סבון 1,כיף,,כיף קמומיל אל סבון 1,ליטרים,1.00,ליטר,false,,12.90,12.9000,true,1,64069
7290004731410,false,סקוטש סושי ענק ירוק,סנו סושי,,סקוטש סושי ענק ירוק,יחידה,0.00,יחידה,false,,9.90,0.0000,true,1,17199
7290004731472,false,כיף סבון נוזלי שלישי,כיף,,כיף סבון נוזלי שלישי,ליטרים,1.50,ליטר,false,,19.90,13.2667,true,1,17203
7290004731519,false,סנו מקסימה למייבש,סנו מקסימה,,סנו מקסימה למייבש,מיליליטרים,750.00,"100 מ""ל",false,,19.90,0.0265,true,1,17204
7290004731557,false,סנו מקסימה למייבש,סנו מקסימה,,סנו מקסימה למייבש,מיליליטרים,750.00,"100 מ""ל",false,,19.90,0.0265,true,1,21184
7290004731564,false,סנו מקסימה ספריי למי,סנו מקסימה,,סנו מקסימה ספריי למי,מיליליטרים,750.00,"100 מ""ל",false,,19.90,0.0265,true,1,105457
7290004731670,false,דואופרש אפרסק ומנדרי,סנו fresh,,דואופרש אפרסק ומנדרי,מיליליטרים,300.00,"100 מ""ל",false,,12.90,0.0430,true,1,21187
7290004737719,false,אספרגוס שלם מקולף 33,וילי פוד,,אספרגוס שלם מקולף 33,גרמים,330.00,100 גרם,false,,9.90,0.0300,true,1,14907
7290004798130,false,שבבי סבון,,,שבבי סבון,גרמים,750.00,100 גרם,false,,22.90,0.0305,true,1,22925
7290004829636,false,דלי 10 ליטר,,,דלי 10 ליטר,יחידה,0.00,יחידה,false,,11.90,0.0000,true,1,116002
7290004861285,false,גבינה טבורוג המושבה,,,גבינה טבורוג המושבה,קילוגרמים,1.00,"ק""ג",true,,39.90,39.9000,true,1,28177
7290004955762,false,טחינה 450 גר' זארובי,זארובי,,טחינה 450 גר' זארובי,גרמים,450.00,100 גרם,false,,11.90,0.0264,true,1,122490
7290004955779,false,טחינה 900 גר' זארובי,זארובי,,טחינה 900 גר' זארובי,גרמים,900.00,100 גרם,false,,21.90,0.0243,true,1,122491
7290005000492,false,סיליקון קרם  קרם לשי,,,סיליקון קרם  קרם לשי,מיליליטרים,500.00,"100 מ""ל",false,,24.90,0.0498,true,1,66343
7290005000522,false,מראה רטוב לשיער ירוק,,,מראה רטוב לשיער ירוק,מיליליטרים,200.00,"100 מ""ל",false,,19.90,0.0995,true,1,66537
7290005000546,false,גולד טאב 200 גר',,,גולד טאב 200 גר',גרמים,200.00,100 גרם,false,,25.90,0.1295,true,1,66581
7290005008184,false,פלמוליב סבון נוזלי ש,פלמוליב,,פלמוליב סבון נוזלי ש,מיליליטרים,500.00,"100 מ""ל",false,,14.90,0.0298,false,1,7984
7290005008436,false,מטליות אוניברסל תשיע,,,מטליות אוניברסל תשיע,יחידה,0.00,יחידה,false,,12.90,0.0000,true,1,18227
7290005008481,false,ספיד סטיק ג'ל,ספיד סטיק,,ספיד סטיק ג'ל,גרמים,85.00,100 גרם,false,,19.90,0.2341,true,1,7989
7290005041167,false,קבב כבש ארוך,,,קבב כבש ארוך,קילוגרמים,1.00,"ק""ג",false,,45.90,45.9000,true,1,63109
7290005041198,false,"קבב ביתי 1 ק""ג",,,"קבב ביתי 1 ק""ג",קילוגרמים,1.00,"ק""ג",false,,45.90,45.9000,true,1,63110
7290005068058,false,תירס קל 550 גרם,פרי הגליל,,תירס קל 550 גרם,גרמים,550.00,100 גרם,false,,6.90,0.0125,false,1,10424
7290005068492,false,לקט ירקות מעורבים 70,פרי הגליל,,לקט ירקות מעורבים 70,גרמים,700.00,100 גרם,false,,9.90,0.0141,true,1,10426
7290005068621,false,ברוקולי פרי גליל,פרי הגליל,,ברוקולי פרי גליל,גרמים,800.00,100 גרם,false,,15.90,0.0199,true,1,10427
7290005079603,false,פטה עיזים מעודנת 5%,משק צוריאל,,פטה עיזים מעודנת 5%,קילוגרמים,1.00,"ק""ג",true,,119.00,119.0000,true,1,125733
7290005084355,false,סנסודין דואל קר,סנסודיין,,סנסודין דואל קר,מיליליטרים,75.00,"100 מ""ל",false,,21.90,0.2920,true,1,13669
7290005111761,false,"בונזו בשר 3 ק""ג",בונזו,,"בונזו בשר 3 ק""ג",קילוגרמים,3.00,"ק""ג",false,,47.90,15.9667,false,1,15944
7290005113222,false,מיקס זיתים 340 גרם ל,קבוצת יבנה,,מיקס זיתים 340 גרם ל,גרמים,340.00,100 גרם,false,,9.90,0.0291,true,1,42746
7290005169922,false,תה טיבטי בטעם קלאסי,,,תה טיבטי בטעם קלאסי,גרמים,180.00,100 גרם,false,,42.90,0.2383,true,1,23438
7290005169939,false,תה טיבטי בטעם נענע 9,,,תה טיבטי בטעם נענע 9,גרמים,180.00,100 גרם,false,,42.90,0.2383,true,1,23439
7290005169946,false,תה טיבטי בטעם לימון,,,תה טיבטי בטעם לימון,גרמים,180.00,100 גרם,false,,42.90,0.2383,true,1,23440
7290005169953,false,תה טיבטי בטעם פירות,,,תה טיבטי בטעם פירות,גרמים,180.00,100 גרם,false,,42.90,0.2383,true,1,23437
7290005174513,false,חציל קלוי שטראוס,אחלה,,חציל קלוי שטראוס,גרמים,500.00,100 גרם,false,,15.00,0.0300,true,1,105398
7290005174551,false,סלט חומוס אחלה א,אחלה,,סלט חומוס אחלה א,גרמים,125.00,100 גרם,false,,4.60,0.0368,true,1,7572
7290005174568,false,סלט חצילים אישי,אחלה,,סלט חצילים אישי,גרמים,125.00,100 גרם,false,,4.60,0.0368,true,1,7573
7290005174575,false,סלט טחינה אישי א,אחלה,,סלט טחינה אישי א,גרמים,125.00,100 גרם,false,,4.60,0.0368,true,1,7574
7290005175428,false,קמח תירס אינסטנט,וילי פוד,,קמח תירס אינסטנט,גרמים,500.00,100 גרם,false,,5.80,0.0116,true,1,14910
7290005175589,false,קמח תירס 1 קג,וילי פוד,,קמח תירס 1 קג,יחידה,1.00,יחידה,false,,9.30,9.3000,true,1,14911
7290005197758,false,חיוכים שוקו עלית,עלית,,חיוכים שוקו עלית,גרמים,150.00,100 גרם,false,,5.00,0.0333,true,1,9782
7290005199578,false,קפה נמס פלטינום נטול,עלית,,קפה נמס פלטינום נטול,גרמים,200.00,100 גרם,false,,35.90,0.1795,false,1,9791
7290005199738,false,מסטיק מאסט בטעם פפרמ,עלית,,מסטיק מאסט בטעם פפרמ,גרמים,28.00,100 גרם,false,,4.40,0.1571,false,1,9793
7290005200786,false,תפוציפס 50,עלית,,תפוציפס 50,גרמים,50.00,100 גרם,false,,3.90,0.0780,true,1,10159
7290005201455,false,קפה נמס מגורען ארומה,עלית,,קפה נמס מגורען ארומה,גרמים,200.00,100 גרם,false,,21.90,0.1095,false,1,9799
7290005201882,false,קפה טורקי 200,עלית,,קפה טורקי 200,גרמים,200.00,100 גרם,false,,14.90,0.0745,false,1,9802
7290005230714,false,צלחת ליפתנית אלגנט,,,צלחת ליפתנית אלגנט,יחידה,0.00,יחידה,false,,5.90,0.0000,true,1,38443
7290005230882,false,צלחות 10 אלגנט לבן-,,,צלחות 10 אלגנט לבן-,יחידה,0.00,יחידה,false,,21.90,0.0000,true,1,36523
7290005270000,false,עלי סיגר מרוקאי 500,חמים וטעים,,עלי סיגר מרוקאי 500,גרמים,500.00,100 גרם,false,,14.90,0.0298,true,1,20359
7290005287206,false,רביעייה טונה בשמן 4x,סטאר קיסט,,רביעייה טונה בשמן 4x,גרמים,640.00,100 גרם,false,,24.90,0.0389,false,1,15972
7290005287251,false,רביעייה טונה סטארקיס,סטאר קיסט,,רביעייה טונה סטארקיס,גרמים,640.00,100 גרם,false,,24.90,0.0389,false,1,20999
7290005287510,false,טונה סטארקיסט בשמן פ,סטאר קיסט,,טונה סטארקיסט בשמן פ,גרמים,160.00,100 גרם,false,,7.60,0.0475,true,1,62704
7290005287527,false,טונה סטארקיסט בשמן ל,סטאר קיסט,,טונה סטארקיסט בשמן ל,גרמים,160.00,100 גרם,false,,7.60,0.0475,true,1,63164
7290005287534,false,טונה סטארקיסט בשמן ע,סטאר קיסט,,טונה סטארקיסט בשמן ע,גרמים,160.00,100 גרם,false,,7.60,0.0475,true,1,63145
7290005287657,false,ממרח טונה סטאר קיסט,סטאר קיסט,,ממרח טונה סטאר קיסט,גרמים,160.00,100 גרם,false,,7.90,0.0494,true,1,30042
7290005296246,false,פותח סתימות,יעקובי,,פותח סתימות,מיליליטרים,946.00,"100 מ""ל",false,,29.90,0.0316,true,1,13765
7290005296260,false,אסטוניש רסס נגב,יעקובי אסטוניש,,אסטוניש רסס נגב,מיליליטרים,750.00,"100 מ""ל",false,,11.90,0.0159,true,1,13766
7290005296895,false,פוליבוי כסף בקבו,פוליבוי,,פוליבוי כסף בקבו,מיליליטרים,200.00,"100 מ""ל",false,,21.90,0.1095,true,1,13776
7290005296901,false,פוליבוי מטלית כס,פוליבוי,,פוליבוי מטלית כס,יחידה,100.00,יחידה,false,,19.90,0.1990,true,1,27564
7290005326387,false,עגבניות מיובשות אולי,אוליביה,,עגבניות מיובשות אולי,גרמים,280.00,100 גרם,false,,19.90,0.0711,true,1,8817
7290005326585,false,פסטו בזיליקום אוליבי,,,פסטו בזיליקום אוליבי,גרמים,180.00,100 גרם,false,,12.90,0.0717,true,1,110262
7290005384837,false,מיץ לימון טבעי,וילי פוד,,מיץ לימון טבעי,מיליליטרים,500.00,"100 מ""ל",false,,7.00,0.0140,true,1,14914
7290005384851,false,מיץ לימון משומר,וילי פוד,,מיץ לימון משומר,מיליליטרים,200.00,"100 מ""ל",false,,4.90,0.0245,true,1,14915
7290005384868,false,גבינת דנאבלו מעדניה,,,גבינת דנאבלו מעדניה,קילוגרמים,1.00,"ק""ג",true,,79.90,79.9000,true,1,17975
7290005384899,false,פטה יוונית,,,פטה יוונית,קילוגרמים,1.00,"ק""ג",true,,37.00,37.0000,true,1,14916
7290005418709,false,לחות לקיבוע תלתלים 4,נטורל פורמולה,,לחות לקיבוע תלתלים 4,מיליליטרים,400.00,"100 מ""ל",false,,25.90,0.0647,true,1,16823
7290005418716,false,לחות בניה תלתלים 400,נטורל פורמולה,,לחות בניה תלתלים 400,מיליליטרים,400.00,"100 מ""ל",false,,25.90,0.0647,true,1,16824
7290005423086,false,מטהר אוויר סנו מוד,סנומוד,,מטהר אוויר סנו מוד,מיליליטרים,150.00,"100 מ""ל",false,,12.90,0.0860,true,1,108037
7290005423253,false,מבשם למייבש כביסה,סנו,,מבשם למייבש כביסה,מיליליטרים,750.00,"100 מ""ל",false,,19.90,0.0265,true,1,17215
7290005423369,false,סנו די קידס,סנו,,סנו די קידס,מיליליטרים,100.00,"100 מ""ל",false,,19.90,0.1990,true,1,119705
7290005423383,false,סנומוד גלאמור,סנומוד,,סנומוד גלאמור,מיליליטרים,150.00,"100 מ""ל",false,,12.90,0.0860,true,1,108038
7290005423499,false,סנו נירוסטה,סנו,,סנו נירוסטה,מיליליטרים,500.00,"100 מ""ל",false,,19.90,0.0398,true,1,17222
7290005423567,false,מטליות לניקוי כללי צ,סנו סושי,,מטליות לניקוי כללי צ,יחידה,0.00,יחידה,false,,19.90,0.0000,true,1,17223
7290005423635,false,ריצפז דוחה חרקים,סנו ריצפז,,ריצפז דוחה חרקים,ליטרים,2.00,ליטר,false,,21.90,10.9500,false,1,17225
7290005423734,false,מרכך סנו 4 ליטר,סנו,,מרכך סנו 4 ליטר,ליטרים,4.00,ליטר,false,,21.90,5.4750,false,1,17226
7290005423833,false,פוליוקס פרקט,סנו פוליויקס,,פוליוקס פרקט,ליטרים,2.00,ליטר,false,,19.90,9.9500,true,1,17227
7290005423871,false,אורביטול שלישיה,אורביטול,,אורביטול שלישיה,גרמים,435.00,100 גרם,false,,19.90,0.0457,true,1,21191
7290005423918,false,מרכך כביסה סנו מקסימ,סנו,,מרכך כביסה סנו מקסימ,ליטרים,4.00,ליטר,false,,22.90,5.7250,false,1,17229
7290005424403,false,כיף 1 ליטר אצות ים,כיף,,כיף 1 ליטר אצות ים,ליטרים,1.00,ליטר,false,,12.90,12.9000,true,1,59261
7290005424755,false,מטליות לחות לניקוי ר,סנו,,מטליות לחות לניקוי ר,יחידה,0.00,יחידה,false,,15.90,0.0000,true,1,110319
7290005424762,false,ריצפז ווקס דוחה,סנו ריצפז,,ריצפז ווקס דוחה,ליטרים,2.00,ליטר,false,,31.90,15.9500,true,1,17239
7290005424809,false,סקוטש סנו סושי,סנו סושי,,סקוטש סנו סושי,יחידה,0.00,יחידה,false,,9.90,0.0000,true,1,17242
7290005424847,false,סנו סושי מפיות אירוח,סנו,,סנו סושי מפיות אירוח,יחידה,0.00,יחידה,false,,7.90,0.0000,true,1,17243
7290005425110,false,סנו חיטוי משטחים 99.,סנו,,סנו חיטוי משטחים 99.,מיליליטרים,750.00,"100 מ""ל",false,,14.90,0.0199,true,1,113358
7290005425196,false,סנו מקסימה 5 2 ק,סנו מקסימה,,סנו מקסימה 5 2 ק,קילוגרמים,2.50,"ק""ג",false,,25.90,10.3600,false,1,17254
7290005425202,false,סנו מקסימה 5 2 ק,סנו מקסימה,,סנו מקסימה 5 2 ק,קילוגרמים,2.50,"ק""ג",false,,25.90,10.3600,false,1,17255
7290005425585,false,מטליות סנו רהיט,סנו,,מטליות סנו רהיט,יחידה,0.00,יחידה,false,,13.90,0.0000,true,1,17256
7290005425646,false,סנוקליר נוזל רב תכלי,סנו,,סנוקליר נוזל רב תכלי,ליטרים,1.00,ליטר,false,,11.90,11.9000,false,1,17257
7290005425714,false,סנו שמפו שטיחים,סנו,,סנו שמפו שטיחים,מיליליטרים,600.00,"100 מ""ל",false,,23.90,0.0398,true,1,17259
7290005426186,false,סקוטש ענק סושי,סנו סושי,,סקוטש ענק סושי,יחידה,0.00,יחידה,false,,20.00,0.0000,true,1,23485
7290005426193,false,ספוג פלא סנו סוש,סנו סושי,,ספוג פלא סנו סוש,יחידה,0.00,יחידה,false,,11.50,0.0000,false,1,17269
7290005426568,false,לחות לשיער קרמה,קרמה,,לחות לשיער קרמה,מיליליטרים,400.00,"100 מ""ל",false,,22.90,0.0572,true,1,17280
7290005426629,false,דאוד' פרש אורן ד,סנו fresh,,דאוד' פרש אורן ד,מיליליטרים,300.00,"100 מ""ל",false,,12.90,0.0430,true,1,17285
7290005426735,false,סנו מקסימה 25 1.,סנו מקסימה,,סנו מקסימה 25 1.,קילוגרמים,1.25,"ק""ג",false,,11.90,9.5200,true,1,21196
7290005426803,false,מרכך סנו מקסימה,סנו מקסימה,,מרכך סנו מקסימה,ליטרים,4.00,ליטר,false,,21.90,5.4750,false,1,17288
7290005426865,false,אורביטול ילדים מ,אורביטול,,אורביטול ילדים מ,גרמים,50.00,100 גרם,false,,9.90,0.1980,true,1,41288
7290005426964,false,סנובון שלישיה אפ,סנו סנובון,,סנובון שלישיה אפ,גרמים,165.00,100 גרם,false,,13.90,0.0842,false,1,17295
7290005426971,false,סנובון כחול שליש,סנו סנובון,,סנובון כחול שליש,גרמים,165.00,100 גרם,false,,14.90,0.0903,false,1,17296
7290005427107,false,סושי מגבות הפלא למטב,סנו סושי,,סושי מגבות הפלא למטב,יחידה,0.00,יחידה,false,,11.90,0.0000,false,1,17300
7290005427725,false,מגבונים ליטופים מארז,ליטופים,,מגבונים ליטופים מארז,יחידה,0.00,יחידה,false,,18.90,0.0000,false,1,27604
7290005427787,false,לחות לשיער מתולת,סנו,,לחות לשיער מתולת,מיליליטרים,400.00,"100 מ""ל",false,,22.90,0.0572,true,1,17336
7290005427848,false,סנו מטליות בגליל ורו,סנו סושי,,סנו מטליות בגליל ורו,יחידה,0.00,יחידה,false,,19.90,0.0000,true,1,17339
7290005428845,false,סנו סופט מפיות 33*33,סנו סופט,,סנו סופט מפיות 33*33,יחידה,0.00,יחידה,false,,8.90,0.0000,true,1,17357
7290005429019,false,פיסגה לריצפה 4 ל,סנו פיסגה,,פיסגה לריצפה 4 ל,ליטרים,4.00,ליטר,false,,17.90,4.4750,true,1,105409
7290005429279,false,סנו מקסימה אפקט ג'או,סנו מקסימה,,סנו מקסימה אפקט ג'או,קילוגרמים,6.00,"ק""ג",false,,49.90,8.3167,false,1,23864
7290005429286,false,סנו מקסימה ביו 6 קג,סנו מקסימה,,סנו מקסימה ביו 6 קג,קילוגרמים,6.00,"ק""ג",false,,49.90,8.3167,false,1,23793
7290005430480,false,מטלית הפלא סנו,סנו סושי,,מטלית הפלא סנו,יחידה,0.00,יחידה,false,,7.50,0.0000,true,1,17365
7290005430602,false,מסיר כתמים סנו,סנו,,מסיר כתמים סנו,מיליליטרים,750.00,"100 מ""ל",false,,19.90,0.0265,false,1,17368
7290005430671,false,פוליוקס קרמיקה,סנו פוליויקס,,פוליוקס קרמיקה,ליטרים,2.00,ליטר,false,,19.90,9.9500,false,1,17371
7290005430961,false,בד גארד נוזל 1 ל,סנו,,בד גארד נוזל 1 ל,ליטרים,1.00,ליטר,false,,17.50,17.5000,true,1,17375
7290005431159,false,תותים בקצפת לייט,עדן,,תותים בקצפת לייט,גרמים,80.00,100 גרם,false,,6.60,0.0825,true,1,137209
7290005431883,false,מלבי חלבי 165 גר',,,מלבי חלבי 165 גר',גרמים,165.00,100 גרם,false,,6.60,0.0400,true,1,117044
7290005431890,false,בוואריה 95 גר',,,בוואריה 95 גר',גרמים,95.00,100 גרם,false,,6.60,0.0695,true,1,117045
7290005431913,false,עוגת גבינה פירורים 9,,,עוגת גבינה פירורים 9,גרמים,92.00,100 גרם,false,,6.60,0.0717,true,1,117047
7290005431920,false,עוגת גבינה פירורים ל,,,עוגת גבינה פירורים ל,גרמים,78.00,100 גרם,false,,6.60,0.0846,true,1,117048
7290005431937,false,טירמיסו 82 גר',,,טירמיסו 82 גר',גרמים,82.00,100 גרם,false,,6.60,0.0805,true,1,117049
7290005431951,false,מוס שוקולד 75 גר',תנובה חלב,,מוס שוקולד 75 גר',גרמים,75.00,100 גרם,false,,6.60,0.0880,true,1,117770
7290005431968,false,מלבי שמנת,,,מלבי שמנת,גרמים,150.00,100 גרם,false,,7.40,0.0493,true,1,120410
7290005477669,false,דרמפון מועשר לחו,,,דרמפון מועשר לחו,ליטרים,1.00,ליטר,false,,15.90,15.9000,true,1,16826
7290005500688,false,מסכה לשיער 1 קג,,,מסכה לשיער 1 קג,קילוגרמים,1.00,"ק""ג",false,,29.90,29.9000,true,1,21047
7290005509445,false,מיני קוקיס בטעם חמאה,כרמית,,מיני קוקיס בטעם חמאה,גרמים,600.00,100 גרם,false,,15.90,0.0265,true,1,12596
7290005559587,false,מאפה נקניקיה בבצק,מעדנות,,מאפה נקניקיה בבצק,גרמים,800.00,100 גרם,false,,27.90,0.0349,false,1,9231
7290005559709,false,בורקס פיצה,מעדנות,,בורקס פיצה,גרמים,700.00,100 גרם,false,,24.90,0.0356,false,1,9237
7290005559907,false,פיצה משפחתית גבינה,מעדנות,,פיצה משפחתית גבינה,גרמים,500.00,100 גרם,false,,19.90,0.0398,false,1,9241
7290005559914,false,פיצה משפחתית זיתים,מעדנות,,פיצה משפחתית זיתים,גרמים,550.00,100 גרם,false,,19.90,0.0362,false,1,9242
7290005559990,false,בצק פילס תורכי,מעדנות,,בצק פילס תורכי,גרמים,600.00,100 גרם,false,,19.90,0.0332,false,1,9250
7290005589027,false,לקקן מוצץ / תרנגול 1,,,לקקן מוצץ / תרנגול 1,גרמים,90.00,100 גרם,false,,11.90,0.1322,true,1,123359
7290005589492,false,חיטה מלאה תפוחה בציפ,מפעלי דגן,,חיטה מלאה תפוחה בציפ,גרמים,200.00,100 גרם,false,,6.50,0.0325,true,1,96429
7290005589768,false,דגן פיצפוצי אורז מלא,מפעלי דגן,,דגן פיצפוצי אורז מלא,גרמים,130.00,100 גרם,false,,6.50,0.0500,true,1,96768
7290005591761,false,דבש יד מרדכי לחיץ טה,יד מרדכי,,דבש יד מרדכי לחיץ טה,גרמים,400.00,100 גרם,false,,26.90,0.0672,false,1,9803
7290005605895,false,פאנטה אקזוטיק 00,קוקה קולה,,פאנטה אקזוטיק 00,מיליליטרים,500.00,"100 מ""ל",false,,6.00,0.0120,true,1,5804
7290005617331,false,מטאטא ארג'נטה,,,מטאטא ארג'נטה,יחידה,0.00,יחידה,false,,24.90,0.0000,true,1,59545
7290005617379,false,יעה,,,יעה,יחידה,0.00,יחידה,false,,6.20,0.0000,true,1,59524
7290005617492,false,דלי ידית פלסטיק 12,,,דלי ידית פלסטיק 12,יחידה,0.00,יחידה,false,,12.00,0.0000,true,1,59546
7290005617645,false,מגב חלון פלסטיק 20,,,מגב חלון פלסטיק 20,יחידה,0.00,יחידה,false,,4.90,0.0000,true,1,59526
7290005617690,false,מברשת לשרותים,,,מברשת לשרותים,יחידה,0.00,יחידה,false,,5.40,0.0000,true,1,59997
7290005617768,false,פומפה עם מקל,,,פומפה עם מקל,יחידה,0.00,יחידה,false,,9.00,0.0000,true,1,60710
7290005617850,false,מטאטא מרצדס,,,מטאטא מרצדס,יחידה,0.00,יחידה,false,,30.00,0.0000,true,1,59527
7290005617980,false,מברשת ציפורניים,,,מברשת ציפורניים,יחידה,0.00,יחידה,false,,4.50,0.0000,true,1,59549
7290005651069,false,"לה קט מיקס 2.85 ק""ג",לה -קט,,"לה קט מיקס 2.85 ק""ג",קילוגרמים,2.85,"ק""ג",false,,59.90,21.0175,false,1,15981
7290005651366,false,"בונזו כבד 3 ק""ג",בונזו,,"בונזו כבד 3 ק""ג",קילוגרמים,3.00,"ק""ג",false,,47.90,15.9667,false,1,15982
7290005651427,false,שלישיית מעדן בונזו מ,בונזו,,שלישיית מעדן בונזו מ,קילוגרמים,1.23,"ק""ג",false,,16.90,13.7398,true,1,15984
7290005658990,false,כעכים מלוחים שיבולת,,,כעכים מלוחים שיבולת,גרמים,300.00,100 גרם,false,,18.90,0.0630,true,1,189727
7290005684418,false,לחם כוסמין אורגני,,,לחם כוסמין אורגני,גרמים,600.00,100 גרם,false,,14.90,0.0248,true,1,55952
7290005684487,false,לחמניות כוסמין שישיי,,,לחמניות כוסמין שישיי,גרמים,420.00,100 גרם,false,,12.90,0.0307,true,1,111170
7290005684579,false,לחם מחמצת כוסמין,,,לחם מחמצת כוסמין,גרמים,700.00,100 גרם,false,,14.90,0.0213,true,1,119916
7290005789380,false,פרשיס קוסמטיקס להסרת,,,פרשיס קוסמטיקס להסרת,יחידה,0.00,יחידה,false,,14.90,0.0000,true,1,22177
7290005838002,false,דניאלה 5%,שטראוס,,דניאלה 5%,מיליליטרים,150.00,"100 מ""ל",false,,4.10,0.0273,true,1,7578
7290005838613,false,סקי וניל 3%,שטראוס,,סקי וניל 3%,גרמים,125.00,100 גרם,false,,3.70,0.0296,false,1,7581
7290005838972,false,סקי % 3 125 גר,שטראוס,,סקי % 3 125 גר,גרמים,125.00,100 גרם,false,,3.10,0.0248,true,1,7582
7290005839078,false,דנונה ביו 3% שמיניה,שטראוס דנונה,,דנונה ביו 3% שמיניה,ליטרים,1.20,ליטר,false,,16.80,14.0000,true,1,7583
7290005839108,false,סימפוניה זיתים 5%,שטראוס,,סימפוניה זיתים 5%,גרמים,200.00,100 גרם,false,,11.20,0.0560,false,1,7584
7290005839313,false,מילקי טופ 8%,שטראוס,,מילקי טופ 8%,מיליליטרים,130.00,"100 מ""ל",false,,4.60,0.0354,true,1,7585
7290005896439,false,מכבי בירה בקבוק 500,,,מכבי בירה בקבוק 500,מיליליטרים,500.00,"100 מ""ל",false,,6.20,0.0124,false,1,58048
7290005896453,false,בירה מכבי חוזר 7.9%,,,בירה מכבי חוזר 7.9%,מיליליטרים,500.00,"100 מ""ל",false,,6.70,0.0134,false,1,103039
7290005896460,false,איגל בירה חזקה פחית,,,איגל בירה חזקה פחית,מיליליטרים,500.00,"100 מ""ל",false,,5.90,0.0118,true,1,108258
7290005896620,false,מים סאן בנדטו מו,סן בנדטו,,מים סאן בנדטו מו,ליטרים,1.50,ליטר,false,,4.50,3.0000,true,1,18560
7290005896637,false,מים סאן בנדטו 1.5 לי,,,מים סאן בנדטו 1.5 לי,ליטרים,1.50,ליטר,false,,4.00,2.6667,true,1,18561
7290005896828,false,סאן בנדטו 1.5 ליטר ש,סן בנדטו,,סאן בנדטו 1.5 ליטר ש,ליטרים,9.00,ליטר,false,,15.90,1.7667,false,1,18562
7290005930720,false,חמאת גוף מסק שיק ספא,,,חמאת גוף מסק שיק ספא,מיליליטרים,350.00,"100 מ""ל",false,,25.90,0.0740,true,1,35538
7290005966033,false,הר חרמון לבן,יקב רמת הגולן,,הר חרמון לבן,מיליליטרים,750.00,"100 מ""ל",false,,29.90,0.0399,false,1,11892
7290005966088,false,הר חרמון אדום,יקב רמת הגולן,,הר חרמון אדום,מיליליטרים,750.00,"100 מ""ל",false,,29.90,0.0399,false,1,11893
7290005992575,false,בולגרית למריחה 5%,,,בולגרית למריחה 5%,גרמים,250.00,100 גרם,false,,16.50,0.0660,true,1,18333
7290005992735,false,לבנה 5% גד 250 גרם,מחלבות גד,,לבנה 5% גד 250 גרם,גרמים,250.00,100 גרם,false,,11.20,0.0448,true,1,14417
7290005992858,false,פטה עיזים גד 5%,,,פטה עיזים גד 5%,קילוגרמים,1.00,"ק""ג",true,,112.00,112.0000,true,1,42694
7290005992964,false,גבינת פטה כבשים,,,גבינת פטה כבשים,קילוגרמים,1.00,"ק""ג",true,,99.90,99.9000,true,1,68125
7290005996009,false,סלמי גליל מעושן 400,יחיעם,,סלמי גליל מעושן 400,גרמים,400.00,100 גרם,false,,21.90,0.0547,true,1,114056
7290005996030,false,פסטרמה בתיבול שווארמ,יחיעם,,פסטרמה בתיבול שווארמ,גרמים,300.00,100 גרם,false,,25.90,0.0863,true,1,118531
7290005996078,false,סרוולט הולגרי 125 גר,יחיעם,,סרוולט הולגרי 125 גר,גרמים,125.00,100 גרם,false,,26.90,0.2152,true,1,118986
7290005996160,false,נקניקיות צוריסו פרימ,יחיעם,,נקניקיות צוריסו פרימ,גרמים,280.00,100 גרם,false,,20.90,0.0746,true,1,117667
7290005996221,false,פסטרמה של פעם דק דק,יחיעם,,פסטרמה של פעם דק דק,גרמים,120.00,100 גרם,false,,11.90,0.0992,true,1,119828
7290005996238,false,פסטרמה בדבש דק דק 12,יחיעם,,פסטרמה בדבש דק דק 12,גרמים,120.00,100 גרם,false,,11.90,0.0992,true,1,119829
7290005996276,false,פסטרמה ברביקיו דק דק,יחיעם,,פסטרמה ברביקיו דק דק,גרמים,120.00,100 גרם,false,,11.90,0.0992,true,1,120161
7290005996740,false,סלמי פפרוני 300 גר',יחיעם,,סלמי פפרוני 300 גר',גרמים,300.00,100 גרם,false,,19.90,0.0663,true,1,125189
7290006065032,false,בלו פיש-נגיסי זהבון,,,בלו פיש-נגיסי זהבון,גרמים,400.00,100 גרם,false,,21.90,0.0547,true,1,189696
7290006199027,false,מאגדת גלידל דיאט שלג,,,מאגדת גלידל דיאט שלג,גרמים,600.00,100 גרם,false,,35.90,0.0598,true,1,18448
7290006199218,false,מאגדת גלידל דיאט שלג,גלידות פלדמן,,מאגדת גלידל דיאט שלג,גרמים,400.00,100 גרם,false,,35.90,0.0897,true,1,21430
7290006210203,false,"בורקס תפו""א",בונז'ור,,"בורקס תפו""א",קילוגרמים,1.00,"ק""ג",true,,42.00,42.0000,true,1,14391
7290006210494,false,אוזני פיל,בונז'ור,,אוזני פיל,קילוגרמים,1.00,"ק""ג",true,,44.90,44.9000,true,1,37145
7290006229427,false,סאן בנדטו שישייה 0.5,סן בנדטו,,סאן בנדטו שישייה 0.5,ליטרים,3.00,ליטר,false,,12.90,4.3000,false,1,18566
7290006229588,false,בירה איגל פחית 500 מ,,,בירה איגל פחית 500 מ,מיליליטרים,500.00,"100 מ""ל",false,,5.50,0.0110,true,1,105941
7290006241153,false,פקאן סיני 150 גר,קליית גת,,פקאן סיני 150 גר,גרמים,200.00,100 גרם,false,,19.00,0.0950,true,1,12755
7290006241191,false,אגוזי מלך 150 גר,קליית גת,,אגוזי מלך 150 גר,גרמים,200.00,100 גרם,false,,16.50,0.0825,false,1,24370
7290006241214,false,שקד טבעי 200 גר,קליית גת,,שקד טבעי 200 גר,גרמים,200.00,100 גרם,false,,16.90,0.0845,true,1,12756
7290006241504,false,תרכיז פריגת  תפוזים,פריגת,,תרכיז פריגת  תפוזים,מיליליטרים,340.00,"100 מ""ל",false,,12.90,0.0379,true,1,5820
7290006251107,false,צ'אי מסאלה 25 שקיקים,ויסוצקי,,צ'אי מסאלה 25 שקיקים,גרמים,50.00,100 גרם,false,,18.90,0.3780,true,1,8941
7290006251268,false,תה ירוק תפוח וקינמון,ויסוצקי,,תה ירוק תפוח וקינמון,גרמים,37.50,100 גרם,false,,24.90,0.6640,false,1,8942
7290006251275,false,תה ירוק סיני 25 שקיק,ויסוצקי,,תה ירוק סיני 25 שקיק,גרמים,37.50,100 גרם,false,,24.90,0.6640,false,1,8943
7290006251282,false,תה חליטת קרנברי 25 ש,ויסוצקי,,תה חליטת קרנברי 25 ש,גרמים,75.00,100 גרם,false,,18.90,0.2520,false,1,8944
7290006251343,false,תה חליטת מנגו ופסיפל,ויסוצקי,,תה חליטת מנגו ופסיפל,גרמים,62.50,100 גרם,false,,18.90,0.3024,false,1,8946
7290006251374,false,תה ירוק לימונית 25 ש,ויסוצקי,,תה ירוק לימונית 25 ש,גרמים,25.00,100 גרם,false,,24.90,0.9960,false,1,8948
7290006251589,false,תה ירוק נענע,ויסוצקי,,תה ירוק נענע,גרמים,75.00,100 גרם,false,,45.90,0.6120,false,1,8949
7290006265500,false,פטריות שמפניון בסלסל,,,פטריות שמפניון בסלסל,גרמים,250.00,100 גרם,false,,8.90,0.0356,true,1,18443
7290006265548,false,נבטים סינים,מרינה,,נבטים סינים,גרמים,360.00,100 גרם,false,,5.90,0.0164,true,1,20502
7290006265890,false,נבטי חמניה מרינה,,,נבטי חמניה מרינה,יחידה,0.00,יחידה,false,,8.90,0.0000,true,1,39985
7290006271174,false,ג'חנון מעדנות 700 גר,מעדנות,,ג'חנון מעדנות 700 גר,גרמים,700.00,100 גרם,false,,15.90,0.0227,false,1,9252
7290006271181,false,ג'חנון אפוי 750 גר',מעדנות,,ג'חנון אפוי 750 גר',גרמים,750.00,100 גרם,false,,22.90,0.0305,false,1,9253
7290006271648,false,"מיני בורקס תפו""א",מעדנות,,"מיני בורקס תפו""א",גרמים,800.00,100 גרם,false,,23.90,0.0299,false,1,9269
7290006271655,false,מיני בורקס גבינה,מעדנות,,מיני בורקס גבינה,גרמים,800.00,100 גרם,false,,26.50,0.0331,false,1,9270
7290006272072,false,חטיפי פיצה,מעדנות,,חטיפי פיצה,גרמים,650.00,100 גרם,false,,25.90,0.0398,false,1,24964
7290006272430,false,בצק עלים חמאה,מעדנות,,בצק עלים חמאה,גרמים,600.00,100 גרם,false,,25.90,0.0432,false,1,30863
7290006306296,false,רביולי גבינה לילדים,מחלבות גד,,רביולי גבינה לילדים,יחידה,400.00,יחידה,false,,24.00,0.0600,true,1,42416
7290006306302,false,רביולי גבינה פרמזן,מחלבות גד,,רביולי גבינה פרמזן,גרמים,400.00,100 גרם,false,,24.00,0.0600,true,1,18343
7290006306319,false,רביולי בטטה,מחלבות גד,,רביולי בטטה,גרמים,400.00,100 גרם,false,,24.00,0.0600,true,1,18344
7290006322104,false,לחם ריחיים קל פרוס ד,מאפיית דוידוביץ ובני,,לחם ריחיים קל פרוס ד,גרמים,500.00,100 גרם,false,,9.50,0.0190,true,1,20241
7290006322111,false,לחמניות ריחיים,מאפיית דוידוביץ ובני,,לחמניות ריחיים,גרמים,400.00,100 גרם,false,,9.90,0.0248,true,1,20242
7290006322128,false,שש לחמניות קלות דויד,מאפיית דוידוביץ ובני,,שש לחמניות קלות דויד,גרמים,400.00,100 גרם,false,,9.90,0.0248,true,1,20243
7290006322197,false,מארז לחמניות הבית כפ,,,מארז לחמניות הבית כפ,גרמים,400.00,100 גרם,false,,12.90,0.0323,true,1,61116
7290006322838,false,לחם מקמח מלא דוידובי,מאפיית דוידוביץ ובני,,לחם מקמח מלא דוידובי,מיליליטרים,750.00,"100 מ""ל",false,,10.90,0.0145,true,1,60754
7290006322968,false,לחם זיץ ברויט דוידוב,מאפיית דוידוביץ ובני,,לחם זיץ ברויט דוידוב,גרמים,1200.00,100 גרם,false,,16.90,0.0141,true,1,68703
7290006374615,false,מזון מלכות יד מרדכי,יד מרדכי,,מזון מלכות יד מרדכי,גרמים,340.00,100 גרם,false,,42.00,0.1235,true,1,9816
7290006374653,false,דבש לייט יד מרדכי 35,יד מרדכי,,דבש לייט יד מרדכי 35,גרמים,350.00,100 גרם,false,,26.50,0.0757,true,1,9817
7290006374738,false,קונפיטורה תות יד מרד,יד מרדכי,,קונפיטורה תות יד מרד,גרמים,340.00,100 גרם,false,,13.50,0.0397,true,1,9824
7290006376053,false,סוכר חום כהה בשקית 1,,,סוכר חום כהה בשקית 1,קילוגרמים,1.00,"ק""ג",false,,12.50,12.5000,true,1,117841
7290006376091,false,סודה לשתייה,,,סודה לשתייה,גרמים,50.00,100 גרם,false,,2.20,0.0440,true,1,119334
7290006449955,false,מלפפון בייבי,,,מלפפון בייבי,גרמים,500.00,100 גרם,false,,9.90,0.0198,true,1,57868
7290006461100,false,אנטריקוט פרימיום מוכ,,,אנטריקוט פרימיום מוכ,קילוגרמים,1.00,"ק""ג",true,,199.90,199.9000,false,1,120772
7290006461605,false,אסאדו אנגוס מצונן מפ,,,אסאדו אנגוס מצונן מפ,קילוגרמים,1.00,"ק""ג",true,,79.90,79.9000,false,1,122219
7290006461698,false,צלי כתף לויתן,,,צלי כתף לויתן,קילוגרמים,1.00,"ק""ג",true,,99.90,99.9000,false,1,120882
7290006461773,false,שריר מוזות מצונן בוו,,,שריר מוזות מצונן בוו,קילוגרמים,1.00,"ק""ג",true,,69.90,69.9000,false,1,122220
7290006492432,false,מוצרלה בייבי 18%,מחלבות גד,,מוצרלה בייבי 18%,גרמים,170.00,100 גרם,false,,14.50,0.0853,true,1,18353
7290006492616,false,פרוסות בולגרית מעודנ,מחלבות גד,,פרוסות בולגרית מעודנ,גרמים,250.00,100 גרם,false,,26.70,0.1068,true,1,18355
7290006492630,false,גבינת גליל גד עזים 2,מחלבות גד,,גבינת גליל גד עזים 2,גרמים,180.00,100 גרם,false,,22.80,0.1267,true,1,18357
7290006492685,false,לבנה עיזים 3%,מחלבות גד,,לבנה עיזים 3%,גרמים,250.00,100 גרם,false,,17.00,0.0680,true,1,18359
7290006492852,false,גבינת עיזים 5%,מחלבות גד,,גבינת עיזים 5%,גרמים,250.00,100 גרם,false,,17.00,0.0680,true,1,22213
7290006492913,false,לבנה צזיקי 250,מחלבות גד,,לבנה צזיקי 250,גרמים,250.00,100 גרם,false,,12.80,0.0512,true,1,22144
7290006494917,false,מרמולייט ופל בטעם שו,מרמולייט,,מרמולייט ופל בטעם שו,גרמים,180.00,100 גרם,false,,10.90,0.0606,true,1,16489
7290006494924,false,מרמולייט ופל בטעם לי,מרמולייט,,מרמולייט ופל בטעם לי,גרמים,180.00,100 גרם,false,,10.90,0.0606,true,1,16490
7290006498052,false,דנונה טבעי 3% מהדרין,,,דנונה טבעי 3% מהדרין,יחידה,0.00,יחידה,false,,2.60,0.0000,true,1,64020
7290006511157,false,פטריות שמפניון שלמות,וילי פוד,,פטריות שמפניון שלמות,גרמים,400.00,100 גרם,false,,7.50,0.0188,false,1,14919
7290006546319,false,סטייק צי'פס,פרי הגליל,,סטייק צי'פס,קילוגרמים,1.50,"ק""ג",false,,16.90,11.2667,true,1,10435
7290006546388,false,תחתיות ארטישוק פרי ג,פרי הגליל,,תחתיות ארטישוק פרי ג,גרמים,400.00,100 גרם,false,,13.90,0.0348,true,1,38356
7290006546395,false,לקט ירקות פרי גל,פרי הגליל,,לקט ירקות פרי גל,גרמים,800.00,100 גרם,false,,9.90,0.0124,true,1,10437
7290006546524,false,ציפס מובחר 800 גר,פרי הגליל,,ציפס מובחר 800 גר,גרמים,800.00,100 גרם,false,,9.90,0.0124,true,1,34284
7290006546982,false,לקט סיני 800,פרי הגליל,,לקט סיני 800,גרמים,800.00,100 גרם,false,,14.90,0.0186,true,1,10459
7290006554017,false,עוגיות ארקד,,,עוגיות ארקד,גרמים,500.00,100 גרם,false,,18.90,0.0378,false,1,25944
7290006554024,false,עוגיות ביתיות תמ,,,עוגיות ביתיות תמ,גרמים,500.00,100 גרם,false,,18.90,0.0378,true,1,18384
7290006554031,false,עוגיות ביתיות אג,,,עוגיות ביתיות אג,גרמים,500.00,100 גרם,false,,18.90,0.0378,false,1,18385
7290006554048,false,עוגיות סנדביץ ריבה א,,,עוגיות סנדביץ ריבה א,גרמים,270.00,100 גרם,false,,18.90,0.0700,true,1,43418
7290006554055,false,עוגיות חלבה ארקד 300,,,עוגיות חלבה ארקד 300,יחידה,0.00,יחידה,false,,18.90,0.0000,true,1,25945
7290006554062,false,עוגיות גרנולה ארקד 2,,,עוגיות גרנולה ארקד 2,גרמים,250.00,100 גרם,false,,18.90,0.0756,true,1,56360
7290006554079,false,עוגיות ארקד גרנולה ל,,,עוגיות ארקד גרנולה ל,גרמים,250.00,100 גרם,false,,18.90,0.0756,true,1,59194
7290006554086,false,עוגיות ביתיות עי,,,עוגיות ביתיות עי,גרמים,500.00,100 גרם,false,,18.90,0.0378,true,1,18386
7290006554093,false,עוגיות סהרונים ארקד,,,עוגיות סהרונים ארקד,גרמים,300.00,100 גרם,false,,18.90,0.0630,false,1,25946
7290006554154,false,עוגיות מרנג נשיקות 1,,,עוגיות מרנג נשיקות 1,גרמים,100.00,100 גרם,false,,18.90,0.1890,true,1,59865
7290006554161,false,עוגיות משקפיים 250 ג,,,עוגיות משקפיים 250 ג,גרמים,250.00,100 גרם,false,,18.90,0.0756,false,1,66661
7290006554246,false,עוגיות משקפיים 250 ג,,,עוגיות משקפיים 250 ג,גרמים,250.00,100 גרם,false,,18.90,0.0756,true,1,70740
7290006554307,false,עוגיות מרוקאיות ללא,,,עוגיות מרוקאיות ללא,גרמים,300.00,100 גרם,false,,18.90,0.0630,true,1,25947
7290006554314,false,עוגיות עם שקדים ללא,,,עוגיות עם שקדים ללא,גרמים,250.00,100 גרם,false,,18.90,0.0756,true,1,70255
7290006554345,false,עוגיות במילוי ממרח ת,,,עוגיות במילוי ממרח ת,גרמים,250.00,100 גרם,false,,18.90,0.0756,false,1,105490
7290006554413,false,עוגיות מרוקאיות ארקד,,,עוגיות מרוקאיות ארקד,יחידה,300.00,יחידה,false,,18.90,0.0630,false,1,34819
7290006554703,false,כעכים מלוחים 400 גר',,,כעכים מלוחים 400 גר',גרמים,400.00,100 גרם,false,,18.90,0.0472,false,1,98729
7290006554710,false,מקלות מלוחים 400 גר',,,מקלות מלוחים 400 גר',גרמים,400.00,100 גרם,false,,18.90,0.0472,false,1,98730
7290006554727,false,מקלות מלוחים+קצח 400,,,מקלות מלוחים+קצח 400,גרמים,400.00,100 גרם,false,,18.90,0.0472,false,1,98731
7290006562906,false,סטיק הודו וכבש פרמיו,,,סטיק הודו וכבש פרמיו,גרמים,15.00,100 גרם,false,,7.00,0.4667,true,1,190075
7290006567048,false,פתיתי קוסקוס ישראלי,אסם,,פתיתי קוסקוס ישראלי,גרמים,350.00,100 גרם,false,,8.00,0.0229,false,1,6483
7290006618078,false,אסטוניש מרסס למטבח,יעקובי אסטוניש,,אסטוניש מרסס למטבח,מיליליטרים,750.00,"100 מ""ל",false,,11.90,0.0159,true,1,13783
7290006618085,false,אסטוניש מרסס לאמבט,יעקובי אסטוניש,,אסטוניש מרסס לאמבט,מיליליטרים,750.00,"100 מ""ל",false,,11.90,0.0159,true,1,13784
7290006618610,false,ספוגיות לכלים חלבי ב,יעקובי,,ספוגיות לכלים חלבי ב,יחידה,0.00,יחידה,false,,8.90,0.0000,true,1,22793
7290006651570,false,קמיל בלו צמחי מרפא א,קמיל בלו,,קמיל בלו צמחי מרפא א,מיליליטרים,750.00,"100 מ""ל",false,,17.90,0.0239,true,1,10778
7290006652027,false,מארז 20 במבה,אסם,,מארז 20 במבה,גרמים,300.00,100 גרם,false,,26.00,0.0867,false,1,6494
7290006653765,false,פסטה פרפקטו פטוצ'יני,אסם פרפקטו,,פסטה פרפקטו פטוצ'יני,גרמים,500.00,100 גרם,false,,7.70,0.0154,false,1,6510
7290006653819,false,קוסקוס דק אסם,אסם,,קוסקוס דק אסם,גרמים,350.00,100 גרם,false,,8.00,0.0229,false,1,6515
7290006664051,false,מארז אקטימל טבעי 1.6,שטראוס דנונה,,מארז אקטימל טבעי 1.6,ליטרים,1.40,ליטר,false,,29.90,21.3571,false,1,7603
7290006664310,false,סקי 3% 250 גר,שטראוס,,סקי 3% 250 גר,גרמים,250.00,100 גרם,false,,4.75,0.0190,false,1,7609
7290006664402,false,גבינת סקי 5% 750 גר',שטראוס,,גבינת סקי 5% 750 גר',גרמים,750.00,100 גרם,false,,14.25,0.0190,false,1,7612
7290006664532,false,דנונה תות 1.5%,שטראוס דנונה,,דנונה תות 1.5%,מיליליטרים,150.00,"100 מ""ל",false,,3.60,0.0240,false,1,7615
7290006664655,false,שמיניה אקטימל טבעי 1,שטראוס דנונה,,שמיניה אקטימל טבעי 1,מיליליטרים,800.00,"100 מ""ל",false,,21.10,0.0264,false,1,7619
7290006664693,false,דנונה אפרסק 3%,שטראוס דנונה,,דנונה אפרסק 3%,מיליליטרים,150.00,"100 מ""ל",false,,3.60,0.0240,false,1,7622
7290006664990,false,מארז יוגורט ביו 1.5%,שטראוס דנונה,,מארז יוגורט ביו 1.5%,ליטרים,1.20,ליטר,false,,16.80,14.0000,true,1,7628
7290006677327,false,תה טיבטי טעם פירות פ,,,תה טיבטי טעם פירות פ,יחידה,0.00,יחידה,false,,42.90,0.0000,true,1,57621
7290006677334,false,תה טיבטי קלאסי פורטה,,,תה טיבטי קלאסי פורטה,יחידה,0.00,יחידה,false,,42.90,0.0000,true,1,57577
7290006681003,false,קרמיסימו סורבה תות ל,קרמיסימו- שטראוס,,קרמיסימו סורבה תות ל,ליטרים,1.33,ליטר,false,,22.90,17.2180,false,1,7838
7290006681553,false,קרמבו וניל שמיניה,שטראוס,,קרמבו וניל שמיניה,יחידה,0.00,יחידה,false,,15.90,0.0000,true,1,7852
7290006681560,false,קרמבו שמיניה,שטראוס,,קרמבו שמיניה,גרמים,200.00,100 גרם,false,,15.90,0.0795,true,1,7853
7290006681577,false,מאגדת קרחונים אסקימו,שטראוס,,מאגדת קרחונים אסקימו,יח',10.00,יח',false,,16.00,1.6000,false,1,7854
7290006704511,false,"תפ""א למיקרוגל לבן גמ",מרינה,,"תפ""א למיקרוגל לבן גמ",יחידה,0.00,יחידה,false,,6.90,0.0000,true,1,20520
7290006704542,false,תרד,,,תרד,גרמים,300.00,100 גרם,false,,9.90,0.0330,true,1,20522
7290006707369,false,כרעיים פטם במגש טרי,עוף טוב,,כרעיים פטם במגש טרי,קילוגרמים,1.00,"ק""ג",true,,28.90,28.9000,true,1,70871
7290006707383,false,שוקיים ארוז טרי,עוף טוב,,שוקיים ארוז טרי,קילוגרמים,1.00,"ק""ג",true,,29.90,29.9000,true,1,67782
7290006707390,false,פרגיות טרי במגש,,,פרגיות טרי במגש,קילוגרמים,1.00,"ק""ג",true,,67.90,67.9000,true,1,70873
7290006707420,false,עוף מצונן ארוז במגש,עוף טוב,,עוף מצונן ארוז במגש,קילוגרמים,1.00,"ק""ג",true,,22.90,22.9000,true,1,70869
7290006707437,false,כנפיים עוף טרי במגש,עוף טוב,,כנפיים עוף טרי במגש,קילוגרמים,1.00,"ק""ג",true,,9.90,9.9000,true,1,67198
7290006707468,false,כבד עוף טרי ארוז,עוף טוב,,כבד עוף טרי ארוז,קילוגרמים,1.00,"ק""ג",true,,18.90,18.9000,true,1,69008
7290006707543,false,פילה פטם טרי במגש,עוף טוב,,פילה פטם טרי במגש,קילוגרמים,1.00,"ק""ג",true,,36.90,36.9000,true,1,70870
7290006708069,false,גרון הודו טרי-עוף טו,,,גרון הודו טרי-עוף טו,קילוגרמים,1.00,"ק""ג",true,,31.90,31.9000,false,1,97026
7290006708137,false,קוקטייל עוף מצונן,עוף טוב,,קוקטייל עוף מצונן,קילוגרמים,1.00,"ק""ג",true,,28.90,28.9000,true,1,94530
7290006708847,false,חזה חצוי טרי ארוז עו,עוף טוב,,חזה חצוי טרי ארוז עו,קילוגרמים,1.00,"ק""ג",true,,36.90,36.9000,true,1,109961
7290006712981,false,משחת שינים קולגייט ס,קולגייט,,משחת שינים קולגייט ס,מיליליטרים,50.00,"100 מ""ל",false,,10.90,0.2180,true,1,8008
7290006714428,false,רגל עגל פרוס,מעדני הטלה,,רגל עגל פרוס,קילוגרמים,1.00,"ק""ג",true,,39.90,39.9000,true,1,39843
7290006714824,false,עצמות  עגל,מעדני הטלה,,עצמות  עגל,קילוגרמים,1.00,"ק""ג",true,,25.90,25.9000,true,1,36624
7290006730077,false,ליקוקים קרחונים להקפ,,,ליקוקים קרחונים להקפ,יחידה,0.00,יחידה,false,,12.90,0.0000,true,1,61614
7290006730084,false,שלוק אייס פופ שמיניי,,,שלוק אייס פופ שמיניי,גרמים,800.00,100 גרם,false,,5.90,0.0074,true,1,118808
7290006738615,false,קבב זהב 400 גר'- 8 י,זוגלובק,,קבב זהב 400 גר'- 8 י,גרמים,400.00,100 גרם,false,,19.90,0.0497,true,1,29592
7290006739131,false,בצק פילו 500 גר',זוגלובק,,בצק פילו 500 גר',גרמים,500.00,100 גרם,false,,14.90,0.0298,true,1,67567
7290006739292,false,פסטרמה תבור חזה הודו,זוגלובק,,פסטרמה תבור חזה הודו,גרמים,330.00,100 גרם,false,,25.90,0.0785,true,1,32882
7290006739407,false,שניצל תירס לייט,,,שניצל תירס לייט,גרמים,630.00,100 גרם,false,,22.90,0.0363,true,1,40134
7290006739414,false,סלמי קוניאק 300 גר',זוגלובק,,סלמי קוניאק 300 גר',גרמים,300.00,100 גרם,false,,25.90,0.0863,false,1,33143
7290006739421,false,סלמי מעושן איטלקי 30,זוגלובק,,סלמי מעושן איטלקי 30,גרמים,300.00,100 גרם,false,,25.90,0.0863,true,1,33145
7290006739445,false,שניצל תירס זוגלובק,זוגלובק,,שניצל תירס זוגלובק,גרמים,750.00,100 גרם,false,,22.90,0.0305,false,1,34278
7290006739544,false,כתף בקר זוגלובק 300,זוגלובק,,כתף בקר זוגלובק 300,גרמים,300.00,100 גרם,false,,28.90,0.0963,true,1,38309
7290006741363,false,"בורקס תפו""א זוגלובק",זוגלובק,,"בורקס תפו""א זוגלובק",גרמים,800.00,100 גרם,false,,16.90,0.0211,false,1,36201
7290006741387,false,מלווח זוגלובק,זוגלובק,,מלווח זוגלובק,גרמים,700.00,100 גרם,false,,16.90,0.0241,false,1,36200
7290006742162,false,המבורגר מזרחי 400 גר,זוגלובק,,המבורגר מזרחי 400 גר,גרמים,400.00,100 גרם,false,,19.90,0.0497,true,1,27046
7290006742179,false,קבב מזרחי 400 גר',זוגלובק,,קבב מזרחי 400 גר',גרמים,400.00,100 גרם,false,,19.90,0.0497,true,1,27047
7290006742278,false,פסטרממיה צלויה על לב,זוגלובק,,פסטרממיה צלויה על לב,גרמים,330.00,100 גרם,false,,25.90,0.0785,true,1,35933
7290006742292,false,פסטרממיה בדבש 330 גר,זוגלובק,,פסטרממיה בדבש 330 גר,גרמים,330.00,100 גרם,false,,25.90,0.0785,true,1,35934
7290006742315,false,חזה הודו ברביקיו 330,זוגלובק,,חזה הודו ברביקיו 330,גרמים,330.00,100 גרם,false,,25.90,0.0785,true,1,35935
7290006754622,false,"פחם 5ק""ג",,,"פחם 5ק""ג",קילוגרמים,5.00,"ק""ג",false,,32.90,6.5800,true,1,126005
7290006764058,false,נשר בירה לבנה בקבוק,,,נשר בירה לבנה בקבוק,מיליליטרים,500.00,"100 מ""ל",false,,4.90,0.0098,true,1,18570
7290006764065,false,בקבוק נשר מאלט חוזר,טמפו,,בקבוק נשר מאלט חוזר,מיליליטרים,500.00,"100 מ""ל",false,,4.60,0.0092,false,1,18571
7290006764072,false,גולדסטאר בירה בקבוק,גולדסטאר,,גולדסטאר בירה בקבוק,מיליליטרים,500.00,"100 מ""ל",false,,6.70,0.0134,false,1,18572
7290006764096,false,בירה איגל 3.8% חוזר,,,בירה איגל 3.8% חוזר,מיליליטרים,500.00,"100 מ""ל",false,,4.90,0.0098,false,1,102110
7290006764157,false,גולדסטאר לא מסונן חו,גולדסטאר,,גולדסטאר לא מסונן חו,מיליליטרים,500.00,"100 מ""ל",false,,7.50,0.0150,true,1,111056
7290006764478,false,נשר מאלט בקבוק 330 מ,נשר מאלט,,נשר מאלט בקבוק 330 מ,מיליליטרים,330.00,"100 מ""ל",false,,4.20,0.0127,true,1,18574
7290006764485,false,נשר מאלט שישייה בקבו,טמפו,,נשר מאלט שישייה בקבו,ליטרים,1.98,ליטר,false,,28.90,14.5960,false,1,18575
7290006764737,false,בקבוק דיאט נשר מאלט,טמפו,,בקבוק דיאט נשר מאלט,מיליליטרים,500.00,"100 מ""ל",false,,4.60,0.0092,false,1,18579
7290006775016,false,עוגת תפוז 450 גרם אח,אחוה,,עוגת תפוז 450 גרם אח,גרמים,450.00,100 גרם,false,,9.90,0.0220,true,1,31193
7290006775023,false,עוגה אנגלית אחוה,אחוה,,עוגה אנגלית אחוה,גרמים,450.00,100 גרם,false,,9.90,0.0220,true,1,31194
7290006775030,false,עוגה שוקו ציפס 450 ג,אחוה,,עוגה שוקו ציפס 450 ג,גרמים,450.00,100 גרם,false,,9.90,0.0220,true,1,31195
7290006775047,false,עוגה שוקולד אחוה,אחוה,,עוגה שוקולד אחוה,גרמים,450.00,100 גרם,false,,9.90,0.0220,true,1,31196
7290006775054,false,עוגת שיש אחוה,אחוה,,עוגת שיש אחוה,גרמים,450.00,100 גרם,false,,9.90,0.0220,true,1,33164
7290006775085,false,עוגת שמרים שוקולדאחו,אחוה,,עוגת שמרים שוקולדאחו,גרמים,400.00,100 גרם,false,,11.00,0.0275,true,1,31198
7290006775337,false,עוגת שמרים פרג 400 ג,אחוה,,עוגת שמרים פרג 400 ג,גרמים,400.00,100 גרם,false,,11.00,0.0275,true,1,31199
7290006775344,false,עוגת שמרים קינמון וא,,,עוגת שמרים קינמון וא,גרמים,400.00,100 גרם,false,,11.00,0.0275,true,1,31200
7290006775764,false,עוגת שוקולד צ'יפס לל,אחוה,,עוגת שוקולד צ'יפס לל,גרמים,400.00,100 גרם,false,,11.50,0.0288,true,1,31480
7290006775894,false,עוגת שיש ללא סוכר אח,אחוה,,עוגת שיש ללא סוכר אח,יחידה,400.00,יחידה,false,,11.50,0.0288,true,1,41671
7290006784018,false,מטהר אוויר למכשיר או,,,מטהר אוויר למכשיר או,מיליליטרים,250.00,"100 מ""ל",false,,9.90,0.0396,true,1,188934
7290006784032,false,ספוגית לניקוי כלים,,,ספוגית לניקוי כלים,יחידה,0.00,יחידה,false,,7.50,0.0000,true,1,175792
7290006784308,false,מבשם אוויר בניחוח חו,,,מבשם אוויר בניחוח חו,מיליליטרים,400.00,"100 מ""ל",false,,9.90,0.0248,true,1,126944
7290006784315,false,סנט מוריץ רצפות+ווקס,,,סנט מוריץ רצפות+ווקס,ליטרים,4.00,ליטר,false,,19.90,4.9750,true,1,31454
7290006784322,false,מבריק נירוסטה סנט מו,,,מבריק נירוסטה סנט מו,מיליליטרים,400.00,"100 מ""ל",false,,17.00,0.0425,true,1,33394
7290006784339,false,תרסיס רהיט 300מל',,,תרסיס רהיט 300מל',מיליליטרים,300.00,"100 מ""ל",false,,11.90,0.0397,true,1,36484
7290006784346,false,קצף לניקוי שטיחים,,,קצף לניקוי שטיחים,מיליליטרים,630.00,"100 מ""ל",false,,15.90,0.0252,true,1,36658
7290006784483,false,מבשם אוויר בניחוח חו,,,מבשם אוויר בניחוח חו,מיליליטרים,400.00,"100 מ""ל",false,,9.90,0.0248,true,1,126945
7290006784582,false,מטהר אוויר למכשיר או,,,מטהר אוויר למכשיר או,מיליליטרים,250.00,"100 מ""ל",false,,9.90,0.0396,true,1,188938
7290006784605,false,מטהר אוויר למכשיר או,,,מטהר אוויר למכשיר או,מיליליטרים,250.00,"100 מ""ל",false,,9.90,0.0396,true,1,188936
7290006784643,false,מטהר אוויר למכשיר או,,,מטהר אוויר למכשיר או,מיליליטרים,250.00,"100 מ""ל",false,,9.90,0.0396,true,1,188937
7290006785633,false,בלונים,,,בלונים,יחידה,0.00,יחידה,false,,6.40,0.0000,true,1,71090
7290006785657,false,שקית 20 פסטל,,,שקית 20 פסטל,יחידה,0.00,יחידה,false,,6.40,0.0000,true,1,94562
7290006788405,false,רול און קרליין,קרליין,,רול און קרליין,גרמים,75.00,100 גרם,false,,12.90,0.1720,true,1,16863
7290006788429,false,רול און קרליין,קרליין,,רול און קרליין,גרמים,75.00,100 גרם,false,,12.90,0.1720,true,1,16865
7290006788436,false,רול און קרליין,קרליין,,רול און קרליין,גרמים,75.00,100 גרם,false,,12.90,0.1720,true,1,16866
7290006788443,false,רול און קרליין,קרליין,,רול און קרליין,גרמים,75.00,100 גרם,false,,12.90,0.1720,true,1,16867
7290006788450,false,דאודורנט קרליין,קרליין,,דאודורנט קרליין,מיליליטרים,200.00,"100 מ""ל",false,,12.90,0.0645,true,1,16868
7290006788467,false,דאודורנט קרליין,קרליין,,דאודורנט קרליין,מיליליטרים,200.00,"100 מ""ל",false,,12.90,0.0645,true,1,16869
7290006788481,false,דאודורנט קרליין,קרליין,,דאודורנט קרליין,מיליליטרים,200.00,"100 מ""ל",false,,12.90,0.0645,true,1,16871
7290006788559,false,טיטניום דאודורנט,טיטניום,,טיטניום דאודורנט,מיליליטרים,200.00,"100 מ""ל",false,,15.90,0.0795,true,1,16877
7290006805355,false,תערובת כדורי שוק,,,תערובת כדורי שוק,גרמים,500.00,100 גרם,false,,17.90,0.0358,true,1,12763
7290006805850,false,תערובת להכנת פנקייקס,,,תערובת להכנת פנקייקס,גרמים,500.00,100 גרם,false,,17.90,0.0358,true,1,12764
7290006809025,false,שמן זית עץ השדה פיקו,,,שמן זית עץ השדה פיקו,מיליליטרים,750.00,"100 מ""ל",false,,43.90,0.0585,true,1,57517
7290006809032,false,עץ השדה- שמן זית פיק,,,עץ השדה- שמן זית פיק,מיליליטרים,750.00,"100 מ""ל",false,,43.90,0.0585,true,1,68538
7290006809049,false,שמן השדה-שמן ארבקינה,,,שמן השדה-שמן ארבקינה,מיליליטרים,750.00,"100 מ""ל",false,,43.90,0.0585,true,1,68604
7290006809063,false,עץ השדה- שמן זית קור,,,עץ השדה- שמן זית קור,מיליליטרים,750.00,"100 מ""ל",false,,43.90,0.0585,true,1,68539
7290006809087,false,עץ השדה-שמן זית סורי,,,עץ השדה-שמן זית סורי,מיליליטרים,750.00,"100 מ""ל",false,,43.90,0.0585,true,1,70538
7290006809094,false,שמן זית קורטינה,,,שמן זית קורטינה,מיליליטרים,750.00,"100 מ""ל",false,,43.90,0.0585,true,1,109484
7290006809155,false,שמן זית כתית מעולה ק,,,שמן זית כתית מעולה ק,ליטרים,2.00,ליטר,false,,92.90,46.4500,true,1,106887
7290006809179,false,שמן זית פיקואל 2 ליט,,,שמן זית פיקואל 2 ליט,ליטרים,2.00,ליטר,false,,92.90,46.4500,true,1,106888
7290006809629,false,עץ השדה-ממרח אריסה,,,עץ השדה-ממרח אריסה,גרמים,230.00,100 גרם,false,,18.90,0.0822,true,1,62005
7290006809636,false,עץ השדה-ממרח זיתים ט,,,עץ השדה-ממרח זיתים ט,גרמים,230.00,100 גרם,false,,18.90,0.0822,true,1,58010
7290006809650,false,עץ השדה-ממרח עגבניות,,,עץ השדה-ממרח עגבניות,גרמים,230.00,100 גרם,false,,18.90,0.0822,true,1,57992
7290006809667,false,עץ השדה -ממרח פלפלים,,,עץ השדה -ממרח פלפלים,גרמים,230.00,100 גרם,false,,18.90,0.0822,true,1,58004
7290006809674,false,עץ השדה-פסטו בזיליקו,,,עץ השדה-פסטו בזיליקו,גרמים,230.00,100 גרם,false,,18.90,0.0822,true,1,57993
7290006809681,false,עץ השדה-צ'ימיצ'ורי,,,עץ השדה-צ'ימיצ'ורי,גרמים,230.00,100 גרם,false,,18.90,0.0822,true,1,57990
7290006809698,false,עץ השדה-ממרח לימון כ,,,עץ השדה-ממרח לימון כ,גרמים,230.00,100 גרם,false,,18.90,0.0822,true,1,57991
7290006809728,false,עץ השדה ממרח סחוג מס,,,עץ השדה ממרח סחוג מס,גרמים,230.00,100 גרם,false,,18.90,0.0822,true,1,110937
7290006822192,false,מיץ חמוציות דיאט אוש,פריגת,,מיץ חמוציות דיאט אוש,ליטרים,1.00,ליטר,false,,12.90,12.9000,false,1,5855
7290006866363,false,פרימור מיץ אשכולית א,פרימור,,פרימור מיץ אשכולית א,ליטרים,1.00,ליטר,false,,15.90,15.9000,true,1,25343
7290006908360,false,שקד קלוי 150 גר',,,שקד קלוי 150 גר',גרמים,150.00,100 גרם,false,,13.90,0.0927,true,1,96217
7290006908377,false,שקד טבעי 150 גר',,,שקד טבעי 150 גר',גרמים,150.00,100 גרם,false,,12.90,0.0860,true,1,96374
7290006908384,false,פיסטוק קלוי 150 גר',,,פיסטוק קלוי 150 גר',גרמים,150.00,100 גרם,false,,14.90,0.0993,true,1,96218
7290006908391,false,קשיו קלוי 150 גר',,,קשיו קלוי 150 גר',גרמים,150.00,100 גרם,false,,12.50,0.0833,true,1,96219
7290006983152,false,קרוטונים מתובלים למר,אסם,,קרוטונים מתובלים למר,גרמים,400.00,100 גרם,false,,18.90,0.0472,true,1,6541
7290006983176,false,לחמית שיפון,אסם,,לחמית שיפון,גרמים,230.00,100 גרם,false,,8.70,0.0378,true,1,6542
7290006983206,false,פלאפל בקלי קלות 180,אסם,,פלאפל בקלי קלות 180,גרמים,180.00,100 גרם,false,,9.70,0.0539,true,1,6543
7290006983527,false,עוגת הבית תפוחים עם,אסם,,עוגת הבית תפוחים עם,גרמים,400.00,100 גרם,false,,18.00,0.0450,false,1,6551
7290006983763,false,עוגת הבית שוקולד,אסם,,עוגת הבית שוקולד,גרמים,400.00,100 גרם,false,,13.90,0.0348,false,1,6552
7290006983770,false,עוגת הבית שיש,אסם,,עוגת הבית שיש,גרמים,400.00,100 גרם,false,,13.90,0.0348,false,1,6553
7290006983787,false,עוגת הבית שוקולד,אסם,,עוגת הבית שוקולד,גרמים,400.00,100 גרם,false,,13.90,0.0348,false,1,6554
7290006983794,false,עוגת הבית תפוז,אסם,,עוגת הבית תפוז,גרמים,400.00,100 גרם,false,,13.90,0.0348,false,1,6555
7290006992161,false,דייסת מטרנה קונפלור,מטרנה,,דייסת מטרנה קונפלור,גרמים,200.00,100 גרם,false,,13.90,0.0695,false,1,15985
7290006992185,false,דייסת מטרנה אורז 200,מטרנה,,דייסת מטרנה אורז 200,גרמים,200.00,100 גרם,false,,13.90,0.0695,false,1,15987
7290006992208,false,דייסת דגנים 200,מטרנה,,דייסת דגנים 200,גרמים,200.00,100 גרם,false,,13.90,0.0695,false,1,15989
7290006992390,false,"דייסת וניל 200 בד""צ",מטרנה,,"דייסת וניל 200 בד""צ",גרמים,200.00,100 גרם,false,,13.90,0.0695,true,1,15993
7290006992864,false,לה קט עוף חתלתולים 2,לה -קט,,לה קט עוף חתלתולים 2,קילוגרמים,2.85,"ק""ג",false,,59.90,21.0175,true,1,59201
7290008023542,false,שמפו רצפות 4 ליט,סיף פנטסטיק,,שמפו רצפות 4 ליט,ליטרים,4.00,ליטר,false,,19.90,4.9750,false,1,12402
7290008083911,false,קרם טיפולי לכף הרגל,,,קרם טיפולי לכף הרגל,גרמים,100.00,100 גרם,false,,19.90,0.1990,true,1,126345
7290008084956,false,בייבי פסטה משחה לתינ,,,בייבי פסטה משחה לתינ,גרמים,120.00,100 גרם,false,,15.90,0.1325,true,1,10227
7290008089296,false,טלק בייבי פסטה 200 ג,,,טלק בייבי פסטה 200 ג,גרמים,200.00,100 גרם,false,,13.90,0.0695,true,1,120948
7290008104050,false,פמינה לרחיצה אינ,פמינה,,פמינה לרחיצה אינ,מיליליטרים,220.00,"100 מ""ל",false,,19.90,0.0905,true,1,20382
7290008154222,false,עוף טוב שניצלונים 70,עוף טוב,,עוף טוב שניצלונים 70,גרמים,700.00,100 גרם,false,,18.90,0.0270,false,1,6580
7290008175173,false,חמאה ללא מלח 200 גר,,,חמאה ללא מלח 200 גר,גרמים,200.00,100 גרם,false,,10.90,0.0545,true,1,14924
7290008175692,false,איטריות להקפצה,וילי פוד,,איטריות להקפצה,גרמים,400.00,100 גרם,false,,6.90,0.0173,true,1,14928
7290008175814,false,פטריות שמפניון חתוכו,וילי פוד,,פטריות שמפניון חתוכו,גרמים,400.00,100 גרם,false,,4.90,0.0123,false,1,14929
7290008190909,false,עוגיות מיני קוקיס כר,כרמית,,עוגיות מיני קוקיס כר,גרמים,600.00,100 גרם,false,,15.90,0.0265,true,1,20116
7290008194266,false,חטיפים מתוקים 350גר,,,חטיפים מתוקים 350גר,גרמים,350.00,100 גרם,false,,12.90,0.0369,true,1,60560
7290008254212,false,צלעות טלה,,,צלעות טלה,קילוגרמים,1.00,"ק""ג",true,,199.00,199.0000,false,1,124370
7290008318518,false,לאבליין דאודורנט,,,לאבליין דאודורנט,מיליליטרים,150.00,"100 מ""ל",false,,18.90,0.1260,true,1,13671
7290008330107,false,בדין 4 ליטר מרען,בדין,,בדין 4 ליטר מרען,ליטרים,4.00,ליטר,false,,19.90,4.9750,false,1,12405
7290008330381,false,דפי מרכך בדין,בדין,,דפי מרכך בדין,יחידה,0.00,יחידה,false,,18.90,0.0000,true,1,12409
7290008330398,false,דפי מרכך בדין,בדין,,דפי מרכך בדין,יחידה,0.00,יחידה,false,,18.90,0.0000,true,1,12410
7290008333115,false,אבקת ג'לטין טהור,,,אבקת ג'לטין טהור,גרמים,28.00,100 גרם,false,,10.90,0.3893,true,1,17982
7290008335515,false,אגרול סיני,שלושת האופים,,אגרול סיני,גרמים,600.00,100 גרם,false,,12.90,0.0215,true,1,85207
7290008335539,false,פלמיני בשר,שלושת האופים,,פלמיני בשר,גרמים,600.00,100 גרם,false,,12.90,0.0215,true,1,85208
7290008335553,false,קובה בשר וצנובר,שלושת האופים,,קובה בשר וצנובר,גרמים,600.00,100 גרם,false,,12.90,0.0215,true,1,85210
7290008335560,false,סיגרים בשר,,,סיגרים בשר,גרמים,600.00,100 גרם,false,,12.90,0.0215,true,1,85211
7290008335577,false,"פסטל תפ""א",שלושת האופים,,"פסטל תפ""א",גרמים,600.00,100 גרם,false,,12.90,0.0215,true,1,85212
7290008335584,false,"סיגרים תפ""א",שלושת האופים,,"סיגרים תפ""א",גרמים,600.00,100 גרם,false,,12.90,0.0215,true,1,85213
7290008343466,false,בצק פילו 500 גר',שלושת האופים,,בצק פילו 500 גר',גרמים,500.00,100 גרם,false,,18.90,0.0378,true,1,13415
7290008344258,false,המבורגר מזרחי,טיבון ויל,,המבורגר מזרחי,גרמים,400.00,100 גרם,false,,18.90,0.0472,false,1,18019
7290008344272,false,100% המבורגר 400 גר',טיבון ויל,,100% המבורגר 400 גר',גרמים,400.00,100 גרם,false,,18.90,0.0472,false,1,18021
7290008347211,false,אצבעות דג 700 גרם,דלידג,,אצבעות דג 700 גרם,גרמים,700.00,100 גרם,false,,22.90,0.0327,true,1,18046
7290008408073,false,מים מזוקקים 4 ל',,,מים מזוקקים 4 ל',ליטרים,4.00,ליטר,false,,13.90,3.4750,true,1,39872
7290008409049,false,מיני מיני שניצלונים,מאמא עוף,,מיני מיני שניצלונים,גרמים,500.00,100 גרם,false,,24.90,0.0498,false,1,60871
7290008409100,false,אצבעות שניצל בציפוי,מאמא עוף,,אצבעות שניצל בציפוי,גרמים,700.00,100 גרם,false,,31.90,0.0456,false,1,9298
7290008409124,false,שניצל ג'ונגל מאמא עו,מאמא עוף,,שניצל ג'ונגל מאמא עו,גרמים,700.00,100 גרם,false,,31.90,0.0456,false,1,9300
7290008409315,false,מיני מיני דק שניצלונ,מאמא עוף,,מיני מיני דק שניצלונ,גרמים,500.00,100 גרם,false,,24.90,0.0498,false,1,60869
7290008409407,false,שניצל דק צ'יפס,מאמא עוף,,שניצל דק צ'יפס,גרמים,700.00,100 גרם,false,,37.90,0.0541,false,1,40205
7290008409551,false,שניצל מעודן,מאמא עוף,,שניצל מעודן,גרמים,700.00,100 גרם,false,,37.90,0.0541,false,1,9320
7290008409582,false,שניצל אמיתי ביתי,מאמא עוף,,שניצל אמיתי ביתי,גרמים,700.00,100 גרם,false,,37.90,0.0541,false,1,9323
7290008409605,false,כוכבי עוף בציפוי,מאמא עוף,,כוכבי עוף בציפוי,גרמים,700.00,100 גרם,false,,31.90,0.0456,false,1,9325
7290008415071,false,חומוס עם טחינה 150 ג,צבר,,חומוס עם טחינה 150 ג,גרמים,150.00,100 גרם,false,,4.80,0.0320,true,1,6593
7290008415514,false,חומוס צבר חריף 150גר,צבר,,חומוס צבר חריף 150גר,גרמים,150.00,100 גרם,false,,4.80,0.0320,true,1,6598
7290008417006,false,פפריקה מתוקה עם שמן,נווה תבלין,,פפריקה מתוקה עם שמן,גרמים,100.00,100 גרם,false,,8.40,0.0840,true,1,11788
7290008417013,false,פפריקה מתוקה גרוסה,נווה תבלין,,פפריקה מתוקה גרוסה,גרמים,100.00,100 גרם,false,,8.40,0.0840,true,1,11789
7290008417020,false,פפריקה חריפה,נווה תבלין,,פפריקה חריפה,גרמים,100.00,100 גרם,false,,8.40,0.0840,true,1,11790
7290008417037,false,פלפל שחור טחון במיכל,נווה תבלין,,פלפל שחור טחון במיכל,גרמים,80.00,100 גרם,false,,8.40,0.1050,true,1,11791
7290008417044,false,פלפל שחור גרוס במיכל,נווה תבלין,,פלפל שחור גרוס במיכל,גרמים,80.00,100 גרם,false,,8.40,0.1050,true,1,11792
7290008417051,false,תבלין פלפל לבן,נווה תבלין,,תבלין פלפל לבן,גרמים,60.00,100 גרם,false,,8.40,0.1400,true,1,11793
7290008417068,false,כמון מזרחי מיכל פלסט,נווה תבלין,,כמון מזרחי מיכל פלסט,גרמים,110.00,100 גרם,false,,8.40,0.0764,true,1,11794
7290008417075,false,כורכום טחון מיכל פלס,נווה תבלין,,כורכום טחון מיכל פלס,גרמים,110.00,100 גרם,false,,8.40,0.0764,true,1,11795
7290008417082,false,חוואג' לקפה מיכל פלס,נווה תבלין,,חוואג' לקפה מיכל פלס,גרמים,110.00,100 גרם,false,,8.40,0.0764,true,1,11796
7290008417099,false,תבלין חווא'ג למרק,נווה תבלין,,תבלין חווא'ג למרק,גרמים,110.00,100 גרם,false,,8.40,0.0764,true,1,11797
7290008417105,false,קינמון טחון,נווה תבלין,,קינמון טחון,גרמים,120.00,100 גרם,false,,8.40,0.0700,true,1,11798
7290008417112,false,תבלין מלח לימון,נווה תבלין,,תבלין מלח לימון,גרמים,130.00,100 גרם,false,,8.40,0.0646,true,1,11799
7290008417129,false,עלי דפנה במיכל פלסטי,נווה תבלין,,עלי דפנה במיכל פלסטי,גרמים,35.00,100 גרם,false,,8.40,0.2400,true,1,11800
7290008417150,false,תבלין קארי טחון,נווה תבלין,,תבלין קארי טחון,גרמים,110.00,100 גרם,false,,8.40,0.0764,true,1,11802
7290008417167,false,קימל טחון/שלם,נווה תבלין,,קימל טחון/שלם,גרמים,110.00,100 גרם,false,,8.40,0.0764,true,1,11803
7290008417204,false,תבלין לשווארמה,נווה תבלין,,תבלין לשווארמה,גרמים,110.00,100 גרם,false,,8.40,0.0764,true,1,11807
7290008417228,false,תבלין על האש,נווה תבלין,,תבלין על האש,גרמים,110.00,100 גרם,false,,8.40,0.0764,true,1,11809
7290008417235,false,זנגויל טחון מיכל פלס,נווה תבלין,,זנגויל טחון מיכל פלס,גרמים,120.00,100 גרם,false,,8.40,0.0700,true,1,11810
7290008417242,false,תבלין אורגנו,נווה תבלין,,תבלין אורגנו,גרמים,50.00,100 גרם,false,,8.40,0.1680,true,1,11811
7290008417259,false,תבלין לקציצות,נווה תבלין,,תבלין לקציצות,גרמים,110.00,100 גרם,false,,8.40,0.0764,true,1,11812
7290008417266,false,זעתר עם שומשום מיכל,נווה תבלין,,זעתר עם שומשום מיכל,גרמים,110.00,100 גרם,false,,8.40,0.0764,true,1,11813
7290008417273,false,כוסברה ירק / שלם,נווה תבלין,,כוסברה ירק / שלם,גרמים,40.00,100 גרם,false,,8.40,0.2100,true,1,11814
7290008417280,false,אגוז מוסקט - שלם / ט,נווה תבלין,,אגוז מוסקט - שלם / ט,גרמים,60.00,100 גרם,false,,8.40,0.1400,true,1,11815
7290008417372,false,תבלין גריל עוף,נווה תבלין,,תבלין גריל עוף,גרמים,110.00,100 גרם,false,,8.40,0.0764,true,1,11816
7290008417389,false,שום גבישי,נווה תבלין,,שום גבישי,גרמים,110.00,100 גרם,false,,8.40,0.0764,true,1,11817
7290008417402,false,תבלין בזיליקום,נווה תבלין,,תבלין בזיליקום,גרמים,50.00,100 גרם,false,,8.40,0.1680,true,1,11819
7290008417440,false,פלפל שחור שלם במיכל,נווה תבלין,,פלפל שחור שלם במיכל,גרמים,80.00,100 גרם,false,,8.40,0.1050,true,1,11823
7290008417457,false,תבלין רוזמרין,נווה תבלין,,תבלין רוזמרין,גרמים,60.00,100 גרם,false,,8.40,0.1400,true,1,11824
7290008417495,false,פלפל אנגלי שלם במיכל,נווה תבלין,,פלפל אנגלי שלם במיכל,גרמים,100.00,100 גרם,false,,8.40,0.0840,true,1,11828
7290008417501,false,תבלין בהרט,נווה תבלין,,תבלין בהרט,גרמים,110.00,100 גרם,false,,8.40,0.0764,true,1,11829
7290008417518,false,תבלין למעורב ירו,נווה תבלין,,תבלין למעורב ירו,גרמים,110.00,100 גרם,false,,8.40,0.0764,true,1,11830
7290008417532,false,תבלין סומק,נווה תבלין,,תבלין סומק,גרמים,100.00,100 גרם,false,,8.40,0.0840,true,1,11832
7290008417594,false,כורכום טחון 400 גר,נווה תבלין,,כורכום טחון 400 גר,גרמים,400.00,100 גרם,false,,20.00,0.0500,true,1,20043
7290008417600,false,פפריקה  מתוקה 400  ג,נווה תבלין,,פפריקה  מתוקה 400  ג,גרמים,400.00,100 גרם,false,,20.00,0.0500,true,1,59120
7290008417617,false,מלח לימון 600 גר,נווה תבלין,,מלח לימון 600 גר,גרמים,600.00,100 גרם,false,,20.00,0.0333,true,1,26919
7290008417624,false,פפריקה מתוקה 400 גר',נווה תבלין,,פפריקה מתוקה 400 גר',גרמים,400.00,100 גרם,false,,20.00,0.0500,true,1,11835
7290008417631,false,פפריקה מתוקה,נווה תבלין,,פפריקה מתוקה,גרמים,100.00,100 גרם,false,,8.40,0.0840,true,1,11836
7290008417648,false,צי'לי מקסיקני,נווה תבלין,,צי'לי מקסיקני,גרמים,110.00,100 גרם,false,,8.40,0.0764,true,1,11837
7290008417655,false,מקלות קינמון במיכל פ,נווה תבלין,,מקלות קינמון במיכל פ,גרמים,110.00,100 גרם,false,,8.40,0.0764,true,1,11838
7290008417808,false,חילבה שלם,נווה תבלין,,חילבה שלם,יחידה,0.00,יחידה,false,,8.40,0.0000,true,1,35439
7290008417815,false,פפריקה מתוקה מעושנת,נווה תבלין,,פפריקה מתוקה מעושנת,גרמים,90.00,100 גרם,false,,8.40,0.0933,true,1,61000
7290008417822,false,תערובת תיבול טוסקנה,נווה תבלין,,תערובת תיבול טוסקנה,גרמים,100.00,100 גרם,false,,8.40,0.0840,true,1,61001
7290008417877,false,פילדלפיה תבלין,,,פילדלפיה תבלין,גרמים,100.00,100 גרם,false,,8.40,0.0840,true,1,70129
7290008443616,false,נקה 7-מייצב יבש  אדו,נקה 7,,נקה 7-מייצב יבש  אדו,מיליליטרים,750.00,"100 מ""ל",false,,11.90,0.0159,true,1,16957
7290008443647,false,נקה 7-מייצב מתולתל ס,נקה 7,,נקה 7-מייצב מתולתל ס,מיליליטרים,750.00,"100 מ""ל",false,,11.90,0.0159,true,1,16960
7290008458023,false,כבד פטם טרי ארוז,,,כבד פטם טרי ארוז,קילוגרמים,1.00,"ק""ג",true,,18.90,18.9000,false,1,114123
7290008458030,false,לב פטם טרי,,,לב פטם טרי,קילוגרמים,1.00,"ק""ג",true,,26.90,26.9000,false,1,118567
7290008461221,false,סרדין רוברט בשמן 115,ויליגר,,סרדין רוברט בשמן 115,גרמים,115.00,100 גרם,false,,6.90,0.0600,true,1,18065
7290008461238,false,סרדין רוברט חריף בשמ,ויליגר,,סרדין רוברט חריף בשמ,גרמים,115.00,100 גרם,false,,6.90,0.0600,true,1,18066
7290008462198,false,חרדל דיז'ון חריף MAI,,,חרדל דיז'ון חריף MAI,גרמים,200.00,100 גרם,false,,14.90,0.0745,true,1,18073
7290008462204,false,חרדל דיזו'ן MAILLE,,,חרדל דיזו'ן MAILLE,גרמים,380.00,100 גרם,false,,14.90,0.0392,true,1,18074
7290008464024,false,פחית גולדסטאר לא מסו,גולדסטאר,,פחית גולדסטאר לא מסו,מיליליטרים,500.00,"100 מ""ל",false,,8.50,0.0170,true,1,66586
7290008464109,false,"גולדסטאר 330 מ""ל לא",גולדסטאר,,"גולדסטאר 330 מ""ל לא",מיליליטרים,330.00,"100 מ""ל",false,,7.20,0.0218,true,1,62051
7290008464130,false,גולדסטאר לא מסונן שי,,,גולדסטאר לא מסונן שי,ליטרים,1.98,ליטר,false,,32.90,16.6162,false,1,62223
7290008464222,false,מכבי 7.9% פחית 500 מ,בירה מכבי,,מכבי 7.9% פחית 500 מ,מיליליטרים,500.00,"100 מ""ל",false,,7.20,0.0144,true,1,95810
7290008464345,false,גולדסטאר בק' 330,גולדסטאר,,גולדסטאר בק' 330,יחידה,330.00,יחידה,false,,7.00,0.0212,true,1,18586
7290008464468,false,גולדסטאר בירה פחית 5,גולדסטאר,,גולדסטאר בירה פחית 5,מיליליטרים,500.00,"100 מ""ל",false,,7.90,0.0158,false,1,18592
7290008464475,false,מכבי בירה פחית 500 מ,בירה מכבי,,מכבי בירה פחית 500 מ,מיליליטרים,500.00,"100 מ""ל",false,,6.90,0.0138,false,1,18593
7290008464604,false,הייניקן בירה פחית 50,היינקן,,הייניקן בירה פחית 50,מיליליטרים,500.00,"100 מ""ל",false,,9.50,0.0190,false,1,18598
7290008464611,false,"סודה 275 מ""ל בקבוק",,,"סודה 275 מ""ל בקבוק",מיליליטרים,275.00,"100 מ""ל",false,,3.00,0.0109,true,1,110651
7290008464734,false,גולדסטאר SLOW BREW,,,גולדסטאר SLOW BREW,ליטרים,1.98,ליטר,false,,34.90,17.6263,false,1,104419
7290008464741,false,גולדסטאר שישייה בקבו,גולדסטאר,,גולדסטאר שישייה בקבו,ליטרים,1.98,ליטר,false,,32.90,16.6162,false,1,18603
7290008464796,false,הייניקן שישייה בקבוק,היינקן,,הייניקן שישייה בקבוק,ליטרים,1.98,ליטר,false,,32.90,16.6162,false,1,18607
7290008482530,false,תערובת לפנקייק,,,תערובת לפנקייק,גרמים,400.00,100 גרם,false,,12.90,0.0323,true,1,13990
7290008493413,false,פירורי גריסיני 200 ג,מאיר  בייגל,,פירורי גריסיני 200 ג,גרמים,200.00,100 גרם,false,,6.50,0.0325,true,1,26518
7290008493710,false,פירורי גריסיני זהב 2,מאיר  בייגל,,פירורי גריסיני זהב 2,גרמים,200.00,100 גרם,false,,6.50,0.0325,true,1,94231
7290008499088,false,אסאדו עם עצם מנות,,,אסאדו עם עצם מנות,קילוגרמים,1.00,"ק""ג",true,,79.90,79.9000,false,1,122222
7290008499101,false,אוסובוקו עגל פרוס בו,,,אוסובוקו עגל פרוס בו,קילוגרמים,1.00,"ק""ג",true,,69.90,69.9000,false,1,122223
7290008500005,false,תערובת להכנת עוגת בר,,,תערובת להכנת עוגת בר,גרמים,415.00,100 גרם,false,,18.90,0.0455,true,1,185969
7290008634663,false,בקבוק גדול שלישייה,,,בקבוק גדול שלישייה,יחידה,0.00,יחידה,false,,14.90,0.0000,true,1,56172
7290008644112,false,מטבוחה יום יום,אחלה,,מטבוחה יום יום,גרמים,125.00,100 גרם,false,,4.60,0.0368,true,1,7636
7290008644235,false,לקט עלי בייבי שטראוס,שטראוס,,לקט עלי בייבי שטראוס,גרמים,120.00,100 גרם,false,,9.90,0.0825,true,1,7639
7290008644945,false,סלט המושבה שטראוס 45,שטראוס,,סלט המושבה שטראוס 45,גרמים,450.00,100 גרם,false,,11.90,0.0264,true,1,7647
7290008670159,false,יין רקנטי יסמין לבן,,,יין רקנטי יסמין לבן,מיליליטרים,750.00,"100 מ""ל",false,,34.90,0.0465,true,1,17603
7290008670913,false,רקנאטי גליל עליון קב,,,רקנאטי גליל עליון קב,מיליליטרים,750.00,"100 מ""ל",false,,49.90,0.0665,true,1,109694
7290008670920,false,רקנאטי גליל עליון מר,,,רקנאטי גליל עליון מר,מיליליטרים,750.00,"100 מ""ל",false,,49.90,0.0665,true,1,109695
7290008690713,false,חמוציות אושן ספריי פ,פריגת,,חמוציות אושן ספריי פ,ליטרים,1.00,ליטר,false,,12.90,12.9000,true,1,5904
7290008693134,false,דניאלה תות שדה 5%,שטראוס,,דניאלה תות שדה 5%,מיליליטרים,150.00,"100 מ""ל",false,,4.10,0.0273,true,1,7672
7290008713900,false,לחם שיפון עגול 750 ג,אנג'ל,,לחם שיפון עגול 750 ג,גרמים,750.00,100 גרם,false,,13.90,0.0185,true,1,32460
7290008739955,false,ברכת הבית,,,ברכת הבית,יחידה,0.00,יחידה,false,,12.00,0.0000,true,1,34960
7290008745239,false,תפוציפס 50 גר,עלית,,תפוציפס 50 גר,גרמים,50.00,100 גרם,false,,3.90,0.0780,true,1,10163
7290008747547,false,תפוציפס טבעי,עלית,,תפוציפס טבעי,גרמים,200.00,100 גרם,false,,10.90,0.0545,false,1,10165
7290008750264,false,מסטיק מאסט בטעם דובד,עלית,,מסטיק מאסט בטעם דובד,גרמים,28.00,100 גרם,false,,4.40,0.1571,false,1,9892
7290008752244,false,תפוציפס גריל,עלית,,תפוציפס גריל,גרמים,50.00,100 גרם,false,,3.90,0.0780,true,1,10175
7290008753111,false,תפוציפס 50 גר,עלית,,תפוציפס 50 גר,גרמים,50.00,100 גרם,false,,3.90,0.0780,true,1,10177
7290008753364,false,דוריטוס גריל,עלית,,דוריטוס גריל,גרמים,55.00,100 גרם,false,,2.90,0.0527,true,1,10179
7290008753371,false,דוריטוס נאצ'ו,עלית,,דוריטוס נאצ'ו,גרמים,55.00,100 גרם,false,,2.90,0.0527,true,1,10180
7290008753388,false,דוריטוס טבעי,עלית,,דוריטוס טבעי,גרמים,55.00,100 גרם,false,,2.90,0.0527,true,1,10181
7290008754415,false,מסטיק מאסט בטעם מנטה,עלית,,מסטיק מאסט בטעם מנטה,גרמים,28.00,100 גרם,false,,4.40,0.1571,false,1,21817
7290008754422,false,מסטיק מאסט בטעם מנטה,עלית,,מסטיק מאסט בטעם מנטה,גרמים,28.00,100 גרם,false,,4.40,0.1571,false,1,19152
7290008757034,false,סודה שוופס 250 מ,שוופס,,סודה שוופס 250 מ,יחידה,250.00,יחידה,false,,3.20,0.0128,true,1,13968
7290008757980,false,ספרינג רימונים קרטונ,ספרינג,,ספרינג רימונים קרטונ,ליטרים,1.00,ליטר,false,,6.90,6.9000,false,1,13983
7290008775816,false,ערגליות שוקו 300,אסם,,ערגליות שוקו 300,גרמים,300.00,100 גרם,false,,10.60,0.0353,false,1,6615
7290008775823,false,ערגליות תות שדה,אסם,,ערגליות תות שדה,גרמים,300.00,100 גרם,false,,10.60,0.0353,false,1,6616
7290008775892,false,פרפקטו לינגוויני,אסם פרפקטו,,פרפקטו לינגוויני,גרמים,500.00,100 גרם,false,,7.70,0.0154,false,1,6618
7290008784009,false,גומיות משרד,,,גומיות משרד,יחידה,0.00,יחידה,false,,7.90,0.0000,true,1,64370
7290008784214,false,סבוניה,,,סבוניה,יחידה,0.00,יחידה,false,,4.90,0.0000,true,1,67778
7290008784450,false,צבטיות סוג א,,,צבטיות סוג א,יחידה,0.00,יחידה,false,,23.90,0.0000,true,1,62770
7290008784474,false,מספריים לציפורני,,,מספריים לציפורני,יחידה,0.00,יחידה,false,,14.90,0.0000,true,1,29063
7290008784542,false,קויוטה מסג',,,קויוטה מסג',יחידה,0.00,יחידה,false,,7.00,0.0000,true,1,40981
7290008784603,false,ספוג איפור,,,ספוג איפור,יחידה,0.00,יחידה,false,,7.50,0.0000,true,1,66540
7290008784658,false,מסרק,,,מסרק,יחידה,0.00,יחידה,false,,6.00,0.0000,true,1,111120
7290008784689,false,זוג קולבים נדבקים,,,זוג קולבים נדבקים,יחידה,0.00,יחידה,false,,7.90,0.0000,true,1,102660
7290008784849,false,סט קולבים 4 יח',,,סט קולבים 4 יח',יחידה,0.00,יחידה,false,,9.90,0.0000,true,1,102484
7290008801010,false,קברנה סוביניון מרלו,יקבי כרמל,,קברנה סוביניון מרלו,מיליליטרים,750.00,"100 מ""ל",false,,34.90,0.0465,false,1,14009
7290008801119,false,סלקטד סוביניון בלאן,יקבי כרמל,,סלקטד סוביניון בלאן,מיליליטרים,750.00,"100 מ""ל",false,,24.90,0.0332,false,1,14011
7290008801157,false,סלקטד מרלו,יקבי כרמל,,סלקטד מרלו,מיליליטרים,750.00,"100 מ""ל",false,,24.90,0.0332,false,1,14013
7290008801522,false,קונקורד KING DAVID,יקבי כרמל,,קונקורד KING DAVID,מיליליטרים,750.00,"100 מ""ל",false,,19.90,0.0265,true,1,14022
7290008801546,false,מוסקט KING DAVID לבן,יקבי כרמל,,מוסקט KING DAVID לבן,מיליליטרים,750.00,"100 מ""ל",false,,19.90,0.0265,true,1,14024
7290008801843,false,סלקטד קברנה סוביניון,יקבי כרמל,,סלקטד קברנה סוביניון,מיליליטרים,750.00,"100 מ""ל",false,,24.90,0.0332,false,1,14026
7290008801850,false,סלקטד אמרלד ריזלינג,יקבי כרמל,,סלקטד אמרלד ריזלינג,מיליליטרים,750.00,"100 מ""ל",false,,24.90,0.0332,true,1,14027
7290008802291,false,מרלו PRIVATE COLLECT,יקבי כרמל,,מרלו PRIVATE COLLECT,מיליליטרים,750.00,"100 מ""ל",false,,34.90,0.0465,false,1,14030
7290008802895,false,קברנה סוביניון PRIVA,יקבי כרמל,,קברנה סוביניון PRIVA,מיליליטרים,750.00,"100 מ""ל",false,,34.90,0.0465,false,1,14036
7290008803014,false,כרמל הוק לבן חצי יבש,יקבי כרמל,,כרמל הוק לבן חצי יבש,מיליליטרים,750.00,"100 מ""ל",false,,20.20,0.0269,true,1,14037
7290008804332,false,"שיראז 750 מ""ל .P.C",יקבי כרמל,,"שיראז 750 מ""ל .P.C",מיליליטרים,750.00,"100 מ""ל",false,,34.90,0.0465,false,1,23160
7290008805049,false,יין רוזה סלקטד,יקבי כרמל,,יין רוזה סלקטד,מיליליטרים,750.00,"100 מ""ל",false,,24.90,0.0332,false,1,14041
7290008805384,false,סלקטד מוסקטו לבן מבע,יקבי כרמל,,סלקטד מוסקטו לבן מבע,מיליליטרים,750.00,"100 מ""ל",false,,24.90,0.0332,false,1,14042
7290008805520,false,סלקטד קברנה סוביניון,יקבי כרמל,,סלקטד קברנה סוביניון,מיליליטרים,750.00,"100 מ""ל",false,,24.90,0.0332,false,1,20456
7290008806961,false,גלידה קרמיסימו שוקול,קרמיסימו- שטראוס,,גלידה קרמיסימו שוקול,ליטרים,1.33,ליטר,false,,22.90,17.2180,false,1,7885
7290008806985,false,קרמיסימו נשנושים 60,קרמיסימו- שטראוס,,קרמיסימו נשנושים 60,גרמים,630.00,100 גרם,false,,47.90,0.0760,false,1,7887
7290008807029,false,בנימינה אמרלד ריזלינ,יקבי בנימינה,,בנימינה אמרלד ריזלינ,מיליליטרים,750.00,"100 מ""ל",false,,21.90,0.0292,false,1,17611
7290008807289,false,יין קיסריה,יקבי בנימינה,,יין קיסריה,מיליליטרים,750.00,"100 מ""ל",false,,15.90,0.0212,false,1,17620
7290008807326,false,ליקר אמרטו,יקבי בנימינה,,ליקר אמרטו,יחידה,700.00,יחידה,false,,49.90,0.0713,true,1,21227
7290008835435,false,צלי כתף מס' 5 חלק אר,,,צלי כתף מס' 5 חלק אר,קילוגרמים,1.00,"ק""ג",true,,79.90,79.9000,false,1,188194
7290008835954,false,פילה אמנון 5-7 וואקו,,,פילה אמנון 5-7 וואקו,קילוגרמים,1.00,"ק""ג",true,,21.90,21.9000,false,1,119683
7290008835992,false,פילה נסיכת הנילוס פר,,,פילה נסיכת הנילוס פר,קילוגרמים,1.00,"ק""ג",true,,66.90,66.9000,true,1,121929
7290008836494,false,מיץ ענבים 1 ליטר,,,מיץ ענבים 1 ליטר,ליטרים,1.00,ליטר,false,,12.90,12.9000,true,1,61687
7290008846219,false,שמן זית כתית מעולה ח,חלוצה,,שמן זית כתית מעולה ח,יחידה,750.00,יחידה,false,,39.90,0.0532,false,1,9458
7290008849586,false,רוטב ריבת בצל לעוף,אוליביה,,רוטב ריבת בצל לעוף,גרמים,310.00,100 גרם,false,,13.90,0.0448,true,1,8833
7290008849609,false,רוטב שום ודבש לעוף,אוליביה,,רוטב שום ודבש לעוף,גרמים,330.00,100 גרם,false,,13.90,0.0421,true,1,8834
7290008849661,false,ממרח עגבניות מיובשות,,,ממרח עגבניות מיובשות,גרמים,180.00,100 גרם,false,,12.90,0.0717,true,1,110258
7290008849753,false,רוטב טריאקי עשיר אול,אוליביה,,רוטב טריאקי עשיר אול,יחידה,300.00,יחידה,false,,13.90,0.0463,true,1,8837
7290008849845,false,אריסה פיקנטית אוליבי,,,אריסה פיקנטית אוליבי,גרמים,185.00,100 גרם,false,,12.90,0.0697,true,1,110261
7290008909761,false,"קרלסברג בק' 330 מ""ל",קרלסברג,,"קרלסברג בק' 330 מ""ל",מיליליטרים,330.00,"100 מ""ל",false,,7.50,0.0227,true,1,30470
7290008909853,false,קוקה קולה ZERO  בקבו,קוקה קולה,,קוקה קולה ZERO  בקבו,מיליליטרים,500.00,"100 מ""ל",false,,6.00,0.0120,false,1,28885
7290008909884,false,קוקה קולה 350 בקבוק,קוקה קולה,,קוקה קולה 350 בקבוק,יחידה,350.00,יחידה,false,,5.50,0.0157,true,1,29053
7290008921121,false,יין תישבי סוביניון ב,,,יין תישבי סוביניון ב,מיליליטרים,750.00,"100 מ""ל",false,,39.90,0.0532,true,1,112478
7290008921169,false,תשבי קברנה סוביניון,יקב תשבי,,תשבי קברנה סוביניון,מיליליטרים,750.00,"100 מ""ל",false,,39.90,0.0532,true,1,18667
7290008921176,false,יין תשבי מרלו,,,יין תשבי מרלו,יחידה,750.00,יחידה,false,,39.90,0.0532,true,1,18668
7290008921190,false,תשבי אמרלד ריזלינג,יקב תשבי,,תשבי אמרלד ריזלינג,מיליליטרים,750.00,"100 מ""ל",false,,29.90,0.0399,true,1,43386
7290008921312,false,קברנה סוביניון א,,,קברנה סוביניון א,יחידה,750.00,יחידה,false,,69.90,0.0932,true,1,18670
7290008921329,false,תשבי אסטייט מרלו,יקב תשבי,,תשבי אסטייט מרלו,מיליליטרים,750.00,"100 מ""ל",false,,69.90,0.0932,true,1,18671
7290008921459,false,תשביאסטייט שיראז,,,תשביאסטייט שיראז,יחידה,750.00,יחידה,false,,69.90,0.0932,true,1,104841
7290008945172,false,גלילונית לפח מטבח 40,גלילונית,,גלילונית לפח מטבח 40,יחידה,0.00,יחידה,false,,15.90,0.0000,true,1,16508
7290008945202,false,גלילונית לאשפה משרדי,גלילונית,,גלילונית לאשפה משרדי,יחידה,0.00,יחידה,false,,14.90,0.0000,true,1,16509
7290008975551,false,מטרנה חיסכון שלב 3 7,מטרנה,,מטרנה חיסכון שלב 3 7,גרמים,700.00,100 גרם,false,,49.90,0.0713,false,1,16020
7290008975780,false,בונזו בשר 3 קג,בונזו,,בונזו בשר 3 קג,קילוגרמים,4.00,"ק""ג",false,,47.90,11.9750,false,1,16021
7290008989169,false,פצפוצי אורז,,,פצפוצי אורז,גרמים,500.00,100 גרם,false,,18.90,0.0378,true,1,94153
7290008989602,false,פצפוצי אורז מלא,,,פצפוצי אורז מלא,גרמים,450.00,100 גרם,false,,18.90,0.0420,true,1,94154
7290008989671,false,ציפוי עדיף פריך גס ל,,,ציפוי עדיף פריך גס ל,גרמים,250.00,100 גרם,false,,9.90,0.0396,true,1,104479
7290010023141,false,תה חליטת לימון ונענע,ויסוצקי,,תה חליטת לימון ונענע,גרמים,50.00,100 גרם,false,,18.90,0.3780,false,1,8959
7290010023622,false,ויסוצקי קלאסיק נגיעו,ויסוצקי,,ויסוצקי קלאסיק נגיעו,גרמים,100.00,100 גרם,false,,17.90,0.1790,false,1,8963
7290010032303,false,דבש 500 גר' פרחי הדר,,,דבש 500 גר' פרחי הדר,גרמים,500.00,100 גרם,false,,25.90,0.0518,true,1,70473
7290010032310,false,דבש 500 גר' פרחי בר,,,דבש 500 גר' פרחי בר,גרמים,500.00,100 גרם,false,,25.90,0.0518,true,1,70472
7290010032334,false,דבש 500 גר' זעתר,,,דבש 500 גר' זעתר,גרמים,500.00,100 גרם,false,,25.90,0.0518,true,1,70475
7290010032341,false,דבש 500 גר' אשל,,,דבש 500 גר' אשל,גרמים,500.00,100 גרם,false,,25.90,0.0518,true,1,70476
7290010032365,false,דבש 500 גר' שיזף,,,דבש 500 גר' שיזף,גרמים,500.00,100 גרם,false,,25.90,0.0518,true,1,70478
7290010032372,false,דבש 500 גר' אבוקדו,,,דבש 500 גר' אבוקדו,גרמים,500.00,100 גרם,false,,25.90,0.0518,true,1,70479
7290010032402,false,"דבש 1 ק""ג פרחי הדר",,,"דבש 1 ק""ג פרחי הדר",קילוגרמים,1.00,"ק""ג",false,,49.90,49.9000,true,1,70480
7290010032419,false,"דבש 1 ק""ג פרחי בר",,,"דבש 1 ק""ג פרחי בר",קילוגרמים,1.00,"ק""ג",false,,49.90,49.9000,true,1,70481
7290010032433,false,"דבש 1 ק""ג זעתר",,,"דבש 1 ק""ג זעתר",קילוגרמים,1.00,"ק""ג",false,,49.90,49.9000,true,1,70483
7290010032440,false,"דבש 1 ק""ג אשל",,,"דבש 1 ק""ג אשל",קילוגרמים,1.00,"ק""ג",false,,49.90,49.9000,true,1,70484
7290010032464,false,"דבש 1 ק""ג שיזף",,,"דבש 1 ק""ג שיזף",קילוגרמים,1.00,"ק""ג",false,,49.90,49.9000,true,1,70486
7290010066513,false,פיל טונה רביעיה בשמן,,,פיל טונה רביעיה בשמן,גרמים,632.00,100 גרם,false,,22.90,0.0362,false,1,63960
7290010066520,false,טונה פיל טונה קנולה,,,טונה פיל טונה קנולה,גרמים,112.00,100 גרם,false,,5.90,0.0527,false,1,114471
7290010066575,false,פיל טונה רביעיה במים,,,פיל טונה רביעיה במים,גרמים,632.00,100 גרם,false,,22.90,0.0362,false,1,63961
7290010066582,false,פיל טונה רביעיה בשמן,,,פיל טונה רביעיה בשמן,גרמים,632.00,100 גרם,false,,22.90,0.0362,false,1,63962
7290010066599,false,פיל טונה רביעיה בשמן,,,פיל טונה רביעיה בשמן,גרמים,632.00,100 גרם,false,,27.90,0.0441,true,1,63963
7290010066957,false,טונה פרינס 960 גר בש,,,טונה פרינס 960 גר בש,גרמים,960.00,100 גרם,false,,26.90,0.0280,true,1,103245
7290010092031,false,נס קפה-עוגיות מרוקאי,,,נס קפה-עוגיות מרוקאי,גרמים,450.00,100 גרם,false,,16.90,0.0376,true,1,98196
7290010092093,false,עוגיות שחר,,,עוגיות שחר,יחידה,0.00,יחידה,false,,14.90,0.0000,false,1,60519
7290010092604,false,רול תמר וקינמון נס ב,,,רול תמר וקינמון נס ב,גרמים,500.00,100 גרם,false,,25.90,0.0518,true,1,189725
7290010116980,false,שוקולית 850 גרם,עלית,,שוקולית 850 גרם,גרמים,850.00,100 גרם,false,,16.90,0.0199,false,1,26218
7290010117857,false,דוריטוס חריף אש,עלית,,דוריטוס חריף אש,גרמים,55.00,100 גרם,false,,2.90,0.0527,true,1,33495
7290010117970,false,בוטנים אמריקאים עלית,עלית,,בוטנים אמריקאים עלית,גרמים,50.00,100 גרם,false,,1.90,0.0380,true,1,34368
7290010119950,false,דוריטוס חמוץ מתוק,עלית,,דוריטוס חמוץ מתוק,גרמים,55.00,100 גרם,false,,2.90,0.0527,true,1,10195
7290010124107,false,סטייק בורגר 400 גר',,,סטייק בורגר 400 גר',גרמים,400.00,100 גרם,false,,17.90,0.0447,true,1,114589
7290010124190,false,שניצל בקר מליסה 250,,,שניצל בקר מליסה 250,גרמים,250.00,100 גרם,false,,11.90,0.0476,true,1,114590
7290010124503,false,שומן כבש בלדי 200 גר,בלדי,,שומן כבש בלדי 200 גר,גרמים,200.00,100 גרם,false,,12.90,0.0645,true,1,57333
7290010173044,false,הרי גליל מרלו,יקב רמת הגולן,,הרי גליל מרלו,מיליליטרים,750.00,"100 מ""ל",false,,31.90,0.0425,false,1,11904
7290010173068,false,הרי גליל קברנה סובינ,יקב רמת הגולן,,הרי גליל קברנה סובינ,מיליליטרים,750.00,"100 מ""ל",false,,31.90,0.0425,false,1,11905
7290010173174,false,יין הרי גליל אלון 20,,,יין הרי גליל אלון 20,מיליליטרים,750.00,"100 מ""ל",false,,50.00,0.0667,false,1,66559
7290010173181,false,יין גליל אלה 2019,,,יין גליל אלה 2019,מיליליטרים,750.00,"100 מ""ל",false,,50.00,0.0667,false,1,66560
7290010195268,false,פופסטאר מופחת שומן ט,פופ סטאר,,פופסטאר מופחת שומן ט,גרמים,425.00,100 גרם,false,,12.90,0.0304,false,1,42934
7290010195275,false,פופסטאר מופחת שומן ח,פופ סטאר,,פופסטאר מופחת שומן ח,גרמים,425.00,100 גרם,false,,12.90,0.0304,false,1,42935
7290010234769,false,דאודורנט איזבלה ורוד,,,דאודורנט איזבלה ורוד,מיליליטרים,150.00,"100 מ""ל",false,,15.90,0.1060,true,1,21066
7290010237548,false,פפסי מקס 0.5 ליטר,פפסי,,פפסי מקס 0.5 ליטר,יחידה,500.00,יחידה,false,,4.00,0.0080,false,1,29010
7290010237579,false,סבן אפ בקבוק 0.5 ל',פפסי,,סבן אפ בקבוק 0.5 ל',מיליליטרים,500.00,"100 מ""ל",false,,3.50,0.0070,false,1,29012
7290010237784,false,מכבי שנדי שישייה בקב,מכבי שנדי,,מכבי שנדי שישייה בקב,יחידה,1.98,יחידה,false,,31.90,16.1111,false,1,26469
7290010237890,false,הייניקן בירה בקבוק 5,היינקן,,הייניקן בירה בקבוק 5,מיליליטרים,500.00,"100 מ""ל",false,,8.00,0.0160,true,1,18642
7290010259359,false,אטריות נודלס ביצים מ,וילי פוד,,אטריות נודלס ביצים מ,גרמים,200.00,100 גרם,false,,4.40,0.0220,true,1,20742
7290010259366,false,אטריות נודלס ביצים מ,וילי פוד,,אטריות נודלס ביצים מ,גרמים,200.00,100 גרם,false,,4.40,0.0220,true,1,20743
7290010259830,false,מנת השף מרק עם נודלס,וילי פוד,,מנת השף מרק עם נודלס,גרמים,70.00,100 גרם,false,,4.90,0.0700,true,1,20746
7290010259854,false,מנת השף מרק נודלס פט,וילי פוד,,מנת השף מרק נודלס פט,גרמים,70.00,100 גרם,false,,4.90,0.0700,true,1,20748
7290010259861,false,מנת השף מרק נודלס יר,וילי פוד,,מנת השף מרק נודלס יר,גרמים,70.00,100 גרם,false,,4.90,0.0700,true,1,20749
7290010300075,false,שמרים נמסים,,,שמרים נמסים,גרמים,33.00,100 גרם,false,,5.90,0.1788,true,1,33060
7290010300488,false,קיסם+חוט דנטלי 40 יח,,,קיסם+חוט דנטלי 40 יח,יחידה,0.00,יחידה,false,,7.90,0.0000,true,1,76332
7290010300594,false,ג'לטין טהור,,,ג'לטין טהור,גרמים,28.00,100 גרם,false,,10.90,0.3893,true,1,34369
7290010300747,false,קיסמים דנטליים 200 י,,,קיסמים דנטליים 200 י,יחידה,0.00,יחידה,false,,9.00,0.0000,true,1,27130
7290010300860,false,אציטון 100 גר',,,אציטון 100 גר',מיליליטרים,100.00,"100 מ""ל",false,,3.20,0.0320,true,1,30620
7290010328093,false,ממרח חלבה אחוה 400 ג,אחוה,,ממרח חלבה אחוה 400 ג,גרמים,400.00,100 גרם,false,,11.90,0.0298,true,1,23994
7290010328246,false,טחינה משומשום מלא אח,אחוה,,טחינה משומשום מלא אח,גרמים,500.00,100 גרם,false,,10.90,0.0218,false,1,32017
7290010328253,false,טחינה שומשום טבעי אח,אחוה,,טחינה שומשום טבעי אח,גרמים,500.00,100 גרם,false,,10.90,0.0218,false,1,30164
7290010328451,false,חלוה פולי קקאו 400גר,,,חלוה פולי קקאו 400גר,גרמים,400.00,100 גרם,false,,12.00,0.0300,true,1,60901
7290010328468,false,חטיפי מיני חלבה,,,חטיפי מיני חלבה,גרמים,216.00,100 גרם,false,,10.90,0.0505,true,1,63336
7290010328505,false,חטיפי מיני חלבה ללא,,,חטיפי מיני חלבה ללא,גרמים,150.00,100 גרם,false,,10.90,0.0727,true,1,65960
7290010328680,false,עוגה בטעם שוקולד עם,אחוה,,עוגה בטעם שוקולד עם,גרמים,450.00,100 גרם,false,,9.90,0.0220,true,1,93984
7290010328710,false,קצפיות אחוה,אחוה,,קצפיות אחוה,גרמים,180.00,100 גרם,false,,9.90,0.0550,true,1,97306
7290010328727,false,ממרח טחינה עם שוקולד,אחוה,,ממרח טחינה עם שוקולד,גרמים,400.00,100 גרם,false,,11.90,0.0298,true,1,98751
7290010328734,false,ממרח טחינה עם סילאן,אחוה,,ממרח טחינה עם סילאן,גרמים,400.00,100 גרם,false,,11.90,0.0298,true,1,99983
7290010328819,false,ממרח טחינה שוקולד לל,,,ממרח טחינה שוקולד לל,גרמים,400.00,100 גרם,false,,11.90,0.0298,true,1,102277
7290010329854,false,מיני קוקיס חמאה ללא,,,מיני קוקיס חמאה ללא,גרמים,700.00,100 גרם,false,,21.90,0.0313,true,1,29092
7290010382828,false,לחולחות קלילה יבש/פג,קרליין,,לחולחות קלילה יבש/פג,מיליליטרים,300.00,"100 מ""ל",false,,25.90,0.0863,true,1,39112
7290010382842,false,לחות קלילה רגיל,קרליין,,לחות קלילה רגיל,מיליליטרים,300.00,"100 מ""ל",false,,25.90,0.0863,true,1,39034
7290010417315,false,גולן מרלו,יקב רמת הגולן,,גולן מרלו,מיליליטרים,750.00,"100 מ""ל",false,,34.90,0.0465,false,1,11909
7290010471669,false,דנונה קראנצ יוגורט ת,שטראוס דנונה,,דנונה קראנצ יוגורט ת,גרמים,175.00,100 גרם,false,,4.60,0.0263,true,1,7705
7290010472031,false,אקטיביה 3%,,,אקטיביה 3%,יחידה,150.00,יחידה,false,,3.80,0.0253,true,1,22274
7290010472390,false,מארז דני שוקולד 1.5%,שטראוס,,מארז דני שוקולד 1.5%,ליטרים,1.00,ליטר,false,,16.40,16.4000,false,1,7719
7290010535057,false,גליל נייר דבק 9 מטר+,,,גליל נייר דבק 9 מטר+,יחידה,0.00,יחידה,false,,19.90,0.0000,true,1,31782
7290010535156,false,פלסטר 50'חי,,,פלסטר 50'חי,יחידה,0.00,יחידה,false,,8.50,0.0000,true,1,126974
7290010535309,false,משטח ייבוש כלים לשיי,,,משטח ייבוש כלים לשיי,יחידה,0.00,יחידה,false,,10.00,0.0000,true,1,96159
7290010535361,false,מברשת רחצה לגב,,,מברשת רחצה לגב,יחידה,0.00,יחידה,false,,17.90,0.0000,true,1,28026
7290010535408,false,מארז קופסאות למברשת,,,מארז קופסאות למברשת,יחידה,0.00,יחידה,false,,9.90,0.0000,true,1,36666
7290010535415,false,מברשת לצביעת שיער 3,,,מברשת לצביעת שיער 3,יחידה,0.00,יחידה,false,,6.90,0.0000,true,1,108702
7290010535682,false,מטלית מיקרו פייבר,,,מטלית מיקרו פייבר,יחידה,0.00,יחידה,false,,8.90,0.0000,true,1,114584
7290010535699,false,חוט דנטלי סוג א 50 מ,,,חוט דנטלי סוג א 50 מ,יחידה,0.00,יחידה,false,,9.90,0.0000,true,1,28025
7290010535767,false,כובע רחצה,,,כובע רחצה,יחידה,0.00,יחידה,false,,7.00,0.0000,true,1,25905
7290010535774,false,קרם רב שימושי אובליפ,,,קרם רב שימושי אובליפ,מיליליטרים,250.00,"100 מ""ל",false,,25.00,0.1000,true,1,23820
7290010535910,false,סקוטץ קוצים 2 יח',,,סקוטץ קוצים 2 יח',יחידה,0.00,יחידה,false,,9.00,0.0000,true,1,29669
7290010627004,false,טחינה ירושלים 500 גר,,,טחינה ירושלים 500 גר,גרמים,500.00,100 גרם,false,,14.90,0.0298,true,1,100103
7290010627011,false,"טחינה ירושלים 1 ק""ג",,,"טחינה ירושלים 1 ק""ג",קילוגרמים,1.00,"ק""ג",false,,27.90,27.9000,true,1,100767
7290010627844,false,טחינה ירושלים 500 מל,,,טחינה ירושלים 500 מל,גרמים,500.00,100 גרם,false,,14.90,0.0298,true,1,101038
7290010632107,false,מוצץ סילקון זוג קצר,,,מוצץ סילקון זוג קצר,יחידה,0.00,יחידה,false,,14.90,0.0000,true,1,30593
7290010632442,false,קופסא למוצץ,,,קופסא למוצץ,יחידה,0.00,יחידה,false,,14.90,0.0000,true,1,99348
7290010632459,false,מחזיק למוצץ,,,מחזיק למוצץ,יחידה,0.00,יחידה,false,,16.90,0.0000,true,1,30600
7290010632466,false,סט טיפוח לציפורנים,,,סט טיפוח לציפורנים,יחידה,0.00,יחידה,false,,27.90,0.0000,true,1,105407
7290010632541,false,קערה ומכסה נובי,,,קערה ומכסה נובי,יחידה,0.00,יחידה,false,,29.90,0.0000,true,1,58866
7290010632633,false,מוצץ גומי 3יח,,,מוצץ גומי 3יח,יחידה,0.00,יחידה,false,,12.90,0.0000,true,1,53230
7290010632961,false,מסרק ומברשת לשיער,,,מסרק ומברשת לשיער,יחידה,0.00,יחידה,false,,18.90,0.0000,true,1,37169
7290010650019,false,אנדיב בלגי,,,אנדיב בלגי,גרמים,150.00,100 גרם,false,,13.90,0.0927,true,1,41749
7290010650033,false,בצלצלי שאלוט 350 גר',,,בצלצלי שאלוט 350 גר',גרמים,350.00,100 גרם,false,,14.90,0.0426,true,1,56868
7290010650040,false,פטריות שיטאקי טרי או,,,פטריות שיטאקי טרי או,גרמים,100.00,100 גרם,false,,11.90,0.1190,true,1,64437
7290010650088,false,פטריות שמפיניון מיוב,,,פטריות שמפיניון מיוב,גרמים,25.00,100 גרם,false,,8.40,0.3360,true,1,29859
7290010650286,false,בייבי ברוקולי,,,בייבי ברוקולי,גרמים,350.00,100 גרם,false,,12.90,0.0369,true,1,98363
7290010650293,false,שאלוט קלוף ארוז,,,שאלוט קלוף ארוז,גרמים,250.00,100 גרם,false,,12.90,0.0516,true,1,65185
7290010650354,false,כורכום טרי,,,כורכום טרי,גרמים,120.00,100 גרם,false,,14.90,0.1242,true,1,64826
7290010650385,false,ליים,,,ליים,גרמים,400.00,100 גרם,false,,9.90,0.0248,true,1,64458
7290010650415,false,עגבניות לחות מגשית,,,עגבניות לחות מגשית,גרמים,200.00,100 גרם,false,,9.40,0.0470,true,1,64460
7290010650590,false,ריזוטו פטריות,,,ריזוטו פטריות,גרמים,275.00,100 גרם,false,,15.90,0.0578,true,1,64703
7290010650668,false,למון גראס -חוות תקוע,,,למון גראס -חוות תקוע,יחידה,0.00,יחידה,false,,10.90,0.0000,true,1,65692
7290010650798,false,לקט בורגול ופטריות,,,לקט בורגול ופטריות,גרמים,310.00,100 גרם,false,,13.90,0.0448,true,1,111796
7290010650804,false,לקט פתיתים ופטריות,,,לקט פתיתים ופטריות,גרמים,235.00,100 גרם,false,,13.90,0.0591,true,1,111797
7290010650828,false,פטריות שימג'י לבן,,,פטריות שימג'י לבן,יחידה,0.00,יחידה,false,,10.90,0.0000,true,1,111325
7290010650989,false,תירס לבן מתוק תקוע,,,תירס לבן מתוק תקוע,גרמים,600.00,100 גרם,false,,21.90,0.0365,true,1,120339
7290010650996,false,פטריות שימג'י חום,,,פטריות שימג'י חום,גרמים,150.00,100 גרם,false,,10.90,0.0727,true,1,125575
7290010657490,false,סרדין קזבלנקה בשמן ח,,,סרדין קזבלנקה בשמן ח,גרמים,125.00,100 גרם,false,,4.90,0.0392,true,1,32783
7290010657506,false,סרדין קזבלנקה בשמן ז,,,סרדין קזבלנקה בשמן ז,גרמים,125.00,100 גרם,false,,5.60,0.0448,true,1,27521
7290010657551,false,סרדין קזבלנקה ברוטב,,,סרדין קזבלנקה ברוטב,יחידה,0.00,יחידה,false,,4.40,0.0000,true,1,30889
7290010657568,false,סרדין קזבלנקה בשמן ס,,,סרדין קזבלנקה בשמן ס,גרמים,125.00,100 גרם,false,,4.90,0.0392,true,1,42993
7290010715336,false,נרונים בשקית 50 יח',,,נרונים בשקית 50 יח',יחידה,0.00,יחידה,false,,10.90,0.0000,true,1,29463
7290010718634,false,סבון נוזלי 1 ליטר לב,,,סבון נוזלי 1 ליטר לב,ליטרים,1.00,ליטר,false,,8.90,8.9000,true,1,30529
7290010748877,false,קרם גוף אפקטיב לעור,,,קרם גוף אפקטיב לעור,מיליליטרים,700.00,"100 מ""ל",false,,32.90,0.0470,true,1,38940
7290010748884,false,ק.גוף אפקטיב קר יבש,,,ק.גוף אפקטיב קר יבש,מיליליטרים,700.00,"100 מ""ל",false,,32.90,0.0470,true,1,38941
7290010748891,false,ק.גוף אפקטיב קר רגיל,,,ק.גוף אפקטיב קר רגיל,מיליליטרים,700.00,"100 מ""ל",false,,32.90,0.0470,true,1,38942
7290010791538,false,לה קט עוף גורמה 85 ג,לה -קט,,לה קט עוף גורמה 85 ג,גרמים,85.00,100 גרם,false,,5.50,0.0647,true,1,25292
7290010791545,false,לה קט דליקטס פטה כבד,לה -קט,,לה קט דליקטס פטה כבד,גרמים,85.00,100 גרם,false,,5.50,0.0647,true,1,25293
7290010791552,false,לה קט דליקטס טונה,לה -קט,,לה קט דליקטס טונה,גרמים,85.00,100 גרם,false,,5.50,0.0647,true,1,25388
7290010791576,false,לה קט דליקטס דגי אוק,לה -קט,,לה קט דליקטס דגי אוק,גרמים,85.00,100 גרם,false,,5.50,0.0647,true,1,27113
7290010791583,false,לה קט דליקטס דגי אוק,לה -קט,,לה קט דליקטס דגי אוק,גרמים,85.00,100 גרם,false,,5.50,0.0647,true,1,25389
7290010814244,false,שוקולד מריר כרמית של,,,שוקולד מריר כרמית של,גרמים,300.00,100 גרם,false,,10.90,0.0363,true,1,56763
7290010814695,false,שוקולד מריר ללא תוספ,כרמית,,שוקולד מריר ללא תוספ,גרמים,85.00,100 גרם,false,,5.90,0.0694,true,1,35402
7290010814701,false,שוקולד חלב ללא תוספת,כרמית,,שוקולד חלב ללא תוספת,גרמים,85.00,100 גרם,false,,5.90,0.0694,true,1,35403
7290010838219,false,מרמולייט סטיביה 100ש,,,מרמולייט סטיביה 100ש,יחידה,0.00,יחידה,false,,28.90,0.0000,true,1,58255
7290010838424,false,טואלט דאק * 750זוג *,טואלט דאק (ג'ונסון),,טואלט דאק * 750זוג *,ליטרים,1.50,ליטר,false,,17.90,11.9333,false,1,16676
7290010838431,false,טואלט דאק * 750זוג *,טואלט דאק (ג'ונסון),,טואלט דאק * 750זוג *,ליטרים,1.50,ליטר,false,,17.90,11.9333,false,1,16677
7290010849505,false,למברוסקו די לואיג'י,,,למברוסקו די לואיג'י,מיליליטרים,750.00,"100 מ""ל",false,,24.90,0.0332,true,1,37482
7290010849512,false,למברוסקו די לואיג'י,,,למברוסקו די לואיג'י,מיליליטרים,750.00,"100 מ""ל",false,,24.90,0.0332,true,1,57707
7290010945450,false,גבינה לבנה 3% 250 גר,טרה,,גבינה לבנה 3% 250 גר,גרמים,250.00,100 גרם,false,,4.98,0.0199,false,1,5920
7290010945481,false,גבינה לבנה 5% 500 גר,טרה,,גבינה לבנה 5% 500 גר,גרמים,500.00,100 גרם,false,,9.96,0.0199,false,1,19215
7290011015862,false,סירופ דיאט לימון נענ,פריגת,,סירופ דיאט לימון נענ,יחידה,750.00,יחידה,false,,22.90,0.0305,true,1,36671
7290011015985,false,סירופ דיאט אננס 750,,,סירופ דיאט אננס 750,מיליליטרים,750.00,"100 מ""ל",false,,22.90,0.0305,true,1,59781
7290011017866,false,קוקה קולה פחית,קוקה קולה,,קוקה קולה פחית,מיליליטרים,330.00,"100 מ""ל",false,,4.90,0.0148,false,1,59949
7290011017873,false,קוקה קולה זירו פחית,קוקה קולה,,קוקה קולה זירו פחית,מיליליטרים,330.00,"100 מ""ל",false,,4.50,0.0136,true,1,62026
7290011017880,false,דיאט קולה פחית 330,קוקה קולה,,דיאט קולה פחית 330,מיליליטרים,330.00,"100 מ""ל",false,,4.50,0.0136,false,1,62520
7290011018184,false,FUZE tea אפרסק 0.5 ל,קוקה קולה,,FUZE tea אפרסק 0.5 ל,מיליליטרים,500.00,"100 מ""ל",false,,6.50,0.0130,true,1,59435
7290011018214,false,FUZE tea מנגו אננס 0,קוקה קולה,,FUZE tea מנגו אננס 0,מיליליטרים,500.00,"100 מ""ל",false,,6.50,0.0130,true,1,59438
7290011018368,false,שישיה בירה ויינשטפן,קוקה קולה,,שישיה בירה ויינשטפן,ליטרים,1.98,ליטר,false,,69.90,35.3030,false,1,61960
7290011018443,false,פאנטה אורנ'ג פחית,קוקה קולה,,פאנטה אורנ'ג פחית,מיליליטרים,330.00,"100 מ""ל",false,,4.90,0.0148,true,1,62500
7290011018832,false,מארז קולה פחיות 6*33,קוקה קולה,,מארז קולה פחיות 6*33,ליטרים,1.98,ליטר,false,,22.00,11.1111,false,1,63082
7290011018917,false,מארז קולה זירו פחיות,,,מארז קולה זירו פחיות,ליטרים,1.98,ליטר,false,,22.00,11.1111,false,1,62908
7290011018924,false,מארז שישיית פחיות די,קוקה קולה,,מארז שישיית פחיות די,ליטרים,1.98,ליטר,false,,21.90,11.0606,false,1,62923
7290011026066,false,סרקל שמפו+מרכך 1 ליט,סרקל,,סרקל שמפו+מרכך 1 ליט,ליטרים,1.00,ליטר,false,,27.90,27.9000,true,1,38176
7290011026301,false,"שמפו לשיער כסוף ד""ר","ד""ר פישר",,"שמפו לשיער כסוף ד""ר",גרמים,400.00,100 גרם,false,,18.90,0.0472,true,1,61437
7290011026523,false,קמיל בלו סנסיטיב שמפ,,,קמיל בלו סנסיטיב שמפ,מיליליטרים,500.00,"100 מ""ל",false,,19.90,0.0398,true,1,10814
7290011081492,false,קרמיסימו שלושה שוקול,קרמיסימו- שטראוס,,קרמיסימו שלושה שוקול,ליטרים,1.33,ליטר,false,,22.90,17.2180,false,1,25557
7290011081690,false,קרמיסימו פרווה שוקו,קרמיסימו- שטראוס,,קרמיסימו פרווה שוקו,ליטרים,1.33,ליטר,false,,22.90,17.2180,false,1,28708
7290011097455,false,קלין מנקה חלונות כחו,,,קלין מנקה חלונות כחו,ליטרים,1.50,ליטר,false,,11.90,7.9333,true,1,33161
7290011115159,false,נקה 7 לחות - סבון מו,נקה 7,,נקה 7 לחות - סבון מו,גרמים,400.00,100 גרם,false,,10.90,0.0273,true,1,26859
7290011115166,false,נקה תחליב רחצה סגול,נקה 7,,נקה תחליב רחצה סגול,ליטרים,1.00,ליטר,false,,13.90,13.9000,true,1,23959
7290011115203,false,נקה 7-סבון מוצק ורוד,נקה 7,,נקה 7-סבון מוצק ורוד,גרמים,400.00,100 גרם,false,,10.90,0.0273,true,1,26862
7290011115241,false,נקה 7 ארומה - סבון מ,נקה 7,,נקה 7 ארומה - סבון מ,גרמים,400.00,100 גרם,false,,10.90,0.0273,true,1,27176
7290011115258,false,נקה 7 סבון מוצק ירוק,נקה 7,,נקה 7 סבון מוצק ירוק,גרמים,400.00,100 גרם,false,,10.90,0.0273,true,1,26860
7290011115265,false,נקה 7 ארומה - סבון מ,נקה 7,,נקה 7 ארומה - סבון מ,גרמים,400.00,100 גרם,false,,10.90,0.0273,true,1,26863
7290011115272,false,נקה 7 לחות - סבון מו,נקה 7,,נקה 7 לחות - סבון מו,גרמים,400.00,100 גרם,false,,10.90,0.0273,true,1,27175
7290011115289,false,נקה 7- סבון מוצק ליל,נקה 7,,נקה 7- סבון מוצק ליל,גרמים,400.00,100 גרם,false,,10.90,0.0273,true,1,26861
7290011115296,false,נקה 7 לחות - סבון מו,נקה 7,,נקה 7 לחות - סבון מו,גרמים,400.00,100 גרם,false,,10.90,0.0273,true,1,26864
7290011115401,false,נקה 7 ארומה - סבון מ,נקה 7,,נקה 7 ארומה - סבון מ,גרמים,400.00,100 גרם,false,,10.90,0.0273,true,1,31431
7290011115418,false,סופר 7-ס.נוז' לכלים,נקה 7,,סופר 7-ס.נוז' לכלים,ליטרים,1.50,ליטר,false,,12.90,8.6000,true,1,31435
7290011126209,false,תה חליטת תפוח וקינמו,ויסוצקי,,תה חליטת תפוח וקינמו,גרמים,55.00,100 גרם,false,,18.90,0.3436,false,1,23719
7290011126452,false,תה חליטת קמומיל ונענ,ויסוצקי,,תה חליטת קמומיל ונענ,גרמים,37.50,100 גרם,false,,18.90,0.5040,false,1,28002
7290011126469,false,תה חליטת קמומיל ודבש,ויסוצקי,,תה חליטת קמומיל ודבש,גרמים,37.50,100 גרם,false,,18.90,0.5040,false,1,28003
7290011131395,false,מוזלי קרנצ'י 30% פיר,מוזלי GREEN,,מוזלי קרנצ'י 30% פיר,קילוגרמים,1.00,"ק""ג",false,,24.90,24.9000,true,1,28986
7290011132583,false,פפסי מקס שישייה 0.5,פפסי,,פפסי מקס שישייה 0.5,ליטרים,3.00,ליטר,false,,19.90,6.6333,false,1,125242
7290011133375,false,שנדי אפרסק שישיה 330,מכבי שנדי,,שנדי אפרסק שישיה 330,יחידה,1.98,יחידה,false,,31.90,16.1111,false,1,34004
7290011133634,false,פפסי פחית צרה שישייה,,,פפסי פחית צרה שישייה,ליטרים,1.98,ליטר,false,,18.90,9.5455,true,1,116590
7290011148959,false,פלפל טינקרבל,,,פלפל טינקרבל,יחידה,0.00,יחידה,false,,8.90,0.0000,true,1,59470
7290011153885,false,נייר אכיל לעוגות,,,נייר אכיל לעוגות,יחידה,0.00,יחידה,false,,18.40,0.0000,true,1,94164
7290011154080,false,תרכיז תפוחים צלול טע,,,תרכיז תפוחים צלול טע,מיליליטרים,500.00,"100 מ""ל",false,,22.90,0.0458,true,1,118854
7290011154899,false,תרכיז תפוחים וענבים,,,תרכיז תפוחים וענבים,מיליליטרים,500.00,"100 מ""ל",false,,26.90,0.0538,true,1,187207
7290011174040,false,גזר ננסי פרי גליל,פרי הגליל,,גזר ננסי פרי גליל,גרמים,800.00,100 גרם,false,,8.90,0.0111,true,1,10486
7290011174866,false,צ'יפס בטטה 700גר פרי,פרי הגליל,,צ'יפס בטטה 700גר פרי,גרמים,700.00,100 גרם,false,,14.90,0.0213,true,1,108739
7290011174897,false,אפונה עדינה 600 גר,פרי הגליל,,אפונה עדינה 600 גר,גרמים,600.00,100 גרם,false,,13.90,0.0232,true,1,27866
7290011194215,false,דניאלה בננה 5%,שטראוס,,דניאלה בננה 5%,מיליליטרים,150.00,"100 מ""ל",false,,4.10,0.0273,true,1,26180
7290011194246,false,קוטג' שטראוס 5%,שטראוס,,קוטג' שטראוס 5%,גרמים,250.00,100 גרם,false,,6.00,0.0240,false,1,7761
7290011223038,false,עלים לקרמשניט - בונו,,,עלים לקרמשניט - בונו,גרמים,300.00,100 גרם,false,,16.00,0.0533,true,1,39615
7290011223205,false,ריבת חלב ארגנטינאית,,,ריבת חלב ארגנטינאית,גרמים,454.00,100 גרם,false,,16.90,0.0372,true,1,22965
7290011223229,false,ט.ד ג'ל אסלה טיפות ט,טואלט דאק (ג'ונסון),,ט.ד ג'ל אסלה טיפות ט,מיליליטרים,55.00,"100 מ""ל",false,,10.90,0.1982,true,1,22050
7290011223243,false,ט.ד ג'ל אסלה ניחוח ל,,,ט.ד ג'ל אסלה ניחוח ל,מיליליטרים,55.00,"100 מ""ל",false,,10.90,0.1982,true,1,26447
7290011223472,false,פ.ו מגבוני רענון שלי,פרש-וואנס,,פ.ו מגבוני רענון שלי,יחידה,0.00,יחידה,false,,10.90,0.0000,true,1,29956
7290011233068,false,עוגת אגוזים/הונגרי,,,עוגת אגוזים/הונגרי,יחידה,0.00,יחידה,false,,39.90,0.0000,true,1,110696
7290011233082,false,עוגה של ענת טרלובסקי,,,עוגה של ענת טרלובסקי,יחידה,0.00,יחידה,false,,39.90,0.0000,true,1,65136
7290011249212,false,וופל גילרו 200 גר' ב,,,וופל גילרו 200 גר' ב,גרמים,200.00,100 גרם,false,,3.20,0.0160,true,1,58130
7290011249250,false,גביעיי גלידה אמריקאי,,,גביעיי גלידה אמריקאי,יחידה,0.00,יחידה,false,,9.50,0.0000,true,1,58073
7290011249748,false,רולים גלילי וופל בטע,,,רולים גלילי וופל בטע,גרמים,100.00,100 גרם,false,,3.50,0.0350,true,1,68757
7290011249755,false,רולים אגוזים 100 גר',,,רולים אגוזים 100 גר',גרמים,100.00,100 גרם,false,,3.50,0.0350,true,1,69565
7290011249939,false,וופל עלמה 30 יח',,,וופל עלמה 30 יח',גרמים,600.00,100 גרם,false,,14.50,0.0242,true,1,112306
7290011300999,false,FLOWER GARDEN אל סבו,,,FLOWER GARDEN אל סבו,מיליליטרים,500.00,"100 מ""ל",false,,5.90,0.0118,true,1,62524
7290011312381,false,סטייק פורטובלה,,,סטייק פורטובלה,יחידה,0.00,יחידה,false,,14.90,0.0000,true,1,98510
7290011378028,false,חלבה בארכה שומשום לל,עבדי,,חלבה בארכה שומשום לל,גרמים,350.00,100 גרם,false,,15.90,0.0454,true,1,27770
7290011379025,false,"פלפל צ'ילי ""מרינה""",,,"פלפל צ'ילי ""מרינה""",יחידה,0.00,יחידה,false,,5.90,0.0000,true,1,38554
7290011379926,false,סלרי עלים ארוז,,,סלרי עלים ארוז,יחידה,0.00,יחידה,false,,6.90,0.0000,true,1,68367
7290011418144,false,תה נטורל דיאט קלאסי,,,תה נטורל דיאט קלאסי,גרמים,190.00,100 גרם,false,,49.90,0.2626,true,1,126490
7290011418168,false,תה נטורל דיאט שזיף א,,,תה נטורל דיאט שזיף א,גרמים,190.00,100 גרם,false,,49.90,0.2626,true,1,126491
7290011424411,false,זרעים חסה ירוקה,,,זרעים חסה ירוקה,יחידה,0.00,יחידה,false,,5.90,0.0000,true,1,123415
7290011424602,false,זרעים עירית,,,זרעים עירית,יחידה,0.00,יחידה,false,,5.90,0.0000,true,1,123434
7290011424640,false,זרעים צלוזיה,,,זרעים צלוזיה,יחידה,0.00,יחידה,false,,5.90,0.0000,true,1,123438
7290011424657,false,זרעים צנונית,,,זרעים צנונית,יחידה,0.00,יחידה,false,,5.90,0.0000,true,1,123439
7290011424749,false,זרעים גזר,,,זרעים גזר,יחידה,0.00,יחידה,false,,5.90,0.0000,true,1,123447
7290011424800,false,זרעים ציפורני חתול,,,זרעים ציפורני חתול,יחידה,0.00,יחידה,false,,5.90,0.0000,true,1,123453
7290011435226,false,דבש לחיץ 650 ג',יד מרדכי,,דבש לחיץ 650 ג',גרמים,650.00,100 גרם,false,,39.90,0.0614,false,1,35422
7290011438142,false,משקה אייס קפה 2%,יטבתה,,משקה אייס קפה 2%,מיליליטרים,350.00,"100 מ""ל",false,,6.30,0.0180,true,1,25516
7290011447014,false,דייסת סלט פירות,מטרנה,,דייסת סלט פירות,גרמים,200.00,100 גרם,false,,13.90,0.0695,true,1,23832
7290011447267,false,מטרנה חלבי שלב1,מטרנה,,מטרנה חלבי שלב1,גרמים,700.00,100 גרם,false,,49.90,0.0713,false,1,28979
7290011447304,false,מטרנה שלב 3 חלבי 700,מטרנה,,מטרנה שלב 3 חלבי 700,גרמים,700.00,100 גרם,false,,49.90,0.0713,false,1,28889
7290011447359,false,מטרנה מהדרין שלב1 70,מטרנה,,מטרנה מהדרין שלב1 70,גרמים,700.00,100 גרם,false,,49.90,0.0713,false,1,29691
7290011447373,false,מטרנה מהדרין 700גר ש,מטרנה,,מטרנה מהדרין 700גר ש,גרמים,700.00,100 גרם,false,,49.90,0.0713,false,1,29454
7290011447748,false,"סופר קט 3 ק""ג דגי או",,,"סופר קט 3 ק""ג דגי או",יחידה,3.00,יחידה,false,,52.90,17.6333,true,1,28408
7290011447908,false,"סופר קט 3 ק""ג עוף כב",,,"סופר קט 3 ק""ג עוף כב",יחידה,3.00,יחידה,false,,52.90,17.6333,true,1,28409
7290011459123,false,מברשת מגהץ סגורה מינ,,,מברשת מגהץ סגורה מינ,יחידה,0.00,יחידה,false,,5.90,0.0000,true,1,59531
7290011459307,false,מגב פטנט,,,מגב פטנט,יחידה,0.00,יחידה,false,,23.90,0.0000,true,1,59551
7290011459529,false,מגב חלון 22 מפואר,,,מגב חלון 22 מפואר,יחידה,0.00,יחידה,false,,9.90,0.0000,true,1,59534
7290011459574,false,מטאטא כביש נופר,,,מטאטא כביש נופר,יחידה,0.00,יחידה,false,,20.90,0.0000,true,1,62070
7290011459857,false,מגב סיליקון,,,מגב סיליקון,יחידה,0.00,יחידה,false,,34.90,0.0000,true,1,60048
7290011459956,false,מקל מתכת 150,,,מקל מתכת 150,יחידה,0.00,יחידה,false,,7.90,0.0000,true,1,61013
7290011461058,false,ארומה בוקה,,,ארומה בוקה,יחידה,0.00,יחידה,false,,19.90,0.0000,true,1,34961
7290011473204,false,תבואות עדשים ירוקות,,,תבואות עדשים ירוקות,גרמים,500.00,100 גרם,false,,11.90,0.0238,true,1,63132
7290011473242,false,תבואות-פשתן אורגני,,,תבואות-פשתן אורגני,גרמים,500.00,100 גרם,false,,10.50,0.0210,true,1,62579
7290011473433,false,כוסמת אורגנית 500 גר,,,כוסמת אורגנית 500 גר,גרמים,500.00,100 גרם,false,,9.90,0.0198,true,1,63127
7290011473655,false,סוכר קנים אורגני 1קג,,,סוכר קנים אורגני 1קג,קילוגרמים,1.00,"ק""ג",false,,9.90,9.9000,true,1,59968
7290011473907,false,סובין חיטה 200 גר',,,סובין חיטה 200 גר',גרמים,200.00,100 גרם,false,,4.90,0.0245,true,1,60690
7290011480509,false,פטרוזיליה כשר,,,פטרוזיליה כשר,יחידה,0.00,יחידה,false,,5.90,0.0000,true,1,112136
7290011480516,false,שמיר כשר ארוז,,,שמיר כשר ארוז,יחידה,0.00,יחידה,false,,5.90,0.0000,true,1,120431
7290011480554,false,סלרי מהדרין,,,סלרי מהדרין,יחידה,0.00,יחידה,false,,5.90,0.0000,true,1,112140
7290011482084,false,"תמצית רום 30 מ""ל",,,"תמצית רום 30 מ""ל",גרמים,30.00,100 גרם,false,,13.90,0.4633,true,1,188674
7290011482145,false,"מי ורדים 250 מ""ל",,,"מי ורדים 250 מ""ל",מיליליטרים,250.00,"100 מ""ל",false,,13.90,0.0556,true,1,65629
7290011489595,false,קרקר טופז שומשום הדר,,,קרקר טופז שומשום הדר,גרמים,110.00,100 גרם,false,,3.00,0.0273,true,1,104260
7290011498092,false,מרציפן נטו 200 גרם,,,מרציפן נטו 200 גרם,גרמים,200.00,100 גרם,false,,21.90,0.1095,true,1,118261
7290011499051,false,פטה כבשים גביע גד 25,,,פטה כבשים גביע גד 25,גרמים,250.00,100 גרם,false,,26.70,0.1068,true,1,23713
7290011499105,false,בולגרית 5% 250גר,מחלבות גד,,בולגרית 5% 250גר,גרמים,250.00,100 גרם,false,,22.70,0.0908,true,1,24922
7290011499112,false,בולגרית 16% 250גר,מחלבות גד,,בולגרית 16% 250גר,גרמים,250.00,100 גרם,false,,23.20,0.0928,true,1,33402
7290011499129,false,קוביות בולגרית מעודנ,מחלבות גד,,קוביות בולגרית מעודנ,גרמים,200.00,100 גרם,false,,22.20,0.1110,true,1,27797
7290011499303,false,בולגרית מעודנת עיזים,מחלבות גד,,בולגרית מעודנת עיזים,גרמים,250.00,100 גרם,false,,29.00,0.1160,true,1,29839
7290011499327,false,בולגרית מעודנת חלב ב,מחלבות גד,,בולגרית מעודנת חלב ב,גרמים,250.00,100 גרם,false,,23.20,0.0928,true,1,29841
7290011499358,false,פטה עיזים 20% 200 גר,,,פטה עיזים 20% 200 גר,גרמים,200.00,100 גרם,false,,25.90,0.1295,true,1,30583
7290011499365,false,גבינת חלומי 24% 200,מחלבות גד,,גבינת חלומי 24% 200,גרמים,200.00,100 גרם,false,,21.90,0.1095,true,1,30473
7290011499419,false,גבינת קרם שמנת ניו י,מחלבות גד,,גבינת קרם שמנת ניו י,גרמים,200.00,100 גרם,false,,12.00,0.0600,true,1,34212
7290011499525,false,לאבנה 9% גד,מחלבות גד,,לאבנה 9% גד,גרמים,500.00,100 גרם,false,,19.50,0.0390,true,1,35373
7290011499624,false,גבינת שמנת בטעם טבעי,,,גבינת שמנת בטעם טבעי,גרמים,200.00,100 גרם,false,,13.20,0.0660,true,1,41485
7290011499846,false,ריקוטה פרסקה גד,מחלבות גד,,ריקוטה פרסקה גד,גרמים,300.00,100 גרם,false,,17.90,0.0597,true,1,41709
7290011515683,false,מאגדת טילון אקסטרים,אקסטרים,,מאגדת טילון אקסטרים,גרמים,432.00,100 גרם,false,,32.00,0.0741,true,1,25408
7290011515911,false,מאגדת שלגון לייט ריב,נסטלה גלידות,,מאגדת שלגון לייט ריב,גרמים,312.00,100 גרם,false,,26.90,0.0862,true,1,33037
7290011518561,false,אקטימל תות 1.5% מארז,שטראוס דנונה,,אקטימל תות 1.5% מארז,ליטרים,1.40,ליטר,false,,29.90,21.3571,false,1,23760
7290011524548,false,גרגירי חומוס 800 גר',פרי הגליל,,גרגירי חומוס 800 גר',גרמים,800.00,100 גרם,false,,11.90,0.0149,true,1,39264
7290011524555,false,שעועית לבנה מבושלת 8,פרי הגליל,,שעועית לבנה מבושלת 8,גרמים,800.00,100 גרם,false,,11.90,0.0149,true,1,39265
7290011524968,false,"פולי סויה 1 ק""ג פרי",פרי הגליל,,"פולי סויה 1 ק""ג פרי",קילוגרמים,1.00,"ק""ג",false,,14.50,14.5000,true,1,114121
7290011525712,false,קמיל בלו סנסיטיב אל,קמיל בלו,,קמיל בלו סנסיטיב אל,ליטרים,1.00,ליטר,false,,29.90,29.9000,true,1,39576
7290011525729,false,קמיל בלו סנסיטיב לפנ,קמיל בלו,,קמיל בלו סנסיטיב לפנ,ליטרים,1.00,ליטר,false,,29.90,29.9000,true,1,39577
7290011530945,false,קרפציו עגל 210 גר' ב,בלדי,,קרפציו עגל 210 גר' ב,גרמים,210.00,100 גרם,false,,36.90,0.1757,true,1,117536
7290011570507,false,קמח נטול גלוטן 450 ג,,,קמח נטול גלוטן 450 ג,גרמים,450.00,100 גרם,false,,17.90,0.0398,true,1,69059
7290011570644,false,קמח לחם כרגיל ללא גל,,,קמח לחם כרגיל ללא גל,גרמים,500.00,100 גרם,false,,17.90,0.0358,true,1,95215
7290011570781,false,קמח כרגיל ללא גלוטן,,,קמח כרגיל ללא גלוטן,גרמים,450.00,100 גרם,false,,17.90,0.0398,true,1,101708
7290011570934,false,תערובת להכנת פנקייק,,,תערובת להכנת פנקייק,גרמים,400.00,100 גרם,false,,17.90,0.0447,true,1,110369
7290011575007,false,הפי לאמבט ולמקלחון,יעקובי הפי,,הפי לאמבט ולמקלחון,מיליליטרים,750.00,"100 מ""ל",false,,19.90,0.0265,true,1,24669
7290011598211,false,סנו אנטי קאלק 4 באחד,סנו,,סנו אנטי קאלק 4 באחד,מיליליטרים,700.00,"100 מ""ל",false,,18.90,0.0270,false,1,25977
7290011598259,false,סנו פרש אוטומטיק ג'י,סנו fresh,,סנו פרש אוטומטיק ג'י,מיליליטרים,250.00,"100 מ""ל",false,,14.90,0.0596,true,1,42479
7290011598402,false,מרכך סנו מקסימה 4 לי,סנו מקסימה,,מרכך סנו מקסימה 4 לי,ליטרים,4.00,ליטר,false,,21.90,5.4750,false,1,26721
7290011607180,false,קולון 101 1.25קג',קולון,,קולון 101 1.25קג',יחידה,1.25,יחידה,false,,11.90,9.5200,false,1,24470
7290011615260,false,טורטיה וילי פוד 540ג,,,טורטיה וילי פוד 540ג,גרמים,540.00,100 גרם,false,,9.90,0.0183,true,1,35882
7290011668402,false,"שמפו לגבר 750 מ""ל",,,"שמפו לגבר 750 מ""ל",מיליליטרים,750.00,"100 מ""ל",false,,9.90,0.0132,true,1,32716
7290011668419,false,שמפו אובליפיחה יומי,,,שמפו אובליפיחה יומי,מיליליטרים,750.00,"100 מ""ל",false,,9.90,0.0132,true,1,32717
7290011668426,false,מרכך אובליפיחה ליומי,,,מרכך אובליפיחה ליומי,מיליליטרים,750.00,"100 מ""ל",false,,9.90,0.0132,true,1,32718
7290011668433,false,שמפו שיאה לשיער צבוע,,,שמפו שיאה לשיער צבוע,מיליליטרים,750.00,"100 מ""ל",false,,9.90,0.0132,true,1,32719
7290011668440,false,מרכך שיאה לצבוע 750,,,מרכך שיאה לצבוע 750,מיליליטרים,750.00,"100 מ""ל",false,,9.90,0.0132,true,1,32720
7290011668570,false,גרנולה פירות יבשים 4,פנינה רוזנבלום,,גרנולה פירות יבשים 4,גרמים,450.00,100 גרם,false,,28.90,0.0642,true,1,59090
7290011668587,false,גרנולה טעם עשיר 500,פנינה רוזנבלום,,גרנולה טעם עשיר 500,גרמים,500.00,100 גרם,false,,28.90,0.0578,true,1,59091
7290011668594,false,תוספת בריאה לסלט 550,פנינה רוזנבלום,,תוספת בריאה לסלט 550,גרמים,550.00,100 גרם,false,,39.90,0.0725,true,1,59092
7290011695408,false,ציפוי מתובל לשניצל ה,,,ציפוי מתובל לשניצל ה,גרמים,350.00,100 גרם,false,,11.90,0.0340,true,1,99334
7290011695545,false,אטבי כביסה,,,אטבי כביסה,יחידה,0.00,יחידה,false,,9.90,0.0000,true,1,70378
7290011695552,false,אטבי כביסה איכותיים,,,אטבי כביסה איכותיים,יחידה,0.00,יחידה,false,,5.00,0.0000,true,1,34194
7290011695651,false,צנימים עגולים,,,צנימים עגולים,גרמים,300.00,100 גרם,false,,10.90,0.0363,true,1,36306
7290011717001,false,לחם בריאות,,,לחם בריאות,גרמים,650.00,100 גרם,false,,13.90,0.0214,true,1,27857
7290011723101,false,טחינה הר ברכה 950 גר,,,טחינה הר ברכה 950 גר,גרמים,950.00,100 גרם,false,,34.90,0.0367,true,1,67430
7290011723200,false,טחינה הר ברכה 450 גר,,,טחינה הר ברכה 450 גר,גרמים,450.00,100 גרם,false,,17.90,0.0398,true,1,67431
7290011725402,false,חסה כשר,,,חסה כשר,יחידה,0.00,יחידה,false,,6.90,0.0000,true,1,187343
7290011743833,false,סנסודיין פרונאמל 75מ,סנסודיין,,סנסודיין פרונאמל 75מ,מיליליטרים,75.00,"100 מ""ל",false,,24.90,0.3320,true,1,27963
7290011765088,false,קרמה ג'ל גילוח כחול,קרמה,,קרמה ג'ל גילוח כחול,מיליליטרים,200.00,"100 מ""ל",false,,12.90,0.0645,true,1,27932
7290011765101,false,קרמה קצף גילוח כתום,קרמה,,קרמה קצף גילוח כתום,מיליליטרים,200.00,"100 מ""ל",false,,12.90,0.0645,true,1,27933
7290011765392,false,שמפו כיף בוב ספוג 75,כיף,,שמפו כיף בוב ספוג 75,מיליליטרים,750.00,"100 מ""ל",false,,11.90,0.0159,true,1,26630
7290011765408,false,שמפו מרכך כיף בוב ספ,כיף,,שמפו מרכך כיף בוב ספ,מיליליטרים,750.00,"100 מ""ל",false,,11.90,0.0159,true,1,26631
7290011765613,false,סנו מסיר עובש בניחוח,סנו,,סנו מסיר עובש בניחוח,ליטרים,1.00,ליטר,false,,17.90,17.9000,true,1,113356
7290011765620,false,נוזל כלים אקולוגי סנ,סנו,,נוזל כלים אקולוגי סנ,מיליליטרים,700.00,"100 מ""ל",false,,10.00,0.0143,true,1,119203
7290011800642,false,מטבוחה רפי,רפי כהן / צבר,,מטבוחה רפי,גרמים,400.00,100 גרם,false,,15.90,0.0398,true,1,35152
7290011800840,false,טחינה לבנה רפי,רפי כהן / צבר,,טחינה לבנה רפי,גרמים,400.00,100 גרם,false,,15.90,0.0398,true,1,35154
7290011876494,false,שניצל עוף ותירס מאמא,מאמא עוף,,שניצל עוף ותירס מאמא,גרמים,750.00,100 גרם,false,,29.90,0.0399,false,1,25597
7290011877088,false,סנו סושי צמד רדידי א,סנו סושי,,סנו סושי צמד רדידי א,יחידה,0.00,יחידה,false,,16.90,0.0000,true,1,58335
7290011877101,false,סנו מוד,סנומוד,,סנו מוד,מיליליטרים,150.00,"100 מ""ל",false,,12.90,0.0860,true,1,29694
7290011877859,false,סנו אינסטלטור,סנו,,סנו אינסטלטור,מיליליטרים,200.00,"100 מ""ל",false,,13.90,0.0695,true,1,30983
7290011877866,false,"מקסימה 6 ק""ג מאסק",סנו מקסימה,,"מקסימה 6 ק""ג מאסק",קילוגרמים,6.00,"ק""ג",false,,49.90,8.3167,false,1,30753
7290011931162,false,סוכרלייט נוזלי,סוכרלייט,,סוכרלייט נוזלי,יחידה,220.00,יחידה,false,,27.90,0.1268,true,1,28837
7290011931193,false,סוכרלייט כפית לכפית,,,סוכרלייט כפית לכפית,גרמים,105.00,100 גרם,false,,29.90,0.2848,true,1,28838
7290011947316,false,זיתים קלמטה זיתא,זיתא,,זיתים קלמטה זיתא,יחידה,0.00,יחידה,false,,12.90,0.0000,true,1,70960
7290011947521,false,שמן זית כתית מעולה 7,,,שמן זית כתית מעולה 7,מיליליטרים,750.00,"100 מ""ל",false,,32.90,0.0439,false,1,117900
7290011947835,false,שמן כתית מעולה בטעם,זיתא,,שמן כתית מעולה בטעם,מיליליטרים,240.00,"100 מ""ל",false,,22.90,0.0954,true,1,125506
7290011964061,false,זעתר מעורב 1 קג,,,זעתר מעורב 1 קג,קילוגרמים,1.00,"ק""ג",false,,35.90,35.9000,true,1,110048
7290011964344,false,שום גבישי מיכל גדול,תבליני טעם וריח,,שום גבישי מיכל גדול,גרמים,120.00,100 גרם,false,,9.50,0.0792,true,1,29181
7290011964542,false,פפריקה מתוקה 400 גר,תבליני טעם וריח,,פפריקה מתוקה 400 גר,גרמים,400.00,100 גרם,false,,23.90,0.0597,true,1,30254
7290011964566,false,גריל עוף 400 גר' במי,תבליני טעם וריח,,גריל עוף 400 גר' במי,גרמים,400.00,100 גרם,false,,23.90,0.0597,true,1,31065
7290011964573,false,פלפל שחור טחון 400 ג,תבליני טעם וריח,,פלפל שחור טחון 400 ג,גרמים,400.00,100 גרם,false,,25.90,0.0647,true,1,120078
7290011964597,false,כמון טחון 400 גר',תבליני טעם וריח,,כמון טחון 400 גר',גרמים,400.00,100 גרם,false,,23.90,0.0597,true,1,30866
7290011964603,false,כורכום טחון 400 גר',תבליני טעם וריח,,כורכום טחון 400 גר',יחידה,0.00,יחידה,false,,23.90,0.0000,true,1,30867
7290011964627,false,פפריקה מתוקה בשמן 40,תבליני טעם וריח,,פפריקה מתוקה בשמן 40,גרמים,400.00,100 גרם,false,,23.90,0.0597,true,1,30526
7290011964658,false,מלח לימון מיכל פלסטי,תבליני טעם וריח,,מלח לימון מיכל פלסטי,גרמים,170.00,100 גרם,false,,9.50,0.0559,true,1,33582
7290011964689,false,תערובת תיבול על האש,תבליני טעם וריח,,תערובת תיבול על האש,גרמים,100.00,100 גרם,false,,9.50,0.0950,true,1,39536
7290011964702,false,תערובת תיבול לשווארמ,תבליני טעם וריח,,תערובת תיבול לשווארמ,גרמים,100.00,100 גרם,false,,9.50,0.0950,true,1,39541
7290011996017,false,איטריות תרד,taste of asia,,איטריות תרד,גרמים,454.00,100 גרם,false,,8.50,0.0187,true,1,31953
7290011996031,false,איטריות ביצים,taste of asia,,איטריות ביצים,גרמים,454.00,100 גרם,false,,8.50,0.0187,true,1,31954
7290011996109,false,רוטב צ'ילי מתוק 700,,,רוטב צ'ילי מתוק 700,יחידה,700.00,יחידה,false,,9.90,0.0141,true,1,31947
7290011996123,false,אצות ים נורי גולד 10,,,אצות ים נורי גולד 10,גרמים,25.00,100 גרם,false,,10.90,0.4360,true,1,64034
7290011996130,false,אצות ים נורי 10 דפים,,,אצות ים נורי 10 דפים,גרמים,25.00,100 גרם,false,,10.90,0.4360,true,1,31945
7290011996222,false,נוזל אגוזי קוקוס 400,,,נוזל אגוזי קוקוס 400,גרמים,400.00,100 גרם,false,,5.90,0.0148,true,1,41554
7290011996581,false,רוטב חמוץ מתוק 300 מ,,,רוטב חמוץ מתוק 300 מ,יחידה,300.00,יחידה,false,,9.90,0.0330,true,1,38249
7290011996604,false,"רוטב פאד תאי 300 מ""ל",,,"רוטב פאד תאי 300 מ""ל",גרמים,366.00,100 גרם,false,,13.90,0.0380,true,1,38250
7290011996642,false,שומשום שחור קלוי,מזרח ומערב,,שומשום שחור קלוי,גרמים,100.00,100 גרם,false,,11.90,0.1190,true,1,39403
7290011996758,false,קמח טמפורה,מזרח ומערב,,קמח טמפורה,גרמים,500.00,100 גרם,false,,9.90,0.0198,true,1,39725
7290011996765,false,משחת וואסבי,,,משחת וואסבי,גרמים,43.00,100 גרם,false,,9.00,0.2093,true,1,36525
7290011996789,false,פנקו יפני,,,פנקו יפני,גרמים,200.00,100 גרם,false,,7.90,0.0395,true,1,34968
7290011996819,false,איטריות שעועית בסגנו,taste of asia,,איטריות שעועית בסגנו,גרמים,250.00,100 גרם,false,,3.90,0.0156,true,1,36272
7290012001994,false,חרדל דיג'ון גרעינים,ריין דה דיג'ון,,חרדל דיג'ון גרעינים,גרמים,350.00,100 גרם,false,,11.90,0.0340,true,1,38308
7290012022203,false,קליליות חיטה מלאה,,,קליליות חיטה מלאה,גרמים,100.00,100 גרם,false,,13.50,0.1350,true,1,58837
7290012022227,false,קליליות חיטה,,,קליליות חיטה,גרמים,60.00,100 גרם,false,,11.50,0.1917,true,1,58835
7290012022272,false,קליליות קידס 30 גר,,,קליליות קידס 30 גר,גרמים,30.00,100 גרם,false,,10.70,0.3567,true,1,95575
7290012046131,false,מטליות לניקוי כללי 4,,,מטליות לניקוי כללי 4,יחידה,0.00,יחידה,false,,21.90,0.0000,true,1,119294
7290012046155,false,50 יח' מטליות לחות ל,,,50 יח' מטליות לחות ל,יחידה,0.00,יחידה,false,,27.90,0.0000,true,1,120713
7290012046193,false,סקוטש ברייט תשעה ספו,,,סקוטש ברייט תשעה ספו,יחידה,0.00,יחידה,false,,13.90,0.0000,true,1,188278
7290012052217,false,רפאל-זרעים אגוזים ופ,,,רפאל-זרעים אגוזים ופ,יחידה,800.00,יחידה,false,,27.90,0.0349,true,1,56702
7290012052224,false,רפאל-חלבה תמרים ושקד,,,רפאל-חלבה תמרים ושקד,יחידה,800.00,יחידה,false,,27.90,0.0349,true,1,61140
7290012052231,false,גרנולה רפאל חמוציות,,,גרנולה רפאל חמוציות,יחידה,800.00,יחידה,false,,27.90,0.0349,true,1,56703
7290012052385,false,גרנולה רפאל שקדים ופ,,,גרנולה רפאל שקדים ופ,גרמים,800.00,100 גרם,false,,27.90,0.0349,true,1,61142
7290012116032,false,פיות מרכך שיער 750מל,סנו,,פיות מרכך שיער 750מל,מיליליטרים,750.00,"100 מ""ל",false,,11.90,0.0159,true,1,39651
7290012116360,false,פוליוקס פורצלן סנו 2,סנו פוליויקס,,פוליוקס פורצלן סנו 2,ליטרים,2.00,ליטר,false,,19.90,9.9500,false,1,30394
7290012116537,false,סנו מקסימה אבקת כביס,סנו מקסימה,,סנו מקסימה אבקת כביס,קילוגרמים,2.50,"ק""ג",false,,25.90,10.3600,false,1,33070
7290012116551,false,אנטי קלאק 2 ליטר 4-ב,סנו,,אנטי קלאק 2 ליטר 4-ב,ליטרים,2.00,ליטר,false,,19.90,9.9500,true,1,33589
7290012116674,false,קרמה מן דאודורנט ג'ל,קרמה,,קרמה מן דאודורנט ג'ל,מיליליטרים,75.00,"100 מ""ל",false,,14.90,0.1987,true,1,34907
7290012116681,false,דאודורנט ג'ל קרמ מן,סנו,,דאודורנט ג'ל קרמ מן,מיליליטרים,75.00,"100 מ""ל",false,,14.90,0.1987,true,1,34908
7290012116698,false,קרמה מן דאודורנט ג'ל,קרמה,,קרמה מן דאודורנט ג'ל,מיליליטרים,75.00,"100 מ""ל",false,,14.90,0.1987,true,1,36226
7290012116735,false,נייר טואלט סופט ג'מב,סנו סופט,,נייר טואלט סופט ג'מב,גרמים,4300.00,100 גרם,false,,42.90,0.0100,false,1,34716
7290012117039,false,סנו 00 לאמבטיה 1 ליט,סנו,,סנו 00 לאמבטיה 1 ליט,ליטרים,1.00,ליטר,false,,7.90,7.9000,false,1,33555
7290012117091,false,"סנו מקסימה 6 ק""ג סנס",סנו מקסימה,,"סנו מקסימה 6 ק""ג סנס",קילוגרמים,6.00,"ק""ג",false,,49.90,8.3167,false,1,35106
7290012117275,false,סנו קליר מילוי 750 מ,סנו,,סנו קליר מילוי 750 מ,מיליליטרים,750.00,"100 מ""ל",false,,7.90,0.0105,true,1,36171
7290012117350,false,ריצפז פרש לילך 2ל,סנו ריצפז,,ריצפז פרש לילך 2ל,ליטרים,2.00,ליטר,false,,17.90,8.9500,false,1,33855
7290012117411,false,קרמה מן ג'ל רחצה במב,קרמה,,קרמה מן ג'ל רחצה במב,מיליליטרים,700.00,"100 מ""ל",false,,17.90,0.0256,true,1,35035
7290012117428,false,קרמה מן שמפו וג'ל רח,קרמה,,קרמה מן שמפו וג'ל רח,מיליליטרים,700.00,"100 מ""ל",false,,17.90,0.0256,true,1,36283
7290012117435,false,קרמה מן ג'ל רחצה אלו,קרמה,,קרמה מן ג'ל רחצה אלו,מיליליטרים,700.00,"100 מ""ל",false,,17.90,0.0256,true,1,36531
7290012117534,false,מרכך מרוכז קול 1ל,סנו,,מרכך מרוכז קול 1ל,ליטרים,1.00,ליטר,false,,16.90,16.9000,true,1,36757
7290012117541,false,מרכך מרוכז סנו זן 1ל,סנו,,מרכך מרוכז סנו זן 1ל,ליטרים,1.00,ליטר,false,,16.90,16.9000,true,1,36758
7290012117558,false,מרכך סנו מרוכז פי4 מ,סנו,,מרכך סנו מרוכז פי4 מ,ליטרים,1.00,ליטר,false,,16.90,16.9000,false,1,36941
7290012117565,false,כפפות סושי S לטקס,סנו סושי,,כפפות סושי S לטקס,יחידה,0.00,יחידה,false,,29.90,0.0000,true,1,38168
7290012117572,false,כפפות לטקס M,סנו,,כפפות לטקס M,יחידה,0.00,יחידה,false,,29.90,0.0000,true,1,36790
7290012117589,false,סושי 100כפפות לטקס L,סנו סושי,,סושי 100כפפות לטקס L,יחידה,0.00,יחידה,false,,29.90,0.0000,true,1,36759
7290012117688,false,ג'ל לניקוי ידיים ללא,סנו,,ג'ל לניקוי ידיים ללא,גרמים,100.00,100 גרם,false,,10.00,0.1000,true,1,35676
7290012117732,false,מרכך סנו 4ל COOL,סנו,,מרכך סנו 4ל COOL,ליטרים,4.00,ליטר,false,,21.90,5.4750,false,1,36468
7290012117916,false,סנו אינסטלטור נוזלי,סנו,,סנו אינסטלטור נוזלי,ליטרים,1.00,ליטר,false,,24.90,24.9000,true,1,36374
7290012129728,false,פרשיס חמישייה מגבוני,,,פרשיס חמישייה מגבוני,יחידה,0.00,יחידה,false,,19.90,0.0000,true,1,70027
7290012129742,false,פרשיס חמישייה מגבוני,,,פרשיס חמישייה מגבוני,יחידה,0.00,יחידה,false,,19.90,0.0000,true,1,70028
7290012151538,false,אקונומיקה 4ליטר פולי,,,אקונומיקה 4ליטר פולי,ליטרים,4.00,ליטר,false,,10.90,2.7250,true,1,32485
7290012159411,false,לבבות דקל חתוך,,,לבבות דקל חתוך,גרמים,220.00,100 גרם,false,,7.90,0.0359,true,1,41871
7290012173189,false,אגוז פקאן,זארובי,,אגוז פקאן,יחידה,150.00,יחידה,false,,18.90,0.1260,true,1,42151
7290012173271,false,זארובי-שקד טבעי 350ג,,,זארובי-שקד טבעי 350ג,גרמים,350.00,100 גרם,false,,28.90,0.0826,true,1,68643
7290012173301,false,זארובי-פיסטוק קלוי 3,זארובי,,זארובי-פיסטוק קלוי 3,גרמים,300.00,100 גרם,false,,28.90,0.0963,true,1,69159
7290012173325,false,בוטנים קלופים 350 גר,זארובי,,בוטנים קלופים 350 גר,גרמים,350.00,100 גרם,false,,15.50,0.0443,true,1,69182
7290012173493,false,תערובת אגוזים ושקדים,זארובי,,תערובת אגוזים ושקדים,גרמים,300.00,100 גרם,false,,26.90,0.0897,true,1,187971
7290012173615,false,פקאן סיני 150 גר',זארובי,,פקאן סיני 150 גר',גרמים,150.00,100 גרם,false,,18.90,0.1260,false,1,58014
7290012173820,false,זארובי-פיסטוק קלוי,,,זארובי-פיסטוק קלוי,גרמים,150.00,100 גרם,false,,14.90,0.0993,true,1,66310
7290012173837,false,זארובי-קשיו קלוי,,,זארובי-קשיו קלוי,גרמים,170.00,100 גרם,false,,14.90,0.0876,true,1,66311
7290012173844,false,זארובי-שקד קלוי,,,זארובי-שקד קלוי,גרמים,170.00,100 גרם,false,,14.90,0.0876,true,1,66312
7290012173882,false,זארובי-גרעינים שחורי,זארובי,,זארובי-גרעינים שחורי,גרמים,350.00,100 גרם,false,,10.90,0.0311,true,1,69160
7290012173905,false,פיצוחים מעורב פרימיו,,,פיצוחים מעורב פרימיו,גרמים,350.00,100 גרם,false,,27.90,0.0797,true,1,67620
7290012193125,false,מרמולייט סוכרלוז 150,מרמולייט,,מרמולייט סוכרלוז 150,גרמים,123.00,100 גרם,false,,26.90,0.2187,true,1,31159
7290012193163,false,פמלי אל סבון ליטר פר,פמלי,,פמלי אל סבון ליטר פר,ליטרים,1.00,ליטר,false,,11.90,11.9000,true,1,57327
7290012226014,false,נקניקיות וינר 800 גר,זוגלובק,,נקניקיות וינר 800 גר,גרמים,800.00,100 גרם,false,,22.90,0.0286,true,1,37753
7290012226021,false,סלמי מעושן פראג 400ג,זוגלובק,,סלמי מעושן פראג 400ג,גרמים,400.00,100 גרם,false,,21.50,0.0538,true,1,36812
7290012226076,false,פסטרמה חרמון 200 גר',זוגלובק,,פסטרמה חרמון 200 גר',גרמים,200.00,100 גרם,false,,14.00,0.0700,true,1,42898
7290012226120,false,קבנוס 135 גר',זוגלובק,,קבנוס 135 גר',גרמים,135.00,100 גרם,false,,10.00,0.0741,true,1,39765
7290012226342,false,נקניקיה טבעונית,זוגלובק,,נקניקיה טבעונית,גרמים,460.00,100 גרם,false,,24.90,0.0541,true,1,109168
7290012226762,false,בורגר פטריות עדשים ו,זוגלובק,,בורגר פטריות עדשים ו,גרמים,450.00,100 גרם,false,,24.90,0.0553,true,1,109169
7290012226922,false,קבנוס עם שום,זוגלובק,,קבנוס עם שום,גרמים,135.00,100 גרם,false,,10.00,0.0741,true,1,41605
7290012226939,false,קבנוס עם צ'ילי חריף,זוגלובק,,קבנוס עם צ'ילי חריף,גרמים,135.00,100 גרם,false,,10.00,0.0741,true,1,41606
7290012226991,false,נקניקיות ג'מבו,זוגלובק,,נקניקיות ג'מבו,קילוגרמים,1.50,"ק""ג",false,,28.90,19.2667,true,1,42193
7290012227172,false,מארז זוג פסטרמה זוגל,זוגלובק,,מארז זוג פסטרמה זוגל,גרמים,600.00,100 גרם,false,,26.90,0.0448,true,1,58898
7290012227325,false,סלמי מעושן דק דק 120,זוגלובק,,סלמי מעושן דק דק 120,גרמים,120.00,100 גרם,false,,13.90,0.1158,true,1,108298
7290012227400,false,נקניקיות עוף 800 גר',זוגלובק,,נקניקיות עוף 800 גר',גרמים,800.00,100 גרם,false,,22.90,0.0286,true,1,63089
7290012227912,false,קבנוס מעודן 135 גר',זוגלובק,,קבנוס מעודן 135 גר',גרמים,135.00,100 גרם,false,,10.00,0.0741,true,1,105401
7290012227974,false,פסטרמה בדבש 120 גר',זוגלובק,,פסטרמה בדבש 120 גר',גרמים,120.00,100 גרם,false,,13.90,0.1158,true,1,108299
7290012227981,false,פסטרמה ברביקיו 120 ג,זוגלובק,,פסטרמה ברביקיו 120 ג,גרמים,120.00,100 גרם,false,,13.90,0.1158,true,1,108300
7290012227998,false,חזה בקר 120 גר' דק ד,זוגלובק,,חזה בקר 120 גר' דק ד,גרמים,120.00,100 גרם,false,,13.90,0.1158,true,1,108301
7290012228124,false,קבנוס סטיקס 50 גר',זוגלובק,,קבנוס סטיקס 50 גר',גרמים,50.00,100 גרם,false,,10.00,0.2000,true,1,107481
7290012228261,false,נקניקיות בוקוורסט הו,זוגלובק,,נקניקיות בוקוורסט הו,גרמים,300.00,100 גרם,false,,19.90,0.0663,true,1,104138
7290012228278,false,נקניקיות בוקוורסט הו,זוגלובק,,נקניקיות בוקוורסט הו,גרמים,310.00,100 גרם,false,,19.90,0.0642,true,1,104139
7290012228766,false,קבנוס 120 גר' מחפוד,זוגלובק,,קבנוס 120 גר' מחפוד,גרמים,120.00,100 גרם,false,,10.00,0.0833,true,1,120904
7290012245275,false,גולד צ'יפס בטטה קריס,,,גולד צ'יפס בטטה קריס,קילוגרמים,1.00,"ק""ג",false,,28.90,28.9000,true,1,124869
7290012245312,false,צ'יפס גולד אמריקאי 1,,,צ'יפס גולד אמריקאי 1,גרמים,1500.00,100 גרם,false,,19.90,0.0133,true,1,112823
7290012245329,false,צ'יפס גולד קלאסי 1.5,,,צ'יפס גולד קלאסי 1.5,גרמים,1500.00,100 גרם,false,,19.90,0.0133,true,1,112825
7290012245336,false,צ'יפס גולד סטייק 1.5,,,צ'יפס גולד סטייק 1.5,גרמים,1500.00,100 גרם,false,,19.90,0.0133,true,1,112826
7290012309939,false,חלבה מסולסלת 500 גר,,,חלבה מסולסלת 500 גר,גרמים,500.00,100 גרם,false,,14.90,0.0298,true,1,68284
7290012313240,false,מיקס זיתים וקלמטה יב,קבוצת יבנה,,מיקס זיתים וקלמטה יב,גרמים,340.00,100 גרם,false,,10.90,0.0321,true,1,121682
7290012313264,false,כרוב כבוש יבנה,קבוצת יבנה,,כרוב כבוש יבנה,גרמים,430.00,100 גרם,false,,7.50,0.0174,true,1,63440
7290012313547,false,זית קלמטה יבנה,קבוצת יבנה,,זית קלמטה יבנה,גרמים,340.00,100 גרם,false,,9.40,0.0276,true,1,96606
7290012367717,false,קרם ידיים אפקטיב 150,,,קרם ידיים אפקטיב 150,גרמים,100.00,100 גרם,false,,16.90,0.1690,true,1,62066
7290012404955,false,ספרינג Collection נק,ספרינג,,ספרינג Collection נק,ליטרים,1.25,ליטר,false,,12.90,10.3200,true,1,40313
7290012413704,false,תה חליטת לימון ודבש,ויסוצקי,,תה חליטת לימון ודבש,גרמים,67.00,100 גרם,false,,18.90,0.2821,false,1,40084
7290012470202,false,דוקרני קישוט,,,דוקרני קישוט,יחידה,0.00,יחידה,false,,6.50,0.0000,true,1,104320
7290012470479,false,מושבית לאסלות,,,מושבית לאסלות,יחידה,0.00,יחידה,false,,7.50,0.0000,true,1,36183
7290012470486,false,כובע אמבטיה שקוף,,,כובע אמבטיה שקוף,יחידה,0.00,יחידה,false,,5.90,0.0000,true,1,36968
7290012470493,false,כובע רחצה 2 שכבות,,,כובע רחצה 2 שכבות,יחידה,0.00,יחידה,false,,12.90,0.0000,true,1,36969
7290012470813,false,מקלונים לאוזניים לתי,,,מקלונים לאוזניים לתי,יחידה,0.00,יחידה,false,,4.90,0.0000,true,1,189788
7290012470844,false,פלסטר עמיד במים לילד,,,פלסטר עמיד במים לילד,יחידה,0.00,יחידה,false,,6.50,0.0000,true,1,39867
7290012522581,false,שניצל תירס ללא גלוטן,טבעול,,שניצל תירס ללא גלוטן,גרמים,664.00,100 גרם,false,,24.90,0.0375,false,1,56884
7290012561405,false,בצל חצי מטוגן דורות,דורות,,בצל חצי מטוגן דורות,גרמים,180.00,100 גרם,false,,11.50,0.0639,true,1,35867
7290012588242,false,מים מינרלים כדורגל 5,,,מים מינרלים כדורגל 5,מיליליטרים,3000.00,"100 מ""ל",false,,13.90,0.0046,false,1,109015
7290012594014,false,לחם שיפון כפרי,,,לחם שיפון כפרי,גרמים,650.00,100 גרם,false,,14.90,0.0229,true,1,64626
7290012594038,false,לחם פרנץ טוסט,,,לחם פרנץ טוסט,גרמים,500.00,100 גרם,false,,10.90,0.0218,true,1,186442
7290012642678,false,אננס רביעיות בסירופ,,,אננס רביעיות בסירופ,גרמים,452.00,100 גרם,false,,10.90,0.0241,true,1,190203
7290012645112,false,יוגורט עיזים בדלי -,,,יוגורט עיזים בדלי -,גרמים,750.00,100 גרם,false,,18.90,0.0252,true,1,101920
7290012645129,false,יוגורט כבשים בדלי -ח,,,יוגורט כבשים בדלי -ח,גרמים,750.00,100 גרם,false,,18.90,0.0252,true,1,101921
7290012645181,false,לאבנה עיזים 5%,,,לאבנה עיזים 5%,גרמים,200.00,100 גרם,false,,12.90,0.0645,true,1,144720
7290012645297,false,יוגורט מחלב עיזים,,,יוגורט מחלב עיזים,גרמים,150.00,100 גרם,false,,5.30,0.0353,true,1,101949
7290012665059,false,קובה למרק 400 גר,חמים וטעים,,קובה למרק 400 גר,גרמים,400.00,100 גרם,false,,15.50,0.0388,true,1,70965
7290012697081,false,סוכרזית מהטבע סטיווי,עלית,,סוכרזית מהטבע סטיווי,גרמים,100.00,100 גרם,false,,30.90,0.3090,true,1,56896
7290012697241,false,סוכרזית מצמח הסטיווי,,,סוכרזית מצמח הסטיווי,יחידה,0.00,יחידה,false,,28.90,0.0000,true,1,58512
7290012697388,false,סוכרזית סטיוויה כפית,עלית,,סוכרזית סטיוויה כפית,גרמים,100.00,100 גרם,false,,33.90,0.3390,true,1,58239
7290012803055,false,מרמולייט סוכרלוז 100,מרמולייט,,מרמולייט סוכרלוז 100,גרמים,100.00,100 גרם,false,,22.90,0.2290,true,1,34348
7290012803215,false,טוסו ופל בלגי בטעם ש,,,טוסו ופל בלגי בטעם ש,גרמים,200.00,100 גרם,false,,10.90,0.0545,true,1,57750
7290012803222,false,טוסו ופל בלגי בטעם ל,,,טוסו ופל בלגי בטעם ל,גרמים,200.00,100 גרם,false,,10.90,0.0545,true,1,57751
7290012803314,false,מרמולייט סוכרלוז 300,מרמולייט,,מרמולייט סוכרלוז 300,גרמים,246.00,100 גרם,false,,34.90,0.1419,true,1,36436
7290012803321,false,מרמולייט סוכרלוז 200,מרמולייט,,מרמולייט סוכרלוז 200,גרמים,200.00,100 גרם,false,,36.90,0.1845,true,1,36437
7290012803352,false,RAIDקוטל מעופפים 8שע,רייד,,RAIDקוטל מעופפים 8שע,מיליליטרים,300.00,"100 מ""ל",false,,13.90,0.0463,false,1,39473
7290012803451,false,טוסו שוקולד מריר מעו,,,טוסו שוקולד מריר מעו,גרמים,100.00,100 גרם,false,,12.90,0.1290,true,1,65294
7290012803789,false,טוסו שוקולד מריר עם,,,טוסו שוקולד מריר עם,גרמים,100.00,100 גרם,false,,12.90,0.1290,true,1,57809
7290012823237,false,תחליב רחצה קרמה בריז,קרמה,,תחליב רחצה קרמה בריז,מיליליטרים,700.00,"100 מ""ל",false,,17.90,0.0256,true,1,121637
7290012823374,false,מגבונים אנטי קאלק,סנו,,מגבונים אנטי קאלק,יחידה,0.00,יחידה,false,,12.90,0.0000,true,1,38947
7290012823381,false,מרכך מרוכז סנסיטיב 1,סנו,,מרכך מרוכז סנסיטיב 1,ליטרים,1.00,ליטר,false,,16.90,16.9000,true,1,38208
7290012823398,false,ריצפז מטליות לחות לנ,סנו ריצפז,,ריצפז מטליות לחות לנ,יחידה,0.00,יחידה,false,,12.90,0.0000,true,1,106598
7290012823404,false,פרש אוטומטיק יסמין,,,פרש אוטומטיק יסמין,יחידה,250.00,יחידה,false,,14.90,0.0596,true,1,40885
7290012823541,false,מטליות ריצפז פרש,סנו ריצפז,,מטליות ריצפז פרש,יחידה,0.00,יחידה,false,,12.90,0.0000,true,1,37523
7290012823558,false,מטליות לחות לריצפה ס,סנו סושי,,מטליות לחות לריצפה ס,יחידה,0.00,יחידה,false,,11.90,0.0000,false,1,38530
7290012823589,false,ריצפז לימון 2 ליטר,סנו ריצפז,,ריצפז לימון 2 ליטר,ליטרים,2.00,ליטר,false,,17.90,8.9500,false,1,41593
7290012823602,false,נייר טואלט סופט סילק,סנו סופט,,נייר טואלט סופט סילק,גרמים,1950.00,100 גרם,false,,31.90,0.0164,false,1,41675
7290012823657,false,מילוי רסס כבס 750מל,סנו,,מילוי רסס כבס 750מל,מיליליטרים,750.00,"100 מ""ל",false,,9.90,0.0132,true,1,39655
7290012823787,false,רסס ונגב מילוי 750מל,סנו,,רסס ונגב מילוי 750מל,מיליליטרים,750.00,"100 מ""ל",false,,7.90,0.0105,true,1,40019
7290012823923,false,מרכך כביסה מרוכז פרפ,סנו,,מרכך כביסה מרוכז פרפ,מיליליטרים,750.00,"100 מ""ל",false,,16.90,0.0225,true,1,39847
7290012823947,false,מקסימה פרפיום מרכך כ,סנו מקסימה,,מקסימה פרפיום מרכך כ,מיליליטרים,750.00,"100 מ""ל",false,,16.90,0.0225,true,1,40048
7290012871061,false,דגן תירס פופ מתוק 15,מפעלי דגן,,דגן תירס פופ מתוק 15,גרמים,150.00,100 גרם,false,,6.50,0.0433,true,1,97059
7290012871382,false,דגן שלווה מלאה תפוחה,,,דגן שלווה מלאה תפוחה,גרמים,150.00,100 גרם,false,,6.90,0.0460,true,1,115487
7290012878268,false,שמפו לשיער יבש ופגום,,,שמפו לשיער יבש ופגום,מיליליטרים,750.00,"100 מ""ל",false,,17.90,0.0239,true,1,116606
7290012878831,false,קרם חמצן 9%,,,קרם חמצן 9%,מיליליטרים,60.00,"100 מ""ל",false,,3.90,0.0650,true,1,106386
7290012884986,false,צ'יפס לתנור 4% שומן,תפוגן,,צ'יפס לתנור 4% שומן,קילוגרמים,1.50,"ק""ג",false,,24.90,16.6000,true,1,63160
7290012901355,false,פסטה גבינה לבן,,,פסטה גבינה לבן,גרמים,206.00,100 גרם,false,,10.90,0.0529,true,1,70988
7290012911293,false,דפי אורז 300גר,,,דפי אורז 300גר,גרמים,300.00,100 גרם,false,,11.90,0.0397,true,1,38252
7290012911422,false,ממרח קארי אדום 400גר,,,ממרח קארי אדום 400גר,גרמים,400.00,100 גרם,false,,17.90,0.0447,true,1,55491
7290012911439,false,ממרח קארי צהוב 400גר,,,ממרח קארי צהוב 400גר,גרמים,400.00,100 גרם,false,,17.90,0.0447,true,1,55492
7290012911477,false,"קרם קוקוס 400 מ""ל",,,"קרם קוקוס 400 מ""ל",יחידה,400.00,יחידה,false,,7.90,0.0198,true,1,42718
7290012911729,false,ג'נג'ר ורוד לסושי 25,,,ג'נג'ר ורוד לסושי 25,גרמים,250.00,100 גרם,false,,7.90,0.0316,true,1,60020
7290012911804,false,"שמן שומשום 150מ""ל",,,"שמן שומשום 150מ""ל",יחידה,150.00,יחידה,false,,13.90,0.0927,true,1,40987
7290012911941,false,רוטב צ'ילי מתוק 700מ,,,רוטב צ'ילי מתוק 700מ,מיליליטרים,700.00,"100 מ""ל",false,,14.00,0.0200,true,1,61743
7290012938405,false,רדיד אלומיניום עבה ב,דיימונד,,רדיד אלומיניום עבה ב,יחידה,0.00,יחידה,false,,21.90,0.0000,true,1,38156
7290012938580,false,סנסודיין הלבנה עדינה,סנסודיין,,סנסודיין הלבנה עדינה,מיליליטרים,75.00,"100 מ""ל",false,,21.90,0.2920,true,1,43225
7290012938597,false,סנסודיין רפיד רליף,סנסודיין,,סנסודיין רפיד רליף,גרמים,75.00,100 גרם,false,,24.90,0.3320,true,1,41656
7290012982873,false,פילה אמנון 7-9,,,פילה אמנון 7-9,קילוגרמים,1.00,"ק""ג",true,,26.90,26.9000,false,1,70144
7290012983153,false,סילאן טבעי לחיץ 400,,,סילאן טבעי לחיץ 400,גרמים,400.00,100 גרם,false,,15.90,0.0398,true,1,67174
7290012983160,false,סילאן לחיץ 400 גרם,,,סילאן לחיץ 400 גרם,גרמים,400.00,100 גרם,false,,11.50,0.0288,true,1,96204
7290012996610,false,טבליות אסלה יעקבי,יעקובי,,טבליות אסלה יעקבי,גרמים,400.00,100 גרם,false,,12.90,0.0323,true,1,41076
7290012996672,false,סבון אסלה+בושם,יעקובי,,סבון אסלה+בושם,יחידה,80.00,יחידה,false,,9.90,0.1238,true,1,41800
7290013027399,false,לחם אנג'ל 100 בתוספת,אנג'ל,,לחם אנג'ל 100 בתוספת,גרמים,750.00,100 גרם,false,,15.90,0.0212,true,1,40935
7290013083661,false,מטרנה אקסטרה קר שלב,מטרנה,,מטרנה אקסטרה קר שלב,גרמים,700.00,100 גרם,false,,59.90,0.0856,false,1,39276
7290013083678,false,מטרנה אקסטרה קר שלב,מטרנה,,מטרנה אקסטרה קר שלב,גרמים,700.00,100 גרם,false,,59.90,0.0856,false,1,39277
7290013083685,false,מטרנה אקסטרה קר שלב,מטרנה,,מטרנה אקסטרה קר שלב,גרמים,700.00,100 גרם,false,,59.90,0.0856,false,1,39278
7290013117212,false,בורקס פילו מילוי גבי,מעדנות,,בורקס פילו מילוי גבי,גרמים,600.00,100 גרם,false,,19.90,0.0332,false,1,37092
7290013117229,false,"בורקס פילו מילוי תפ""",מעדנות,,"בורקס פילו מילוי תפ""",גרמים,600.00,100 גרם,false,,19.90,0.0332,false,1,37093
7290013117236,false,בורקס פילו פיצה מעדנ,מעדנות,,בורקס פילו פיצה מעדנ,גרמים,600.00,100 גרם,false,,19.90,0.0332,false,1,37094
7290013117243,false,בורקס פילו בולגרית מ,מעדנות,,בורקס פילו בולגרית מ,גרמים,600.00,100 גרם,false,,19.90,0.0332,false,1,37095
7290013117427,false,בצק פריך מלוח מעדנות,מעדנות,,בצק פריך מלוח מעדנות,גרמים,900.00,100 גרם,false,,19.90,0.0221,false,1,41549
7290013117526,false,בצק שמרים למאפים מתו,מעדנות,,בצק שמרים למאפים מתו,גרמים,900.00,100 גרם,false,,19.90,0.0221,false,1,42612
7290013121042,false,גרין לייט-לחם איטלקי,,,גרין לייט-לחם איטלקי,גרמים,500.00,100 גרם,false,,19.90,0.0398,true,1,64560
7290013121165,false,שישיות לחמניות נקניק,,,שישיות לחמניות נקניק,יחידה,0.00,יחידה,false,,17.90,0.0000,true,1,62569
7290013125279,false,מגבוני נייר טואלט לח,,,מגבוני נייר טואלט לח,יחידה,0.00,יחידה,false,,6.90,0.0000,true,1,56373
7290013144287,false,ג'לי בטעם תות 85 גר',מימונס,,ג'לי בטעם תות 85 גר',גרמים,85.00,100 גרם,false,,6.30,0.0741,true,1,106962
7290013144393,false,תמצית אפיה בטעם וניל,מימונס,,תמצית אפיה בטעם וניל,מיליליטרים,50.00,"100 מ""ל",false,,4.90,0.0980,true,1,106965
7290013144409,false,תמצית אפיה בטעם רום,מימונס,,תמצית אפיה בטעם רום,מיליליטרים,50.00,"100 מ""ל",false,,4.90,0.0980,true,1,106966
7290013144416,false,תמצית אפיה בטעם שקדי,מימונס,,תמצית אפיה בטעם שקדי,מיליליטרים,50.00,"100 מ""ל",false,,4.90,0.0980,true,1,106967
7290013144508,false,תמצית אפיה בטעם ורדי,מימונס אפייה,,תמצית אפיה בטעם ורדי,מיליליטרים,50.00,"100 מ""ל",false,,8.90,0.1780,true,1,107209
7290013144614,false,סירופ מייפל אמיתי 10,מימונס אפייה,,סירופ מייפל אמיתי 10,יחידה,0.00,יחידה,false,,29.90,0.0000,true,1,106972
7290013144751,false,סירופ בטעם מייפל 500,מימונס אפייה,,סירופ בטעם מייפל 500,גרמים,500.00,100 גרם,false,,13.90,0.0278,true,1,106973
7290013144812,false,אייס קפה בטעם וניל 3,מימונס אפייה,,אייס קפה בטעם וניל 3,גרמים,320.00,100 גרם,false,,16.90,0.0528,true,1,189633
7290013145215,false,שומשום 400 גר' מימונ,מימונס אפייה,,שומשום 400 גר' מימונ,גרמים,400.00,100 גרם,false,,15.90,0.0398,true,1,116647
7290013145277,false,עלים לקרמשניט 300 גר,מימונס אפייה,,עלים לקרמשניט 300 גר,גרמים,300.00,100 גרם,false,,16.90,0.0563,true,1,107227
7290013145529,false,סוכריות צבעוניות לעו,מימונס,,סוכריות צבעוניות לעו,גרמים,90.00,100 גרם,false,,5.90,0.0656,true,1,107229
7290013145628,false,סוכריות צבעוניות לקי,מימונס אפייה,,סוכריות צבעוניות לקי,גרמים,200.00,100 גרם,false,,8.90,0.0445,true,1,106995
7290013145840,false,סוכר וניל 10 יח' בצל,מימונס אפייה,,סוכר וניל 10 יח' בצל,יחידה,0.00,יחידה,false,,2.50,0.0000,true,1,106997
7290013145857,false,אבקת אפיה 10 יח' בצל,מימונס אפייה,,אבקת אפיה 10 יח' בצל,יחידה,0.00,יחידה,false,,2.50,0.0000,true,1,106998
7290013145901,false,סודה לשתיה 100 גר',מימונס אפייה,,סודה לשתיה 100 גר',גרמים,100.00,100 גרם,false,,1.90,0.0190,true,1,109532
7290013145918,false,אבקת סוכר 100 גר',מימונס אפייה,,אבקת סוכר 100 גר',גרמים,100.00,100 גרם,false,,1.90,0.0190,true,1,107344
7290013145949,false,אבקת סוכר בפלסטיק,מימונס,,אבקת סוכר בפלסטיק,גרמים,250.00,100 גרם,false,,15.90,0.0636,true,1,107000
7290013145956,false,שמרים יבשים בוואקום,מימונס אפייה,,שמרים יבשים בוואקום,גרמים,500.00,100 גרם,false,,14.90,0.0298,true,1,107001
7290013145970,false,קורנפלור בשקית 200 ג,מימונס אפייה,,קורנפלור בשקית 200 ג,גרמים,200.00,100 גרם,false,,3.90,0.0195,true,1,107317
7290013146199,false,קרם נוגט 350 גר',מימונס אפייה,,קרם נוגט 350 גר',גרמים,350.00,100 גרם,false,,14.90,0.0426,true,1,114118
7290013146267,false,פודינג וניל בשקית 1,מימונס אפייה,,פודינג וניל בשקית 1,קילוגרמים,1.00,"ק""ג",false,,21.90,21.9000,true,1,126500
7290013146427,false,נשיקות לקישוט צבע לב,מימונס אפייה,,נשיקות לקישוט צבע לב,גרמים,60.00,100 גרם,false,,14.90,0.2483,true,1,119625
7290013146441,false,נשיקות לקישוט צבע ור,מימונס אפייה,,נשיקות לקישוט צבע ור,גרמים,60.00,100 גרם,false,,14.90,0.2483,true,1,119627
7290013146656,false,כוכבים תכלת ירוק לבן,מימונס אפייה,,כוכבים תכלת ירוק לבן,גרמים,60.00,100 גרם,false,,11.90,0.1983,true,1,119620
7290013146663,false,אטריות צבעוניות לקיש,מימונס אפייה,,אטריות צבעוניות לקיש,גרמים,55.00,100 גרם,false,,11.90,0.2164,true,1,119621
7290013146670,false,סוכריות לב סגול ורוד,מימונס אפייה,,סוכריות לב סגול ורוד,גרמים,60.00,100 גרם,false,,11.90,0.1983,true,1,119622
7290013146724,false,אייס קפה 350 גר' מימ,מימונס אפייה,,אייס קפה 350 גר' מימ,גרמים,350.00,100 גרם,false,,16.90,0.0483,true,1,186639
7290013146816,false,אבקת סוכר שקית 500 ג,מימונס אפייה,,אבקת סוכר שקית 500 ג,גרמים,500.00,100 גרם,false,,6.90,0.0138,true,1,114781
7290013146854,false,קוקוס לבן טחון 400 ג,מימונס אפייה,,קוקוס לבן טחון 400 ג,גרמים,400.00,100 גרם,false,,15.90,0.0398,true,1,113755
7290013151636,false,פילה סרדין בשמן זית,סטאר פוד,,פילה סרדין בשמן זית,גרמים,90.00,100 גרם,false,,9.90,0.1100,true,1,100581
7290013153418,false,פריגת סחוט לימונענע,פריגת,,פריגת סחוט לימונענע,ליטרים,1.00,ליטר,false,,16.00,16.0000,true,1,97595
7290013153432,false,פריגת סחוט לימונענע,פריגת,,פריגת סחוט לימונענע,מיליליטרים,400.00,"100 מ""ל",false,,9.50,0.0238,true,1,97985
7290013181015,false,צלחות עגולות גדולות,,,צלחות עגולות גדולות,יחידה,0.00,יחידה,false,,12.90,0.0000,true,1,57265
7290013181022,false,צלחות עגולות בינוניו,,,צלחות עגולות בינוניו,יחידה,0.00,יחידה,false,,10.90,0.0000,true,1,57266
7290013181060,false,צלחת עגולה קטנה,,,צלחת עגולה קטנה,יחידה,0.00,יחידה,false,,7.90,0.0000,true,1,112544
7290013181121,false,כפיות מעץ,,,כפיות מעץ,יחידה,0.00,יחידה,false,,9.90,0.0000,true,1,57269
7290013181152,false,צלחת מרובעת בינונית,,,צלחת מרובעת בינונית,יחידה,0.00,יחידה,false,,10.90,0.0000,true,1,58745
7290013181206,false,צלחת מרובעת גדולה,,,צלחת מרובעת גדולה,יחידה,0.00,יחידה,false,,12.90,0.0000,true,1,57271
7290013181213,false,צלחת מרובעת קטנה,,,צלחת מרובעת קטנה,יחידה,0.00,יחידה,false,,7.90,0.0000,true,1,57272
7290013181244,false,מזלגות מעץ לבנה 20 ס,,,מזלגות מעץ לבנה 20 ס,יחידה,0.00,יחידה,false,,9.90,0.0000,true,1,67888
7290013181268,false,סכינים מעץ,,,סכינים מעץ,יחידה,0.00,יחידה,false,,9.90,0.0000,true,1,68230
7290013181442,false,קערת הגשה עמוקה עלי,,,קערת הגשה עמוקה עלי,יחידה,0.00,יחידה,false,,11.90,0.0000,true,1,111942
7290013185006,false,לחם בריאות משהו משהו,,,לחם בריאות משהו משהו,גרמים,700.00,100 גרם,false,,13.90,0.0199,true,1,120910
7290013185914,false,לחם בריאות מחמצת כוס,,,לחם בריאות מחמצת כוס,גרמים,600.00,100 גרם,false,,16.90,0.0282,true,1,186441
7290013267665,false,מאגדת מיני סולרו פיר,שטראוס,,מאגדת מיני סולרו פיר,גרמים,354.00,100 גרם,false,,24.90,0.0703,true,1,56903
7290013268020,false,מרכך מרוכז א. פרש 1ל,סנו fresh,,מרכך מרוכז א. פרש 1ל,ליטרים,1.00,ליטר,false,,16.90,16.9000,true,1,38553
7290013268037,false,מרכך כביסה מרוכז פצ',סנו,,מרכך כביסה מרוכז פצ',ליטרים,1.00,ליטר,false,,16.90,16.9000,true,1,38366
7290013268228,false,דאודורנט קרמה ספריי,קרמה,,דאודורנט קרמה ספריי,מיליליטרים,150.00,"100 מ""ל",false,,12.90,0.0860,true,1,99388
7290013268242,false,ריצפז פרש הום מלון מ,סנו ריצפז,,ריצפז פרש הום מלון מ,ליטרים,2.00,ליטר,false,,21.90,10.9500,false,1,117371
7290013268372,false,פוליווקס פרקט בתוספת,סנו פוליויקס,,פוליווקס פרקט בתוספת,ליטרים,2.00,ליטר,false,,19.90,9.9500,true,1,120932
7290013268839,false,פוליויקס פרקט בניחוח,סנו פוליויקס,,פוליויקס פרקט בניחוח,ליטרים,2.00,ליטר,false,,19.90,9.9500,true,1,110051
7290013268884,false,ריצפז פרש מאסק 2 ל',סנו ריצפז,,ריצפז פרש מאסק 2 ל',ליטרים,2.00,ליטר,false,,17.90,8.9500,false,1,40209
7290013268891,false,ג'ל אוקסיג'ן 3 ליטר,סנו אוקסיג'ן,,ג'ל אוקסיג'ן 3 ליטר,ליטרים,3.00,ליטר,false,,29.90,9.9667,true,1,55802
7290013268907,false,ג'ל כביסה ביו 3 ליטר,,,ג'ל כביסה ביו 3 ליטר,ליטרים,3.00,ליטר,false,,31.90,10.6333,true,1,41592
7290013268938,false,סנובון שלישייה מאסק,סנו סנובון,,סנובון שלישייה מאסק,יחידה,0.00,יחידה,false,,11.90,0.0000,true,1,41594
7290013268983,false,מרכך מרוכז 1 ליטר JO,סנו מקסימה,,מרכך מרוכז 1 ליטר JO,ליטרים,1.00,ליטר,false,,16.90,16.9000,false,1,126448
7290013268990,false,מרכך מרוכז מקסימה 1,סנו מקסימה,,מרכך מרוכז מקסימה 1,ליטרים,1.00,ליטר,false,,16.90,16.9000,true,1,41597
7290013269003,false,מרכך מרוכז מקסימה בי,סנו מקסימה,,מרכך מרוכז מקסימה בי,ליטרים,1.00,ליטר,false,,18.90,18.9000,true,1,41598
7290013269096,false,מטליות לניקוי עור,,,מטליות לניקוי עור,יחידה,0.00,יחידה,false,,14.90,0.0000,true,1,64606
7290013269263,false,ג'ל כביסה קריסטל 3 ל,סנו,,ג'ל כביסה קריסטל 3 ל,ליטרים,3.00,ליטר,false,,31.90,10.6333,true,1,55900
7290013269287,false,ג'ל כביסה מאסק 3 ליט,,,ג'ל כביסה מאסק 3 ליט,ליטרים,3.00,ליטר,false,,31.90,10.6333,true,1,57065
7290013269300,false,ניילון נצמד 150 מטר,סנו סושי,,ניילון נצמד 150 מטר,יחידה,0.00,יחידה,false,,24.90,0.0000,true,1,62270
7290013269348,false,סנו K3 תחנת פתיון,סנו,,סנו K3 תחנת פתיון,יחידה,0.00,יחידה,false,,49.90,0.0000,true,1,114942
7290013269621,false,ריצפז פרש הום בניחוח,סנו ריצפז,,ריצפז פרש הום בניחוח,ליטרים,2.00,ליטר,false,,21.90,10.9500,false,1,111825
7290013269638,false,ספוג הפלא EXTRA,סנו סושי,,ספוג הפלא EXTRA,יחידה,0.00,יחידה,false,,12.90,0.0000,true,1,62272
7290013269706,false,ג'ל אסלה סנובון,סנו סנובון,,ג'ל אסלה סנובון,מיליליטרים,55.00,"100 מ""ל",false,,7.90,0.1436,true,1,58018
7290013269751,false,ריצפז מטליות לחות לנ,סנו,,ריצפז מטליות לחות לנ,יחידה,0.00,יחידה,false,,12.90,0.0000,true,1,112305
7290013269867,false,סושי זוג מפות אירוח,סנו סושי,,סושי זוג מפות אירוח,יחידה,0.00,יחידה,false,,9.90,0.0000,true,1,55488
7290013269911,false,333 K,סנו,,333 K,מיליליטרים,750.00,"100 מ""ל",false,,29.90,0.0399,true,1,57901
7290013358356,false,מנה פירורי לחם מוזהב,,,מנה פירורי לחם מוזהב,גרמים,350.00,100 גרם,false,,6.90,0.0197,true,1,58563
7290013358363,false,פירורי לחם פנקו מוזה,,,פירורי לחם פנקו מוזה,גרמים,300.00,100 גרם,false,,9.90,0.0330,true,1,58564
7290013358417,false,רוטב טריאקי מנה,,,רוטב טריאקי מנה,מיליליטרים,300.00,"100 מ""ל",false,,9.90,0.0330,true,1,95251
7290013358448,false,מנה קרוטונים לסלט 4,,,מנה קרוטונים לסלט 4,גרמים,200.00,100 גרם,false,,12.90,0.0645,true,1,64308
7290013358486,false,פירורי לחם מנה ללא ב,מנה,,פירורי לחם מנה ללא ב,גרמים,300.00,100 גרם,false,,7.90,0.0263,true,1,69419
7290013358493,false,קרם קוקוס פחית מאסטר,,,קרם קוקוס פחית מאסטר,מיליליטרים,400.00,"100 מ""ל",false,,8.90,0.0223,true,1,95243
7290013358509,false,מנה מיקס סלט 200גר,,,מנה מיקס סלט 200גר,גרמים,200.00,100 גרם,false,,14.90,0.0745,true,1,68213
7290013358516,false,מנה מיקסלט עם חמוציו,,,מנה מיקסלט עם חמוציו,גרמים,200.00,100 גרם,false,,14.90,0.0745,true,1,68214
7290013358523,false,שבבי בצל מנה,מנה,,שבבי בצל מנה,גרמים,150.00,100 גרם,false,,12.90,0.0860,true,1,69064
7290013358530,false,רוטב צ'ילי מתוק מנה,,,רוטב צ'ילי מתוק מנה,מיליליטרים,700.00,"100 מ""ל",false,,12.90,0.0184,true,1,95153
7290013358547,false,רוטב צ'ילי חריף מנה,,,רוטב צ'ילי חריף מנה,מיליליטרים,700.00,"100 מ""ל",false,,12.90,0.0184,true,1,95244
7290013358578,false,איטריות אורז רחבות מ,,,איטריות אורז רחבות מ,גרמים,400.00,100 גרם,false,,7.90,0.0198,true,1,95245
7290013358585,false,נודלס ביצים להקפצה מ,,,נודלס ביצים להקפצה מ,גרמים,400.00,100 גרם,false,,7.90,0.0198,true,1,95609
7290013358806,false,מאגדת פרכיות עם מלח,,,מאגדת פרכיות עם מלח,גרמים,264.00,100 גרם,false,,12.90,0.0489,true,1,65115
7290013361981,false,"צ'יפס 2 ק""ג פרי גליל",פרי הגליל,,"צ'יפס 2 ק""ג פרי גליל",קילוגרמים,2.00,"ק""ג",false,,21.90,10.9500,true,1,67783
7290013366047,false,כרובית פיורטי 500 גר,,,כרובית פיורטי 500 גר,גרמים,500.00,100 גרם,false,,21.90,0.0438,true,1,117576
7290013366085,false,תירס מקולף מתוק במיו,כרמל יבולים,,תירס מקולף מתוק במיו,יחידה,0.00,יחידה,false,,19.90,0.0000,true,1,96390
7290013366108,false,אספרגוס 400 גר' כרמל,כרמל יבולים,,אספרגוס 400 גר' כרמל,גרמים,400.00,100 גרם,false,,32.90,0.0822,true,1,112184
7290013366221,false,נבטי חמניה,,,נבטי חמניה,יחידה,0.00,יחידה,false,,9.50,0.0000,true,1,41125
7290013366252,false,נבטוטי קטניות כרמל י,,,נבטוטי קטניות כרמל י,יחידה,0.00,יחידה,false,,8.90,0.0000,true,1,41128
7290013366276,false,תערובת נבטים כרמל יב,,,תערובת נבטים כרמל יב,יחידה,0.00,יחידה,false,,13.90,0.0000,true,1,64981
7290013366306,false,נבטי בזיל,,,נבטי בזיל,יחידה,0.00,יחידה,false,,9.90,0.0000,true,1,59766
7290013366634,false,חסה SALANOVA,,,חסה SALANOVA,יחידה,0.00,יחידה,false,,12.90,0.0000,true,1,41105
7290013366641,false,רוקלה כרמל יבולים,,,רוקלה כרמל יבולים,יחידה,0.00,יחידה,false,,12.90,0.0000,true,1,41143
7290013366665,false,חסה גמביט,,,חסה גמביט,יחידה,0.00,יחידה,false,,12.90,0.0000,true,1,185467
7290013366719,false,פאק צ'וי כרמל יבולם,,,פאק צ'וי כרמל יבולם,יחידה,0.00,יחידה,false,,12.90,0.0000,true,1,70054
7290013366726,false,עלי קייל,,,עלי קייל,גרמים,260.00,100 גרם,false,,13.50,0.0519,true,1,66291
7290013366986,false,ביצי חופש 18 יח' L,,,ביצי חופש 18 יח' L,יחידה,0.00,יחידה,false,,26.90,0.0000,false,1,190678
7290013381088,false,עמבה הודית,,,עמבה הודית,גרמים,500.00,100 גרם,false,,9.40,0.0188,true,1,119527
7290013381194,false,אבקה לפתיחת סתימות,,,אבקה לפתיחת סתימות,גרמים,220.00,100 גרם,false,,11.50,0.0523,true,1,186823
7290013381361,false,משטח לציפוי ואחסנה,,,משטח לציפוי ואחסנה,יחידה,0.00,יחידה,false,,8.90,0.0000,true,1,57775
7290013381576,false,תרכיז שקדים רוזטה  1,,,תרכיז שקדים רוזטה  1,ליטרים,1.00,ליטר,false,,19.90,19.9000,true,1,58825
7290013430083,false,אלכסנדר-BLOND בירה,,,אלכסנדר-BLOND בירה,מיליליטרים,330.00,"100 מ""ל",false,,12.90,0.0391,true,1,57169
7290013442178,false,גבינת פטה בסגנון יוו,מוטק'ה החולב,,גבינת פטה בסגנון יוו,גרמים,250.00,100 גרם,false,,31.90,0.1276,false,1,61421
7290013442284,false,ברי 22% מוטקה החולב,מוטק'ה החולב,,ברי 22% מוטקה החולב,גרמים,140.00,100 גרם,false,,25.90,0.1850,true,1,188649
7290013442291,false,קממבר 22% מוטקה החול,,,קממבר 22% מוטקה החול,גרמים,140.00,100 גרם,false,,25.90,0.1850,false,1,188650
7290013442307,false,קממבר פקאן 23% מוטקה,מוטק'ה החולב,,קממבר פקאן 23% מוטקה,גרמים,140.00,100 גרם,false,,25.90,0.1850,false,1,188651
7290013442314,false,סנט מור 22% מוטקה הח,,,סנט מור 22% מוטקה הח,גרמים,150.00,100 גרם,false,,28.90,0.1927,false,1,188652
7290013442345,false,ארוטן כמהין 23% מוטק,מוטק'ה החולב,,ארוטן כמהין 23% מוטק,גרמים,150.00,100 גרם,false,,29.90,0.1993,false,1,188655
7290013444363,false,מגבת ענק 100X140,,,מגבת ענק 100X140,יחידה,0.00,יחידה,false,,59.90,0.0000,true,1,81728
7290013444547,false,מגבת פנים ג'אקרד,,,מגבת פנים ג'אקרד,יחידה,0.00,יחידה,false,,24.90,0.0000,true,1,97468
7290013444554,false,מגבת גוף ג'אקרד,,,מגבת גוף ג'אקרד,יחידה,0.00,יחידה,false,,49.90,0.0000,true,1,97469
7290013451927,false,פריכיות כוסמת טבעי 1,,,פריכיות כוסמת טבעי 1,גרמים,160.00,100 גרם,false,,9.90,0.0619,true,1,62499
7290013472199,false,ערמונים קלופים וקלוי,וילי פוד,,ערמונים קלופים וקלוי,גרמים,105.00,100 גרם,false,,5.50,0.0524,true,1,43701
7290013504227,false,ברזלית לניקוי סירים,,,ברזלית לניקוי סירים,יחידה,0.00,יחידה,false,,10.00,0.0000,true,1,60471
7290013504869,false,דלי מטליות לחות 50'ח,,,דלי מטליות לחות 50'ח,יחידה,0.00,יחידה,false,,29.90,0.0000,true,1,104920
7290013520067,false,מארז 10 לחמניות אצבע,,,מארז 10 לחמניות אצבע,גרמים,750.00,100 גרם,false,,12.90,0.0172,true,1,101784
7290013520111,false,לחמניות המבורגר שישי,,,לחמניות המבורגר שישי,גרמים,600.00,100 גרם,false,,14.90,0.0248,true,1,102965
7290013520463,false,לחם כוסמין אגמי,,,לחם כוסמין אגמי,גרמים,600.00,100 גרם,false,,16.60,0.0277,true,1,99379
7290013520500,false,לחמניות ביס כוסמין,,,לחמניות ביס כוסמין,גרמים,400.00,100 גרם,false,,16.60,0.0415,true,1,105434
7290013520630,false,לחם מלא יום יום אגמי,,,לחם מלא יום יום אגמי,גרמים,750.00,100 גרם,false,,10.90,0.0145,true,1,104142
7290013531117,false,רוטב פסטה לילדים יכי,יכין,,רוטב פסטה לילדים יכי,גרמים,240.00,100 גרם,false,,4.90,0.0204,true,1,43299
7290013531582,false,שלישיית זיתים מגולענ,יכין,,שלישיית זיתים מגולענ,יחידה,0.00,יחידה,false,,12.90,0.0000,true,1,113363
7290013531612,false,רוטב נפוליטנה 240 גר,יכין,,רוטב נפוליטנה 240 גר,גרמים,240.00,100 גרם,false,,4.90,0.0204,true,1,97412
7290013531629,false,פומודורו 240 גר' יכי,יכין,,פומודורו 240 גר' יכי,גרמים,240.00,100 גרם,false,,4.90,0.0204,true,1,97567
7290013531759,false,שעועית לבנה מבושלת ב,יכין,,שעועית לבנה מבושלת ב,גרמים,330.00,100 גרם,false,,8.90,0.0270,true,1,95248
7290013579416,false,אננס קפוא 250 גר',,,אננס קפוא 250 גר',גרמים,250.00,100 גרם,false,,8.90,0.0356,true,1,125637
7290013579522,false,פילה טונה ללא עור פר,בלדי,,פילה טונה ללא עור פר,גרמים,800.00,100 גרם,false,,44.90,0.0561,true,1,118524
7290013579614,false,מנות סלמון נורבגי 62,בלדי,,מנות סלמון נורבגי 62,גרמים,625.00,100 גרם,false,,59.90,0.0958,true,1,118525
7290013580009,false,המבורגר זהב 400 גר',בלדי,,המבורגר זהב 400 גר',גרמים,400.00,100 גרם,false,,19.90,0.0497,true,1,114713
7290013581648,false,מינוט סטייק 250 גר',בלדי,,מינוט סטייק 250 גר',גרמים,250.00,100 גרם,false,,15.90,0.0636,true,1,187771
7290013585233,false,ספרייט זירו פחית 330,קוקה קולה,,ספרייט זירו פחית 330,מיליליטרים,330.00,"100 מ""ל",false,,4.50,0.0136,true,1,95293
7290013585257,false,ספרייט ZERO 0.5 ליטר,קוקה קולה,,ספרייט ZERO 0.5 ליטר,מיליליטרים,500.00,"100 מ""ל",false,,6.00,0.0120,false,1,95212
7290013585387,false,קוקה קולה זירו 1 ליט,קוקה קולה,,קוקה קולה זירו 1 ליט,ליטרים,1.00,ליטר,false,,6.50,6.5000,false,1,94493
7290013585394,false,קוקה קולה 1 ליטר,קוקה קולה,,קוקה קולה 1 ליטר,ליטרים,1.00,ליטר,false,,6.90,6.9000,false,1,94494
7290013585967,false,מארז ספרייט זירו פחי,,,מארז ספרייט זירו פחי,ליטרים,1.98,ליטר,false,,21.90,11.0606,false,1,99245
7290013608260,false,מיץ רימונים פרימור 1,פרימור,,מיץ רימונים פרימור 1,ליטרים,1.00,ליטר,false,,22.90,22.9000,true,1,68101
7290013608864,false,משקה פירות הדר בתוספ,,,משקה פירות הדר בתוספ,ליטרים,1.00,ליטר,false,,15.90,15.9000,false,1,121226
7290013624888,true,צרעה הרי יהודה אדום,,,צרעה הרי יהודה אדום,,0.00,,false,,110.00,0.0000,true,1,123070
7290013650900,false,ממרח חלבה וניל 300 ג,,,ממרח חלבה וניל 300 ג,גרמים,300.00,100 גרם,false,,19.90,0.0663,true,1,65214
7290013650986,false,סובין חיטה 500 גר',,,סובין חיטה 500 גר',גרמים,500.00,100 גרם,false,,11.50,0.0230,true,1,66166
7290013652157,false,מגבונים להסרת איפור,"ד""ר פישר",,מגבונים להסרת איפור,יחידה,0.00,יחידה,false,,24.90,0.0000,true,1,60041
7290013652164,false,מגבונים להסרת איפור,"ד""ר פישר",,מגבונים להסרת איפור,יחידה,0.00,יחידה,false,,24.90,0.0000,true,1,60042
7290013652171,false,מגבונים להסרת איפור,"ד""ר פישר",,מגבונים להסרת איפור,יחידה,0.00,יחידה,false,,24.90,0.0000,true,1,60043
7290013652805,false,נטורל קר לחות לשיער,,,נטורל קר לחות לשיער,מיליליטרים,0.00,"מ""ל",false,,21.90,0.0000,true,1,56748
7290013675194,false,שניצל אמיתי ביתי ללא,מאמא עוף,,שניצל אמיתי ביתי ללא,גרמים,700.00,100 גרם,false,,37.90,0.0541,true,1,97396
7290013675545,false,שניצל כלי תחבורה,מאמא עוף,,שניצל כלי תחבורה,גרמים,700.00,100 גרם,false,,31.90,0.0456,true,1,109722
7290013675965,false,רצועוף בטעם טבעות בצ,מאמא עוף,,רצועוף בטעם טבעות בצ,גרמים,500.00,100 גרם,false,,24.90,0.0498,true,1,123121
7290013713049,false,בירה  ג'מס בקבוק,,,בירה  ג'מס בקבוק,מיליליטרים,330.00,"100 מ""ל",false,,12.90,0.0391,true,1,113001
7290013724816,true,שקדיה חטיף גרנולה צי,,,שקדיה חטיף גרנולה צי,,0.00,,false,,8.90,0.0000,true,1,123084
7290013725646,false,רוטב צ'ילי מתוק 700,,,רוטב צ'ילי מתוק 700,מיליליטרים,700.00,"100 מ""ל",false,,7.90,0.0113,true,1,68294
7290013771216,false,גבינת פטאקי 250 גר',מחלבת השומרון,,גבינת פטאקי 250 גר',גרמים,250.00,100 גרם,false,,14.90,0.0596,true,1,64500
7290013771384,false,יוגורט יווני 400 גר',מחלבת השומרון,,יוגורט יווני 400 גר',גרמים,400.00,100 גרם,false,,10.90,0.0273,true,1,102327
7290013787170,false,רוטב שמנת פטריות 200,,,רוטב שמנת פטריות 200,גרמים,200.00,100 גרם,false,,12.90,0.0645,true,1,119464
7290013787392,false,רביולי גבינות קלאסי,,,רביולי גבינות קלאסי,גרמים,330.00,100 גרם,false,,24.90,0.0755,true,1,119465
7290013787408,false,רביולי בטטה 330 גר',,,רביולי בטטה 330 גר',גרמים,330.00,100 גרם,false,,24.90,0.0755,true,1,119466
7290013787415,false,רביולי ריקוטה תרד 33,,,רביולי ריקוטה תרד 33,גרמים,330.00,100 גרם,false,,24.90,0.0755,true,1,119467
7290013787422,false,פלין פטריות בטעם כמה,,,פלין פטריות בטעם כמה,גרמים,330.00,100 גרם,false,,26.90,0.0815,true,1,119468
7290013847454,false,סטארקיסט רביעיית טונ,,,סטארקיסט רביעיית טונ,גרמים,640.00,100 גרם,false,,24.90,0.0389,false,1,103946
7290013848017,false,"סנו נירוסטה 500 מ""ל",סנו,,"סנו נירוסטה 500 מ""ל",מיליליטרים,500.00,"100 מ""ל",false,,19.90,0.0398,true,1,110657
7290013848345,false,מטליות לחות לניקוי ש,סנו,,מטליות לחות לניקוי ש,יחידה,0.00,יחידה,false,,21.90,0.0000,true,1,113384
7290013848611,false,רדידי אלומיניום 61 מ,סנו סושי,,רדידי אלומיניום 61 מ,יחידה,0.00,יחידה,false,,39.90,0.0000,true,1,60837
7290013848758,false,ג'ל כביסה בייבי 3 לי,,,ג'ל כביסה בייבי 3 לי,ליטרים,3.00,ליטר,false,,34.90,11.6333,true,1,64915
7290013848789,false,סבון כיף מוצק רביעיו,כיף,,סבון כיף מוצק רביעיו,מיליליטרים,400.00,"100 מ""ל",false,,11.90,0.0298,true,1,58886
7290013863591,false,סטיק דאודורנט חלאביל,,,סטיק דאודורנט חלאביל,מיליליטרים,50.00,"100 מ""ל",false,,23.90,0.4780,true,1,62742
7290013883148,false,הפי סופג ריחות במקרר,יעקובי הפי,,הפי סופג ריחות במקרר,גרמים,40.00,100 גרם,false,,13.90,0.3475,true,1,56012
7290013906052,false,נקניקיות פרגיות 300,טירת צבי,,נקניקיות פרגיות 300,גרמים,300.00,100 גרם,false,,11.90,0.0397,true,1,57917
7290013906212,false,"נקניקיות וינר 1 ק""ג",טירת צבי,,"נקניקיות וינר 1 ק""ג",קילוגרמים,1.00,"ק""ג",false,,26.90,26.9000,true,1,63875
7290013906441,false,קבנוס 120 גר' ללא גל,טירת צבי,,קבנוס 120 גר' ללא גל,גרמים,120.00,100 גרם,false,,10.90,0.0908,true,1,64469
7290013906496,false,פסטרמה עגל בסגנון רו,טירת צבי,,פסטרמה עגל בסגנון רו,גרמים,120.00,100 גרם,false,,15.90,0.1325,true,1,70083
7290013906694,false,"נקניקיות 1.5 ק""ג טיר",טירת צבי,,"נקניקיות 1.5 ק""ג טיר",קילוגרמים,1.50,"ק""ג",false,,37.90,25.2667,true,1,187570
7290013927002,false,אחוה דקליות שוקולד 4,,,אחוה דקליות שוקולד 4,גרמים,400.00,100 גרם,false,,9.90,0.0248,true,1,43378
7290013927019,false,אחוה עוגיות דקליות ק,אחוה,,אחוה עוגיות דקליות ק,גרמים,400.00,100 גרם,false,,9.90,0.0248,true,1,43688
7290013927026,false,אחווה עוגיות דקליות,אחוה,,אחווה עוגיות דקליות,גרמים,400.00,100 גרם,false,,9.90,0.0248,true,1,43684
7290013927033,false,אחוה מעמול במילוי תמ,אחוה,,אחוה מעמול במילוי תמ,גרמים,600.00,100 גרם,false,,10.90,0.0182,true,1,43685
7290013927057,false,אחוה עוגיות שוקוצ'יפ,אחוה,,אחוה עוגיות שוקוצ'יפ,גרמים,400.00,100 גרם,false,,9.90,0.0248,true,1,121148
7290013927064,false,אחוה עוגיות גרנולה ו,אחוה,,אחוה עוגיות גרנולה ו,גרמים,400.00,100 גרם,false,,9.90,0.0248,true,1,43690
7290013927101,false,עוגת תפוחים ללא תוספ,אחוה,,עוגת תפוחים ללא תוספ,גרמים,450.00,100 גרם,false,,12.90,0.0287,true,1,58373
7290013927156,false,עוגה בטעם פירות יער,אחוה,,עוגה בטעם פירות יער,גרמים,450.00,100 גרם,false,,12.90,0.0287,true,1,58374
7290013927323,false,עוגת בראוניז,,,עוגת בראוניז,יחידה,0.00,יחידה,false,,10.90,0.0000,true,1,67161
7290013927637,false,חלוה ללא תוספת סוכר,אחוה,,חלוה ללא תוספת סוכר,גרמים,400.00,100 גרם,false,,13.90,0.0348,true,1,112785
7290013927644,false,עוגיות כתר בטעם תות,אחוה,,עוגיות כתר בטעם תות,גרמים,400.00,100 גרם,false,,9.90,0.0248,true,1,114202
7290013937049,false,מיני ארטיק פירות שיש,,,מיני ארטיק פירות שיש,יחידה,0.00,יחידה,false,,22.90,0.0000,true,1,57682
7290013937063,false,שישייה ארטיקים קוקוס,,,שישייה ארטיקים קוקוס,גרמים,180.00,100 גרם,false,,22.90,0.1272,true,1,62122
7290013937070,false,ארטיקים טיבעיים,,,ארטיקים טיבעיים,יחידה,0.00,יחידה,false,,22.90,0.0000,true,1,62020
7290014002197,false,חליטת קמומיל ולימוני,ויסוצקי,,חליטת קמומיל ולימוני,יחידה,0.00,יחידה,false,,18.90,0.0000,false,1,60574
7290014002203,false,חליטת לימונית ולואיז,ויסוצקי,,חליטת לימונית ולואיז,יחידה,0.00,יחידה,false,,18.90,0.0000,false,1,60575
7290014002944,false,תה חליטת פירות וצמחי,ויסוצקי,,תה חליטת פירות וצמחי,גרמים,57.50,100 גרם,false,,18.90,0.3287,false,1,70117
7290014021501,false,חטיף פרי בננה קראנצ',,,חטיף פרי בננה קראנצ',גרמים,20.00,100 גרם,false,,7.90,0.3950,true,1,126342
7290014021518,false,חטיף פרי אננס קראנצ',,,חטיף פרי אננס קראנצ',גרמים,20.00,100 גרם,false,,7.90,0.3950,true,1,110101
7290014021532,false,חטיף פרי אגס קראנצ'י,,,חטיף פרי אגס קראנצ'י,גרמים,20.00,100 גרם,false,,7.90,0.3950,true,1,110103
7290014021549,false,חטיף פרי תפוח קראנצ',,,חטיף פרי תפוח קראנצ',גרמים,20.00,100 גרם,false,,7.90,0.3950,true,1,126343
7290014021648,false,חטיף פרי משמש קראנצ',,,חטיף פרי משמש קראנצ',גרמים,20.00,100 גרם,false,,7.90,0.3950,true,1,189152
7290014021716,false,חטיף פרי מנגו קראנצ',,,חטיף פרי מנגו קראנצ',גרמים,20.00,100 גרם,false,,7.90,0.3950,true,1,126344
7290014021778,false,5 קשים בטעם שוקולד,,,5 קשים בטעם שוקולד,גרמים,30.00,100 גרם,false,,4.90,0.1633,true,1,126335
7290014021785,false,5 קשים בטעם תות,,,5 קשים בטעם תות,גרמים,30.00,100 גרם,false,,4.90,0.1633,true,1,126336
7290014021792,false,5 קשים בטעם בננה,,,5 קשים בטעם בננה,גרמים,30.00,100 גרם,false,,4.90,0.1633,true,1,126337
7290014021815,false,5 קשים בטעם אייס קפה,,,5 קשים בטעם אייס קפה,יחידה,0.00,יחידה,false,,4.90,0.0000,true,1,185903
7290014046016,false,פסטרמה של פעם 250 גר,יחיעם,,פסטרמה של פעם 250 גר,גרמים,250.00,100 גרם,false,,25.90,0.1036,true,1,66416
7290014046030,false,מוס כבד עוף יחיעם,,,מוס כבד עוף יחיעם,גרמים,140.00,100 גרם,false,,14.90,0.1064,true,1,94866
7290014046436,false,נישנושי קבנוס 125 גר,יחיעם,,נישנושי קבנוס 125 גר,גרמים,125.00,100 גרם,false,,12.90,0.1032,true,1,63129
7290014046474,false,"נקניקיות עוף 1.5 ק""ג",יחיעם,,"נקניקיות עוף 1.5 ק""ג",קילוגרמים,1.50,"ק""ג",false,,26.90,17.9333,true,1,102523
7290014046580,false,פסטרמה מעודנת על גחל,יחיעם,,פסטרמה מעודנת על גחל,גרמים,300.00,100 גרם,false,,22.90,0.0763,true,1,69861
7290014046757,false,סלמי תה 300 גר' יחיע,יחיעם,,סלמי תה 300 גר' יחיע,גרמים,300.00,100 גרם,false,,22.90,0.0763,true,1,105378
7290014059085,false,סנסודיין משחה לשיקום,סנסודיין,,סנסודיין משחה לשיקום,מיליליטרים,75.00,"100 מ""ל",false,,24.90,0.3320,true,1,58800
7290014059436,false,משחת שיניים סנסודיין,סנסודיין,,משחת שיניים סנסודיין,מיליליטרים,75.00,"100 מ""ל",false,,24.90,0.3320,true,1,95145
7290014066359,false,לנדוור קפסולות אספרס,,,לנדוור קפסולות אספרס,גרמים,50.00,100 גרם,false,,15.90,0.3180,true,1,118816
7290014066366,false,לנדוור קפסולות אספרס,,,לנדוור קפסולות אספרס,גרמים,50.00,100 גרם,false,,15.90,0.3180,true,1,118817
7290014066373,false,לנדוור קפסולות אספרס,,,לנדוור קפסולות אספרס,גרמים,50.00,100 גרם,false,,15.90,0.3180,true,1,118818
7290014066380,false,לנדוור קפסולות אספרס,,,לנדוור קפסולות אספרס,גרמים,50.00,100 גרם,false,,15.90,0.3180,true,1,118819
7290014066441,false,לנדוור- קפסולות אספר,,,לנדוור- קפסולות אספר,גרמים,50.00,100 גרם,false,,15.90,0.3180,true,1,118860
7290014066526,false,לנדוור קפסולות אספרס,,,לנדוור קפסולות אספרס,גרמים,50.00,100 גרם,false,,15.90,0.3180,true,1,118820
7290014066533,false,לנדוור קפסולות אספרס,,,לנדוור קפסולות אספרס,גרמים,50.00,100 גרם,false,,15.90,0.3180,true,1,118821
7290014072008,false,חסה ערבית מהדרין,,,חסה ערבית מהדרין,יחידה,0.00,יחידה,false,,5.90,0.0000,true,1,105933
7290014072015,false,פטרוזיליה מהדרין,,,פטרוזיליה מהדרין,יחידה,0.00,יחידה,false,,5.90,0.0000,true,1,95818
7290014072022,false,שמיר מהדרין,,,שמיר מהדרין,יחידה,0.00,יחידה,false,,5.90,0.0000,true,1,95819
7290014072039,false,כוסברה מהדרין,,,כוסברה מהדרין,יחידה,0.00,יחידה,false,,5.90,0.0000,true,1,105496
7290014072060,false,סלרי עלים מהדרין,,,סלרי עלים מהדרין,יחידה,0.00,יחידה,false,,5.90,0.0000,true,1,105590
7290014079014,false,לבבות קיסר עלים,,,לבבות קיסר עלים,גרמים,300.00,100 גרם,false,,9.90,0.0330,true,1,55629
7290014079076,false,נבטי אלפלפא מרינה,,,נבטי אלפלפא מרינה,יחידה,0.00,יחידה,false,,5.90,0.0000,true,1,61241
7290014079854,false,לבבות חסה ארץ הגליל,,,לבבות חסה ארץ הגליל,יחידה,0.00,יחידה,false,,10.90,0.0000,true,1,105587
7290014083806,false,עוגיות בטעם חמאה בפח,וילי פוד,,עוגיות בטעם חמאה בפח,גרמים,350.00,100 גרם,false,,10.00,0.0286,true,1,60899
7290014083813,false,שפרוטים מעושנים בשמן,וילי פוד,,שפרוטים מעושנים בשמן,גרמים,190.00,100 גרם,false,,8.50,0.0447,true,1,60953
7290014094260,false,שום קלוף,,,שום קלוף,גרמים,170.00,100 גרם,false,,10.90,0.0641,true,1,71584
7290014094482,false,רוטב צ'ילי חריף 700,,,רוטב צ'ילי חריף 700,מיליליטרים,700.00,"100 מ""ל",false,,9.90,0.0141,true,1,62833
7290014094505,false,"אורז בסמטי 1 ק""ג אהר",,,"אורז בסמטי 1 ק""ג אהר",קילוגרמים,1.00,"ק""ג",false,,9.90,9.9000,true,1,65144
7290014095861,false,שיבולת שועל דקה 500,,,שיבולת שועל דקה 500,גרמים,500.00,100 גרם,false,,5.00,0.0100,true,1,68297
7290014095960,false,שיבולת שועל עבה 500,,,שיבולת שועל עבה 500,גרמים,500.00,100 גרם,false,,5.00,0.0100,true,1,68298
7290014110014,false,מקלוני דבאייל מיוש,,,מקלוני דבאייל מיוש,גרמים,230.00,100 גרם,false,,14.90,0.0648,true,1,187798
7290014126343,false,בישקוטים בונומי וניל,,,בישקוטים בונומי וניל,גרמים,200.00,100 גרם,false,,7.50,0.0375,true,1,66667
7290014204560,false,סבון נוזלי שלישייה,,,סבון נוזלי שלישייה,מיליליטרים,1500.00,"100 מ""ל",false,,10.90,0.0073,true,1,66791
7290014204614,false,גרנולה שוקולד מריר ו,,,גרנולה שוקולד מריר ו,גרמים,400.00,100 גרם,false,,28.90,0.0722,true,1,69218
7290014204645,false,שמפו לאחר החלקה 750,פנינה רוזנבלום,,שמפו לאחר החלקה 750,מיליליטרים,750.00,"100 מ""ל",false,,27.90,0.0372,true,1,101776
7290014204676,false,מסיכה לאחר החלקה 500,פנינה רוזנבלום,,מסיכה לאחר החלקה 500,מיליליטרים,500.00,"100 מ""ל",false,,31.90,0.0638,true,1,100909
7290014217003,false,פפריקה מעושנת 90 גר,תבליני טעם וריח,,פפריקה מעושנת 90 גר,גרמים,90.00,100 גרם,false,,9.50,0.1056,true,1,57899
7290014217010,false,מיכל תיבול לדגים,תבליני טעם וריח,,מיכל תיבול לדגים,גרמים,90.00,100 גרם,false,,11.00,0.1222,true,1,59212
7290014217027,false,מיכל תיבול לעוף 120,תבליני טעם וריח,,מיכל תיבול לעוף 120,גרמים,120.00,100 גרם,false,,11.00,0.0917,true,1,59213
7290014217065,false,אורגנו מיכל גדול 30,תבליני טעם וריח,,אורגנו מיכל גדול 30,גרמים,30.00,100 גרם,false,,9.50,0.3167,true,1,57900
7290014217119,false,מיכל תערות לצ'יפס,תבליני טעם וריח,,מיכל תערות לצ'יפס,גרמים,100.00,100 גרם,false,,9.50,0.0950,true,1,69699
7290014217140,false,מיכל ראס אל חנות,תבליני טעם וריח,,מיכל ראס אל חנות,גרמים,100.00,100 גרם,false,,9.50,0.0950,true,1,69702
7290014217157,false,מיכל תערובת תיבול טו,תבליני טעם וריח,,מיכל תערובת תיבול טו,גרמים,120.00,100 גרם,false,,9.50,0.0792,true,1,69703
7290014217164,false,מיכל פטרוזיליה,תבליני טעם וריח,,מיכל פטרוזיליה,גרמים,20.00,100 גרם,false,,9.50,0.4750,true,1,69704
7290014217171,false,מיכל תערובת תיבול גר,תבליני טעם וריח,,מיכל תערובת תיבול גר,גרמים,100.00,100 גרם,false,,9.50,0.0950,true,1,69705
7290014217201,false,תערובת תיבול סומק,,,תערובת תיבול סומק,גרמים,45.00,100 גרם,false,,5.50,0.1222,true,1,97178
7290014217225,false,מיכל גריל עוף 120 גר,תבליני טעם וריח,,מיכל גריל עוף 120 גר,גרמים,120.00,100 גרם,false,,9.50,0.0792,true,1,66680
7290014217263,false,תערובת תיבול לפרגיות,,,תערובת תיבול לפרגיות,גרמים,100.00,100 גרם,false,,9.50,0.0950,true,1,99131
7290014217348,false,מיכל צ'ילי כתוש 70 ג,תבליני טעם וריח,,מיכל צ'ילי כתוש 70 ג,גרמים,70.00,100 גרם,false,,9.50,0.1357,true,1,66683
7290014217355,false,מיכל אבקת קרי 100 גר,תבליני טעם וריח,,מיכל אבקת קרי 100 גר,גרמים,100.00,100 גרם,false,,9.50,0.0950,true,1,66684
7290014217362,false,מיכל תיבול לקציצות 1,תבליני טעם וריח,,מיכל תיבול לקציצות 1,גרמים,100.00,100 גרם,false,,9.50,0.0950,true,1,66685
7290014217379,false,מרינדה קלאסית לעוף ט,,,מרינדה קלאסית לעוף ט,גרמים,80.00,100 גרם,false,,10.90,0.1363,true,1,124960
7290014217386,false,מרינדת צ'ילי חריף טע,,,מרינדת צ'ילי חריף טע,גרמים,80.00,100 גרם,false,,10.90,0.1363,true,1,124961
7290014217393,false,אבקת צ'ילי חריף 30 ג,,,אבקת צ'ילי חריף 30 ג,גרמים,30.00,100 גרם,false,,5.50,0.1833,true,1,126396
7290014217478,false,תערובת עשבי תיבול אי,,,תערובת עשבי תיבול אי,גרמים,30.00,100 גרם,false,,9.50,0.3167,true,1,99690
7290014217485,false,תערובת תיבול קייגו'ן,,,תערובת תיבול קייגו'ן,גרמים,100.00,100 גרם,false,,9.50,0.0950,true,1,101538
7290014217492,false,תערובת תיבול פילדלפי,,,תערובת תיבול פילדלפי,גרמים,100.00,100 גרם,false,,9.50,0.0950,true,1,101539
7290014217515,false,תערובת תבלינים לציפו,,,תערובת תבלינים לציפו,גרמים,90.00,100 גרם,false,,9.90,0.1100,true,1,110068
7290014217522,false,תערובת תיבול ללחם שו,,,תערובת תיבול ללחם שו,גרמים,100.00,100 גרם,false,,9.90,0.0990,true,1,110069
7290014217560,false,מטחנת מלח ים 100 גר',תבליני טעם וריח,,מטחנת מלח ים 100 גר',גרמים,100.00,100 גרם,false,,7.90,0.0790,true,1,115698
7290014217607,false,מטחנת מלח הימלאיה 10,תבליני טעם וריח,,מטחנת מלח הימלאיה 10,גרמים,100.00,100 גרם,false,,12.00,0.1200,true,1,115697
7290014217911,false,פלפל מתוק שלם 150 גר,,,פלפל מתוק שלם 150 גר,גרמים,150.00,100 גרם,false,,13.90,0.0927,true,1,113196
7290014217973,false,פלפל צ'ילי חריף יבש,,,פלפל צ'ילי חריף יבש,גרמים,150.00,100 גרם,false,,13.90,0.0927,true,1,113197
7290014218321,false,בורקס יפו גבינה,מעדנות,,בורקס יפו גבינה,גרמים,600.00,100 גרם,false,,18.50,0.0308,true,1,98251
7290014218338,false,"בורקס יפו תפו""א",מעדנות,,"בורקס יפו תפו""א",יחידה,0.00,יחידה,false,,15.90,0.0000,true,1,98252
7290014218536,false,בצק עלים מופחת שומן,מעדנות,,בצק עלים מופחת שומן,יחידה,0.00,יחידה,false,,21.90,0.0000,true,1,102810
7290014218932,false,חטיפי פיצה זיתים מעד,מעדנות,,חטיפי פיצה זיתים מעד,גרמים,710.00,100 גרם,false,,26.90,0.0379,true,1,114690
7290014220126,false,בקבוק לזילוף רטבים ק,,,בקבוק לזילוף רטבים ק,יחידה,0.00,יחידה,false,,7.90,0.0000,true,1,102525
7290014220133,false,כף ומזלג לסלט חד פעמ,,,כף ומזלג לסלט חד פעמ,יחידה,0.00,יחידה,false,,7.90,0.0000,true,1,69065
7290014220317,false,סט בקבוקים לטיול,,,סט בקבוקים לטיול,יחידה,0.00,יחידה,false,,8.90,0.0000,true,1,62126
7290014220478,false,שקיות לזילוף 20 יח,,,שקיות לזילוף 20 יח,יחידה,0.00,יחידה,false,,9.90,0.0000,true,1,70974
7290014220522,false,שקיות לזילוף 20 יח 3,,,שקיות לזילוף 20 יח 3,יחידה,0.00,יחידה,false,,11.90,0.0000,true,1,70975
7290014220546,false,"סט קופסאות 3 ק""ג",,,"סט קופסאות 3 ק""ג",יחידה,0.00,יחידה,false,,9.90,0.0000,true,1,118312
7290014256620,false,BUZZ קריניאנו אדום מ,,,BUZZ קריניאנו אדום מ,מיליליטרים,750.00,"100 מ""ל",false,,21.90,0.0292,false,1,103624
7290014256637,false,יין מוסקטו BUZZ,יקבי כרמל,,יין מוסקטו BUZZ,מיליליטרים,750.00,"100 מ""ל",false,,21.90,0.0292,false,1,93971
7290014258723,false,מטרנה צמחי מגיל 0-12,מטרנה,,מטרנה צמחי מגיל 0-12,גרמים,700.00,100 גרם,false,,69.90,0.0999,false,1,70878
7290014258730,false,מטרנה צמחי מגיל שנה,מטרנה,,מטרנה צמחי מגיל שנה,גרמים,700.00,100 גרם,false,,69.90,0.0999,false,1,70885
7290014298491,false,מארז פרחי סבון,,,מארז פרחי סבון,יחידה,0.00,יחידה,false,,25.00,0.0000,true,1,68364
7290014318090,false,מיני ניוקי ללא גלוטן,,,מיני ניוקי ללא גלוטן,גרמים,500.00,100 גרם,false,,15.90,0.0318,true,1,106293
7290014318311,false,עגבניות תמר פולפה של,,,עגבניות תמר פולפה של,גרמים,1200.00,100 גרם,false,,14.90,0.0124,true,1,107274
7290014397286,false,מרכך מרוכז חלב ודבש,סנו מקסימה,,מרכך מרוכז חלב ודבש,ליטרים,1.00,ליטר,false,,16.90,16.9000,true,1,62454
7290014397293,false,מרכך מרוכז פריחה לבנ,סנו מקסימה,,מרכך מרוכז פריחה לבנ,ליטרים,1.00,ליטר,false,,16.90,16.9000,true,1,62455
7290014397453,false,אוקסיג'ן כביסה לבנה,סנו אוקסיג'ן,,אוקסיג'ן כביסה לבנה,ליטרים,3.00,ליטר,false,,29.90,9.9667,true,1,62456
7290014397712,false,סנובון ג'ל לאסלה בני,סנו סנובון,,סנובון ג'ל לאסלה בני,יחידה,0.00,יחידה,false,,7.90,0.0000,true,1,69235
7290014397767,false,רצפז פרש הום 2 ליטר,סנו ריצפז,,רצפז פרש הום 2 ליטר,ליטרים,2.00,ליטר,false,,21.90,10.9500,false,1,63785
7290014397774,false,רצפז פרש הום 2 ליטר,סנו ריצפז,,רצפז פרש הום 2 ליטר,ליטרים,2.00,ליטר,false,,21.90,10.9500,false,1,63786
7290014397781,false,רצפז פרש הום 2 ליטר,סנו ריצפז,,רצפז פרש הום 2 ליטר,ליטרים,2.00,ליטר,false,,21.90,10.9500,false,1,63787
7290014397873,false,מרכך כביסה סנו מקסימ,סנו מקסימה,,מרכך כביסה סנו מקסימ,ליטרים,4.00,ליטר,false,,21.90,5.4750,false,1,116972
7290014425705,false,קרם ידיים,,,קרם ידיים,מיליליטרים,100.00,"100 מ""ל",false,,9.90,0.0990,true,1,186391
7290014435704,false,שמיר-סלמון מעושן 100,,,שמיר-סלמון מעושן 100,גרמים,100.00,100 גרם,false,,21.90,0.2190,true,1,69813
7290014455245,false,גבינת גרנה פדנו משול,,,גבינת גרנה פדנו משול,גרמים,200.00,100 גרם,false,,24.90,0.1245,true,1,97440
7290014455252,false,גבינת גרנה פדנו מגור,,,גבינת גרנה פדנו מגור,גרמים,100.00,100 גרם,false,,11.80,0.1180,true,1,97441
7290014459137,false,סטייק צ'יפס 1.5 קג,תפוגן,,סטייק צ'יפס 1.5 קג,קילוגרמים,1.50,"ק""ג",false,,25.90,17.2667,true,1,64942
7290014459373,false,תפוגן צ'יפס קראנצ'י,,,תפוגן צ'יפס קראנצ'י,קילוגרמים,1.50,"ק""ג",false,,24.90,16.6000,true,1,97946
7290014466128,false,הר חרמון אינדיגו 201,,,הר חרמון אינדיגו 201,מיליליטרים,750.00,"100 מ""ל",false,,29.90,0.0399,false,1,60906
7290014466609,false,יין גמלא מרלו 2012,,,יין גמלא מרלו 2012,מיליליטרים,750.00,"100 מ""ל",false,,50.00,0.0667,true,1,100332
7290014471412,false,מיזלי בוטנים אגוזים,,,מיזלי בוטנים אגוזים,קילוגרמים,1.00,"ק""ג",false,,18.90,18.9000,true,1,64389
7290014471429,false,מיזלי פירות שקדיה 1,,,מיזלי פירות שקדיה 1,קילוגרמים,1.00,"ק""ג",false,,18.90,18.9000,true,1,64390
7290014471443,false,גרנולה צימוקים ואגוז,,,גרנולה צימוקים ואגוז,קילוגרמים,1.00,"ק""ג",false,,19.90,19.9000,true,1,64933
7290014472990,false,ממרח שקדים 100%,,,ממרח שקדים 100%,גרמים,300.00,100 גרם,false,,27.90,0.0930,true,1,67145
7290014501232,false,הר גליל לבן 2017,,,הר גליל לבן 2017,מיליליטרים,750.00,"100 מ""ל",false,,31.90,0.0425,true,1,109696
7290014501836,false,יראון 18 עברית,,,יראון 18 עברית,מיליליטרים,750.00,"100 מ""ל",false,,105.00,0.1400,true,1,126734
7290014503632,false,דלתון מרלו אסטייט,,,דלתון מרלו אסטייט,מיליליטרים,750.00,"100 מ""ל",false,,59.90,0.0799,true,1,117616
7290014525023,false,חטיף בריאות  במילוי,,,חטיף בריאות  במילוי,יחידה,0.00,יחידה,false,,10.90,0.0000,true,1,59458
7290014525290,false,מרבה סלים דליס קריספ,,,מרבה סלים דליס קריספ,גרמים,125.00,100 גרם,false,,10.90,0.0872,true,1,99364
7290014525306,false,מרבה סלים דליס קריספ,,,מרבה סלים דליס קריספ,גרמים,125.00,100 גרם,false,,10.90,0.0872,true,1,99365
7290014525313,false,סלים דליס קריספי שוק,,,סלים דליס קריספי שוק,גרמים,125.00,100 גרם,false,,10.90,0.0872,true,1,99827
7290014648098,false,סכיני גילוח לה בלה ח,,,סכיני גילוח לה בלה ח,יחידה,0.00,יחידה,false,,9.90,0.0000,true,1,95131
7290014648258,false,"מסיר צבע 60 מ""ל",,,"מסיר צבע 60 מ""ל",מיליליטרים,60.00,"100 מ""ל",false,,7.50,0.1250,true,1,112186
7290014648845,false,ספוג רחצה,,,ספוג רחצה,יחידה,0.00,יחידה,false,,12.90,0.0000,true,1,115159
7290014649002,false,רצועות רחצה לגב,,,רצועות רחצה לגב,יחידה,0.00,יחידה,false,,12.90,0.0000,true,1,115157
7290014649033,false,שלישיית ספוגי רחצה ע,,,שלישיית ספוגי רחצה ע,יחידה,0.00,יחידה,false,,9.90,0.0000,true,1,115451
7290014748613,false,מקלוני דגים בציפוי ד,,,מקלוני דגים בציפוי ד,גרמים,600.00,100 גרם,false,,29.90,0.0498,true,1,110967
7290014748651,false,דג טוב פילה אמנון מצ,,,דג טוב פילה אמנון מצ,גרמים,360.00,100 גרם,false,,32.90,0.0914,true,1,110968
7290014748675,false,קציצות דגים דג טוב,,,קציצות דגים דג טוב,גרמים,600.00,100 גרם,false,,29.90,0.0498,true,1,110969
7290014748958,false,דג טוב מיני אמנון צי,,,דג טוב מיני אמנון צי,גרמים,400.00,100 גרם,false,,34.90,0.0872,true,1,112883
7290014749078,false,מקלוני קבנוס 200 גר,,,מקלוני קבנוס 200 גר,גרמים,200.00,100 גרם,false,,14.90,0.0745,true,1,115444
7290014749245,false,עוף טוב צונגו רצועות,,,עוף טוב צונגו רצועות,גרמים,600.00,100 גרם,false,,34.90,0.0582,true,1,117481
7290014749764,false,עוף טוב שניצל עוף בי,עוף טוב,,עוף טוב שניצל עוף בי,גרמים,700.00,100 גרם,false,,41.90,0.0599,true,1,119117
7290014749788,false,עוף טוב צונגו רצועות,,,עוף טוב צונגו רצועות,גרמים,600.00,100 גרם,false,,34.90,0.0582,true,1,119102
7290014749801,false,עוף טוב צונגו רצועות,,,עוף טוב צונגו רצועות,גרמים,600.00,100 גרם,false,,34.90,0.0582,true,1,119103
7290014749849,false,עוף טוב שניצל דק ענק,,,עוף טוב שניצל דק ענק,גרמים,720.00,100 גרם,false,,37.90,0.0526,true,1,125273
7290014749863,false,עוף טוב שניצל דק ענק,,,עוף טוב שניצל דק ענק,גרמים,720.00,100 גרם,false,,37.90,0.0526,true,1,125164
7290014749887,false,עוף טוב שניצל דק ענק,,,עוף טוב שניצל דק ענק,גרמים,720.00,100 גרם,false,,37.90,0.0526,true,1,125274
7290014758100,false,מאגדת יוגורט ביו 3%,תנובה חלב,,מאגדת יוגורט ביו 3%,גרמים,1200.00,100 גרם,false,,16.50,0.0138,true,1,61684
7290014758117,false,מאגדת יוגורט ביו שמי,תנובה חלב,,מאגדת יוגורט ביו שמי,גרמים,1200.00,100 גרם,false,,16.50,0.0138,true,1,61685
7290014758162,false,חלב עיזים מלא 3.6%,תנובה חלב,,חלב עיזים מלא 3.6%,ליטרים,1.00,ליטר,false,,15.50,15.5000,true,1,63534
7290014759084,false,נפוליאון טבעי 16%,תנובה חלב,,נפוליאון טבעי 16%,גרמים,225.00,100 גרם,false,,13.90,0.0618,false,1,64985
7290014759237,false,יוגורט 6.5% 3 ליטר,,,יוגורט 6.5% 3 ליטר,ליטרים,3.00,ליטר,false,,29.90,9.9667,false,1,111185
7290014759534,false,בולגרית למריחה טבעי,תנובה חלב,,בולגרית למריחה טבעי,גרמים,200.00,100 גרם,false,,13.80,0.0690,true,1,65887
7290014759985,false,גבינת פרמזן 200 גר,תנובה חלב,,גבינת פרמזן 200 גר,גרמים,200.00,100 גרם,false,,23.70,0.1185,false,1,65725
7290014760134,false,מעדן סויה וניל 1.5%,,,מעדן סויה וניל 1.5%,גרמים,125.00,100 גרם,false,,3.90,0.0312,true,1,108467
7290014760141,false,משקה שקדים טרי 1 ליט,תנובה חלב,,משקה שקדים טרי 1 ליט,ליטרים,1.00,ליטר,false,,11.90,11.9000,true,1,95471
7290014760448,false,גלבוע 400 גר 22%,תנובה חלב,,גלבוע 400 גר 22%,גרמים,400.00,100 גרם,false,,23.10,0.0578,false,1,68068
7290014760912,false,גוש חלב מהדרין 400 ג,תנובה חלב,,גוש חלב מהדרין 400 ג,גרמים,400.00,100 גרם,false,,24.90,0.0622,false,1,68069
7290014761018,false,"גיל וניל 3% בד""צ",,,"גיל וניל 3% בד""צ",גרמים,125.00,100 גרם,false,,1.40,0.0112,false,1,108990
7290014761056,false,מעדן שוקולד חלב YOLO,תנובה חלב,,מעדן שוקולד חלב YOLO,גרמים,123.00,100 גרם,false,,4.40,0.0358,false,1,70512
7290014761063,false,מעדן שוקולד מריר YOL,תנובה חלב,,מעדן שוקולד מריר YOL,גרמים,123.00,100 גרם,false,,4.40,0.0358,false,1,70513
7290014761070,false,מעדן שוקולד לבן מעול,,,מעדן שוקולד לבן מעול,גרמים,123.00,100 גרם,false,,4.40,0.0358,false,1,70514
7290014761193,false,פרילי פירות יער 125,תנובה חלב,,פרילי פירות יער 125,גרמים,125.00,100 גרם,false,,3.40,0.0272,true,1,70985
7290014762756,false,נפוליאון בצל 16%,,,נפוליאון בצל 16%,גרמים,225.00,100 גרם,false,,13.90,0.0618,false,1,98226
7290014762831,false,נפוליאון חלפיניו,,,נפוליאון חלפיניו,גרמים,225.00,100 גרם,false,,13.90,0.0618,false,1,99470
7290014762848,false,פתיתי גלבוע 500 גר,,,פתיתי גלבוע 500 גר,גרמים,500.00,100 גרם,false,,31.00,0.0620,false,1,107790
7290014762909,false,פתיתי מוצרלה,,,פתיתי מוצרלה,גרמים,200.00,100 גרם,false,,16.60,0.0830,false,1,99425
7290014763272,false,משקה סויה ביו עם תות,,,משקה סויה ביו עם תות,מיליליטרים,250.00,"100 מ""ל",false,,5.60,0.0224,true,1,100245
7290014763418,false,יוגורט  1.5 ליטר תנו,,,יוגורט  1.5 ליטר תנו,ליטרים,1.50,ליטר,false,,16.50,11.0000,true,1,101060
7290014785069,false,"חומץ מירין 250 מ""ל",,,"חומץ מירין 250 מ""ל",מיליליטרים,250.00,"100 מ""ל",false,,11.90,0.0476,true,1,69234
7290014785168,false,שירטאקה - אטריות דקו,,,שירטאקה - אטריות דקו,גרמים,200.00,100 גרם,false,,9.90,0.0495,true,1,69022
7290014789913,false,מארז שלישיית עוגיות,אוראו,,מארז שלישיית עוגיות,גרמים,528.00,100 גרם,false,,21.90,0.0415,true,1,65021
7290014803206,false,חומץ יין אדום 5%,,,חומץ יין אדום 5%,מיליליטרים,500.00,"100 מ""ל",false,,13.50,0.0270,true,1,64977
7290014803213,false,חומץ יין לבן 5%,,,חומץ יין לבן 5%,מיליליטרים,500.00,"100 מ""ל",false,,13.50,0.0270,true,1,64978
7290014803565,false,צנימים עם חיטה מלאה,,,צנימים עם חיטה מלאה,גרמים,300.00,100 גרם,false,,11.90,0.0397,true,1,69617
7290014890145,false,גבינת שמנת טבעית,משק יעקבס,,גבינת שמנת טבעית,גרמים,225.00,100 גרם,false,,12.90,0.0573,true,1,106174
7290014890152,false,גבינת שמנת זיתים 225,משק יעקבס,,גבינת שמנת זיתים 225,גרמים,225.00,100 גרם,false,,12.90,0.0573,true,1,106729
7290014890169,false,גבינת שמנת שום שמיר,משק יעקבס,,גבינת שמנת שום שמיר,גרמים,225.00,100 גרם,false,,12.90,0.0573,true,1,106730
7290014890176,false,ריקוטה 250 גר' יעקבס,משק יעקבס,,ריקוטה 250 גר' יעקבס,גרמים,250.00,100 גרם,false,,11.90,0.0476,false,1,115474
7290014890206,false,קרם פרש 250 גר' יעקב,משק יעקבס,,קרם פרש 250 גר' יעקב,גרמים,250.00,100 גרם,false,,13.90,0.0556,true,1,114550
7290014890237,false,קממברט 125 גר',משק יעקבס,,קממברט 125 גר',גרמים,125.00,100 גרם,false,,17.90,0.1432,true,1,104229
7290014890572,false,יוגורט עיזים יעקבס,,,יוגורט עיזים יעקבס,מיליליטרים,850.00,"100 מ""ל",false,,22.90,0.0269,false,1,187707
7290014890589,false,יוגורט יווני יעקבס,,,יוגורט יווני יעקבס,מיליליטרים,850.00,"100 מ""ל",false,,19.90,0.0234,false,1,187708
7290014890596,false,ברי עיזים בייבי יעקב,,,ברי עיזים בייבי יעקב,גרמים,125.00,100 גרם,false,,21.00,0.1680,true,1,187703
7290014890619,false,ברי עיזים כמהין  ביי,,,ברי עיזים כמהין  ביי,גרמים,125.00,100 גרם,false,,27.50,0.2200,true,1,187705
7290014901896,false,סנסודיין מי פה 500 מ,סנסודיין,,סנסודיין מי פה 500 מ,מיליליטרים,500.00,"100 מ""ל",false,,24.90,0.0498,true,1,97109
7290014905689,false,"הפי כלים 750 מ""ל ירו",יעקובי הפי,,"הפי כלים 750 מ""ל ירו",מיליליטרים,750.00,"100 מ""ל",false,,7.90,0.0105,true,1,69768
7290014905696,false,"הפי כלים 750 מ""ל צהו",יעקובי הפי,,"הפי כלים 750 מ""ל צהו",מיליליטרים,750.00,"100 מ""ל",false,,7.90,0.0105,true,1,69769
7290014907386,false,אצבעות אנטריקוט חלק,,,אצבעות אנטריקוט חלק,קילוגרמים,1.00,"ק""ג",true,,59.90,59.9000,true,1,126257
7290014907737,false,פילה לברק 7-9,,,פילה לברק 7-9,קילוגרמים,1.00,"ק""ג",true,,45.90,45.9000,false,1,110702
7290014910379,false,מלפפונים במלח לינה,,,מלפפונים במלח לינה,גרמים,690.00,100 גרם,false,,8.90,0.0129,true,1,109516
7290014910386,false,קורנישון במלח 690 גר,,,קורנישון במלח 690 גר,גרמים,690.00,100 גרם,false,,9.90,0.0143,true,1,105305
7290014910515,false,שימורי דגים שפרוטים,,,שימורי דגים שפרוטים,גרמים,250.00,100 גרם,false,,11.90,0.0476,true,1,106883
7290014940901,false,לחם פשוט מלא אנג'ל,אנג'ל,,לחם פשוט מלא אנג'ל,מיליליטרים,750.00,"100 מ""ל",false,,12.90,0.0172,true,1,94718
7290014947047,false,זן-בר- פריכיות כוסמת,,,זן-בר- פריכיות כוסמת,גרמים,160.00,100 גרם,false,,9.90,0.0619,true,1,95201
7290014974562,false,גביעים לגלידה גילרו,,,גביעים לגלידה גילרו,גרמים,120.00,100 גרם,false,,6.90,0.0575,true,1,104828
7290014974647,false,גילרו בצק סוכר אדום,,,גילרו בצק סוכר אדום,גרמים,150.00,100 גרם,false,,5.90,0.0393,true,1,110032
7290014974661,false,בצק סוכר כחול,,,בצק סוכר כחול,גרמים,150.00,100 גרם,false,,5.90,0.0393,true,1,110306
7290014974685,false,בצק סוכר ירוק 150 גר,,,בצק סוכר ירוק 150 גר,גרמים,150.00,100 גרם,false,,5.90,0.0393,true,1,110566
7290014974746,false,גילרו בצק סוכר לבן,,,גילרו בצק סוכר לבן,גרמים,150.00,100 גרם,false,,5.90,0.0393,true,1,110023
7290015025959,false,מגבונים פרש וואנס קש,פרש-וואנס,,מגבונים פרש וואנס קש,יחידה,0.00,יחידה,false,,15.90,0.0000,false,1,115393
7290015039246,false,רביעיה טונה ויליפוד,,,רביעיה טונה ויליפוד,גרמים,640.00,100 גרם,false,,19.90,0.0311,false,1,68691
7290015039338,false,רביעיה טונה במים ויל,,,רביעיה טונה במים ויל,גרמים,640.00,100 גרם,false,,19.90,0.0311,false,1,68696
7290015039499,false,עוגיות איטלקיות מובח,,,עוגיות איטלקיות מובח,קילוגרמים,1.00,"ק""ג",false,,10.00,10.0000,true,1,94720
7290015129121,false,סקיני פסטה נודלס,,,סקיני פסטה נודלס,גרמים,270.00,100 גרם,false,,10.90,0.0404,true,1,69387
7290015129145,false,סקיני פסטה ספגטי,,,סקיני פסטה ספגטי,גרמים,270.00,100 גרם,false,,10.90,0.0404,true,1,69308
7290015129190,true,אברהמסון מארז חמישיי,,,אברהמסון מארז חמישיי,,0.00,,false,,22.90,0.0000,true,1,123063
7290015150118,false,עגבניות חתוכות דק של,,,עגבניות חתוכות דק של,גרמים,1200.00,100 גרם,false,,13.90,0.0116,true,1,94286
7290015150583,false,תה ירוק לימון ודבש ו,ויסוצקי,,תה ירוק לימון ודבש ו,מיליליטרים,37.50,"100 מ""ל",false,,24.90,0.6640,false,1,96684
7290015150590,false,תה ירוק ג'ינג'ר חריף,ויסוצקי,,תה ירוק ג'ינג'ר חריף,גרמים,37.50,100 גרם,false,,24.90,0.6640,false,1,96685
7290015150903,false,תה ירוק קינמון ודבש,ויסוצקי,,תה ירוק קינמון ודבש,יחידה,0.00,יחידה,false,,24.90,0.0000,false,1,100914
7290015155243,false,פרמיו כריות אנטי היי,,,פרמיו כריות אנטי היי,גרמים,60.00,100 גרם,false,,10.00,0.1667,true,1,189361
7290015155250,false,פרמיו כריות סלמון 60,,,פרמיו כריות סלמון 60,גרמים,60.00,100 גרם,false,,10.00,0.1667,true,1,189362
7290015155410,false,פרמיו כריות דנטל עוף,,,פרמיו כריות דנטל עוף,גרמים,60.00,100 גרם,false,,10.00,0.1667,true,1,189363
7290015155427,false,פרמיו עוף וכבד 15 גר,,,פרמיו עוף וכבד 15 גר,גרמים,15.00,100 גרם,false,,7.00,0.4667,true,1,189364
7290015155434,false,פרמיו סלומון ופורל 1,,,פרמיו סלומון ופורל 1,גרמים,15.00,100 גרם,false,,7.00,0.4667,true,1,189365
7290015156653,false,פרמיו חטיף לבבות ברו,,,פרמיו חטיף לבבות ברו,גרמים,100.00,100 גרם,false,,15.00,0.1500,true,1,189379
7290015161930,false,פסטה פרו עדשים צהובו,,,פסטה פרו עדשים צהובו,גרמים,250.00,100 גרם,false,,16.90,0.0676,true,1,122440
7290015172028,false,דים סאם גיוזה בטטה,,,דים סאם גיוזה בטטה,גרמים,300.00,100 גרם,false,,28.90,0.0963,true,1,97754
7290015172073,false,דים סאם גיוזה פטריות,,,דים סאם גיוזה פטריות,גרמים,300.00,100 גרם,false,,28.90,0.0963,true,1,97756
7290015172097,false,דים סאם גיוזה בקר,,,דים סאם גיוזה בקר,גרמים,300.00,100 גרם,false,,28.90,0.0963,true,1,97757
7290015172202,false,דים סאם -גויזה אדממה,,,דים סאם -גויזה אדממה,גרמים,300.00,100 גרם,false,,28.90,0.0963,true,1,126493
7290015172219,false,דים סאם -גיוזה עוף פ,,,דים סאם -גיוזה עוף פ,גרמים,300.00,100 גרם,false,,28.90,0.0963,true,1,126954
7290015178181,false,ארטישוק ברוזמרין אול,,,ארטישוק ברוזמרין אול,גרמים,180.00,100 גרם,false,,12.90,0.0717,true,1,122810
7290015178273,false,רוטב מרינדה על האש א,אוליביה,,רוטב מרינדה על האש א,גרמים,320.00,100 גרם,false,,13.90,0.0434,true,1,190227
7290015284240,false,מסיכה לשיער צבוע ויב,,,מסיכה לשיער צבוע ויב,מיליליטרים,350.00,"100 מ""ל",false,,36.90,0.1054,true,1,98861
7290015306744,false,קמח חומוס 500 גר',,,קמח חומוס 500 גר',גרמים,500.00,100 גרם,false,,15.90,0.0318,true,1,106088
7290015324007,false,פלפל שחור גרוס 80 גר,תבליני טעם וריח,,פלפל שחור גרוס 80 גר,גרמים,80.00,100 גרם,false,,9.50,0.1188,true,1,66686
7290015324014,false,פלפל שחור טחון 80 גר,תבליני טעם וריח,,פלפל שחור טחון 80 גר,גרמים,80.00,100 גרם,false,,9.50,0.1188,true,1,66687
7290015324038,false,פפריקה בשמן 80 גר שק,תבליני טעם וריח,,פפריקה בשמן 80 גר שק,גרמים,80.00,100 גרם,false,,5.90,0.0738,true,1,66688
7290015324045,false,פפריקה חריפה שקית 80,תבליני טעם וריח,,פפריקה חריפה שקית 80,גרמים,80.00,100 גרם,false,,5.90,0.0738,true,1,66689
7290015324052,false,פפריקה מתוקה שקית 80,תבליני טעם וריח,,פפריקה מתוקה שקית 80,גרמים,80.00,100 גרם,false,,5.90,0.0738,true,1,66690
7290015324069,false,גריל עוף שקית 80 גר,תבליני טעם וריח,,גריל עוף שקית 80 גר,גרמים,80.00,100 גרם,false,,5.90,0.0738,true,1,66691
7290015324076,false,זעתר שקית 80 גר,תבליני טעם וריח,,זעתר שקית 80 גר,גרמים,80.00,100 גרם,false,,5.90,0.0738,true,1,66692
7290015324083,false,מלח לימון שקית 80 גר,תבליני טעם וריח,,מלח לימון שקית 80 גר,גרמים,80.00,100 גרם,false,,5.90,0.0738,true,1,66693
7290015324090,false,כמון שקית 80 גר,תבליני טעם וריח,,כמון שקית 80 גר,גרמים,80.00,100 גרם,false,,5.90,0.0738,true,1,66694
7290015324106,false,כורכום שקית 80 גר,תבליני טעם וריח,,כורכום שקית 80 גר,גרמים,80.00,100 גרם,false,,5.90,0.0738,true,1,66695
7290015324113,false,בהרט שקית 80 גר,תבליני טעם וריח,,בהרט שקית 80 גר,גרמים,80.00,100 גרם,false,,5.90,0.0738,true,1,66696
7290015324120,false,שום גבישי שקית 80 גר,תבליני טעם וריח,,שום גבישי שקית 80 גר,גרמים,80.00,100 גרם,false,,5.90,0.0738,true,1,66697
7290015324151,false,חוויאג למרק 80 גר שק,תבליני טעם וריח,,חוויאג למרק 80 גר שק,גרמים,80.00,100 גרם,false,,5.90,0.0738,true,1,66698
7290015324168,false,תבלין על האש שקית 80,תבליני טעם וריח,,תבלין על האש שקית 80,גרמים,80.00,100 גרם,false,,5.90,0.0738,true,1,66699
7290015324175,false,תבלין לשווארמה 80 גר,תבליני טעם וריח,,תבלין לשווארמה 80 גר,גרמים,80.00,100 גרם,false,,5.90,0.0738,true,1,66700
7290015324281,false,בצל  מטוגן שקית 200,,,בצל  מטוגן שקית 200,גרמים,200.00,100 גרם,false,,9.50,0.0475,true,1,103883
7290015324427,false,סודה לשתיה שקית 80 ג,,,סודה לשתיה שקית 80 ג,גרמים,80.00,100 גרם,false,,3.90,0.0487,true,1,106793
7290015324519,false,תערובת לפיצה שקית 80,תבליני טעם וריח,,תערובת לפיצה שקית 80,גרמים,80.00,100 גרם,false,,5.90,0.0738,true,1,115688
7290015324526,false,תערובת תיבול לפרגיות,תבליני טעם וריח,,תערובת תיבול לפרגיות,גרמים,80.00,100 גרם,false,,5.90,0.0738,true,1,115689
7290015324533,false,רוזמרין מיכל גדול  5,תבליני טעם וריח,,רוזמרין מיכל גדול  5,גרמים,55.00,100 גרם,false,,9.50,0.1727,true,1,115690
7290015324540,false,טימין מיכל גדול 30 ג,תבליני טעם וריח,,טימין מיכל גדול 30 ג,גרמים,30.00,100 גרם,false,,9.50,0.3167,true,1,115691
7290015324557,false,בהרט לבישול מיכל גדו,תבליני טעם וריח,,בהרט לבישול מיכל גדו,גרמים,80.00,100 גרם,false,,9.50,0.1188,true,1,115692
7290015324564,false,כוסברה טחונה מיכל גד,תבליני טעם וריח,,כוסברה טחונה מיכל גד,גרמים,70.00,100 גרם,false,,9.50,0.1357,true,1,115693
7290015324571,false,פפריקה מתוקה בשמן בס,,,פפריקה מתוקה בשמן בס,גרמים,400.00,100 גרם,false,,18.90,0.0472,true,1,117512
7290015324588,false,פלפל לבן טחון 100 גר,,,פלפל לבן טחון 100 גר,גרמים,100.00,100 גרם,false,,12.90,0.1290,true,1,124932
7290015324601,false,פפריקה חריפה בשמן בס,,,פפריקה חריפה בשמן בס,גרמים,400.00,100 גרם,false,,18.90,0.0472,true,1,121132
7290015324663,false,צ'ילי גרוס חריף במיכ,,,צ'ילי גרוס חריף במיכ,גרמים,70.00,100 גרם,false,,9.50,0.1357,true,1,123567
7290015324670,false,מטחנת פלפל שחור שלם,,,מטחנת פלפל שחור שלם,גרמים,50.00,100 גרם,false,,12.90,0.2580,true,1,187828
7290015324687,false,מטחנת לקט פלפל,,,מטחנת לקט פלפל,גרמים,50.00,100 גרם,false,,12.90,0.2580,true,1,187829
7290015324717,false,מחית שום טעם וריח,,,מחית שום טעם וריח,גרמים,210.00,100 גרם,false,,13.90,0.0662,true,1,187832
7290015324724,false,מחית צ'ילי חריף טעם,,,מחית צ'ילי חריף טעם,גרמים,230.00,100 גרם,false,,13.90,0.0604,true,1,187833
7290015324731,false,מחית ג'נג'ר טעם וריח,,,מחית ג'נג'ר טעם וריח,גרמים,210.00,100 גרם,false,,13.90,0.0662,true,1,187834
7290015324748,false,מחית שום ג'נג'ר טעם,,,מחית שום ג'נג'ר טעם,גרמים,210.00,100 גרם,false,,13.90,0.0662,true,1,187835
7290015340434,false,"שמן אבוקדו 500 מ""ל",,,"שמן אבוקדו 500 מ""ל",מיליליטרים,500.00,"100 מ""ל",false,,49.90,0.0998,true,1,96683
7290015493208,false,נביעות פלוס בטעם אננ,,,נביעות פלוס בטעם אננ,מיליליטרים,500.00,"100 מ""ל",false,,6.00,0.0120,true,1,110080
7290015597326,false,מאגדת שלגונים אסקימו,שטראוס,,מאגדת שלגונים אסקימו,יחידה,0.00,יחידה,false,,24.90,0.0000,true,1,98128
7290015644297,false,לחמניות פשוט מלא 6 י,אנג'ל,,לחמניות פשוט מלא 6 י,גרמים,450.00,100 גרם,false,,11.90,0.0264,true,1,103647
7290015652261,false,בוטנים קלויים ששון ה,,,בוטנים קלויים ששון ה,גרמים,300.00,100 גרם,false,,10.00,0.0333,true,1,95352
7290015652278,false,תערובת פיצוחים ששון,,,תערובת פיצוחים ששון,גרמים,250.00,100 גרם,false,,20.00,0.0800,true,1,96434
7290015652292,false,קבוקים 400 גרם,,,קבוקים 400 גרם,גרמים,400.00,100 גרם,false,,10.00,0.0250,true,1,96621
7290015652308,false,מנצ'ס ששון הקולה,,,מנצ'ס ששון הקולה,גרמים,300.00,100 גרם,false,,10.00,0.0333,true,1,95362
7290015652322,false,בוטן אמריקאי 400 גר',,,בוטן אמריקאי 400 גר',גרמים,400.00,100 גרם,false,,10.00,0.0250,true,1,96622
7290015652407,false,פיסטוק 250 גרם,,,פיסטוק 250 גרם,גרמים,250.00,100 גרם,false,,20.00,0.0800,true,1,99114
7290015699730,false,סבון רצפות דה מרסיי,יעקובי הפי,,סבון רצפות דה מרסיי,ליטרים,1.50,ליטר,false,,11.90,7.9333,true,1,99109
7290015733205,false,מטרנה אקסטרא קייר מה,,,מטרנה אקסטרא קייר מה,גרמים,700.00,100 גרם,false,,59.90,0.0856,false,1,118314
7290015733427,false,מטרנה דייסת גם וגם ו,מטרנה,,מטרנה דייסת גם וגם ו,גרמים,300.00,100 גרם,false,,24.00,0.0800,false,1,117474
7290015733441,false,מטרנה דייסת גם וגם ד,מטרנה,,מטרנה דייסת גם וגם ד,גרמים,300.00,100 גרם,false,,24.00,0.0800,false,1,117475
7290015753203,false,סומו- מטליות לניקוי,,,סומו- מטליות לניקוי,יחידה,0.00,יחידה,false,,6.90,0.0000,true,1,102526
7290015753227,false,מגב קליק 50+מקל,,,מגב קליק 50+מקל,יחידה,0.00,יחידה,false,,28.90,0.0000,true,1,101524
7290015753753,true,מפות שולחן עבות במיו,,,מפות שולחן עבות במיו,,0.00,,false,,6.50,0.0000,true,1,123105
7290015759007,false,נר נשמה 24 שעות בפח,,,נר נשמה 24 שעות בפח,יחידה,0.00,יחידה,false,,1.80,0.0000,true,1,190585
7290015781008,false,יין מרלו VISION טפרב,,,יין מרלו VISION טפרב,מיליליטרים,750.00,"100 מ""ל",false,,34.90,0.0465,true,1,95664
7290015781015,false,יין מלבק VISION טפרב,,,יין מלבק VISION טפרב,מיליליטרים,750.00,"100 מ""ל",false,,34.90,0.0465,true,1,95665
7290015781091,false,יין קברנה סוביניון V,,,יין קברנה סוביניון V,מיליליטרים,750.00,"100 מ""ל",false,,34.90,0.0465,true,1,95668
7290015781169,false,יין קברנה סוביניון ח,,,יין קברנה סוביניון ח,מיליליטרים,750.00,"100 מ""ל",false,,44.90,0.0599,true,1,95595
7290015781268,false,מוסקטו אדום טפרברג,,,מוסקטו אדום טפרברג,מיליליטרים,750.00,"100 מ""ל",false,,34.90,0.0465,true,1,96190
7290015781275,false,מוסקטו לבן טפרברג,,,מוסקטו לבן טפרברג,מיליליטרים,750.00,"100 מ""ל",false,,34.90,0.0465,true,1,96191
7290015781299,false,יין שיראז VISION טפר,,,יין שיראז VISION טפר,מיליליטרים,750.00,"100 מ""ל",false,,34.90,0.0465,true,1,95669
7290015804400,false,עגבניות מרוסקות 250,טל,,עגבניות מרוסקות 250,גרמים,250.00,100 גרם,false,,3.20,0.0128,false,1,98484
7290015839105,true,"שטרודל תפ""א ובטטה",,,"שטרודל תפ""א ובטטה",,0.00,,false,,26.90,0.0000,true,1,123117
7290015848886,false,אולטרסול תחליב קידס,,,אולטרסול תחליב קידס,יחידה,0.00,יחידה,false,,44.90,0.0000,true,1,99272
7290015848985,false,אולטרסול קידס קרם פנ,אולטרסול,,אולטרסול קידס קרם פנ,יחידה,0.00,יחידה,false,,49.90,0.0000,true,1,113999
7290015858106,false,פסטו ביתי מצונן,,,פסטו ביתי מצונן,גרמים,180.00,100 גרם,false,,15.90,0.0883,true,1,105762
7290015858113,false,ממרח עגבניות מיובשות,,,ממרח עגבניות מיובשות,גרמים,180.00,100 גרם,false,,15.90,0.0883,true,1,105763
7290015858144,false,ממרח ארטישוק מצונן,,,ממרח ארטישוק מצונן,גרמים,180.00,100 גרם,false,,15.90,0.0883,true,1,105766
7290015858175,false,ממרח פלפלים קלויים מ,,,ממרח פלפלים קלויים מ,גרמים,180.00,100 גרם,false,,15.90,0.0883,true,1,105769
7290015858212,false,ממרח לימון כבוש מצונ,,,ממרח לימון כבוש מצונ,גרמים,180.00,100 גרם,false,,15.90,0.0883,true,1,105771
7290015858229,false,טפנד זיתי קלמטה מצונ,,,טפנד זיתי קלמטה מצונ,גרמים,180.00,100 גרם,false,,15.90,0.0883,true,1,105772
7290015858243,false,צ'ימיצ'ורי מצונן,,,צ'ימיצ'ורי מצונן,גרמים,180.00,100 גרם,false,,15.90,0.0883,true,1,105773
7290015858427,false,מארז עללחם,,,מארז עללחם,גרמים,240.00,100 גרם,false,,21.90,0.0912,true,1,189563
7290015858434,false,שום כתוש 250 גר על ה,,,שום כתוש 250 גר על ה,גרמים,250.00,100 גרם,false,,14.50,0.0580,true,1,115915
7290015859004,false,עירית,,,עירית,יחידה,0.00,יחידה,false,,5.50,0.0000,true,1,97091
7290015859028,false,תרד ניו זילנד,,,תרד ניו זילנד,יחידה,0.00,יחידה,false,,11.90,0.0000,true,1,97080
7290015859042,false,לבבות קיסר,,,לבבות קיסר,יחידה,0.00,יחידה,false,,11.90,0.0000,true,1,97082
7290015859059,false,עלי רומית,,,עלי רומית,יחידה,0.00,יחידה,false,,9.90,0.0000,true,1,97083
7290015859066,false,אורגנו,,,אורגנו,יחידה,0.00,יחידה,false,,5.50,0.0000,true,1,97092
7290015859073,false,רוזמרין,,,רוזמרין,יחידה,0.00,יחידה,false,,5.50,0.0000,true,1,97093
7290015859080,false,קורנית,,,קורנית,יחידה,0.00,יחידה,false,,5.50,0.0000,true,1,97094
7290015859103,false,מרווה,,,מרווה,יחידה,0.00,יחידה,false,,5.50,0.0000,true,1,97096
7290015859110,false,סורל/חמציץ,,,סורל/חמציץ,יחידה,0.00,יחידה,false,,10.90,0.0000,true,1,97097
7290015859127,false,רוקולה,,,רוקולה,יחידה,0.00,יחידה,false,,10.90,0.0000,true,1,97098
7290015859202,false,בזיליקום,,,בזיליקום,יחידה,0.00,יחידה,false,,5.50,0.0000,true,1,97101
7290015859219,false,בזיליקום,,,בזיליקום,יחידה,0.00,יחידה,false,,10.90,0.0000,true,1,97102
7290015859257,false,תרד תורכי,,,תרד תורכי,יחידה,0.00,יחידה,false,,9.90,0.0000,true,1,97088
7290015859271,false,עלי רוקט,,,עלי רוקט,יחידה,0.00,יחידה,false,,9.90,0.0000,true,1,97105
7290015859288,false,עלי בייבי,,,עלי בייבי,יחידה,0.00,יחידה,false,,9.90,0.0000,true,1,97106
7290015859301,false,חסה מסולסלת/משי,,,חסה מסולסלת/משי,יחידה,0.00,יחידה,false,,10.90,0.0000,true,1,97089
7290015859325,false,פקצ'וי,,,פקצ'וי,יחידה,0.00,יחידה,false,,12.90,0.0000,true,1,97575
7290015859394,false,אנדיב לבן,,,אנדיב לבן,יחידה,0.00,יחידה,false,,15.90,0.0000,true,1,124422
7290015859400,false,נבטי צנונית,,,נבטי צנונית,יחידה,0.00,יחידה,false,,9.90,0.0000,true,1,100796
7290015859455,false,נבטי אלפלפא,,,נבטי אלפלפא,יחידה,0.00,יחידה,false,,6.90,0.0000,true,1,100798
7290015859479,false,נבטים סיניים,,,נבטים סיניים,יחידה,0.00,יחידה,false,,6.90,0.0000,true,1,100650
7290015859486,false,מיקס נבטוטים,,,מיקס נבטוטים,יחידה,0.00,יחידה,false,,9.90,0.0000,true,1,100817
7290015859493,false,חסה באטר קראנץ 300 ג,,,חסה באטר קראנץ 300 ג,גרמים,300.00,100 גרם,false,,10.00,0.0333,true,1,103335
7290015859509,false,חסה סלנובה,,,חסה סלנובה,יחידה,0.00,יחידה,false,,10.90,0.0000,true,1,102899
7290015859806,false,חסה לאליק,,,חסה לאליק,יחידה,0.00,יחידה,false,,10.90,0.0000,true,1,124730
7290015888301,false,שמן חמניות שוקחה 3 ל,,,שמן חמניות שוקחה 3 ל,ליטרים,3.00,ליטר,false,,34.90,11.6333,true,1,125595
7290015951227,false,יין גמלא סירה 2017,,,יין גמלא סירה 2017,100 מל,750.00,100 מל,false,,59.90,0.0799,true,1,121309
7290015951890,false,יין הר חרמון קברנה ס,,,יין הר חרמון קברנה ס,מיליליטרים,750.00,"100 מ""ל",false,,29.90,0.0399,true,1,109969
7290015983006,false,חסה רומית שדות בר,,,חסה רומית שדות בר,קילוגרמים,1.00,"ק""ג",true,,30.00,30.0000,true,1,94417
7290015983082,false,ירק שטוף שדות בר,,,ירק שטוף שדות בר,קילוגרמים,1.00,"ק""ג",true,,30.00,30.0000,true,1,95922
7290016006025,false,שוופס סודה 0.5 ליטר,,,שוופס סודה 0.5 ליטר,מיליליטרים,500.00,"100 מ""ל",false,,3.00,0.0060,true,1,100187
7290016006292,false,ספרינג מנגו בננה מלו,ספרינג,,ספרינג מנגו בננה מלו,ליטרים,1.00,ליטר,false,,6.90,6.9000,false,1,99241
7290016006322,false,מי עדן 1 ליטר בקבוק,מי עדן,,מי עדן 1 ליטר בקבוק,ליטרים,1.00,ליטר,false,,2.90,2.9000,false,1,114947
7290016006339,false,רביעייה מי עדן 1 ליט,מי עדן,,רביעייה מי עדן 1 ליט,ליטרים,4.00,ליטר,false,,10.00,2.5000,false,1,99733
7290016006346,false,שישייה סודה שוופס 0.,שוופס,,שישייה סודה שוופס 0.,ליטרים,3.00,ליטר,false,,14.90,4.9667,true,1,98703
7290016077766,false,שעועית אפויה היינץ,,,שעועית אפויה היינץ,גרמים,228.00,100 גרם,false,,8.90,0.0390,true,1,107643
7290016096491,false,שלישיית פיל טונה בשמ,,,שלישיית פיל טונה בשמ,גרמים,168.00,100 גרם,false,,10.90,0.0649,true,1,106163
7290016096507,false,שלישיית טונה קנולה פ,,,שלישיית טונה קנולה פ,גרמים,168.00,100 גרם,false,,10.90,0.0649,true,1,106164
7290016096675,false,שלישיה פיל טונה בשמן,,,שלישיה פיל טונה בשמן,גרמים,168.00,100 גרם,false,,12.90,0.0768,false,1,114638
7290016096811,false,ממרח טונה רביעיה פיל,,,ממרח טונה רביעיה פיל,גרמים,640.00,100 גרם,false,,19.90,0.0311,false,1,121640
7290016114300,false,נייר טואלט לילי לבן,,,נייר טואלט לילי לבן,יחידה,0.00,יחידה,false,,35.90,0.0000,false,1,101354
7290016136692,false,משחת שיניים אקווה פר,אקווה פרש,,משחת שיניים אקווה פר,מיליליטרים,300.00,"100 מ""ל",false,,19.90,0.0663,true,1,100739
7290016136708,false,משחת שיניים אקווה פר,אקווה פרש,,משחת שיניים אקווה פר,מיליליטרים,300.00,"100 מ""ל",false,,19.90,0.0663,true,1,100740
7290016144000,false,קמח חיטה 80% נפלאות,,,קמח חיטה 80% נפלאות,קילוגרמים,1.00,"ק""ג",false,,8.90,8.9000,true,1,123722
7290016144017,false,קמח חיטה מלא 100% נפ,,,קמח חיטה מלא 100% נפ,קילוגרמים,1.00,"ק""ג",false,,8.90,8.9000,true,1,123549
7290016144024,false,קמח נפלאות כוסמין מל,,,קמח נפלאות כוסמין מל,קילוגרמים,1.00,"ק""ג",false,,14.90,14.9000,true,1,123006
7290016144031,false,קמח חיטה לבן מנופה 1,,,קמח חיטה לבן מנופה 1,קילוגרמים,1.00,"ק""ג",false,,6.90,6.9000,true,1,123720
7290016144048,false,קמח נפלאות כוסמין לב,,,קמח נפלאות כוסמין לב,קילוגרמים,1.00,"ק""ג",false,,14.90,14.9000,true,1,123007
7290016144055,false,קמח נפלאות כוסמין בה,,,קמח נפלאות כוסמין בה,קילוגרמים,1.00,"ק""ג",false,,14.90,14.9000,true,1,123008
7290016144062,false,קמח שיפון מלא נפלאות,,,קמח שיפון מלא נפלאות,קילוגרמים,1.00,"ק""ג",false,,8.90,8.9000,true,1,187875
7290016144079,false,קמח חיטה כפרי נפלאות,,,קמח חיטה כפרי נפלאות,קילוגרמים,1.00,"ק""ג",false,,8.90,8.9000,true,1,187870
7290016144086,false,קמח חלה מנופה נפלאות,,,קמח חלה מנופה נפלאות,קילוגרמים,1.00,"ק""ג",false,,7.90,7.9000,true,1,187871
7290016144093,false,קמח לחם מנופה נפלאות,,,קמח לחם מנופה נפלאות,קילוגרמים,1.00,"ק""ג",false,,7.90,7.9000,true,1,187872
7290016144109,false,קמח פיצה נפלאות,,,קמח פיצה נפלאות,קילוגרמים,1.00,"ק""ג",false,,14.90,14.9000,true,1,187873
7290016144116,false,קמח חיטה תופח נפלאות,,,קמח חיטה תופח נפלאות,קילוגרמים,1.00,"ק""ג",false,,8.90,8.9000,true,1,187874
7290016197488,false,מטליות לשיש מיקרו פי,,,מטליות לשיש מיקרו פי,יחידה,0.00,יחידה,false,,10.90,0.0000,true,1,98592
7290016197495,false,זוג מטליות מיקרופייב,,,זוג מטליות מיקרופייב,יחידה,0.00,יחידה,false,,16.90,0.0000,true,1,98593
7290016197600,false,תחבושת דיפנד לנשים נ,,,תחבושת דיפנד לנשים נ,יחידה,0.00,יחידה,false,,18.90,0.0000,true,1,100321
7290016197617,false,תחבושת דיפנד לנשים א,,,תחבושת דיפנד לנשים א,יחידה,0.00,יחידה,false,,18.90,0.0000,true,1,100303
7290016197624,false,תחבושות דיפנד לנשים,,,תחבושות דיפנד לנשים,יחידה,0.00,יחידה,false,,18.90,0.0000,true,1,100322
7290016197839,false,השקית החזקה 20 יח XL,,,השקית החזקה 20 יח XL,יחידה,0.00,יחידה,false,,21.90,0.0000,true,1,98594
7290016197877,false,שקית ניקול לפח מטבח,,,שקית ניקול לפח מטבח,יחידה,0.00,יחידה,false,,21.00,0.0000,true,1,99116
7290016246025,false,בארכה פינוקיות חלבה,,,בארכה פינוקיות חלבה,גרמים,200.00,100 גרם,false,,12.90,0.0645,true,1,98544
7290016246209,false,חלבה בארכה וניל 100,,,חלבה בארכה וניל 100,גרמים,100.00,100 גרם,false,,3.20,0.0320,false,1,103167
7290016246773,false,בארכה טחינה גולמית מ,,,בארכה טחינה גולמית מ,גרמים,310.00,100 גרם,false,,12.90,0.0416,false,1,122484
7290016248517,true,פטיט סירה ויתקין 201,,,פטיט סירה ויתקין 201,,0.00,,false,,95.00,0.0000,true,1,123101
7290016276763,false,מעדן שזיף 100% רכיבי,,,מעדן שזיף 100% רכיבי,גרמים,284.00,100 גרם,false,,10.00,0.0352,true,1,100880
7290016276787,false,מעדן אננס ללא סוכר ש,,,מעדן אננס ללא סוכר ש,גרמים,284.00,100 גרם,false,,10.00,0.0352,true,1,104143
7290016276794,false,מעדן תפוז 100% רכיבי,,,מעדן תפוז 100% רכיבי,גרמים,284.00,100 גרם,false,,10.00,0.0352,true,1,100882
7290016304404,false,לחם קוביות 100% כוסמ,מאפיית דוידוביץ ובני,,לחם קוביות 100% כוסמ,גרמים,600.00,100 גרם,false,,11.90,0.0198,true,1,109424
7290016304596,false,מארז 10 לחמניות לסנד,מאפיית דוידוביץ ובני,,מארז 10 לחמניות לסנד,גרמים,750.00,100 גרם,false,,12.90,0.0172,true,1,120216
7290016319118,false,מגע הדבש שעווה מתקלפ,,,מגע הדבש שעווה מתקלפ,גרמים,100.00,100 גרם,false,,29.90,0.2990,true,1,123934
7290016319309,false,פמלי אל סבון 1 ליטר,פמלי,,פמלי אל סבון 1 ליטר,ליטרים,1.00,ליטר,false,,11.90,11.9000,false,1,101487
7290016320343,false,"דאק ג'ל נוזל 750 מ""ל",טואלט דאק (ג'ונסון),,"דאק ג'ל נוזל 750 מ""ל",מיליליטרים,1500.00,"100 מ""ל",false,,17.90,0.0119,true,1,107077
7290016321326,false,פמלי לקשרי 1 ליטר מנ,פמלי,,פמלי לקשרי 1 ליטר מנ,ליטרים,1.00,ליטר,false,,11.90,11.9000,false,1,187204
7290016321661,false,מגבונים פרש וואנס לל,פרש-וואנס,,מגבונים פרש וואנס לל,יחידה,0.00,יחידה,false,,15.90,0.0000,false,1,114901
7290016321678,false,מגבונים פרש וואנס עם,פרש-וואנס,,מגבונים פרש וואנס עם,יחידה,0.00,יחידה,false,,15.90,0.0000,false,1,114902
7290016321777,false,מגע הדבש רצועות שעוו,,,מגע הדבש רצועות שעוו,יחידה,0.00,יחידה,false,,19.90,0.0000,true,1,119973
7290016321883,false,פרש וואנס נייר טואלט,פרש-וואנס,,פרש וואנס נייר טואלט,יחידה,0.00,יחידה,false,,12.90,0.0000,true,1,113792
7290016321890,false,פרש וואנס נייר טואלט,פרש-וואנס,,פרש וואנס נייר טואלט,יחידה,0.00,יחידה,false,,12.90,0.0000,true,1,113793
7290016329278,false,מגבונים לחים קמיל רב,"ד""ר פישר",,מגבונים לחים קמיל רב,יחידה,0.00,יחידה,false,,19.90,0.0000,false,1,106094
7290016329308,false,סרקל קרם רוזמרין לשי,"ד""ר פישר",,סרקל קרם רוזמרין לשי,מיליליטרים,325.00,"100 מ""ל",false,,26.90,0.0828,true,1,103747
7290016370065,false,זיתים נובו מבוקע יבנ,קבוצת יבנה,,זיתים נובו מבוקע יבנ,יחידה,0.00,יחידה,false,,9.90,0.0000,true,1,126502
7290016370973,false,פלפל אדום קלוי על הא,קבוצת יבנה,,פלפל אדום קלוי על הא,גרמים,390.00,100 גרם,false,,10.00,0.0256,true,1,102010
7290016372458,false,חליטת גן קסום לימוני,ויסוצקי,,חליטת גן קסום לימוני,גרמים,75.00,100 גרם,false,,34.90,0.4653,true,1,106755
7290016402223,false,פחם פרימיום למעשנה ו,,,פחם פרימיום למעשנה ו,קילוגרמים,8.00,"ק""ג",false,,84.90,10.6125,true,1,123623
7290016408294,false,מרשמלו כרמית 150 גרם,,,מרשמלו כרמית 150 גרם,גרמים,150.00,100 גרם,false,,4.90,0.0327,true,1,103780
7290016408744,false,מרשמלו טוויסטר כרמית,,,מרשמלו טוויסטר כרמית,גרמים,150.00,100 גרם,false,,4.90,0.0327,true,1,104830
7290016411560,false,כוסברה  כשר ארוז,,,כוסברה  כשר ארוז,יחידה,0.00,יחידה,false,,5.90,0.0000,true,1,187340
7290016411577,false,פטרוזיליה  כשר ארוז,,,פטרוזיליה  כשר ארוז,יחידה,0.00,יחידה,false,,5.90,0.0000,true,1,187339
7290016411669,false,סלרי עלים כשר,,,סלרי עלים כשר,יחידה,0.00,יחידה,false,,5.90,0.0000,true,1,187342
7290016437591,false,קוטקס תחתונים סופגים,,,קוטקס תחתונים סופגים,יחידה,0.00,יחידה,false,,33.90,0.0000,false,1,108033
7290016437607,false,קוטקס תחתונים סופגים,,,קוטקס תחתונים סופגים,יחידה,0.00,יחידה,false,,33.90,0.0000,false,1,108034
7290016437614,false,האגיס פנטס מידה 3,,,האגיס פנטס מידה 3,יחידה,0.00,יחידה,false,,41.90,0.0000,false,1,103953
7290016437621,false,האגיס פנטס מידה 4,,,האגיס פנטס מידה 4,יחידה,0.00,יחידה,false,,41.90,0.0000,false,1,103954
7290016437645,false,האגיס פנטס מידה 5,,,האגיס פנטס מידה 5,יחידה,0.00,יחידה,false,,41.90,0.0000,false,1,103955
7290016437652,false,האגיס פנטס מידה 6,,,האגיס פנטס מידה 6,יחידה,0.00,יחידה,false,,41.90,0.0000,false,1,103956
7290016440652,false,תערובת ירקות חמוצים,,,תערובת ירקות חמוצים,יחידה,0.00,יחידה,false,,18.90,0.0000,true,1,120006
7290016440669,false,עגבניות כבושות,,,עגבניות כבושות,גרמים,500.00,100 גרם,false,,19.90,0.0398,true,1,120004
7290016440881,false,תערובת ירקות חמוצים,,,תערובת ירקות חמוצים,יחידה,0.00,יחידה,false,,18.90,0.0000,true,1,120002
7290016475067,false,לאפות רביעייה,,,לאפות רביעייה,יחידה,0.00,יחידה,false,,11.90,0.0000,true,1,100709
7290016509786,false,פרסיל ג'ל 2.5 ליטר י,פרסיל,,פרסיל ג'ל 2.5 ליטר י,ליטרים,2.50,ליטר,false,,34.90,13.9600,true,1,110090
7290016509793,false,פרסיל ג'ל 4 ליטר ירו,פרסיל,,פרסיל ג'ל 4 ליטר ירו,ליטרים,4.00,ליטר,false,,44.90,11.2250,true,1,110091
7290016509809,false,פרסיל ג'ל 2.5 ליטר ק,פרסיל,,פרסיל ג'ל 2.5 ליטר ק,ליטרים,2.50,ליטר,false,,34.90,13.9600,true,1,110092
7290016509816,false,פרסיל ג'ל 4 ליטר קול,פרסיל,,פרסיל ג'ל 4 ליטר קול,ליטרים,4.00,ליטר,false,,44.90,11.2250,true,1,110093
7290016509830,false,פרסיל ג'ל 2.5 ליטר ב,פרסיל,,פרסיל ג'ל 2.5 ליטר ב,ליטרים,2.50,ליטר,false,,34.90,13.9600,true,1,110095
7290016509847,false,פרסיל ג'ל 2.5 ליטר ב,פרסיל,,פרסיל ג'ל 2.5 ליטר ב,ליטרים,2.50,ליטר,false,,34.90,13.9600,true,1,112765
7290016510225,false,הוואי תחליב רחצה וני,,,הוואי תחליב רחצה וני,מיליליטרים,700.00,"100 מ""ל",false,,8.90,0.0127,false,1,110214
7290016510232,false,הוואי תחליב רחצה יוג,,,הוואי תחליב רחצה יוג,מיליליטרים,700.00,"100 מ""ל",false,,8.90,0.0127,false,1,110215
7290016510249,false,הוואי תחליב רחצה יוג,,,הוואי תחליב רחצה יוג,מיליליטרים,700.00,"100 מ""ל",false,,8.90,0.0127,false,1,110216
7290016510263,false,הוואי תחליב רחצה 700,,,הוואי תחליב רחצה 700,מיליליטרים,700.00,"100 מ""ל",false,,8.90,0.0127,false,1,110217
7290016510287,false,הוואי תחליב רחצה קרם,,,הוואי תחליב רחצה קרם,מיליליטרים,700.00,"100 מ""ל",false,,8.90,0.0127,false,1,110219
7290016510317,false,הוואי ג'ל רחצה 700 מ,,,הוואי ג'ל רחצה 700 מ,מיליליטרים,700.00,"100 מ""ל",false,,8.90,0.0127,false,1,110302
7290016510324,false,הוואי תחליב רחצה לגב,,,הוואי תחליב רחצה לגב,מיליליטרים,700.00,"100 מ""ל",false,,8.90,0.0127,false,1,110213
7290016510430,false,הוואי תחליב רחצה עם,,,הוואי תחליב רחצה עם,מיליליטרים,700.00,"100 מ""ל",false,,8.90,0.0127,false,1,110222
7290016510768,false,תחליב רחצה הוואי יוג,,,תחליב רחצה הוואי יוג,מיליליטרים,700.00,"100 מ""ל",false,,8.90,0.0127,false,1,112816
7290016510898,false,שמפו הוואי תמצית דוב,הוואי,,שמפו הוואי תמצית דוב,מיליליטרים,700.00,"100 מ""ל",false,,8.90,0.0127,false,1,114127
7290016510904,false,מרכך הוואי תמצית דוב,הוואי,,מרכך הוואי תמצית דוב,מיליליטרים,700.00,"100 מ""ל",false,,8.90,0.0127,false,1,114129
7290016537000,false,במיה הודית,,,במיה הודית,יחידה,0.00,יחידה,false,,23.90,0.0000,true,1,111039
7290016537017,false,תרד גוליבר,,,תרד גוליבר,יחידה,0.00,יחידה,false,,14.90,0.0000,true,1,119348
7290016564006,false,מבריקל הפלא,,,מבריקל הפלא,יחידה,0.00,יחידה,false,,9.90,0.0000,true,1,103709
7290016564266,false,כיסוי הפלא מבריקל,,,כיסוי הפלא מבריקל,יחידה,0.00,יחידה,false,,9.90,0.0000,true,1,115636
7290016564402,false,מבריקל הפלא מטליות מ,,,מבריקל הפלא מטליות מ,יחידה,0.00,יחידה,false,,9.90,0.0000,true,1,187797
7290016584004,false,חטיפוני גזר 130 גר',מרינה,,חטיפוני גזר 130 גר',גרמים,130.00,100 גרם,false,,5.90,0.0454,true,1,102112
7290016584011,false,חטיפוני גזר 350 גר',מרינה,,חטיפוני גזר 350 גר',גרמים,350.00,100 גרם,false,,11.90,0.0340,true,1,102091
7290016584219,false,שעועית ירוקה שלמה טר,מרינה,,שעועית ירוקה שלמה טר,גרמים,410.00,100 גרם,false,,15.90,0.0388,true,1,120716
7290016607772,false,יין גליל רוזה דלתון,,,יין גליל רוזה דלתון,מיליליטרים,750.00,"100 מ""ל",false,,59.90,0.0799,true,1,121611
7290016651300,false,מברשת ראש יוקרה,,,מברשת ראש יוקרה,יחידה,0.00,יחידה,false,,14.90,0.0000,true,1,105533
7290016651317,false,מברשת ראש סטייל,,,מברשת ראש סטייל,יחידה,0.00,יחידה,false,,13.90,0.0000,true,1,105534
7290016651355,false,מראת הגדלה,,,מראת הגדלה,יחידה,0.00,יחידה,false,,19.90,0.0000,true,1,115072
7290016651362,false,קיסמי שיניים עם חוט,,,קיסמי שיניים עם חוט,יחידה,0.00,יחידה,false,,11.90,0.0000,true,1,105535
7290016651522,false,מקלונים לאוזניים פלס,,,מקלונים לאוזניים פלס,יחידה,0.00,יחידה,false,,5.90,0.0000,true,1,189792
7290016651652,false,שקיות לפח גליל 25 יח,,,שקיות לפח גליל 25 יח,יחידה,0.00,יחידה,false,,10.00,0.0000,true,1,116399
7290016651706,false,מפות שולחן גליל 45 מ,,,מפות שולחן גליל 45 מ,יחידה,0.00,יחידה,false,,34.90,0.0000,true,1,117891
7290016651768,false,זוג מברשת שיניים,,,זוג מברשת שיניים,יחידה,0.00,יחידה,false,,11.50,0.0000,true,1,120486
7290016651782,false,מברשת לשיניים תותבות,,,מברשת לשיניים תותבות,יחידה,0.00,יחידה,false,,9.90,0.0000,true,1,120488
7290016651850,false,תחתית תחרה עגול בינו,,,תחתית תחרה עגול בינו,יחידה,0.00,יחידה,false,,16.90,0.0000,true,1,125081
7290016651867,false,תחתית תחרה עגול גדול,,,תחתית תחרה עגול גדול,יחידה,0.00,יחידה,false,,16.90,0.0000,true,1,125082
7290016651881,false,תחתיות מלבן תחרה 100,,,תחתיות מלבן תחרה 100,יחידה,0.00,יחידה,false,,16.90,0.0000,true,1,125087
7290016651928,false,כחול לכביסה לבנה,,,כחול לכביסה לבנה,גרמים,250.00,100 גרם,false,,22.90,0.0916,true,1,189598
7290016651980,false,מטליות ריצפה אנטיבקט,,,מטליות ריצפה אנטיבקט,יחידה,0.00,יחידה,false,,9.90,0.0000,true,1,189789
7290016652116,false,מטליות ריצפה פרימיום,,,מטליות ריצפה פרימיום,יחידה,0.00,יחידה,false,,16.90,0.0000,true,1,189790
7290016657012,false,סיכה סט פפיון,,,סיכה סט פפיון,יחידה,0.00,יחידה,false,,6.90,0.0000,true,1,104867
7290016667271,false,"מסיר לק משאבה 150 מ""",,,"מסיר לק משאבה 150 מ""",מיליליטרים,150.00,"100 מ""ל",false,,11.90,0.0793,true,1,105679
7290016667417,false,שקיות איזבל 10 יח' 7,,,שקיות איזבל 10 יח' 7,יחידה,0.00,יחידה,false,,6.90,0.0000,true,1,112621
7290016667929,false,תבניות מאפינס קאפקיי,,,תבניות מאפינס קאפקיי,יחידה,0.00,יחידה,false,,8.50,0.0000,true,1,126915
7290016682052,false,פרי ניב לימונענע 400,,,פרי ניב לימונענע 400,מיליליטרים,400.00,"100 מ""ל",false,,8.50,0.0213,true,1,106193
7290016682083,false,פרי ניב תות בננה 400,,,פרי ניב תות בננה 400,מיליליטרים,400.00,"100 מ""ל",false,,8.50,0.0213,true,1,115576
7290016682243,false,מיץ אשכולית אדומה 1,,,מיץ אשכולית אדומה 1,ליטרים,1.00,ליטר,false,,14.90,14.9000,true,1,111439
7290016682328,false,מיץ תפוזים מרכז 2 לי,,,מיץ תפוזים מרכז 2 לי,ליטרים,2.00,ליטר,false,,17.20,8.6000,true,1,186288
7290016682335,false,מיץ תפוזים סחוט 2 לי,,,מיץ תפוזים סחוט 2 לי,ליטרים,2.00,ליטר,false,,22.00,11.0000,true,1,186289
7290016682342,false,מיץ תפוזים ולנסיה 2,,,מיץ תפוזים ולנסיה 2,ליטרים,2.00,ליטר,false,,25.90,12.9500,true,1,186290
7290016682359,false,מיץ תפוזים שמוטי 2 ל,,,מיץ תפוזים שמוטי 2 ל,ליטרים,2.00,ליטר,false,,25.90,12.9500,true,1,186291
7290016682366,false,מיץ תפוח צלול 2 ליטר,,,מיץ תפוח צלול 2 ליטר,ליטרים,2.00,ליטר,false,,19.90,9.9500,true,1,186292
7290016682373,false,מיץ לימונדה בלדי 2 ל,,,מיץ לימונדה בלדי 2 ל,ליטרים,2.00,ליטר,false,,19.90,9.9500,true,1,186293
7290016682380,false,מיץ לימונדה לואיזה 2,,,מיץ לימונדה לואיזה 2,ליטרים,2.00,ליטר,false,,19.90,9.9500,true,1,186294
7290016717051,false,רימון BUZZ,,,רימון BUZZ,מיליליטרים,750.00,"100 מ""ל",false,,21.90,0.0292,true,1,115513
7290016717235,false,קינג דיויד קונקורד 1,,,קינג דיויד קונקורד 1,מיליליטרים,187.00,"100 מ""ל",false,,5.50,0.0294,true,1,112871
7290016717754,false,יין ישן נושן,,,יין ישן נושן,מיליליטרים,750.00,"100 מ""ל",false,,17.90,0.0239,true,1,110167
7290016823004,false,בזיליקום,מרינה,,בזיליקום,יחידה,0.00,יחידה,false,,5.90,0.0000,true,1,104155
7290016823059,false,טימין,מרינה,,טימין,יחידה,0.00,יחידה,false,,4.90,0.0000,true,1,104160
7290016823066,false,רוזמרין,מרינה,,רוזמרין,יחידה,0.00,יחידה,false,,4.90,0.0000,true,1,104161
7290016823257,false,חסה סלנובה מרינה,מרינה,,חסה סלנובה מרינה,יחידה,0.00,יחידה,false,,11.90,0.0000,true,1,111057
7290016823349,false,סלק בוואקום,,,סלק בוואקום,יחידה,0.00,יחידה,false,,6.90,0.0000,true,1,112334
7290016823448,false,ברוקולי 350 גר' מרינ,מרינה,,ברוקולי 350 גר' מרינ,גרמים,350.00,100 גרם,false,,9.90,0.0283,true,1,108500
7290016823523,false,צנונית 500 גר' מרינה,מרינה,,צנונית 500 גר' מרינה,גרמים,500.00,100 גרם,false,,5.90,0.0118,true,1,107285
7290016866643,false,משחת שיניים פרדונטקס,,,משחת שיניים פרדונטקס,מיליליטרים,75.00,"100 מ""ל",false,,29.90,0.3987,true,1,110495
7290016866650,false,משחת שיניים פרודונטק,,,משחת שיניים פרודונטק,מיליליטרים,75.00,"100 מ""ל",false,,29.90,0.3987,true,1,110496
7290016866667,false,משחת שיניים פרדונטקס,,,משחת שיניים פרדונטקס,מיליליטרים,75.00,"100 מ""ל",false,,29.90,0.3987,true,1,110628
7290016866674,false,משחת שיניים פרודונטק,,,משחת שיניים פרודונטק,מיליליטרים,75.00,"100 מ""ל",false,,29.90,0.3987,true,1,110497
7290016882476,false,מעדן קיווי שקדיה,,,מעדן קיווי שקדיה,גרמים,284.00,100 גרם,false,,10.00,0.0352,true,1,107854
7290016967074,false,לחם אנג'ל חיטה מלאה,אנג'ל,,לחם אנג'ל חיטה מלאה,מיליליטרים,750.00,"100 מ""ל",false,,14.90,0.0199,true,1,103111
7290016967456,false,לחם מחמצת כוסמין אנג,אנג'ל,,לחם מחמצת כוסמין אנג,גרמים,600.00,100 גרם,false,,15.90,0.0265,true,1,105934
7290016998368,true,לקט ירקות למוקפץ נטו,,,לקט ירקות למוקפץ נטו,,0.00,,false,,11.90,0.0000,true,1,123036
7290017000800,false,לה וי רוז' דה קסטל,,,לה וי רוז' דה קסטל,מיליליטרים,750.00,"100 מ""ל",false,,75.00,0.1000,true,1,186061
7290017008493,false,שריר חלק 88,,,שריר חלק 88,קילוגרמים,1.00,"ק""ג",true,,34.90,34.9000,true,1,126648
7290017008721,false,צלעות צרכני מס' 2,,,צלעות צרכני מס' 2,קילוגרמים,1.00,"ק""ג",true,,42.90,42.9000,false,1,123956
7290017023212,false,רביעיית פחיות שוופס,שוופס,,רביעיית פחיות שוופס,מיליליטרים,1320.00,"100 מ""ל",false,,12.50,0.0095,true,1,109035
7290017023229,false,רביעיית פחיות שוופס,שוופס,,רביעיית פחיות שוופס,מיליליטרים,1320.00,"100 מ""ל",false,,12.50,0.0095,true,1,109036
7290017023236,false,רביעיית פחיות שוופס,שוופס,,רביעיית פחיות שוופס,מיליליטרים,1320.00,"100 מ""ל",false,,12.50,0.0095,true,1,109037
7290017023663,false,רביעיית פחיות שוופס,שוופס,,רביעיית פחיות שוופס,מיליליטרים,1320.00,"100 מ""ל",false,,12.50,0.0095,true,1,110594
7290017023823,false,רביעיית ספרינג 250 מ,ספרינג,,רביעיית ספרינג 250 מ,ליטרים,1.00,ליטר,false,,12.00,12.0000,false,1,114371
7290017023854,false,"שוופס סודה 250 מ""ל ר",שוופס,,"שוופס סודה 250 מ""ל ר",ליטרים,1.00,ליטר,false,,10.90,10.9000,true,1,112781
7290017023861,false,שוופס סודה לימון 250,שוופס,,שוופס סודה לימון 250,ליטרים,1.00,ליטר,false,,10.90,10.9000,true,1,112782
7290017023878,false,שוופס סודה נענע ליים,שוופס,,שוופס סודה נענע ליים,ליטרים,1.00,ליטר,false,,10.90,10.9000,true,1,112783
7290017031477,false,משחת שיניים סנסודיין,סנסודיין,,משחת שיניים סנסודיין,מיליליטרים,75.00,"100 מ""ל",false,,24.90,0.3320,true,1,114711
7290017031859,false,משחת שיניים פרדונטקס,,,משחת שיניים פרדונטקס,מיליליטרים,75.00,"100 מ""ל",false,,29.90,0.3987,true,1,112866
7290017065007,false,מוצרלה פרוסה גד,,,מוצרלה פרוסה גד,גרמים,200.00,100 גרם,false,,17.50,0.0875,true,1,104036
7290017065137,false,ריקוטה למריחה 5% עם,,,ריקוטה למריחה 5% עם,גרמים,200.00,100 גרם,false,,9.70,0.0485,true,1,107930
7290017065175,false,גבינת מנצג'ו פרוסה ג,,,גבינת מנצג'ו פרוסה ג,גרמים,150.00,100 גרם,false,,20.50,0.1367,true,1,109228
7290017065236,false,בולגרית מעודנת 24% ג,,,בולגרית מעודנת 24% ג,גרמים,250.00,100 גרם,false,,23.20,0.0928,true,1,109233
7290017065434,false,פרוסות גאודה בקר גד,,,פרוסות גאודה בקר גד,גרמים,200.00,100 גרם,false,,21.00,0.1050,true,1,113936
7290017065441,false,פרוסות גאודה עיזים ג,,,פרוסות גאודה עיזים ג,גרמים,200.00,100 גרם,false,,31.90,0.1595,true,1,113937
7290017065526,false,קוואטרו פורמאג'י,,,קוואטרו פורמאג'י,גרמים,300.00,100 גרם,false,,27.90,0.0930,true,1,113943
7290017065663,false,פטה עיזים מעודנת 16%,,,פטה עיזים מעודנת 16%,גרמים,250.00,100 גרם,false,,29.90,0.1196,true,1,121756
7290017065786,false,גבינת צ'דר מחלבת גד,,,גבינת צ'דר מחלבת גד,גרמים,210.00,100 גרם,false,,19.90,0.0948,true,1,186829
7290017105468,false,שלישיית אפונה יכין,יכין,,שלישיית אפונה יכין,גרמים,600.00,100 גרם,false,,13.90,0.0232,true,1,117655
7290017121086,false,אריסה ביתית מתוקה 25,,,אריסה ביתית מתוקה 25,גרמים,250.00,100 גרם,false,,13.90,0.0556,true,1,187556
7290017121093,false,אריסה חריפה על הלחם,,,אריסה חריפה על הלחם,גרמים,250.00,100 גרם,false,,13.90,0.0556,true,1,114306
7290017129754,false,שוקולד פרימיום 70% כ,,,שוקולד פרימיום 70% כ,גרמים,100.00,100 גרם,false,,7.90,0.0790,true,1,110459
7290017129761,false,שוקולד פרימיום 70% ב,,,שוקולד פרימיום 70% ב,גרמים,100.00,100 גרם,false,,7.90,0.0790,true,1,110460
7290017129778,false,שוקולד פרימיום 70% ב,,,שוקולד פרימיום 70% ב,גרמים,100.00,100 גרם,false,,7.90,0.0790,true,1,110461
7290017129846,false,מיני קוקיס בטעם קרמל,,,מיני קוקיס בטעם קרמל,גרמים,600.00,100 גרם,false,,15.90,0.0265,true,1,110621
7290017129877,false,מיקס לקקנים שטוחים כ,,,מיקס לקקנים שטוחים כ,גרמים,300.00,100 גרם,false,,9.90,0.0330,true,1,111013
7290017142005,false,שמן קוקוס אורגני 320,עץ הזית,,שמן קוקוס אורגני 320,מיליליטרים,320.00,"100 מ""ל",false,,25.90,0.0809,true,1,105207
7290017142012,false,שמן קוקוס אורגני 500,עץ הזית,,שמן קוקוס אורגני 500,מיליליטרים,500.00,"100 מ""ל",false,,36.90,0.0738,true,1,105208
7290017142111,false,פתיתי טונה בהירה בשמ,עץ הזית,,פתיתי טונה בהירה בשמ,גרמים,85.00,100 גרם,false,,9.90,0.1165,false,1,109853
7290017142128,false,"שמן זית 750 מ""ל קלאס",עץ הזית,,"שמן זית 750 מ""ל קלאס",מיליליטרים,750.00,"100 מ""ל",false,,29.90,0.0399,false,1,108791
7290017142166,false,פילה טונה פרוס עם שמ,עץ הזית,,פילה טונה פרוס עם שמ,גרמים,120.00,100 גרם,false,,14.90,0.1242,true,1,114178
7290017142180,false,פילה טונה פרוס עם שמ,עץ הזית,,פילה טונה פרוס עם שמ,גרמים,120.00,100 גרם,false,,14.90,0.1242,true,1,114179
7290017142203,false,פילה טונה פרוס עם שמ,עץ הזית,,פילה טונה פרוס עם שמ,גרמים,120.00,100 גרם,false,,14.90,0.1242,true,1,114180
7290017142289,false,תרסיס שמן חמניות מזו,עץ הזית,,תרסיס שמן חמניות מזו,מיליליטרים,200.00,"100 מ""ל",false,,14.90,0.0745,false,1,113222
7290017142388,false,שמן חמניות פלוס אומג,עץ הזית,,שמן חמניות פלוס אומג,ליטרים,1.00,ליטר,false,,14.90,14.9000,false,1,115519
7290017142401,false,טונה עם קינואה לבנה,עץ הזית,,טונה עם קינואה לבנה,גרמים,160.00,100 גרם,false,,13.90,0.0869,true,1,121973
7290017142456,false,נתחי טונה בהירה בשמן,עץ הזית,,נתחי טונה בהירה בשמן,גרמים,224.00,100 גרם,false,,19.90,0.0888,true,1,118131
7290017142500,false,תרסיס שמן זית בטעם ש,,,תרסיס שמן זית בטעם ש,מיליליטרים,150.00,"100 מ""ל",false,,18.90,0.1260,true,1,189519
7290017189246,false,מיני פנקייק 500 גר,,,מיני פנקייק 500 גר,גרמים,500.00,100 גרם,false,,22.90,0.0458,true,1,114297
7290017189253,false,קרפ הולנדי בייתי,,,קרפ הולנדי בייתי,יחידה,0.00,יחידה,false,,19.90,0.0000,true,1,114764
7290017189413,false,טבעות בצל 600 גר קפו,,,טבעות בצל 600 גר קפו,גרמים,600.00,100 גרם,false,,14.90,0.0248,true,1,124351
7290017217390,false,מטליות מיקרופייבר עם,,,מטליות מיקרופייבר עם,יחידה,0.00,יחידה,false,,17.90,0.0000,true,1,123583
7290017217703,false,כפפות עם אלוורה XL,,,כפפות עם אלוורה XL,יחידה,0.00,יחידה,false,,5.50,0.0000,true,1,123519
7290017232218,false,לחם מופחת פחמימות,,,לחם מופחת פחמימות,גרמים,430.00,100 גרם,false,,24.90,0.0579,true,1,185768
7290017232225,false,לחם איטסיין גלילי,,,לחם איטסיין גלילי,גרמים,450.00,100 גרם,false,,24.90,0.0553,true,1,188781
7290017247007,false,מלפפון בייבי,,,מלפפון בייבי,יחידה,0.00,יחידה,false,,8.90,0.0000,true,1,105233
7290017247014,false,פלפלונים,,,פלפלונים,יחידה,0.00,יחידה,false,,8.90,0.0000,true,1,105234
7290017253084,false,פרשיס מגבונים לחים 7,,,פרשיס מגבונים לחים 7,יחידה,0.00,יחידה,false,,5.50,0.0000,true,1,111303
7290017253213,false,פרשיס שלישייה מגבוני,,,פרשיס שלישייה מגבוני,יחידה,0.00,יחידה,false,,19.90,0.0000,true,1,125996
7290017266046,false,ופל קראנצ' 30 יח עלמ,,,ופל קראנצ' 30 יח עלמ,גרמים,600.00,100 גרם,false,,14.50,0.0242,true,1,108455
7290017266053,false,וופל לימון בלגי ללא,,,וופל לימון בלגי ללא,גרמים,200.00,100 גרם,false,,6.70,0.0335,true,1,108098
7290017266060,false,וופל שוקולד בלגי ללא,,,וופל שוקולד בלגי ללא,גרמים,175.00,100 גרם,false,,6.70,0.0383,true,1,108536
7290017266725,false,מארז 40 יח' וופל קרא,,,מארז 40 יח' וופל קרא,גרמים,480.00,100 גרם,false,,14.50,0.0302,true,1,121775
7290017266862,false,גילרו וופל מיקס 200,,,גילרו וופל מיקס 200,גרמים,200.00,100 גרם,false,,3.20,0.0160,true,1,187877
7290017275086,false,עוגיות אחוה בטעם תות,אחוה,,עוגיות אחוה בטעם תות,גרמים,350.00,100 גרם,false,,9.90,0.0283,true,1,122962
7290017275413,false,מיני קצפיות וניל 140,,,מיני קצפיות וניל 140,יחידה,0.00,יחידה,false,,8.90,0.0000,true,1,187889
7290017275420,false,מיני קצפיות בטעם תות,,,מיני קצפיות בטעם תות,גרמים,140.00,100 גרם,false,,9.90,0.0707,true,1,187841
7290017275444,false,מיני קצפיות ענבים 14,אחוה,,מיני קצפיות ענבים 14,גרמים,140.00,100 גרם,false,,9.90,0.0707,true,1,189153
7290017275550,false,סוכריות פרי רכות תות,,,סוכריות פרי רכות תות,גרמים,120.00,100 גרם,false,,10.90,0.0908,true,1,190007
7290017275567,false,סוכריות פרי רכות מנג,,,סוכריות פרי רכות מנג,גרמים,120.00,100 גרם,false,,10.90,0.0908,true,1,190008
7290017275581,false,סוכריות פרי רכות תפו,,,סוכריות פרי רכות תפו,גרמים,120.00,100 גרם,false,,10.90,0.0908,true,1,190005
7290017275741,false,חלוה עם אגוזי לוז אח,אחוה,,חלוה עם אגוזי לוז אח,גרמים,400.00,100 גרם,false,,12.90,0.0323,true,1,190560
7290017297200,false,לקט כפרי תוספת לעוף,פרי הגליל,,לקט כפרי תוספת לעוף,גרמים,800.00,100 גרם,false,,15.90,0.0199,true,1,122897
7290017297217,false,עדשים ירוקות מושרות,פרי הגליל,,עדשים ירוקות מושרות,גרמים,800.00,100 גרם,false,,12.90,0.0161,true,1,123498
7290017297224,false,שעועית אדומה מבושלת,פרי הגליל,,שעועית אדומה מבושלת,גרמים,800.00,100 גרם,false,,11.50,0.0144,true,1,123258
7290017297323,false,רוטב עגבניות מרוכז 1,טל,,רוטב עגבניות מרוכז 1,גרמים,100.00,100 גרם,false,,1.70,0.0170,false,1,127077
7290017297620,false,רוטב עגבניות מרוכז ט,טל,,רוטב עגבניות מרוכז ט,גרמים,570.00,100 גרם,false,,5.50,0.0096,true,1,187090
7290017297637,false,רוטב עגבניות A2 טל ו,טל,,רוטב עגבניות A2 טל ו,גרמים,580.00,100 גרם,false,,6.50,0.0112,true,1,186941
7290017297682,false,כרובית 800 גר' green,,,כרובית 800 גר' green,גרמים,800.00,100 גרם,false,,12.90,0.0161,true,1,187146
7290017297743,false,צ'יפס אמריקאי 800 גר,פרי הגליל,,צ'יפס אמריקאי 800 גר,גרמים,800.00,100 גרם,false,,9.90,0.0124,true,1,187446
7290017304885,false,לחם אנג'ל שיפון וחיט,אנג'ל,,לחם אנג'ל שיפון וחיט,גרמים,750.00,100 גרם,false,,12.90,0.0172,true,1,115296
7290017313023,true,פיתה תמנייה זוג אופר,,,פיתה תמנייה זוג אופר,,0.00,,false,,4.90,0.0000,true,1,123149
7290017313030,true,פיתות חיטה מלאה חמיש,,,פיתות חיטה מלאה חמיש,,0.00,,false,,11.90,0.0000,true,1,123148
7290017313054,false,נקניקיות עטופות בבצק,אופרה,,נקניקיות עטופות בבצק,גרמים,500.00,100 גרם,false,,16.90,0.0338,true,1,126509
7290017440798,false,"מרכך לשיער כסוף ד""ר","ד""ר פישר",,"מרכך לשיער כסוף ד""ר",מיליליטרים,400.00,"100 מ""ל",false,,28.90,0.0722,true,1,114113
7290017440804,false,מסכת מזנה לשיער כסוף,"ד""ר פישר",,מסכת מזנה לשיער כסוף,מיליליטרים,300.00,"100 מ""ל",false,,36.90,0.1230,true,1,114767
7290017457727,false,סוד מרכך מרוכז כחול,סוד,,סוד מרכך מרוכז כחול,מיליליטרים,900.00,"100 מ""ל",false,,11.90,0.0132,true,1,114753
7290017457734,false,סוד מרכך מרוכז ורוד,סוד,,סוד מרכך מרוכז ורוד,מיליליטרים,900.00,"100 מ""ל",false,,11.90,0.0132,true,1,114754
7290017457871,false,סוד ג'ל לכביסה ירוק,סוד,,סוד ג'ל לכביסה ירוק,ליטרים,4.00,ליטר,false,,29.90,7.4750,true,1,120454
7290017457888,false,סוד ג'ל לכביסה כחול,סוד,,סוד ג'ל לכביסה כחול,ליטרים,4.00,ליטר,false,,29.90,7.4750,true,1,120455
7290017457895,false,סוד מרכך מרוכז ורוד,סוד,,סוד מרכך מרוכז ורוד,ליטרים,1.20,ליטר,false,,18.90,15.7500,true,1,119479
7290017477169,false,קשיו קלוי ששון הקולה,,,קשיו קלוי ששון הקולה,גרמים,250.00,100 גרם,false,,20.00,0.0800,true,1,189685
7290017513775,false,פליפז בייגלה מצופה ש,,,פליפז בייגלה מצופה ש,גרמים,140.00,100 גרם,false,,8.90,0.0636,true,1,118052
7290017513782,false,פליפז בייגלה מצופה ש,,,פליפז בייגלה מצופה ש,גרמים,140.00,100 גרם,false,,8.90,0.0636,true,1,118053
7290017521015,true,מפת שולחן בגליל 45 מ,,,מפת שולחן בגליל 45 מ,,0.00,,false,,29.90,0.0000,true,1,123103
7290017521169,false,פח נדנדה ראטן 5 ליטר,,,פח נדנדה ראטן 5 ליטר,יחידה,0.00,יחידה,false,,25.90,0.0000,true,1,113104
7290017521329,true,גליל מטליות רב שימוש,,,גליל מטליות רב שימוש,,0.00,,false,,12.90,0.0000,true,1,123104
7290017589633,false,יין רזרב קברנה GOLD,ברקן רזרב,,יין רזרב קברנה GOLD,מיליליטרים,750.00,"100 מ""ל",false,,34.90,0.0465,false,1,113218
7290017599236,false,סוכרזית סטיוויה 200,,,סוכרזית סטיוויה 200,גרמים,17.00,100 גרם,false,,24.90,1.4647,true,1,186331
7290017599267,false,סוכרזית סוכרלוז 120,,,סוכרזית סוכרלוז 120,גרמים,120.00,100 גרם,false,,26.90,0.2242,true,1,189906
7290017599304,false,סוכרזית סטיוויה כפית,,,סוכרזית סטיוויה כפית,גרמים,400.00,100 גרם,false,,36.90,0.0922,true,1,189928
7290017617046,false,רביעיה טונה סטאר קיס,,,רביעיה טונה סטאר קיס,גרמים,560.00,100 גרם,false,,26.90,0.0480,false,1,117826
7290017617268,false,טונה סטאר קיסט מעושנ,,,טונה סטאר קיסט מעושנ,גרמים,120.00,100 גרם,false,,15.90,0.1325,true,1,186955
7290017617435,false,סטארקיסט  מיקס סלמון,,,סטארקיסט  מיקס סלמון,גרמים,160.00,100 גרם,false,,13.90,0.0869,true,1,188750
7290017641096,false,שוקולד פרימיום 70% ל,,,שוקולד פרימיום 70% ל,גרמים,100.00,100 גרם,false,,8.50,0.0850,true,1,112984
7290017641102,false,שוקולד פרימיום 70% ל,,,שוקולד פרימיום 70% ל,גרמים,100.00,100 גרם,false,,8.50,0.0850,true,1,112985
7290017641409,false,סוכריות טופי בטעם תו,,,סוכריות טופי בטעם תו,גרמים,800.00,100 גרם,false,,10.50,0.0131,true,1,116075
7290017641720,false,שוקולד 70% שברי שקד,,,שוקולד 70% שברי שקד,גרמים,100.00,100 גרם,false,,7.90,0.0790,true,1,118520
7290017641737,false,שוקולד 70% שברי אגוז,,,שוקולד 70% שברי אגוז,גרמים,100.00,100 גרם,false,,7.90,0.0790,true,1,118521
7290017641744,false,שלוקים איגלו סטיקס,,,שלוקים איגלו סטיקס,יחידה,0.00,יחידה,false,,5.90,0.0000,true,1,118522
7290017647425,false,גמלא קברנה סוביניון,,,גמלא קברנה סוביניון,מיליליטרים,750.00,"100 מ""ל",false,,59.90,0.0799,true,1,121334
7290017647494,false,ירדן סירה 2018,,,ירדן סירה 2018,מיליליטרים,750.00,"100 מ""ל",false,,85.00,0.1133,true,1,126686
7290017647548,false,יין ירדן מרלו 2018,,,יין ירדן מרלו 2018,מיליליטרים,750.00,"100 מ""ל",false,,85.00,0.1133,true,1,186991
7290017677811,false,רוטב סויה קיקומן 296,,,רוטב סויה קיקומן 296,מיליליטרים,296.00,"100 מ""ל",false,,13.90,0.0470,true,1,115516
7290017712147,false,פרמיו פאוץ עוף לחתלת,,,פרמיו פאוץ עוף לחתלת,גרמים,85.00,100 גרם,false,,4.00,0.0471,true,1,189367
7290017712192,false,פרמיו נתחי פילה עוף,,,פרמיו נתחי פילה עוף,גרמים,100.00,100 גרם,false,,4.00,0.0400,true,1,190089
7290017712239,false,פרמיו פטה עוף לכלב 1,,,פרמיו פטה עוף לכלב 1,גרמים,150.00,100 גרם,false,,4.00,0.0267,true,1,189381
7290017712260,false,פרמיו פטה סלמון לכלב,,,פרמיו פטה סלמון לכלב,גרמים,150.00,100 גרם,false,,4.00,0.0267,true,1,189382
7290017712277,false,פרמיו פטה כבש לכלב 1,,,פרמיו פטה כבש לכלב 1,גרמים,150.00,100 גרם,false,,4.00,0.0267,true,1,189383
7290017712727,false,פרמיו גור בקר וכבד 1,,,פרמיו גור בקר וכבד 1,גרמים,100.00,100 גרם,false,,4.00,0.0400,true,1,189370
7290017712758,false,פרמיו סלמון 100 גר',,,פרמיו סלמון 100 גר',גרמים,100.00,100 גרם,false,,4.00,0.0400,true,1,189371
7290017712765,false,פרמיו סלמון ופורל לח,,,פרמיו סלמון ופורל לח,גרמים,100.00,100 גרם,false,,4.00,0.0400,true,1,190091
7290017712772,false,פרמיו בקר וכבד 100 ג,,,פרמיו בקר וכבד 100 ג,גרמים,100.00,100 גרם,false,,4.00,0.0400,true,1,189372
7290017712864,false,פרמיו מקלות סלמון 10,,,פרמיו מקלות סלמון 10,גרמים,100.00,100 גרם,false,,15.00,0.1500,true,1,189380
7290017712949,false,כריות סטרילייז פרמיו,,,כריות סטרילייז פרמיו,גרמים,60.00,100 גרם,false,,10.00,0.1667,true,1,190078
7290017744032,false,יין 12 השבטים בנימין,,,יין 12 השבטים בנימין,מיליליטרים,750.00,"100 מ""ל",false,,59.90,0.0799,true,1,186833
7290017746128,false,מארז 10 יח' פיתות בי,מאפיית דוידוביץ ובני,,מארז 10 יח' פיתות בי,גרמים,500.00,100 גרם,false,,8.40,0.0168,true,1,122025
7290017746135,false,מיני פיתות כוסמין 10,מאפיית דוידוביץ ובני,,מיני פיתות כוסמין 10,גרמים,500.00,100 גרם,false,,13.50,0.0270,true,1,122087
7290017812571,false,מיץ ענבים תירוש אדום,יקבי כרמל,,מיץ ענבים תירוש אדום,ליטרים,1.00,ליטר,false,,19.90,19.9000,false,1,118490
7290017812588,false,תירוש לבן 1 ל' 100%,,,תירוש לבן 1 ל' 100%,מיליליטרים,1000.00,"100 מ""ל",false,,19.90,0.0199,true,1,118923
7290017812618,false,תירוש רוזה 100% ענבי,,,תירוש רוזה 100% ענבי,מיליליטרים,1000.00,"100 מ""ל",false,,19.90,0.0199,true,1,118222
7290017812830,false,פ. קולקשיין רוזה,,,פ. קולקשיין רוזה,מיליליטרים,750.00,"100 מ""ל",false,,34.90,0.0465,true,1,123896
7290017812847,false,סלקטד פרנץ קולומברד,,,סלקטד פרנץ קולומברד,מיליליטרים,750.00,"100 מ""ל",false,,24.90,0.0332,true,1,123317
7290017812885,false,פרייבט קולקשיין בלאן,,,פרייבט קולקשיין בלאן,מיליליטרים,750.00,"100 מ""ל",false,,34.90,0.0465,true,1,125378
7290017871363,false,פמלי יהלום סבון ידיי,פמלי,,פמלי יהלום סבון ידיי,מיליליטרים,500.00,"100 מ""ל",false,,10.00,0.0200,true,1,119064
7290017871370,false,פמלי יהלום סבון ידיי,פמלי,,פמלי יהלום סבון ידיי,מיליליטרים,500.00,"100 מ""ל",false,,10.00,0.0200,true,1,119065
7290017871950,false,פרש וואנס נייר טואלט,פרש-וואנס,,פרש וואנס נייר טואלט,יחידה,0.00,יחידה,false,,12.90,0.0000,true,1,123675
7290017872049,false,פמלי אל סבון בניחוח,פמלי,,פמלי אל סבון בניחוח,מיליליטרים,1500.00,"100 מ""ל",false,,15.00,0.0100,true,1,120675
7290017872056,false,פמלי אל סבון סדרה לב,פמלי,,פמלי אל סבון סדרה לב,מיליליטרים,1500.00,"100 מ""ל",false,,15.00,0.0100,true,1,120676
7290017872063,false,פמלי אל סבון ארומתרפ,פמלי,,פמלי אל סבון ארומתרפ,מיליליטרים,1500.00,"100 מ""ל",false,,15.00,0.0100,true,1,120677
7290017872162,false,טוסו עוגיות אגוזי לו,,,טוסו עוגיות אגוזי לו,גרמים,200.00,100 גרם,false,,18.90,0.0945,true,1,119475
7290017872179,false,טוסו עוגיות טחינה 20,טוסו,,טוסו עוגיות טחינה 20,גרמים,200.00,100 גרם,false,,18.90,0.0945,true,1,120451
7290017872186,false,טוסו עוגיות פקאן 200,טוסו,,טוסו עוגיות פקאן 200,גרמים,200.00,100 גרם,false,,18.90,0.0945,true,1,120580
7290017872223,false,פמלי ג'ל לחיטוי ידיי,פמלי,,פמלי ג'ל לחיטוי ידיי,מיליליטרים,200.00,"100 מ""ל",false,,15.90,0.0795,true,1,119081
7290017872391,false,טוסו עוגיות אגוזי לו,טוסו,,טוסו עוגיות אגוזי לו,גרמים,300.00,100 גרם,false,,18.90,0.0630,true,1,121501
7290017872407,false,טוסו עוגיות טחינה מא,טוסו,,טוסו עוגיות טחינה מא,גרמים,300.00,100 גרם,false,,18.90,0.0630,true,1,122950
7290017872667,false,פמלי יהלום סבון ידיי,פמלי,,פמלי יהלום סבון ידיי,מיליליטרים,500.00,"100 מ""ל",false,,10.00,0.0200,true,1,121293
7290017872872,false,בייביביס חטיפי דגנים,,,בייביביס חטיפי דגנים,גרמים,40.00,100 גרם,false,,14.50,0.3625,true,1,187284
7290017872889,false,גלילונית שקיות אשפה,גלילונית,,גלילונית שקיות אשפה,יחידה,0.00,יחידה,false,,21.90,0.0000,true,1,186125
7290017872902,false,גלילונית שקיות אשפה,גלילונית,,גלילונית שקיות אשפה,יחידה,0.00,יחידה,false,,21.90,0.0000,true,1,186830
7290017872919,false,מרמולייט סטיביה ממתי,,,מרמולייט סטיביה ממתי,יחידה,0.00,יחידה,false,,19.90,0.0000,true,1,125363
7290017873008,false,גלילונית שקיות להקפא,גלילונית,,גלילונית שקיות להקפא,יחידה,0.00,יחידה,false,,14.90,0.0000,true,1,186344
7290017873015,false,גלילונית שקיות אשפה,גלילונית,,גלילונית שקיות אשפה,יחידה,0.00,יחידה,false,,19.90,0.0000,true,1,185959
7290017873190,false,פמלי תחליב רחצה לגוף,פמלי,,פמלי תחליב רחצה לגוף,מיליליטרים,700.00,"100 מ""ל",false,,12.90,0.0184,true,1,126823
7290017888026,false,FRUITַ&VEG אננס תפוח,,,FRUITַ&VEG אננס תפוח,מיליליטרים,350.00,"100 מ""ל",false,,6.90,0.0197,true,1,114185
7290017888033,false,FRUIT&VEG בננה מלון,,,FRUIT&VEG בננה מלון,מיליליטרים,350.00,"100 מ""ל",false,,6.90,0.0197,true,1,114186
7290017888095,false,רביעיית פחיות שוופס,שוופס,,רביעיית פחיות שוופס,מיליליטרים,1320.00,"100 מ""ל",false,,11.90,0.0090,false,1,114716
7290017888101,false,רביעיית פחיות שוופס,שוופס,,רביעיית פחיות שוופס,מיליליטרים,1320.00,"100 מ""ל",false,,11.90,0.0090,false,1,114717
7290017888644,false,FRUITַַ&VEG כורכום א,,,FRUITַַ&VEG כורכום א,מיליליטרים,350.00,"100 מ""ל",false,,6.90,0.0197,true,1,119880
7290017888729,false,שוופס סודה 1 ליטר,שוופס,,שוופס סודה 1 ליטר,ליטרים,1.00,ליטר,false,,3.90,3.9000,false,1,119881
7290017888859,false,שוופס מיקס פירות תות,שוופס,,שוופס מיקס פירות תות,מיליליטרים,330.00,"100 מ""ל",false,,3.90,0.0118,false,1,120154
7290017888972,false,מי עדן  פקק ספורט 1,מי עדן,,מי עדן  פקק ספורט 1,ליטרים,1.00,ליטר,false,,3.50,3.5000,true,1,120355
7290017917184,false,אולטרסול ג'ל אלוורה,אולטרסול,,אולטרסול ג'ל אלוורה,מיליליטרים,200.00,"100 מ""ל",false,,39.90,0.1995,true,1,188824
7290017917405,false,קמיל בלו מגבוני שבת,"ד""ר פישר",,קמיל בלו מגבוני שבת,יחידה,0.00,יחידה,false,,9.90,0.0000,true,1,119769
7290017917467,false,קמיל בלו אל סבון שיב,"ד""ר פישר",,קמיל בלו אל סבון שיב,ליטרים,1.00,ליטר,false,,29.90,29.9000,true,1,115498
7290017925554,false,בירה באדוויזר + כוס,,,בירה באדוויזר + כוס,מיליליטרים,1650.00,"100 מ""ל",false,,27.90,0.0169,true,1,189289
7290017928036,false,מקלות גריסיני שומשום,מאיר  בייגל,,מקלות גריסיני שומשום,גרמים,175.00,100 גרם,false,,10.90,0.0623,true,1,117267
7290017928043,false,גריסיני קראנץ' מלח 1,מאיר  בייגל,,גריסיני קראנץ' מלח 1,גרמים,175.00,100 גרם,false,,10.90,0.0623,true,1,117268
7290017928128,false,בייגלה מקלות מלח 400,מאיר  בייגל,,בייגלה מקלות מלח 400,גרמים,400.00,100 גרם,false,,10.90,0.0273,true,1,190615
7290017928227,false,שטוחלה פינוקים מאיר,מאיר  בייגל,,שטוחלה פינוקים מאיר,גרמים,300.00,100 גרם,false,,10.90,0.0363,true,1,117263
7290017928463,false,סמאש שברי בייגלה בטע,מאיר  בייגל,,סמאש שברי בייגלה בטע,גרמים,300.00,100 גרם,false,,13.90,0.0463,true,1,123757
7290017928616,false,שטוחלה שומשום מאיר ב,מאיר  בייגל,,שטוחלה שומשום מאיר ב,גרמים,300.00,100 גרם,false,,10.90,0.0363,true,1,117265
7290017928685,false,בייגלה שמיניות עם מל,מאיר  בייגל,,בייגלה שמיניות עם מל,גרמים,400.00,100 גרם,false,,10.90,0.0273,true,1,187837
7290017928746,false,פירורי בייגלה 200 גר,מאיר  בייגל,,פירורי בייגלה 200 גר,גרמים,200.00,100 גרם,false,,6.90,0.0345,true,1,187977
7290017928807,false,אצבעות שומשום מאיר ב,מאיר  בייגל,,אצבעות שומשום מאיר ב,גרמים,300.00,100 גרם,false,,10.90,0.0363,true,1,117276
7290017928821,false,מקלות גריסיני קלאסי,מאיר  בייגל,,מקלות גריסיני קלאסי,גרמים,200.00,100 גרם,false,,10.90,0.0545,true,1,117277
7290017946979,false,פרסיל ג'ל לכביסה מנט,פרסיל,,פרסיל ג'ל לכביסה מנט,ליטרים,2.40,ליטר,false,,34.90,14.5417,true,1,123929
7290017947105,false,לחם בסגנון אמריקה אנ,אנג'ל,,לחם בסגנון אמריקה אנ,גרמים,500.00,100 גרם,false,,13.50,0.0270,true,1,118214
7290017947457,false,חלה קלועה כוסמין אנג,אנג'ל,,חלה קלועה כוסמין אנג,גרמים,500.00,100 גרם,false,,16.90,0.0338,true,1,185726
7290017947464,false,פיתות כוסמין 8 יח' א,אנג'ל,,פיתות כוסמין 8 יח' א,גרמים,400.00,100 גרם,false,,13.90,0.0348,true,1,121624
7290017947495,false,לחמניות כוסמין שישיי,אנג'ל,,לחמניות כוסמין שישיי,גרמים,450.00,100 גרם,false,,12.90,0.0287,true,1,122336
7290017947891,false,לחם אנג'ל כוסמין וחי,אנג'ל,,לחם אנג'ל כוסמין וחי,גרמים,750.00,100 גרם,false,,12.90,0.0172,true,1,118160
7290017947921,false,שש לחמניות המבורגר א,,,שש לחמניות המבורגר א,גרמים,450.00,100 גרם,false,,12.50,0.0278,true,1,118355
7290017947938,false,לחמניות המבורגר 8 יח,אנג'ל,,לחמניות המבורגר 8 יח,גרמים,400.00,100 גרם,false,,13.90,0.0348,true,1,121627
7290018043844,false,פראוד חטיף חלבון בוט,,,פראוד חטיף חלבון בוט,גרמים,60.00,100 גרם,false,,11.90,0.1983,true,1,189086
7290018091029,false,"מקלות פילו תפו""א מעד",מעדנות,,"מקלות פילו תפו""א מעד",גרמים,450.00,100 גרם,false,,17.90,0.0398,true,1,120718
7290018091074,false,בצק עוגיות שוקולד צ',,,בצק עוגיות שוקולד צ',גרמים,300.00,100 גרם,false,,16.90,0.0563,true,1,189934
7290018091081,false,מאפה פילו תרד וגבינו,,,מאפה פילו תרד וגבינו,גרמים,320.00,100 גרם,false,,19.90,0.0622,true,1,188892
7290018091258,false,חטיפי פיצה עם גרעיני,,,חטיפי פיצה עם גרעיני,גרמים,730.00,100 גרם,false,,26.90,0.0368,true,1,126049
7290018091272,false,בצק עוגיות קקאו טריפ,,,בצק עוגיות קקאו טריפ,גרמים,300.00,100 גרם,false,,16.90,0.0563,true,1,189935
7290018091470,false,גלילת ביסקוויטים בטע,,,גלילת ביסקוויטים בטע,גרמים,300.00,100 גרם,false,,16.90,0.0563,true,1,189936
7290018091616,false,מקלות פילו גבינה מעד,מעדנות,,מקלות פילו גבינה מעד,גרמים,450.00,100 גרם,false,,17.90,0.0398,true,1,120720
7290018091661,false,פיצה ירקות שוק 380 ג,,,פיצה ירקות שוק 380 ג,גרמים,380.00,100 גרם,false,,18.90,0.0497,true,1,186547
7290018091821,false,פיצה נפוליטנה מעדנות,מעדנות,,פיצה נפוליטנה מעדנות,גרמים,210.00,100 גרם,false,,14.90,0.0710,false,1,121906
7290018091838,false,חטיפי פילאס גבינה מע,מעדנות,,חטיפי פילאס גבינה מע,גרמים,600.00,100 גרם,false,,19.90,0.0332,true,1,123691
7290018108239,false,חסה לליק מרינה,מרינה,,חסה לליק מרינה,יחידה,0.00,יחידה,false,,12.90,0.0000,true,1,190620
7290018131756,false,מאגדת שלגונים וניל מ,נסטלה גלידות,,מאגדת שלגונים וניל מ,גרמים,440.00,100 גרם,false,,26.50,0.0602,true,1,124015
7290018131855,false,מאגדת אקסטרים בראוני,,,מאגדת אקסטרים בראוני,גרמים,432.00,100 גרם,false,,32.00,0.0741,true,1,124134
7290018131879,false,מאגדת אקסטרים ריבת ח,,,מאגדת אקסטרים ריבת ח,גרמים,432.00,100 גרם,false,,32.00,0.0741,true,1,124135
7290018131954,false,מאגדת שלגונים לה פרו,נסטלה גלידות,,מאגדת שלגונים לה פרו,גרמים,350.00,100 גרם,false,,27.90,0.0797,true,1,124018
7290018156124,false,אל סבון קמיל שלישייה,"ד""ר פישר",,אל סבון קמיל שלישייה,מיליליטרים,1500.00,"100 מ""ל",false,,18.90,0.0126,true,1,117807
7290018165447,false,רזרב גולד מרלו 750 מ,ברקן רזרב,,רזרב גולד מרלו 750 מ,מיליליטרים,750.00,"100 מ""ל",false,,34.90,0.0465,false,1,123597
7290018192023,false,מקלות סלרי,מרינה,,מקלות סלרי,יחידה,0.00,יחידה,false,,6.90,0.0000,true,1,116721
7290018192658,false,צמד חמד שמפניון מרינ,מרינה,,צמד חמד שמפניון מרינ,יחידה,0.00,יחידה,false,,15.90,0.0000,true,1,121096
7290018198056,false,תפוגן קוביות תפוחי א,תפוגן,,תפוגן קוביות תפוחי א,קילוגרמים,1.50,"ק""ג",false,,25.90,17.2667,true,1,119608
7290018198148,false,תפוגן קריספי צ'יפס ק,,,תפוגן קריספי צ'יפס ק,קילוגרמים,1.25,"ק""ג",false,,25.90,20.7200,true,1,125007
7290018198209,false,תפוגן צ'יפס בטטה קרא,,,תפוגן צ'יפס בטטה קרא,גרמים,500.00,100 גרם,false,,19.90,0.0398,true,1,122917
7290018198254,false,תפוגן קריספי צ'יפס פ,,,תפוגן קריספי צ'יפס פ,קילוגרמים,1.25,"ק""ג",false,,25.90,20.7200,true,1,125008
7290018198384,false,תפוגן צ'יפס קריספי פ,,,תפוגן צ'יפס קריספי פ,קילוגרמים,1.25,"ק""ג",false,,25.90,20.7200,true,1,186137
7290018208052,false,תמר לח 500 גר,,,תמר לח 500 גר,גרמים,500.00,100 גרם,false,,9.90,0.0198,true,1,120338
7290018219584,false,ערמונים אורגניים קלו,זארובי,,ערמונים אורגניים קלו,גרמים,100.00,100 גרם,false,,5.00,0.0500,false,1,187970
7290018219607,false,גרעיני דלעת 200 גר',זארובי,,גרעיני דלעת 200 גר',גרמים,200.00,100 גרם,false,,10.90,0.0545,true,1,119757
7290018236086,false,נקניקיות עוף במליחות,,,נקניקיות עוף במליחות,קילוגרמים,1.00,"ק""ג",false,,31.90,31.9000,true,1,119860
7290018237281,false,סלמי ירדן 550 גר,,,סלמי ירדן 550 גר,גרמים,550.00,100 גרם,false,,24.90,0.0453,true,1,126373
7290018237373,false,עוף טוב פסטרמה צרובה,,,עוף טוב פסטרמה צרובה,גרמים,300.00,100 גרם,false,,26.90,0.0897,true,1,126091
7290018237397,false,עוף טוב פסטרמה מקורמ,,,עוף טוב פסטרמה מקורמ,גרמים,300.00,100 גרם,false,,26.90,0.0897,true,1,126092
7290018237410,false,עוף טוב פסטרמה במעשנ,,,עוף טוב פסטרמה במעשנ,גרמים,300.00,100 גרם,false,,26.90,0.0897,true,1,126093
7290018237489,false,עוף טוב דק דק פסטרמה,,,עוף טוב דק דק פסטרמה,גרמים,220.00,100 גרם,false,,21.00,0.0955,true,1,187130
7290018237496,false,עוף טוב דק דק פסטרמה,,,עוף טוב דק דק פסטרמה,גרמים,220.00,100 גרם,false,,21.00,0.0955,true,1,187131
7290018237908,false,נקנקיות עסיסיות למנג,,,נקנקיות עסיסיות למנג,גרמים,400.00,100 גרם,false,,12.90,0.0323,true,1,188629
7290018237922,false,שניצלונים בציפוי צ'י,,,שניצלונים בציפוי צ'י,גרמים,700.00,100 גרם,false,,18.90,0.0270,true,1,188623
7290018237939,false,שניצלונים בציפוי שומ,,,שניצלונים בציפוי שומ,גרמים,700.00,100 גרם,false,,18.90,0.0270,true,1,188622
7290018237960,false,עוף טוב כתף בקר עסיס,,,עוף טוב כתף בקר עסיס,גרמים,265.00,100 גרם,false,,24.90,0.0940,true,1,189515
7290018294352,false,"ערק כרמל 700 מ""ל",,,"ערק כרמל 700 מ""ל",מיליליטרים,700.00,"100 מ""ל",false,,54.90,0.0784,true,1,187137
7290018294369,false,"תירוש אדום 700 מ""ל",,,"תירוש אדום 700 מ""ל",מיליליטרים,700.00,"100 מ""ל",false,,13.90,0.0199,true,1,190140
7290018294383,false,סדרה אזורית פינו גרי,,,סדרה אזורית פינו גרי,מיליליטרים,750.00,"100 מ""ל",false,,54.90,0.0732,true,1,187974
7290018294918,false,יין כרמל MOONLIGHT מ,,,יין כרמל MOONLIGHT מ,מיליליטרים,750.00,"100 מ""ל",false,,34.90,0.0465,true,1,189303
7290018296042,false,לחם טוסט אמריקה אגמי,,,לחם טוסט אמריקה אגמי,גרמים,500.00,100 גרם,false,,12.50,0.0250,true,1,126901
7290018296202,false,לחם אחיד פלוס כוסמין,,,לחם אחיד פלוס כוסמין,גרמים,650.00,100 גרם,false,,13.90,0.0214,true,1,117582
7290018296257,false,לחם בריאות ושובע שיב,,,לחם בריאות ושובע שיב,גרמים,550.00,100 גרם,false,,16.60,0.0302,true,1,126717
7290018296448,false,לחם בריוש אגמי,,,לחם בריוש אגמי,גרמים,500.00,100 גרם,false,,13.90,0.0278,true,1,187460
7290018296455,false,לחם דגנים קל מרובע ח,,,לחם דגנים קל מרובע ח,גרמים,750.00,100 גרם,false,,16.90,0.0225,true,1,188985
7290018296608,false,לחם בריאות ושובע 9 ד,,,לחם בריאות ושובע 9 ד,גרמים,600.00,100 גרם,false,,13.90,0.0232,true,1,117584
7290018296615,false,פיתה ביס כוסמין מלא,,,פיתה ביס כוסמין מלא,גרמים,450.00,100 גרם,false,,16.60,0.0369,true,1,117585
7290018296653,false,לחם אחיד פלוס כוסמין,,,לחם אחיד פלוס כוסמין,גרמים,700.00,100 גרם,false,,16.90,0.0241,true,1,188986
7290018296806,false,לחם בריאות ושובע מוע,,,לחם בריאות ושובע מוע,גרמים,600.00,100 גרם,false,,13.90,0.0232,true,1,117580
7290018296813,false,פיתה קלה ביס 10 יח',,,פיתה קלה ביס 10 יח',גרמים,450.00,100 גרם,false,,13.90,0.0309,true,1,117586
7290018333020,false,שלוקים בטעם ענבים עם,,,שלוקים בטעם ענבים עם,ליטרים,8.00,ליטר,false,,32.90,4.1125,true,1,122915
7290018333112,false,אריזת טופי אצבעות מי,,,אריזת טופי אצבעות מי,גרמים,402.00,100 גרם,false,,9.90,0.0246,true,1,187407
7290018333945,false,חטיף אגוזים רפאלס שק,,,חטיף אגוזים רפאלס שק,גרמים,150.00,100 גרם,false,,14.90,0.0993,true,1,125779
7290018333952,false,חטיף אגוזים וחמוציות,,,חטיף אגוזים וחמוציות,גרמים,150.00,100 גרם,false,,14.90,0.0993,true,1,125780
7290018333969,false,חטיף גרנולה שקדים וט,,,חטיף גרנולה שקדים וט,גרמים,150.00,100 גרם,false,,14.90,0.0993,true,1,125781
7290018333976,false,חטיף גרנולה קשיו וקו,,,חטיף גרנולה קשיו וקו,גרמים,150.00,100 גרם,false,,14.90,0.0993,true,1,125782
7290018338698,false,פנה מקמח דורום אורגנ,תבואות,,פנה מקמח דורום אורגנ,גרמים,500.00,100 גרם,false,,8.40,0.0168,true,1,187769
7290018338704,false,פוסילי מקמח דורום או,תבואות,,פוסילי מקמח דורום או,גרמים,500.00,100 גרם,false,,8.40,0.0168,true,1,187770
7290018343296,false,"אלכוג'ל 100 מ""ל","ד""ר פישר",,"אלכוג'ל 100 מ""ל",מיליליטרים,100.00,"100 מ""ל",false,,9.90,0.0990,true,1,126421
7290018394038,false,פטריות שיטאקי מיובשו,,,פטריות שיטאקי מיובשו,גרמים,25.00,100 גרם,false,,8.40,0.3360,true,1,122775
7290018394083,false,שום פנינה 250 גר' חו,,,שום פנינה 250 גר' חו,גרמים,250.00,100 גרם,false,,12.90,0.0516,true,1,126523
7290018394113,false,דואט פטריות שי-מג'י,,,דואט פטריות שי-מג'י,גרמים,300.00,100 גרם,false,,21.50,0.0717,true,1,189220
7290018394144,false,איזי שאלוט,,,איזי שאלוט,גרמים,350.00,100 גרם,false,,9.50,0.0271,true,1,188809
7290018394151,false,מיקס פטריות אקזוטי,,,מיקס פטריות אקזוטי,גרמים,400.00,100 גרם,false,,24.90,0.0622,true,1,188810
7290018400661,false,לקט פאייה בסגנון ספר,סנפרוסט,,לקט פאייה בסגנון ספר,גרמים,800.00,100 גרם,false,,21.00,0.0263,true,1,126826
7290018440209,false,פליפז בייגלה בציפוי,,,פליפז בייגלה בציפוי,גרמים,140.00,100 גרם,false,,8.90,0.0636,true,1,124067
7290018440230,false,צ'אי ורדים,ויסוצקי,,צ'אי ורדים,גרמים,50.00,100 גרם,false,,19.90,0.3980,true,1,186236
7290018440247,false,צ'אי שקדים,ויסוצקי,,צ'אי שקדים,גרמים,50.00,100 גרם,false,,19.90,0.3980,true,1,186235
7290018440384,false,תה ירוק מאטה לימון נ,ויסוצקי,,תה ירוק מאטה לימון נ,גרמים,37.50,100 גרם,false,,24.90,0.6640,false,1,186218
7290018440438,false,טונה EASY ELIP בשמן,,,טונה EASY ELIP בשמן,גרמים,195.00,100 גרם,false,,25.90,0.1328,true,1,189260
7290018440445,false,טונה בשמן זית 160 גר,,,טונה בשמן זית 160 גר,גרמים,160.00,100 גרם,false,,15.90,0.0994,true,1,189263
7290018440490,false,סלט טונה עם קוסקוס 1,,,סלט טונה עם קוסקוס 1,גרמים,150.00,100 גרם,false,,13.90,0.0927,true,1,189264
7290018440513,false,סלט קליפורניה עם טונ,,,סלט קליפורניה עם טונ,גרמים,150.00,100 גרם,false,,13.90,0.0927,true,1,189261
7290018440520,false,סלט טונה מקסיקני 150,,,סלט טונה מקסיקני 150,גרמים,150.00,100 גרם,false,,13.90,0.0927,true,1,189262
7290018468401,false,פסטרמה צמחונית בטעם,טירת צבי,,פסטרמה צמחונית בטעם,גרמים,120.00,100 גרם,false,,14.90,0.1242,true,1,190561
7290018468418,false,פסטרמה צמחונית בטעם,טירת צבי,,פסטרמה צמחונית בטעם,גרמים,120.00,100 גרם,false,,14.90,0.1242,true,1,190562
7290018468432,false,נקניק טבעוני בטעם מע,טירת צבי,,נקניק טבעוני בטעם מע,גרמים,100.00,100 גרם,false,,14.90,0.1490,true,1,190564
7290018471029,false,שישייה סודה שוופס לי,שוופס,,שישייה סודה שוופס לי,ליטרים,3.00,ליטר,false,,14.90,4.9667,true,1,122416
7290018471180,false,פרוט & ווג' אננס תפו,,,פרוט & ווג' אננס תפו,ליטרים,1.00,ליטר,false,,11.90,11.9000,true,1,125020
7290018471197,false,פרוט & ווג' תפוח בננ,,,פרוט & ווג' תפוח בננ,ליטרים,1.00,ליטר,false,,11.90,11.9000,true,1,125021
7290018471210,false,ספרינג קרטונית אגס ת,ספרינג,,ספרינג קרטונית אגס ת,ליטרים,1.00,ליטר,false,,6.90,6.9000,false,1,125026
7290018471395,false,פרוט & ווג' תפוח רימ,,,פרוט & ווג' תפוח רימ,ליטרים,1.00,ליטר,false,,11.90,11.9000,true,1,125019
7290018471401,false,פרוט & ווג' אננס בננ,,,פרוט & ווג' אננס בננ,ליטרים,1.00,ליטר,false,,11.90,11.9000,true,1,125022
7290018471449,false,ספרינג שייק בננה תמר,ספרינג,,ספרינג שייק בננה תמר,ליטרים,1.00,ליטר,false,,9.90,9.9000,true,1,126426
7290018471456,false,ספרינג שייק אננס מנג,ספרינג,,ספרינג שייק אננס מנג,ליטרים,1.00,ליטר,false,,9.90,9.9000,true,1,126427
7290018471463,false,תפוזינה נקטר תפוז מנ,ספרינג,,תפוזינה נקטר תפוז מנ,ליטרים,1.00,ליטר,false,,6.90,6.9000,false,1,125341
7290018471470,false,תפוזינה נקטר תפוז פס,ספרינג,,תפוזינה נקטר תפוז פס,ליטרים,1.00,ליטר,false,,6.90,6.9000,false,1,125342
7290018471487,false,תפוזינה נקטר תפוז אנ,,,תפוזינה נקטר תפוז אנ,ליטרים,1.00,ליטר,false,,6.90,6.9000,false,1,125340
7290018471494,false,תפוזינה משקה תפוז גז,ספרינג,,תפוזינה משקה תפוז גז,ליטרים,1.00,ליטר,false,,6.90,6.9000,false,1,125343
7290018471548,false,"ספרינג ענבים 250 מ""ל",ספרינג,,"ספרינג ענבים 250 מ""ל",ליטרים,1.00,ליטר,false,,12.00,12.0000,false,1,124680
7290018471630,false,שוופס טוניק מלפפון ל,שוופס,,שוופס טוניק מלפפון ל,ליטרים,1.00,ליטר,false,,9.00,9.0000,false,1,125804
7290018471692,false,ספרינג שייק בננה אגס,ספרינג,,ספרינג שייק בננה אגס,ליטרים,1.00,ליטר,false,,9.90,9.9000,true,1,126428
7290018471906,false,שוופס מוגז פירות לימ,,,שוופס מוגז פירות לימ,ליטרים,1.50,ליטר,false,,8.90,5.9333,false,1,186573
7290018471913,false,שוופס מוגז פירות תפו,,,שוופס מוגז פירות תפו,ליטרים,1.50,ליטר,false,,8.90,5.9333,false,1,186574
7290018471920,false,שוופס מוגז פירות ענב,,,שוופס מוגז פירות ענב,ליטרים,1.50,ליטר,false,,8.90,5.9333,false,1,186575
7290018471937,false,שוופס מוגז פירות תות,,,שוופס מוגז פירות תות,ליטרים,1.50,ליטר,false,,8.90,5.9333,false,1,186576
7290018471944,false,שוופס מוגז פירות לימ,,,שוופס מוגז פירות לימ,ליטרים,1.50,ליטר,false,,8.90,5.9333,false,1,186577
7290018471951,false,שוופס מוגז פירות אשכ,,,שוופס מוגז פירות אשכ,ליטרים,1.50,ליטר,false,,8.90,5.9333,false,1,186578
7290018493021,false,מדקס אל סבון אקטיבי,"ד""ר פישר",,מדקס אל סבון אקטיבי,מיליליטרים,500.00,"100 מ""ל",false,,17.90,0.0358,true,1,123671
7290018493069,false,קרם ידיים מועשר בשמן,"ד""ר פישר",,קרם ידיים מועשר בשמן,מיליליטרים,100.00,"100 מ""ל",false,,15.90,0.1590,true,1,123815
7290018493700,false,קידס אל סבון ויטמיני,"ד""ר פישר",,קידס אל סבון ויטמיני,מיליליטרים,500.00,"100 מ""ל",false,,12.90,0.0258,true,1,185845
7290018493724,false,קידס אל סבון ויטמיני,"ד""ר פישר",,קידס אל סבון ויטמיני,מיליליטרים,500.00,"100 מ""ל",false,,12.90,0.0258,true,1,186969
7290018493915,false,שמן גוף לתינוק מועשר,"ד""ר פישר",,שמן גוף לתינוק מועשר,מיליליטרים,200.00,"100 מ""ל",false,,17.90,0.0895,true,1,187792
7290018493977,false,קמיל קלין קלאם אל סב,"ד""ר פישר",,קמיל קלין קלאם אל סב,יחידה,0.00,יחידה,false,,15.90,0.0000,true,1,126720
7290018500361,false,לחם אחיד פרוס אנג'ל,אנג'ל,,לחם אחיד פרוס אנג'ל,גרמים,900.00,100 גרם,false,,8.53,0.0095,false,1,189304
7290018516041,false,פרמיו דליקט עוף 56 ג,,,פרמיו דליקט עוף 56 ג,גרמים,56.00,100 גרם,false,,10.00,0.1786,true,1,189374
7290018516065,false,פרמיו דליקט טונה וסל,,,פרמיו דליקט טונה וסל,גרמים,56.00,100 גרם,false,,10.00,0.1786,true,1,189377
7290018516393,false,פרמיו סופרים מיקס 3,,,פרמיו סופרים מיקס 3,קילוגרמים,3.00,"ק""ג",false,,59.90,19.9667,true,1,189360
7290018516560,false,פרמיו דליקט עוף וסרט,,,פרמיו דליקט עוף וסרט,גרמים,56.00,100 גרם,false,,10.00,0.1786,true,1,190094
7290018516577,false,פרמיו דליקט עוף לחתל,,,פרמיו דליקט עוף לחתל,גרמים,56.00,100 גרם,false,,10.00,0.1786,true,1,190095
7290018516737,false,פרמיו סופרים עוף ובק,,,פרמיו סופרים עוף ובק,קילוגרמים,3.00,"ק""ג",false,,59.90,19.9667,true,1,190069
7290018516744,false,פרמיו סופרים עוף וסל,,,פרמיו סופרים עוף וסל,קילוגרמים,3.00,"ק""ג",false,,59.90,19.9667,true,1,190070
7290018516799,false,פרמיו פטה עוף וכבד ל,,,פרמיו פטה עוף וכבד ל,גרמים,400.00,100 גרם,false,,5.90,0.0148,true,1,190106
7290018516805,false,פרמיו פטה עוף לחתול,,,פרמיו פטה עוף לחתול,גרמים,400.00,100 גרם,false,,5.90,0.0148,true,1,190107
7290018516829,false,פרמיו סלמון לחתול בו,,,פרמיו סלמון לחתול בו,גרמים,400.00,100 גרם,false,,5.90,0.0148,true,1,190105
7290018516836,false,פרמיו סטרילייז סלמון,,,פרמיו סטרילייז סלמון,גרמים,400.00,100 גרם,false,,5.90,0.0148,true,1,190108
7290018516867,false,פרמיו עוף ואורז במרק,,,פרמיו עוף ואורז במרק,גרמים,400.00,100 גרם,false,,5.90,0.0148,true,1,190109
7290018516874,false,פרמיו פטה בקר ואורז,,,פרמיו פטה בקר ואורז,גרמים,400.00,100 גרם,false,,5.90,0.0148,true,1,190110
7290018516881,false,פרמיו סלמון ואורז לכ,,,פרמיו סלמון ואורז לכ,גרמים,400.00,100 גרם,false,,5.90,0.0148,true,1,190111
7290018516942,false,פרמיו סופרים עופות ל,,,פרמיו סופרים עופות ל,קילוגרמים,3.00,"ק""ג",false,,49.90,16.6333,true,1,190073
7290018517000,false,כפפות גומי,,,כפפות גומי,יחידה,0.00,יחידה,false,,6.90,0.0000,true,1,122783
7290018517260,false,זרעי פשתן 300 גר' 10,,,זרעי פשתן 300 גר' 10,גרמים,300.00,100 גרם,false,,10.90,0.0363,true,1,187744
7290018540329,false,פיתות אנג'ל 8 יח',אנג'ל,,פיתות אנג'ל 8 יח',גרמים,880.00,100 גרם,false,,11.50,0.0131,true,1,124191
7290018540817,false,ארטיזנל לחם מחמצת כו,אנג'ל,,ארטיזנל לחם מחמצת כו,גרמים,500.00,100 גרם,false,,16.90,0.0338,true,1,186780
7290018540824,false,ארטיזנל לחם מחמצת כפ,אנג'ל,,ארטיזנל לחם מחמצת כפ,גרמים,500.00,100 גרם,false,,15.90,0.0318,true,1,186781
7290018540831,false,ארטיזנל לחם מחמצת חי,אנג'ל,,ארטיזנל לחם מחמצת חי,גרמים,500.00,100 גרם,false,,15.90,0.0318,true,1,186782
7290018564622,false,שום כתוש טבליות 80 ג,,,שום כתוש טבליות 80 ג,גרמים,80.00,100 גרם,false,,9.90,0.1238,true,1,186466
7290018652039,false,לה קרמריה קרמל מלוח,,,לה קרמריה קרמל מלוח,ליטרים,1.40,ליטר,false,,22.90,16.3571,true,1,124137
7290018652213,false,נסטלה מאגדת קראנץ בר,,,נסטלה מאגדת קראנץ בר,גרמים,246.00,100 גרם,false,,22.90,0.0931,true,1,187615
7290018652671,false,לה קרמריה שוקו וניל,,,לה קרמריה שוקו וניל,ליטרים,1.40,ליטר,false,,22.90,16.3571,false,1,187687
7290018652909,false,מאגדת אספרסו שוקולד,,,מאגדת אספרסו שוקולד,גרמים,225.00,100 גרם,false,,27.90,0.1240,true,1,187617
7290018652923,false,מאגדת תות עוגת גבינה,,,מאגדת תות עוגת גבינה,גרמים,225.00,100 גרם,false,,27.90,0.1240,true,1,187618
7290018691007,true,פינגר ליים,,,פינגר ליים,,0.00,,false,,29.90,0.0000,true,1,123119
7290018703229,false,פראוד - חטיף חלבון ט,,,פראוד - חטיף חלבון ט,גרמים,60.00,100 גרם,false,,11.90,0.1983,true,1,188765
7290018703243,false,פראוד - חטיף חלבון ט,,,פראוד - חטיף חלבון ט,גרמים,60.00,100 גרם,false,,11.90,0.1983,true,1,188766
7290018724804,false,זרעי צ'יה נטורלה,,,זרעי צ'יה נטורלה,גרמים,230.00,100 גרם,false,,12.90,0.0561,true,1,123010
7290018795385,false,חסה לליק,מרינה,,חסה לליק,יחידה,0.00,יחידה,false,,13.90,0.0000,true,1,187232
7290018878224,false,מיני קוקיס בטעם שוקו,,,מיני קוקיס בטעם שוקו,גרמים,600.00,100 גרם,false,,15.90,0.0265,true,1,190446
7290018878231,false,"מיני קוקיס לל""ס בטעם",,,"מיני קוקיס לל""ס בטעם",גרמים,600.00,100 גרם,false,,21.90,0.0365,true,1,190445
7290018889305,false,קינוח לב אדום נטלי,,,קינוח לב אדום נטלי,יחידה,0.00,יחידה,false,,19.90,0.0000,true,1,189102
7290018889404,false,פס עוגת רד וולווט נט,,,פס עוגת רד וולווט נט,יחידה,0.00,יחידה,false,,43.90,0.0000,true,1,189104
7290018889473,false,קינוח מוס גבינה נטלי,,,קינוח מוס גבינה נטלי,יחידה,0.00,יחידה,false,,19.90,0.0000,true,1,189103
7290018893135,false,צ'וקטה גריסיני מלח,,,צ'וקטה גריסיני מלח,גרמים,120.00,100 גרם,false,,7.90,0.0658,true,1,189433
7290018893142,false,צ'וקטה גריסיני שמן ז,,,צ'וקטה גריסיני שמן ז,גרמים,120.00,100 גרם,false,,7.90,0.0658,true,1,189434
7290018893258,false,צ'וקטה עוגות אישיות,,,צ'וקטה עוגות אישיות,גרמים,300.00,100 גרם,false,,10.90,0.0363,true,1,126743
7290018893265,false,צ'וקטה עוגות אישיות,,,צ'וקטה עוגות אישיות,גרמים,240.00,100 גרם,false,,10.90,0.0454,true,1,126745
7290018893272,false,צ'וקטה צדפות שוקולד,,,צ'וקטה צדפות שוקולד,גרמים,125.00,100 גרם,false,,12.90,0.1032,true,1,188270
7290018893333,false,צ'וקטה קרקרים במליחו,,,צ'וקטה קרקרים במליחו,גרמים,500.00,100 גרם,false,,12.90,0.0258,true,1,190406
7290018893340,false,צ'וקטה גריסיני שומשו,,,צ'וקטה גריסיני שומשו,גרמים,120.00,100 גרם,false,,7.90,0.0658,true,1,189435
7290018893418,false,צ'וקטה שוקולד מריר 6,,,צ'וקטה שוקולד מריר 6,גרמים,600.00,100 גרם,false,,21.90,0.0365,true,1,187070
7290018893425,false,צ'וקטה ממרח דואו 700,צ'וקטה,,צ'וקטה ממרח דואו 700,גרמים,700.00,100 גרם,false,,18.90,0.0270,false,1,187169
7290018893456,false,צ'וקטה עוגות אישיות,,,צ'וקטה עוגות אישיות,גרמים,300.00,100 גרם,false,,10.90,0.0363,true,1,126742
7290018893531,false,צ'וקטה קרקרים מלוחים,,,צ'וקטה קרקרים מלוחים,גרמים,500.00,100 גרם,false,,12.90,0.0258,true,1,190407
7290018893616,false,צ'וקטה מארז שוקולד מ,,,צ'וקטה מארז שוקולד מ,גרמים,600.00,100 גרם,false,,19.90,0.0332,true,1,186670
7290018893661,false,צ'וקטה עוגות אישיות,,,צ'וקטה עוגות אישיות,גרמים,240.00,100 גרם,false,,10.90,0.0454,true,1,126744
7290018893746,false,צ'וקטה בייגלה עגבניו,,,צ'וקטה בייגלה עגבניו,גרמים,180.00,100 גרם,false,,6.90,0.0383,true,1,189786
7290018893814,false,שוקולד מריר 48% חמיש,צ'וקטה,,שוקולד מריר 48% חמיש,גרמים,500.00,100 גרם,false,,15.90,0.0318,true,1,186020
7290018893876,false,צ'וקטה עוגות אישיות,,,צ'וקטה עוגות אישיות,גרמים,200.00,100 גרם,false,,10.90,0.0545,true,1,126746
7290018893920,false,לוקיטוס סוכריות ג'לי,,,לוקיטוס סוכריות ג'לי,גרמים,700.00,100 גרם,false,,18.90,0.0270,true,1,190404
7290018893937,false,לוקיטוס סוכריות ג'לי,,,לוקיטוס סוכריות ג'לי,גרמים,300.00,100 גרם,false,,9.90,0.0330,true,1,190405
7290018894040,false,צ'וקטה שוקולד חלב 1/,,,צ'וקטה שוקולד חלב 1/,גרמים,500.00,100 גרם,false,,19.90,0.0398,true,1,190508
7290018894248,false,צ'וקטה שוקולד חלב 1/,,,צ'וקטה שוקולד חלב 1/,גרמים,300.00,100 גרם,false,,12.90,0.0430,true,1,190408
7290018921029,false,רביעיית מגבוני קמיל,"ד""ר פישר",,רביעיית מגבוני קמיל,יחידה,0.00,יחידה,false,,21.90,0.0000,true,1,186745
7290018921449,false,רביעיית מגבוני קמיל,"ד""ר פישר",,רביעיית מגבוני קמיל,יחידה,0.00,יחידה,false,,24.90,0.0000,true,1,186746
7290018921609,false,קמיל בלו קרם החתלה ק,"ד""ר פישר",,קמיל בלו קרם החתלה ק,גרמים,120.00,100 גרם,false,,21.90,0.1825,true,1,189897
7290018921654,false,אפקטיב קר תחליב רחצה,"ד""ר פישר",,אפקטיב קר תחליב רחצה,מיליליטרים,700.00,"100 מ""ל",false,,16.90,0.0241,true,1,187386
7290018925058,false,מיץ תפוח וחמוציות פר,,,מיץ תפוח וחמוציות פר,מיליליטרים,750.00,"100 מ""ל",false,,11.90,0.0159,true,1,188743
7290018925065,false,מיץ תפוזים סחוט פרימ,,,מיץ תפוזים סחוט פרימ,ליטרים,2.00,ליטר,false,,26.90,13.4500,false,1,186901
7290018925072,false,משקה קל לימונים ונענ,,,משקה קל לימונים ונענ,ליטרים,2.00,ליטר,false,,27.90,13.9500,false,1,186902
7290018925089,false,מיץ תפוחים צלול 100%,,,מיץ תפוחים צלול 100%,ליטרים,2.00,ליטר,false,,26.90,13.4500,false,1,186903
7290018925416,false,פרימור מיץ לימון ופס,,,פרימור מיץ לימון ופס,מיליליטרים,400.00,"100 מ""ל",false,,8.70,0.0218,true,1,189794
7290019056027,false,שוופס מוגז פירות תפו,,,שוופס מוגז פירות תפו,ליטרים,1.50,ליטר,false,,8.90,5.9333,false,1,186579
7290019056034,false,שוופס מוגז פירות אננ,,,שוופס מוגז פירות אננ,ליטרים,1.50,ליטר,false,,8.90,5.9333,false,1,186580
7290019056041,false,שוופס מוגז פירות לימ,,,שוופס מוגז פירות לימ,ליטרים,1.50,ליטר,false,,8.90,5.9333,false,1,186581
7290019056058,false,שוופס מוגז עדין תפוח,,,שוופס מוגז עדין תפוח,ליטרים,1.50,ליטר,false,,8.90,5.9333,false,1,186567
7290019056065,false,שוופס מוגז עדין פירו,,,שוופס מוגז עדין פירו,ליטרים,1.50,ליטר,false,,8.90,5.9333,false,1,186568
7290019056072,false,שוופס מוגז עדין אננס,,,שוופס מוגז עדין אננס,ליטרים,1.50,ליטר,false,,8.90,5.9333,false,1,186569
7290019056089,false,שוופס מוגז עדין ענבי,,,שוופס מוגז עדין ענבי,ליטרים,1.50,ליטר,false,,8.90,5.9333,false,1,186570
7290019056096,false,שוופס מוגז עדין אפרס,,,שוופס מוגז עדין אפרס,ליטרים,1.50,ליטר,false,,8.90,5.9333,false,1,186571
7290019056119,false,שוופס סודה 1.5 ל',,,שוופס סודה 1.5 ל',ליטרים,1.50,ליטר,false,,3.90,2.6000,false,1,186557
7290019056126,false,שוופס סודה לימון 1.5,,,שוופס סודה לימון 1.5,ליטרים,1.50,ליטר,false,,3.90,2.6000,false,1,186560
7290019056164,false,שוופס סודה 1.5 ל' רב,,,שוופס סודה 1.5 ל' רב,ליטרים,6.00,ליטר,false,,12.50,2.0833,false,1,186558
7290019056171,false,שוופס סודה לימון 1.5,,,שוופס סודה לימון 1.5,ליטרים,6.00,ליטר,false,,12.50,2.0833,false,1,186559
7290019056188,false,שוופס סודה נענע ליים,,,שוופס סודה נענע ליים,ליטרים,6.00,ליטר,false,,12.50,2.0833,false,1,186562
7290019056201,false,שוופס סודה פירות יער,,,שוופס סודה פירות יער,ליטרים,6.00,ליטר,false,,12.50,2.0833,false,1,186566
7290019056249,false,שוופס מים בטעמים ענב,,,שוופס מים בטעמים ענב,ליטרים,1.50,ליטר,false,,7.50,5.0000,false,1,186552
7290019056256,false,שוופס מים בטעמים תפו,,,שוופס מים בטעמים תפו,ליטרים,1.50,ליטר,false,,7.50,5.0000,false,1,186553
7290019056263,false,שוופס מים בטעמים אפר,,,שוופס מים בטעמים אפר,ליטרים,1.50,ליטר,false,,7.50,5.0000,false,1,186554
7290019056270,false,שוופס מים בטעמים פיר,,,שוופס מים בטעמים פיר,ליטרים,1.50,ליטר,false,,7.50,5.0000,false,1,186555
7290019056287,false,שוופס מים בטעמים אפר,,,שוופס מים בטעמים אפר,ליטרים,1.50,ליטר,false,,7.50,5.0000,false,1,186556
7290019056294,false,שוופס ג'ינג'ר אייל 1,,,שוופס ג'ינג'ר אייל 1,ליטרים,1.50,ליטר,false,,12.50,8.3333,false,1,186468
7290019056300,false,שוופס ביטר למון 1.5,,,שוופס ביטר למון 1.5,ליטרים,1.50,ליטר,false,,12.50,8.3333,false,1,186469
7290019056317,false,שוופס ראשן 1.5 ל',,,שוופס ראשן 1.5 ל',ליטרים,1.50,ליטר,false,,12.50,8.3333,false,1,186470
7290019056324,false,שוופס טוניק 1.5 ל',,,שוופס טוניק 1.5 ל',ליטרים,1.50,ליטר,false,,12.50,8.3333,false,1,186471
7290019056331,false,שוופס טוניק ללא סוכר,,,שוופס טוניק ללא סוכר,ליטרים,1.50,ליטר,false,,12.50,8.3333,false,1,186472
7290019056355,false,תפוזינה לימונענע 1.5,,,תפוזינה לימונענע 1.5,ליטרים,1.50,ליטר,false,,8.90,5.9333,false,1,186473
7290019056362,false,תפוזינה ענבים 1.5 ל',,,תפוזינה ענבים 1.5 ל',ליטרים,1.50,ליטר,false,,8.90,5.9333,false,1,186474
7290019056379,false,תפוזינה תפוזים 1.5 ל,,,תפוזינה תפוזים 1.5 ל,ליטרים,1.50,ליטר,false,,8.90,5.9333,false,1,186475
7290019056386,false,תפוזינה אשכוליות 1.5,,,תפוזינה אשכוליות 1.5,ליטרים,1.50,ליטר,false,,8.90,5.9333,false,1,186476
7290019056393,false,תפוזינה תות בננה 1.5,,,תפוזינה תות בננה 1.5,ליטרים,1.50,ליטר,false,,8.90,5.9333,false,1,186477
7290019056409,false,תפוזינה מנגו 1.5 ל',,,תפוזינה מנגו 1.5 ל',ליטרים,1.50,ליטר,false,,8.90,5.9333,false,1,186478
7290019056416,false,תפוזינה לימונדה ורוד,,,תפוזינה לימונדה ורוד,ליטרים,1.50,ליטר,false,,8.90,5.9333,false,1,186479
7290019056423,false,תפוזינה תפוחים 1.5 ל,,,תפוזינה תפוחים 1.5 ל,ליטרים,1.50,ליטר,false,,8.90,5.9333,false,1,186480
7290019056430,false,תפוזינה תפוזים לייט,,,תפוזינה תפוזים לייט,ליטרים,1.50,ליטר,false,,8.90,5.9333,false,1,186481
7290019056447,false,תפוזינה אשכוליות ליי,,,תפוזינה אשכוליות ליי,ליטרים,1.50,ליטר,false,,8.90,5.9333,false,1,186482
7290019056478,false,ספרינג תה אפרסק 1.5,,,ספרינג תה אפרסק 1.5,ליטרים,1.50,ליטר,false,,7.00,4.6667,false,1,186498
7290019056485,false,ספרינג תה תה ירוק לי,,,ספרינג תה תה ירוק לי,ליטרים,1.50,ליטר,false,,7.00,4.6667,false,1,186499
7290019056492,false,ספרינג תה מנגו אפרסק,,,ספרינג תה מנגו אפרסק,ליטרים,1.50,ליטר,false,,7.00,4.6667,false,1,186500
7290019056508,false,פרוט ווטר ענבים 1.5,,,פרוט ווטר ענבים 1.5,ליטרים,1.50,ליטר,false,,8.90,5.9333,false,1,186517
7290019056515,false,פרוט ווטר אננס 1.5 ל,,,פרוט ווטר אננס 1.5 ל,ליטרים,1.50,ליטר,false,,8.90,5.9333,false,1,186518
7290019056522,false,פרוט ווטר תות 1.5 ל',,,פרוט ווטר תות 1.5 ל',ליטרים,1.50,ליטר,false,,8.90,5.9333,false,1,186519
7290019056539,false,פרוט ווטר אפרסק 1.5,,,פרוט ווטר אפרסק 1.5,ליטרים,1.50,ליטר,false,,8.90,5.9333,false,1,186520
7290019056546,false,פרוט ווטר אבטיח 1.5,,,פרוט ווטר אבטיח 1.5,ליטרים,1.50,ליטר,false,,8.90,5.9333,false,1,186521
7290019056553,false,עין גדי 2 ל' שישיות,,,עין גדי 2 ל' שישיות,ליטרים,12.00,ליטר,false,,13.80,1.1500,false,1,187096
7290019056560,false,עין גדי 2 ל' בק' בוד,,,עין גדי 2 ל' בק' בוד,ליטרים,2.00,ליטר,false,,3.80,1.9000,false,1,186584
7290019056577,false,ספרינג מנגו 1.5 ל',,,ספרינג מנגו 1.5 ל',ליטרים,1.50,ליטר,false,,8.90,5.9333,false,1,186502
7290019056584,false,ספרינג תפוזים 1.5 ל',,,ספרינג תפוזים 1.5 ל',ליטרים,1.50,ליטר,false,,8.90,5.9333,false,1,186503
7290019056591,false,ספרינג ענבים 1.5 ל',,,ספרינג ענבים 1.5 ל',ליטרים,1.50,ליטר,false,,8.90,5.9333,false,1,186504
7290019056607,false,ספרינג תפוחים 1.5 ל',,,ספרינג תפוחים 1.5 ל',ליטרים,1.50,ליטר,false,,8.90,5.9333,false,1,186505
7290019056614,false,ספרינג אפרסק 1.5 ל',,,ספרינג אפרסק 1.5 ל',ליטרים,1.50,ליטר,false,,8.90,5.9333,false,1,186506
7290019056621,false,ספרינג פירות טרופיים,,,ספרינג פירות טרופיים,ליטרים,1.50,ליטר,false,,8.90,5.9333,false,1,186507
7290019056638,false,ספרינג תות בננה 1.5,,,ספרינג תות בננה 1.5,ליטרים,1.50,ליטר,false,,8.90,5.9333,false,1,186508
7290019056645,false,ספרינג אגס תפוח סברס,,,ספרינג אגס תפוח סברס,ליטרים,1.50,ליטר,false,,8.90,5.9333,false,1,186509
7290019056652,false,ספרינג אננס בננה 1.5,,,ספרינג אננס בננה 1.5,ליטרים,1.50,ליטר,false,,8.90,5.9333,false,1,186510
7290019056669,false,ספרינג תפוחים דיאט 1,,,ספרינג תפוחים דיאט 1,ליטרים,1.50,ליטר,false,,8.90,5.9333,false,1,186511
7290019056676,false,ספרינג אשכוליות אננס,,,ספרינג אשכוליות אננס,ליטרים,1.50,ליטר,false,,8.90,5.9333,false,1,186512
7290019056720,false,קריסטל מיץ ענבים 2 ל,,,קריסטל מיץ ענבים 2 ל,ליטרים,2.00,ליטר,false,,7.50,3.7500,false,1,186485
7290019056737,false,קריסטל מיץ אשכוליות,,,קריסטל מיץ אשכוליות,ליטרים,2.00,ליטר,false,,7.50,3.7500,false,1,186486
7290019056744,false,קריסטל מיץ תפוזים 2,,,קריסטל מיץ תפוזים 2,ליטרים,2.00,ליטר,false,,7.50,3.7500,false,1,186487
7290019056751,false,קריסטל מיץ אשכוליות,,,קריסטל מיץ אשכוליות,ליטרים,2.00,ליטר,false,,7.50,3.7500,false,1,186488
7290019056768,false,קריסטל מיץ מנגו 2 ל',,,קריסטל מיץ מנגו 2 ל',ליטרים,2.00,ליטר,false,,7.50,3.7500,false,1,186489
7290019056775,false,קריסטל מוגז ענבים 2,,,קריסטל מוגז ענבים 2,ליטרים,2.00,ליטר,false,,7.50,3.7500,false,1,186490
7290019056782,false,קריסטל מוגז למון ליי,,,קריסטל מוגז למון ליי,ליטרים,2.00,ליטר,false,,7.50,3.7500,false,1,186491
7290019056799,false,קריסטל מוגז אקזוטי 2,,,קריסטל מוגז אקזוטי 2,ליטרים,2.00,ליטר,false,,7.50,3.7500,false,1,186492
7290019056805,false,קריסטל מוגז תפוחים 2,,,קריסטל מוגז תפוחים 2,ליטרים,2.00,ליטר,false,,7.50,3.7500,false,1,186493
7290019056812,false,קריסטל מוגז מנטה 2 ל,,,קריסטל מוגז מנטה 2 ל,ליטרים,2.00,ליטר,false,,7.50,3.7500,false,1,186494
7290019056829,false,קריסטל מוגז תפוזים 2,,,קריסטל מוגז תפוזים 2,ליטרים,2.00,ליטר,false,,7.50,3.7500,false,1,186495
7290019056836,false,קריסטל מוגז תות 2 ל',,,קריסטל מוגז תות 2 ל',ליטרים,2.00,ליטר,false,,7.50,3.7500,false,1,186496
7290019056843,false,קריסטל מוגז קולה 2 ל,,,קריסטל מוגז קולה 2 ל,ליטרים,2.00,ליטר,false,,7.50,3.7500,false,1,186497
7290019056850,false,ספרינג תה אפרסק דיאט,,,ספרינג תה אפרסק דיאט,ליטרים,1.50,ליטר,false,,7.00,4.6667,false,1,186501
7290019056959,false,מי עדן 1.5 ל' בק' בו,,,מי עדן 1.5 ל' בק' בו,ליטרים,1.50,ליטר,false,,3.60,2.4000,false,1,186583
7290019056973,false,מי עדן 1.5 ל' שישייה,,,מי עדן 1.5 ל' שישייה,ליטרים,9.00,ליטר,false,,13.90,1.5444,false,1,186582
7290019074298,false,קמיל בלו אקסטרה סופט,"ד""ר פישר",,קמיל בלו אקסטרה סופט,מיליליטרים,500.00,"100 מ""ל",false,,22.90,0.0458,true,1,190216
7290019074885,false,קמיל בלו אקסטרה סופט,"ד""ר פישר",,קמיל בלו אקסטרה סופט,מיליליטרים,500.00,"100 מ""ל",false,,29.90,0.0598,true,1,190220
7290019075103,false,קמיל בלו אקסטרה סופט,"ד""ר פישר",,קמיל בלו אקסטרה סופט,ליטרים,1.00,ליטר,false,,32.90,32.9000,true,1,190221
7290019075608,false,אפקטיב קר תחליב רחצה,"ד""ר פישר",,אפקטיב קר תחליב רחצה,מיליליטרים,700.00,"100 מ""ל",false,,16.90,0.0241,true,1,190579
7290019075899,false,קמיל בלו אקסטרה סופט,"ד""ר פישר",,קמיל בלו אקסטרה סופט,ליטרים,1.00,ליטר,false,,32.90,32.9000,true,1,190219
7290019153085,false,שוופס מוחיטו ללא סוכ,שוופס,,שוופס מוחיטו ללא סוכ,ליטרים,1.50,ליטר,false,,8.90,5.9333,false,1,187683
7290019153252,false,שוופס סודה תפוח 1.5,שוופס,,שוופס סודה תפוח 1.5,ליטרים,6.00,ליטר,false,,12.50,2.0833,false,1,188859
7290019153269,false,שוופס סודה אננס 1.5,שוופס,,שוופס סודה אננס 1.5,ליטרים,6.00,ליטר,false,,12.50,2.0833,false,1,188860
7290019153276,false,שוופס סודה אננס 1.5,שוופס,,שוופס סודה אננס 1.5,ליטרים,1.50,ליטר,false,,3.90,2.6000,false,1,188861
7290019153344,false,תפוזינה סנגרייה 1.5,תפוזינה,,תפוזינה סנגרייה 1.5,ליטרים,1.50,ליטר,false,,8.90,5.9333,false,1,189016
7290019153351,false,תפוזינה פינק אוזו 1.,תפוזינה,,תפוזינה פינק אוזו 1.,ליטרים,1.50,ליטר,false,,8.90,5.9333,false,1,189017
7290019153375,false,תפוזינה מוחיטו 1.5 ל,תפוזינה,,תפוזינה מוחיטו 1.5 ל,ליטרים,1.50,ליטר,false,,8.90,5.9333,false,1,189019
7290019153535,false,שוופס מוגז פירות למו,שוופס,,שוופס מוגז פירות למו,מיליליטרים,1320.00,"100 מ""ל",false,,12.50,0.0095,true,1,189707
7290019153566,false,ספרינג רימון אוכמניו,ספרינג,,ספרינג רימון אוכמניו,ליטרים,1.50,ליטר,false,,8.90,5.9333,false,1,190178
7290019167020,false,קינוח עוגת גבינה עם,,,קינוח עוגת גבינה עם,גרמים,82.00,100 גרם,false,,6.60,0.0805,true,1,190718
7290019167037,false,תותים בקצפת עדן קינו,,,תותים בקצפת עדן קינו,גרמים,82.00,100 גרם,false,,6.60,0.0805,true,1,190719
7290019167044,false,קצפת עם קרם בייגלה מ,,,קצפת עם קרם בייגלה מ,גרמים,82.00,100 גרם,false,,6.60,0.0805,true,1,190720
7290019204008,false,עוף טוב פסטרמה ארבעה,,,עוף טוב פסטרמה ארבעה,גרמים,350.00,100 גרם,false,,24.90,0.0711,true,1,189512
7290019204206,false,עוף טוב פסטרמה בסגנו,,,עוף טוב פסטרמה בסגנו,גרמים,320.00,100 גרם,false,,24.90,0.0778,true,1,189514
7290019204305,false,עוף טוב פסטרמה ברביק,,,עוף טוב פסטרמה ברביק,גרמים,350.00,100 גרם,false,,24.90,0.0711,true,1,189510
7290019232094,false,חליטת פירות וצמחים ב,ויסוצקי,,חליטת פירות וצמחים ב,גרמים,62.50,100 גרם,false,,18.90,0.3024,false,1,189027
7290019233008,false,רוטב שקשוקה ארטישוק,זיתא,,רוטב שקשוקה ארטישוק,גרמים,420.00,100 גרם,false,,13.90,0.0331,true,1,189252
7290019233015,false,רוטב שקשוקה ירוקה זי,זיתא,,רוטב שקשוקה ירוקה זי,גרמים,420.00,100 גרם,false,,13.90,0.0331,true,1,189253
7290019233022,false,רוטב שקשוקה חצילים ז,זיתא,,רוטב שקשוקה חצילים ז,גרמים,420.00,100 גרם,false,,13.90,0.0331,true,1,189254
7290019297383,false,מעדן משמש שקדיה,,,מעדן משמש שקדיה,גרמים,284.00,100 גרם,false,,10.00,0.0352,true,1,95353
7290019297406,false,מעדן דובדבן שקדיה,,,מעדן דובדבן שקדיה,גרמים,284.00,100 גרם,false,,10.00,0.0352,true,1,97042
7290019297413,false,מעדן אפרסק שקדיה,,,מעדן אפרסק שקדיה,גרמים,284.00,100 גרם,false,,10.00,0.0352,true,1,97043
7290019297420,false,מעדן תות שדה שקדיה,,,מעדן תות שדה שקדיה,גרמים,284.00,100 גרם,false,,10.00,0.0352,true,1,95354
7290019297437,false,מעדן אוכמניות כחולות,,,מעדן אוכמניות כחולות,גרמים,284.00,100 גרם,false,,10.00,0.0352,true,1,95355
7290019297505,false,רוטב רימונים שקדיה 1,,,רוטב רימונים שקדיה 1,ליטרים,1.00,ליטר,false,,19.90,19.9000,true,1,96490
7290019297512,false,שקדיה- רוטב רימונים,,,שקדיה- רוטב רימונים,גרמים,350.00,100 גרם,false,,9.90,0.0283,true,1,109302
7290019297550,false,בוטנים מטוגנים בקופס,,,בוטנים מטוגנים בקופס,גרמים,185.00,100 גרם,false,,10.90,0.0589,true,1,100296
7290055090801,false,כרמית שוקולד לבן ללא,,,כרמית שוקולד לבן ללא,גרמים,85.00,100 גרם,false,,5.90,0.0694,true,1,62823
7290100240137,false,תרסיס בדין למייבש כח,בדין,,תרסיס בדין למייבש כח,מיליליטרים,500.00,"100 מ""ל",false,,19.00,0.0380,true,1,27831
7290100240144,false,תרסיס בדין למייבש,בדין,,תרסיס בדין למייבש,מיליליטרים,500.00,"100 מ""ל",false,,19.00,0.0380,true,1,27707
7290100240632,false,פתית שישה דגנים 250,פתית,,פתית שישה דגנים 250,גרמים,250.00,100 גרם,false,,18.50,0.0740,true,1,40491
7290100240656,false,פתית שיפון 300ג' בדץ,,,פתית שיפון 300ג' בדץ,גרמים,300.00,100 גרם,false,,18.50,0.0617,true,1,34315
7290100243084,false,מיונז אמיתי הלמנס 78,הלמנ'ס,,מיונז אמיתי הלמנס 78,גרמים,789.00,100 גרם,false,,26.50,0.0336,false,1,34885
7290100243671,false,בדין אקסטרא כחול 960,בדין,,בדין אקסטרא כחול 960,מיליליטרים,960.00,"100 מ""ל",false,,14.90,0.0155,false,1,33295
7290100245231,false,נמס בכוס ועוד טעם עו,קנור,,נמס בכוס ועוד טעם עו,גרמים,50.00,100 גרם,false,,7.00,0.1400,true,1,35905
7290100249598,false,רוטב שום ודבש קנור 3,קנור,,רוטב שום ודבש קנור 3,גרמים,310.00,100 גרם,false,,13.90,0.0448,true,1,40878
7290100249659,false,רוטב לעוף צ'ילי שום,קנור,,רוטב לעוף צ'ילי שום,גרמים,310.00,100 גרם,false,,13.90,0.0448,true,1,40912
7290100412459,false,מגבונים קוויק לניקוי,,,מגבונים קוויק לניקוי,יחידה,0.00,יחידה,false,,7.50,0.0000,true,1,109225
7290100653586,false,ליידי ספיד סטיק 24/7,ספיד סטיק,,ליידי ספיד סטיק 24/7,גרמים,50.00,100 גרם,false,,19.90,0.3980,true,1,8061
7290100658338,false,פלמוליב אוקסי,פלמוליב,,פלמוליב אוקסי,מיליליטרים,750.00,"100 מ""ל",false,,9.90,0.0132,false,1,8067
7290100659090,false,חטיף דגנים תמרים וקי,Free,,חטיף דגנים תמרים וקי,גרמים,100.00,100 גרם,false,,16.50,0.1650,true,1,8416
7290100680650,false,מנה חמה נודלס איטריו,אסם,,מנה חמה נודלס איטריו,גרמים,76.00,100 גרם,false,,7.20,0.0947,false,1,6671
7290100680667,false,מנה חמה נודלס סצ'ואן,אסם,,מנה חמה נודלס סצ'ואן,גרמים,76.00,100 גרם,false,,7.20,0.0947,false,1,6672
7290100680711,false,פירורית זהב 350גר',אסם,,פירורית זהב 350גר',גרמים,350.00,100 גרם,false,,8.80,0.0251,false,1,6674
7290100680728,false,פירורית 350גר',אסם,,פירורית 350גר',גרמים,350.00,100 גרם,false,,7.00,0.0200,true,1,6675
7290100681015,false,אינסטנט פודינג ריבת,אסם,,אינסטנט פודינג ריבת,גרמים,84.00,100 גרם,false,,5.80,0.0690,false,1,6681
7290100681138,false,מארז אפרופו שלישיה,אסם,,מארז אפרופו שלישיה,גרמים,150.00,100 גרם,false,,12.50,0.0833,false,1,22280
7290100681503,false,עסיס סירופ לימונענע,עסיס,,עסיס סירופ לימונענע,ליטרים,1.00,ליטר,false,,17.90,17.9000,false,1,6694
7290100681510,false,עסיס סירופ אשכולית א,עסיס,,עסיס סירופ אשכולית א,ליטרים,1.00,ליטר,false,,17.90,17.9000,false,1,6695
7290100683880,false,פירה אסם,אסם,,פירה אסם,גרמים,260.00,100 גרם,false,,14.50,0.0558,true,1,6742
7290100684139,false,מיני מקרוני אסם,אסם,,מיני מקרוני אסם,גרמים,500.00,100 גרם,false,,5.90,0.0118,false,1,6750
7290100684306,false,רוטב צ'ילי מתוק 600מ,אסם,,רוטב צ'ילי מתוק 600מ,יחידה,760.00,יחידה,false,,18.00,0.0237,true,1,24049
7290100684764,false,במבה יום הולדת 25 גר,אסם,,במבה יום הולדת 25 גר,גרמים,25.00,100 גרם,false,,2.40,0.0960,true,1,31004
7290100685136,false,אבקת מרק טעם עוף 1קג,אסם,,אבקת מרק טעם עוף 1קג,קילוגרמים,1.00,"ק""ג",false,,13.90,13.9000,false,1,26158
7290100685242,false,במבה מתוקה מחומרים ט,אסם,,במבה מתוקה מחומרים ט,גרמים,30.00,100 גרם,false,,2.60,0.0867,true,1,23625
7290100685334,false,אבקת מרק עוף רכיבים,אסם,,אבקת מרק עוף רכיבים,גרמים,400.00,100 גרם,false,,19.90,0.0497,false,1,25344
7290100685341,false,אבקת מרק טעם עוף זך,אסם,,אבקת מרק טעם עוף זך,גרמים,400.00,100 גרם,false,,16.90,0.0422,false,1,22110
7290100685563,false,מארז פירורית זהב אסם,,,מארז פירורית זהב אסם,גרמים,400.00,100 גרם,false,,8.90,0.0223,true,1,73205
7290100685938,false,עוגת דבש ותפוח עץ עם,אסם,,עוגת דבש ותפוח עץ עם,גרמים,400.00,100 גרם,false,,12.90,0.0323,false,1,22500
7290100686164,false,מארז ביסלי ברביקיו,אסם,,מארז ביסלי ברביקיו,גרמים,210.00,100 גרם,false,,14.00,0.0667,false,1,22863
7290100687109,false,במבה במילוי קרם נוגט,אסם,,במבה במילוי קרם נוגט,גרמים,60.00,100 גרם,false,,5.30,0.0883,true,1,29599
7290100688618,false,גביעי גלידה טעם שוקו,אסם,,גביעי גלידה טעם שוקו,יחידה,0.00,יחידה,false,,15.50,0.0000,true,1,25636
7290100689301,false,אבקת מרק טעם עוף זך-,אסם,,אבקת מרק טעם עוף זך-,גרמים,400.00,100 גרם,false,,13.90,0.0348,false,1,27847
7290100700020,false,גריסי פנינה,סוגת,,גריסי פנינה,גרמים,200.00,100 גרם,false,,4.90,0.0245,true,1,26567
7290100700075,false,פרורי לחם מוזהבים 20,סוגת,,פרורי לחם מוזהבים 20,גרמים,200.00,100 גרם,false,,4.00,0.0200,false,1,40138
7290100700242,false,אורז מלא עגול 1 קג,סוגת,,אורז מלא עגול 1 קג,יחידה,1.00,יחידה,false,,10.90,10.9000,true,1,26206
7290100700273,false,קינואה 500 גר סוגת,סוגת,,קינואה 500 גר סוגת,גרמים,500.00,100 גרם,false,,12.90,0.0258,true,1,26207
7290100700372,false,אורז בסמטי מלא 1קג',סוגת,,אורז בסמטי מלא 1קג',קילוגרמים,1.00,"ק""ג",false,,13.90,13.9000,false,1,26012
7290100700389,false,אורז אדום סוגת,סוגת,,אורז אדום סוגת,קילוגרמים,1.00,"ק""ג",false,,13.90,13.9000,true,1,25607
7290100700396,false,אורז יסמין קלאסי 1קג,סוגת,,אורז יסמין קלאסי 1קג,יחידה,1.00,יחידה,false,,11.90,11.9000,false,1,26663
7290100700563,false,אורז מיקס קלאסי,סוגת,,אורז מיקס קלאסי,יחידה,1.00,יחידה,false,,10.90,10.9000,true,1,27974
7290100700587,false,בורגול סוגת 500גר,סוגת,,בורגול סוגת 500גר,גרמים,500.00,100 גרם,false,,4.90,0.0098,false,1,38130
7290100701126,false,שעועית מש 500גר סוגת,סוגת,,שעועית מש 500גר סוגת,יחידה,500.00,יחידה,false,,10.90,0.0218,true,1,39749
7290100701140,false,אורז ריזוטו ארבוריו,סוגת,,אורז ריזוטו ארבוריו,יחידה,1.00,יחידה,false,,13.90,13.9000,true,1,36863
7290100701157,false,אורז סושי 1קג סוגת,סוגת,,אורז סושי 1קג סוגת,יחידה,1.00,יחידה,false,,10.90,10.9000,true,1,36864
7290100701300,false,קינואה אדומה סוגת,סוגת,,קינואה אדומה סוגת,גרמים,500.00,100 גרם,false,,12.90,0.0258,true,1,101403
7290100701331,false,"קמח רב תכליתי 1 ק""ג",סוגת,,"קמח רב תכליתי 1 ק""ג",קילוגרמים,1.00,"ק""ג",false,,6.90,6.9000,false,1,55986
7290100701348,false,"קמח שיפון מלא 1 ק""ג",סוגת,,"קמח שיפון מלא 1 ק""ג",קילוגרמים,1.00,"ק""ג",false,,6.90,6.9000,false,1,55979
7290100701386,false,"קמח לחלה 1 ק""ג סוגת",סוגת,,"קמח לחלה 1 ק""ג סוגת",קילוגרמים,1.00,"ק""ג",false,,6.90,6.9000,false,1,55981
7290100701454,false,גרישה 500גר סוגת,סוגת,,גרישה 500גר סוגת,גרמים,500.00,100 גרם,false,,4.90,0.0098,false,1,39902
7290100701577,false,"קמח לחם 1 ק""ג סוגת",סוגת,,"קמח לחם 1 ק""ג סוגת",קילוגרמים,1.00,"ק""ג",false,,6.90,6.9000,false,1,55982
7290100701881,false,קמח פיצה ופוקצ'ה סוג,סוגת,,קמח פיצה ופוקצ'ה סוג,קילוגרמים,1.00,"ק""ג",false,,6.90,6.9000,false,1,55985
7290100702246,false,שמרים יבשים בואקום 5,,,שמרים יבשים בואקום 5,גרמים,500.00,100 גרם,false,,10.00,0.0200,true,1,103125
7290100702253,false,שמרים יבשים בפחית,,,שמרים יבשים בפחית,גרמים,100.00,100 גרם,false,,7.90,0.0790,true,1,103126
7290100702260,false,קוסקוס דק סוגת,סוגת,,קוסקוס דק סוגת,גרמים,350.00,100 גרם,false,,4.90,0.0140,false,1,60292
7290100702277,false,קוסקוס עבה סוגת,סוגת,,קוסקוס עבה סוגת,גרמים,350.00,100 גרם,false,,4.90,0.0140,false,1,60293
7290100702314,false,שעועית שחורה 500 גר,סוגת,,שעועית שחורה 500 גר,גרמים,500.00,100 גרם,false,,7.90,0.0158,true,1,61322
7290100702383,false,קמח תופח מס' 13 סוגת,סוגת,,קמח תופח מס' 13 סוגת,קילוגרמים,1.00,"ק""ג",false,,6.90,6.9000,false,1,60903
7290100702611,false,פתיתים אפויים אורז -,סוגת,,פתיתים אפויים אורז -,גרמים,500.00,100 גרם,false,,5.90,0.0118,false,1,63306
7290100702628,false,פתיתים אפויים קוסקוס,סוגת,,פתיתים אפויים קוסקוס,גרמים,500.00,100 גרם,false,,5.90,0.0118,false,1,63307
7290100702635,false,פתיתים אפויים כוכבים,סוגת,,פתיתים אפויים כוכבים,גרמים,500.00,100 גרם,false,,5.90,0.0118,false,1,63308
7290100702642,false,פתיתים אפויים טבעות,סוגת,,פתיתים אפויים טבעות,גרמים,500.00,100 גרם,false,,5.90,0.0118,false,1,63309
7290100702741,false,סוכר חום בהיר צנצנת,סוגת,,סוכר חום בהיר צנצנת,קילוגרמים,1.00,"ק""ג",false,,12.90,12.9000,true,1,66891
7290100702987,false,שיבולת שועל 500 גר,,,שיבולת שועל 500 גר,גרמים,500.00,100 גרם,false,,4.90,0.0098,true,1,98421
7290100702994,false,סוכר דמררה 500 גר,סוגת,,סוכר דמררה 500 גר,גרמים,500.00,100 גרם,false,,5.90,0.0118,true,1,96784
7290100703007,false,עדשים שחורים בלוגה 5,סוגת,,עדשים שחורים בלוגה 5,גרמים,500.00,100 גרם,false,,7.90,0.0158,true,1,96569
7290100703434,false,בורגול חום סוגת,,,בורגול חום סוגת,גרמים,500.00,100 גרם,false,,4.90,0.0098,false,1,100469
7290100703458,false,כוסמת לא קלוי,,,כוסמת לא קלוי,גרמים,500.00,100 גרם,false,,7.90,0.0158,true,1,102516
7290100703533,false,קמח קסם סוגת 1 קג,,,קמח קסם סוגת 1 קג,קילוגרמים,1.00,"ק""ג",false,,8.50,8.5000,true,1,103107
7290100703564,false,שיבולת שועל עבה 500,,,שיבולת שועל עבה 500,גרמים,500.00,100 גרם,false,,4.90,0.0098,true,1,102377
7290100703625,false,קמח לבן ללא ניפוי סו,,,קמח לבן ללא ניפוי סו,קילוגרמים,1.00,"ק""ג",false,,7.90,7.9000,true,1,104648
7290100703632,false,קמח מלא ללא ניפוי,,,קמח מלא ללא ניפוי,קילוגרמים,1.00,"ק""ג",false,,7.90,7.9000,true,1,104651
7290100703649,false,קמח מלא חיטה 80% ללא,,,קמח מלא חיטה 80% ללא,קילוגרמים,1.00,"ק""ג",false,,7.90,7.9000,true,1,104652
7290100703670,false,קמח כוסמין מלא ללא נ,,,קמח כוסמין מלא ללא נ,קילוגרמים,1.00,"ק""ג",false,,15.90,15.9000,true,1,104654
7290100703687,false,קמח חלה ללא ניפוי 1,,,קמח חלה ללא ניפוי 1,קילוגרמים,1.00,"ק""ג",false,,7.90,7.9000,true,1,104693
7290100703861,false,קמח קסם לחלה - סוגת,,,קמח קסם לחלה - סוגת,קילוגרמים,1.00,"ק""ג",false,,8.50,8.5000,true,1,106496
7290100703908,false,סוכר דמררה 1 קג,,,סוכר דמררה 1 קג,קילוגרמים,1.00,"ק""ג",false,,11.90,11.9000,true,1,106264
7290100703915,false,מארז פופקורן למיקרוג,,,מארז פופקורן למיקרוג,גרמים,540.00,100 גרם,false,,10.90,0.0202,true,1,108993
7290100703922,false,מארז פופקורן למיקרוג,,,מארז פופקורן למיקרוג,גרמים,540.00,100 גרם,false,,10.90,0.0202,true,1,108994
7290100703953,false,קוקוס 500 גר סוגת,,,קוקוס 500 גר סוגת,גרמים,500.00,100 גרם,false,,10.90,0.0218,true,1,107646
7290100703960,false,שומשום 500 גר סוגת,,,שומשום 500 גר סוגת,גרמים,500.00,100 גרם,false,,10.90,0.0218,true,1,107647
7290100704141,false,סודה לשתיה 100 גר סו,,,סודה לשתיה 100 גר סו,גרמים,100.00,100 גרם,false,,2.50,0.0250,true,1,112310
7290100704530,false,קמח כוסמין לבן ללא נ,,,קמח כוסמין לבן ללא נ,קילוגרמים,1.00,"ק""ג",false,,16.90,16.9000,true,1,124518
7290100704578,false,קמח כוסמין לבן 1 קג,,,קמח כוסמין לבן 1 קג,קילוגרמים,1.00,"ק""ג",false,,14.90,14.9000,true,1,124519
7290100704615,false,סוכר לבן דק דק צנצנת,,,סוכר לבן דק דק צנצנת,גרמים,500.00,100 גרם,false,,7.90,0.0158,false,1,127104
7290100704622,false,סוכר דמררה דק דק בצנ,,,סוכר דמררה דק דק בצנ,גרמים,500.00,100 גרם,false,,7.90,0.0158,false,1,127103
7290100704660,false,קינואה מיקס 500 גר,,,קינואה מיקס 500 גר,גרמים,500.00,100 גרם,false,,12.90,0.0258,true,1,124928
7290100858592,false,קקאו עלית 150  גר,עלית,,קקאו עלית 150  גר,גרמים,150.00,100 גרם,false,,10.50,0.0700,true,1,24684
7290100858608,false,קקאו עלית 500  גר,עלית,,קקאו עלית 500  גר,גרמים,500.00,100 גרם,false,,26.90,0.0538,true,1,24685
7290100921401,false,שמפו הוואי קרטין מחז,הוואי,,שמפו הוואי קרטין מחז,מיליליטרים,700.00,"100 מ""ל",false,,8.90,0.0127,false,1,67522
7290100921418,false,הוואי מרכך שיער קרטי,הוואי,,הוואי מרכך שיער קרטי,מיליליטרים,700.00,"100 מ""ל",false,,8.90,0.0127,false,1,67263
7290100922637,false,שלישיה אל סבון הוואי,,,שלישיה אל סבון הוואי,ליטרים,1.50,ליטר,false,,15.90,10.6000,true,1,99540
7290100922651,false,הוואי סבון מוצק רביע,,,הוואי סבון מוצק רביע,גרמים,400.00,100 גרם,false,,12.90,0.0323,true,1,105100
7290100924457,false,סוד מארז כדוריות לאס,סוד,,סוד מארז כדוריות לאס,גרמים,150.00,100 גרם,false,,19.90,0.1327,true,1,94844
7290100924464,false,סוד מארז כדוריות שלי,סוד,,סוד מארז כדוריות שלי,יחידה,0.00,יחידה,false,,19.90,0.0000,true,1,117695
7290100924631,false,מרכך כביסה מרוכז סוד,סוד,,מרכך כביסה מרוכז סוד,מיליליטרים,900.00,"100 מ""ל",false,,11.90,0.0132,true,1,97833
7290100925669,false,קולור קאצ'ר 10 דפים,,,קולור קאצ'ר 10 דפים,יחידה,0.00,יחידה,false,,13.90,0.0000,true,1,100341
7290100925751,false,"סוד נוזל כלים 650 מ""",סוד,,"סוד נוזל כלים 650 מ""",מיליליטרים,650.00,"100 מ""ל",false,,6.90,0.0106,true,1,101488
7290101112228,false,מאגדת שלגונים גלידל,גלידות פלדמן,,מאגדת שלגונים גלידל,גרמים,640.00,100 גרם,false,,28.90,0.0452,true,1,70880
7290101112921,false,גלידל פרי פירות טרופ,,,גלידל פרי פירות טרופ,גרמים,640.00,100 גרם,false,,28.90,0.0452,true,1,109415
7290101453871,false,נר מספר 0,,,נר מספר 0,יחידה,0.00,יחידה,false,,3.90,0.0000,true,1,71103
7290101453888,false,נר מספר 1,,,נר מספר 1,יחידה,0.00,יחידה,false,,3.90,0.0000,true,1,71104
7290101453895,false,נר מספר 2,,,נר מספר 2,יחידה,0.00,יחידה,false,,3.90,0.0000,true,1,71105
7290101453901,false,נר מספר 3,,,נר מספר 3,יחידה,0.00,יחידה,false,,3.90,0.0000,true,1,71092
7290101453918,false,נר מספר 4,,,נר מספר 4,יחידה,0.00,יחידה,false,,3.90,0.0000,true,1,71093
7290101453925,false,נר מספר- 5,,,נר מספר- 5,יחידה,0.00,יחידה,false,,3.90,0.0000,true,1,71192
7290101453932,false,נר מספר 6,,,נר מספר 6,יחידה,0.00,יחידה,false,,3.90,0.0000,true,1,71094
7290101453949,false,נר מספר 7,,,נר מספר 7,יחידה,0.00,יחידה,false,,3.90,0.0000,true,1,71095
7290101453956,false,נר מספר 8,,,נר מספר 8,יחידה,0.00,יחידה,false,,3.90,0.0000,true,1,71096
7290101453963,false,נר מספר 9,,,נר מספר 9,יחידה,0.00,יחידה,false,,3.90,0.0000,true,1,71097
7290101455387,false,ביצת הפתעה עם ממתק,,,ביצת הפתעה עם ממתק,יחידה,0.00,יחידה,false,,8.00,0.0000,true,1,102290
7290101486688,false,פרי חטיפי דגנים עם ש,Free,,פרי חטיפי דגנים עם ש,גרמים,90.00,100 גרם,false,,16.50,0.1833,true,1,26787
7290101488286,false,ליידי 24/7 ספריי ורו,ספיד סטיק,,ליידי 24/7 ספריי ורו,מיליליטרים,150.00,"100 מ""ל",false,,14.90,0.0993,true,1,34522
7290101488323,false,ליידי ספיד סטיק ללא,ספיד סטיק,,ליידי ספיד סטיק ללא,גרמים,65.00,100 גרם,false,,19.90,0.3062,true,1,29833
7290101501138,false,כרובית ארוזה,,,כרובית ארוזה,יחידה,0.00,יחידה,false,,11.90,0.0000,true,1,189773
7290101501374,false,דלעת ארוזה,,,דלעת ארוזה,קילוגרמים,1.00,"ק""ג",true,,8.90,8.9000,true,1,187519
7290101503507,false,מיני בטטה למיקרו נוף,,,מיני בטטה למיקרו נוף,קילוגרמים,1.30,"ק""ג",false,,12.90,9.9231,true,1,115735
7290101551027,false,קפסולות 14 למכונת נס,עלית,,קפסולות 14 למכונת נס,גרמים,50.00,100 גרם,false,,16.90,0.3380,true,1,112563
7290101551263,false,סילאן טבעי יד מרדכי,,,סילאן טבעי יד מרדכי,גרמים,700.00,100 גרם,false,,22.90,0.0327,true,1,111334
7290101551300,false,סילאן טבעי לחיץ 380,,,סילאן טבעי לחיץ 380,גרמים,380.00,100 גרם,false,,14.90,0.0392,true,1,111335
7290101551539,false,דנונה פרו 20 אפרסק,,,דנונה פרו 20 אפרסק,גרמים,200.00,100 גרם,false,,5.90,0.0295,false,1,111586
7290101551584,false,מארז תפוצ'יפס קידס 9,עלית,,מארז תפוצ'יפס קידס 9,גרמים,180.00,100 גרם,false,,13.90,0.0772,false,1,111861
7290101551638,false,מארז צ'יטוס כאפה 9 י,עלית,,מארז צ'יטוס כאפה 9 י,גרמים,180.00,100 גרם,false,,12.90,0.0717,false,1,111864
7290101828792,false,כפפות ניטריל ללא אבק,,,כפפות ניטריל ללא אבק,יחידה,0.00,יחידה,false,,19.90,0.0000,true,1,186834
7290101828808,false,כפפות ניטריל ללא אבק,,,כפפות ניטריל ללא אבק,יחידה,0.00,יחידה,false,,19.90,0.0000,true,1,186836
7290101828815,false,כפפות ניטריל ללא אבק,,,כפפות ניטריל ללא אבק,יחידה,0.00,יחידה,false,,19.90,0.0000,true,1,186835
7290101828822,false,כפפות ניטריל ללא אבק,,,כפפות ניטריל ללא אבק,יחידה,0.00,יחידה,false,,19.90,0.0000,true,1,186837
7290101863410,false,סיליט באנג ספריי אקו,סיליט,,סיליט באנג ספריי אקו,מיליליטרים,750.00,"100 מ""ל",false,,14.90,0.0199,false,1,33078
7290101864127,false,קליה אוקסי ספריי,קליה,,קליה אוקסי ספריי,יחידה,750.00,יחידה,false,,16.90,0.0225,true,1,40093
7290101865261,false,פיניש נוזל הברקה 800,פיניש,,פיניש נוזל הברקה 800,מיליליטרים,800.00,"100 מ""ל",false,,19.90,0.0249,true,1,39781
7290101866633,false,קליה וניש ג'ל 3 ליטר,קליה,,קליה וניש ג'ל 3 ליטר,ליטרים,3.00,ליטר,false,,29.90,9.9667,false,1,43436
7290101866787,false,קליה 3 ליטר,קליה,,קליה 3 ליטר,ליטרים,3.00,ליטר,false,,29.90,9.9667,false,1,56386
7290101868460,false,"קולון 8 ק""ג 101 אבקת",קולון,,"קולון 8 ק""ג 101 אבקת",קילוגרמים,8.00,"ק""ג",false,,49.90,6.2375,true,1,64418
7290101868958,false,פיניש נוזל הברקה לימ,פיניש,,פיניש נוזל הברקה לימ,מיליליטרים,800.00,"100 מ""ל",false,,19.90,0.0249,true,1,69816
7290101869719,false,"פיניש ג'ל 600 מ""ל לי",פיניש,,"פיניש ג'ל 600 מ""ל לי",מיליליטרים,600.00,"100 מ""ל",false,,34.90,0.0582,true,1,95304
7290101869726,false,פיניש ג'ל 1 ליטר,פיניש,,פיניש ג'ל 1 ליטר,ליטרים,1.00,ליטר,false,,39.90,39.9000,true,1,95149
7290101869733,false,פיניש ג'ל לימון 1 לי,פיניש,,פיניש ג'ל לימון 1 לי,ליטרים,1.00,ליטר,false,,39.90,39.9000,true,1,95150
7290101869795,false,מילוי מבשם אויר אטומ,איירוויק,,מילוי מבשם אויר אטומ,מיליליטרים,250.00,"100 מ""ל",false,,14.90,0.0596,true,1,94899
7290101869801,false,מבשם אויר חשמלי מכשי,איירוויק,,מבשם אויר חשמלי מכשי,מיליליטרים,19.00,"100 מ""ל",false,,29.90,1.5737,true,1,94900
7290101869825,false,מילוי מבשם אויר חשמל,איירוויק,,מילוי מבשם אויר חשמל,מיליליטרים,19.00,"100 מ""ל",false,,14.90,0.7842,true,1,94902
7290101869917,false,מילוי מבשם אויר אטומ,איירוויק,,מילוי מבשם אויר אטומ,מיליליטרים,250.00,"100 מ""ל",false,,14.90,0.0596,true,1,94906
7290101869979,false,מקלות ריחניים אואזיס,איירוויק,,מקלות ריחניים אואזיס,מיליליטרים,30.00,"100 מ""ל",false,,14.90,0.4967,true,1,94909
7290101980919,false,שלישיית ביצי הפתעה,,,שלישיית ביצי הפתעה,גרמים,60.00,100 גרם,false,,12.90,0.2150,true,1,28644
7290101985365,false,בקבוק גדול ממותג,,,בקבוק גדול ממותג,יחידה,0.00,יחידה,false,,28.90,0.0000,true,1,68406
7290101985433,false,הפתעות לילדים,,,הפתעות לילדים,יחידה,0.00,יחידה,false,,6.40,0.0000,true,1,94165
7290101999676,false,נרות מטה כוכבים מכונ,,,נרות מטה כוכבים מכונ,יחידה,0.00,יחידה,false,,6.40,0.0000,true,1,71078
7290101999737,false,נרות מטה לבבות מיני,,,נרות מטה לבבות מיני,יחידה,0.00,יחידה,false,,6.40,0.0000,true,1,71082
7290102003778,false,נרות ג'מבו מאויירים,,,נרות ג'מבו מאויירים,יחידה,0.00,יחידה,false,,6.40,0.0000,true,1,97907
7290102006441,false,זר יום הולדת לראש עם,,,זר יום הולדת לראש עם,יחידה,0.00,יחידה,false,,13.80,0.0000,true,1,71075
7290102030330,false,תפוצ'יפס קראנצ' מקסי,עלית,,תפוצ'יפס קראנצ' מקסי,גרמים,200.00,100 גרם,false,,10.90,0.0545,false,1,26612
7290102031276,false,אקטימל תות 1.5% שמינ,שטראוס דנונה,,אקטימל תות 1.5% שמינ,מיליליטרים,800.00,"100 מ""ל",false,,21.10,0.0264,true,1,25941
7290102032334,false,קפה נמס בטעם וניל 20,עלית,,קפה נמס בטעם וניל 20,גרמים,200.00,100 גרם,false,,23.90,0.1195,false,1,28599
7290102035151,false,אקטיביה 1.5% טבעי,שטראוס דנונה,,אקטיביה 1.5% טבעי,גרמים,150.00,100 גרם,false,,3.80,0.0253,true,1,58555
7290102060764,false,מרידול מברשת שיניים,מרידול,,מרידול מברשת שיניים,יחידה,0.00,יחידה,false,,34.90,0.0000,true,1,55395
7290102060979,false,אלמקס משחת שיניים מש,אלמקס,,אלמקס משחת שיניים מש,גרמים,100.00,100 גרם,false,,15.90,0.1590,false,1,31579
7290102062195,false,אלמקס משחת שיניים ג',אלמקס,,אלמקס משחת שיניים ג',מיליליטרים,75.00,"100 מ""ל",false,,15.90,0.2120,true,1,35816
7290102300822,false,גבינת צ'דר אנגלי כתו,,,גבינת צ'דר אנגלי כתו,גרמים,200.00,100 גרם,false,,22.90,0.1145,true,1,101483
7290102300860,false,גבינת צ'דר אנגלי,,,גבינת צ'דר אנגלי,גרמים,200.00,100 גרם,false,,22.90,0.1145,true,1,101484
7290102302253,false,גאודה עיזים 200 גר,,,גאודה עיזים 200 גר,גרמים,200.00,100 גרם,false,,31.90,0.1595,true,1,103867
7290102302826,false,פילה דג סרדין בשמן ז,,,פילה דג סרדין בשמן ז,גרמים,120.00,100 גרם,false,,13.90,0.1158,true,1,120278
7290102302864,false,גאודה פסטו ירוק,,,גאודה פסטו ירוק,גרמים,200.00,100 גרם,false,,34.90,0.1745,true,1,119160
7290102390427,false,יוגורט תות 3% מולר 1,מולר,,יוגורט תות 3% מולר 1,מיליליטרים,150.00,"100 מ""ל",false,,5.30,0.0353,true,1,28740
7290102390465,false,יוגורט אפרסק ופסיפלו,מולר,,יוגורט אפרסק ופסיפלו,מיליליטרים,150.00,"100 מ""ל",false,,5.30,0.0353,false,1,28742
7290102390489,false,יוגורט לימון 3% - 15,מולר,,יוגורט לימון 3% - 15,מיליליטרים,150.00,"100 מ""ל",false,,5.30,0.0353,true,1,28743
7290102391301,false,יוגורט ביו טבעי,,,יוגורט ביו טבעי,יחידה,150.00,יחידה,false,,3.30,0.0220,true,1,31012
7290102391844,false,יוגורט מולר פרופ פיר,מולר,,יוגורט מולר פרופ פיר,מיליליטרים,150.00,"100 מ""ל",false,,5.30,0.0353,true,1,31610
7290102392049,false,תבור גבינה לאפיה 5%,משק צוריאל,,תבור גבינה לאפיה 5%,גרמים,500.00,100 גרם,false,,25.90,0.0518,true,1,33678
7290102392094,false,חלב עיזים בקרטון 3.7,משק צוריאל,,חלב עיזים בקרטון 3.7,ליטרים,1.00,ליטר,false,,16.50,16.5000,true,1,33557
7290102393060,false,מולר מיקס יוגורט עם,מולר,,מולר מיקס יוגורט עם,גרמים,170.00,100 גרם,false,,6.20,0.0365,true,1,37638
7290102393169,false,מולר סימפלי פרויט תו,מולר,,מולר סימפלי פרויט תו,מיליליטרים,150.00,"100 מ""ל",false,,5.30,0.0353,false,1,40383
7290102393176,false,מולר סימפלי פרויט אפ,מולר,,מולר סימפלי פרויט אפ,מיליליטרים,150.00,"100 מ""ל",false,,5.30,0.0353,false,1,40384
7290102393190,false,מולר סימפלי פרויט פי,מולר,,מולר סימפלי פרויט פי,מיליליטרים,150.00,"100 מ""ל",false,,5.30,0.0353,false,1,40386
7290102393268,false,גבינה לבנה 750 גר' ט,טרה,,גבינה לבנה 750 גר' ט,גרמים,750.00,100 גרם,false,,14.94,0.0199,false,1,37902
7290102393299,false,יוגורט עיזים לשתיה 3,משק צוריאל,,יוגורט עיזים לשתיה 3,גרמים,500.00,100 גרם,false,,12.90,0.0258,true,1,39109
7290102393718,false,גבינת חלומי בקר 200,משק צוריאל,,גבינת חלומי בקר 200,גרמים,200.00,100 גרם,false,,21.90,0.1095,true,1,40004
7290102393848,false,יוגורט עיזים תות 2.5,משק צוריאל,,יוגורט עיזים תות 2.5,גרמים,140.00,100 גרם,false,,6.20,0.0443,true,1,42062
7290102393855,false,יוגורט עיזים אפרסק 2,משק צוריאל,,יוגורט עיזים אפרסק 2,גרמים,140.00,100 גרם,false,,6.20,0.0443,true,1,42023
7290102393947,false,מולר סימפלי פרוט קיו,מולר,,מולר סימפלי פרוט קיו,מיליליטרים,150.00,"100 מ""ל",false,,5.30,0.0353,false,1,42849
7290102394081,false,מולר מיקס יוגורט קרמ,מולר,,מולר מיקס יוגורט קרמ,גרמים,170.00,100 גרם,false,,6.20,0.0365,false,1,42884
7290102394258,false,עז מה 180 גר' 9%,משק צוריאל,,עז מה 180 גר' 9%,גרמים,180.00,100 גרם,false,,23.90,0.1328,true,1,43491
7290102394463,false,גבינה צהובה 28% וואק,,,גבינה צהובה 28% וואק,גרמים,500.00,100 גרם,false,,29.90,0.0598,true,1,63104
7290102394821,false,גבינה צהובה טרה דק ד,טרה,,גבינה צהובה טרה דק ד,גרמים,200.00,100 גרם,false,,16.90,0.0845,false,1,57538
7290102394845,false,גבינה צהובה לייט דק,טרה,,גבינה צהובה לייט דק,גרמים,200.00,100 גרם,false,,17.50,0.0875,false,1,57549
7290102395217,false,מאגדת יוגורט מולר שמ,מולר,,מאגדת יוגורט מולר שמ,גרמים,1200.00,100 גרם,false,,21.00,0.0175,true,1,61181
7290102395224,false,מאגדת מולר לבן ביו 1,מולר,,מאגדת מולר לבן ביו 1,גרמים,1200.00,100 גרם,false,,18.50,0.0154,false,1,61118
7290102395231,false,מאגדת יוגורט מולר בי,מולר,,מאגדת יוגורט מולר בי,גרמים,1200.00,100 גרם,false,,18.50,0.0154,false,1,60893
7290102395262,false,מאגדת מולר תות אפרסק,מולר,,מאגדת מולר תות אפרסק,גרמים,1200.00,100 גרם,false,,31.90,0.0266,true,1,63343
7290102395378,false,גבינה צהובה נעם 28%,,,גבינה צהובה נעם 28%,גרמים,360.00,100 גרם,false,,21.50,0.0597,true,1,63044
7290102395439,false,מאגדת שמינייה סימפלי,מולר,,מאגדת שמינייה סימפלי,יחידה,0.00,יחידה,false,,31.90,0.0000,true,1,64255
7290102395446,false,מוו מעדן וניל קצפת,טרה,,מוו מעדן וניל קצפת,גרמים,123.00,100 גרם,false,,2.90,0.0236,true,1,61287
7290102395477,false,מו מעדן שוקולד קצפת,טרה,,מו מעדן שוקולד קצפת,גרמים,123.00,100 גרם,false,,2.90,0.0236,true,1,61112
7290102395521,false,שמנת לבישול 15% + פק,טרה,,שמנת לבישול 15% + פק,מיליליטרים,500.00,"100 מ""ל",false,,16.90,0.0338,true,1,67160
7290102396436,false,מעדן מוו שוקולד,,,מעדן מוו שוקולד,גרמים,125.00,100 גרם,false,,2.90,0.0232,true,1,68241
7290102396443,false,מעדן מוו וניל,טרה,,מעדן מוו וניל,גרמים,125.00,100 גרם,false,,2.90,0.0232,true,1,68209
7290102396580,false,מעדן מוו שוקולד ומוס,טרה,,מעדן מוו שוקולד ומוס,גרמים,123.00,100 גרם,false,,2.90,0.0236,true,1,68701
7290102396597,false,מעדן מוו וניל ומוס ש,טרה,,מעדן מוו וניל ומוס ש,גרמים,123.00,100 גרם,false,,2.90,0.0236,true,1,68702
7290102396665,false,גבינה צהובה נעם דק ד,טרה,,גבינה צהובה נעם דק ד,גרמים,200.00,100 גרם,false,,16.90,0.0845,true,1,98341
7290102396672,false,גבינה צהובה נעם 9%,טרה,,גבינה צהובה נעם 9%,גרמים,360.00,100 גרם,false,,28.50,0.0792,true,1,96660
7290102396719,false,יוגורט סימפלי תות 0%,מולר,,יוגורט סימפלי תות 0%,גרמים,150.00,100 גרם,false,,5.30,0.0353,false,1,70308
7290102396726,false,יוגורט סימפלי אפרסק,מולר,,יוגורט סימפלי אפרסק,גרמים,150.00,100 גרם,false,,5.00,0.0333,false,1,70309
7290102396740,false,מאגדת שמינייה מולר ס,מולר,,מאגדת שמינייה מולר ס,גרמים,1200.00,100 גרם,false,,31.90,0.0266,true,1,70311
7290102397204,false,גבינה צהובה נעם דק ד,טרה,,גבינה צהובה נעם דק ד,גרמים,200.00,100 גרם,false,,16.90,0.0845,true,1,96654
7290102397464,false,יוגורט מולר נטורל+גר,מולר,,יוגורט מולר נטורל+גר,גרמים,170.00,100 גרם,false,,6.20,0.0365,true,1,104047
7290102397600,false,מולר מיקס בתוספת שקד,מולר,,מולר מיקס בתוספת שקד,גרמים,170.00,100 גרם,false,,6.20,0.0365,true,1,100403
7290102397617,false,מולר מיקס בתוספת קלי,מולר,,מולר מיקס בתוספת קלי,גרמים,170.00,100 גרם,false,,6.20,0.0365,true,1,100404
7290102397679,false,קוטג' 375 גר' טרה,טרה,,קוטג' 375 גר' טרה,גרמים,375.00,100 גרם,false,,8.30,0.0221,true,1,107919
7290102397730,false,נעם אמנטל 100% רכיבי,טרה,,נעם אמנטל 100% רכיבי,גרמים,200.00,100 גרם,false,,17.50,0.0875,true,1,105126
7290102397747,false,מוצרלה 200 גר' נעם,טרה,,מוצרלה 200 גר' נעם,גרמים,200.00,100 גרם,false,,18.90,0.0945,true,1,107836
7290102397891,false,גבינה מותכת 18% משק,טרה,,גבינה מותכת 18% משק,גרמים,100.00,100 גרם,false,,7.30,0.0730,true,1,104046
7290102398065,false,חלב בקרטון 3% טרה 2,טרה,,חלב בקרטון 3% טרה 2,ליטרים,2.00,ליטר,false,,12.46,6.2300,false,1,106107
7290102398072,false,חלב טרה 3% בקרטון 1,טרה,,חלב טרה 3% בקרטון 1,ליטרים,1.00,ליטר,false,,6.23,6.2300,false,1,105624
7290102398331,false,חלב מועשר דל לקטוז 1,טרה,,חלב מועשר דל לקטוז 1,ליטרים,1.00,ליטר,false,,7.80,7.8000,false,1,107904
7290102398560,false,שוקו טרה מועשר בקבוק,טרה,,שוקו טרה מועשר בקבוק,ליטרים,1.00,ליטר,false,,12.50,12.5000,true,1,111349
7290102398577,false,שוקו טרה מועשר בקבוק,טרה,,שוקו טרה מועשר בקבוק,מיליליטרים,250.00,"100 מ""ל",false,,5.50,0.0220,true,1,111350
7290102398614,false,משקה חלב בטעם בננה 1,טרה,,משקה חלב בטעם בננה 1,ליטרים,1.00,ליטר,false,,12.50,12.5000,true,1,111684
7290102398638,false,משקה חלב בטעם מוקה 1,טרה,,משקה חלב בטעם מוקה 1,ליטרים,1.00,ליטר,false,,12.50,12.5000,true,1,111685
7290102398669,false,אייס קפוצ'ינו 1 ליטר,,,אייס קפוצ'ינו 1 ליטר,ליטרים,1.00,ליטר,false,,12.50,12.5000,true,1,120408
7290102398799,false,משקה סויה במתיקות מע,משק צוריאל,,משקה סויה במתיקות מע,ליטרים,1.00,ליטר,false,,11.90,11.9000,true,1,117363
7290102398805,false,משקה סויה בטעם וניל,משק צוריאל,,משקה סויה בטעם וניל,ליטרים,1.00,ליטר,false,,11.90,11.9000,true,1,117219
7290102398836,false,משקה שקדים קלאסי משק,משק צוריאל,,משקה שקדים קלאסי משק,ליטרים,1.00,ליטר,false,,13.50,13.5000,true,1,117145
7290102399048,false,גבינת קשקבל נעם פתיח,טרה,,גבינת קשקבל נעם פתיח,גרמים,200.00,100 גרם,false,,22.90,0.1145,true,1,114245
7290102399079,false,גבינה בולגרית 16% 25,,,גבינה בולגרית 16% 25,גרמים,250.00,100 גרם,false,,21.50,0.0860,true,1,120409
7290102399635,false,יוגורט Bio עם קציפת,,,יוגורט Bio עם קציפת,גרמים,150.00,100 גרם,false,,5.30,0.0353,true,1,120404
7290102399697,false,יוגורט סימפלי פרוט 1,מולר,,יוגורט סימפלי פרוט 1,מיליליטרים,150.00,"100 מ""ל",false,,5.00,0.0333,true,1,117877
7290102399772,false,ממרח חמאה במליחות עד,,,ממרח חמאה במליחות עד,גרמים,250.00,100 גרם,false,,18.90,0.0756,true,1,120403
7290102399789,false,ממרח חמאה ללא מלח 25,,,ממרח חמאה ללא מלח 25,גרמים,250.00,100 גרם,false,,18.90,0.0756,true,1,120400
7290102399796,false,מולר אקטיב יוגורט 25,,,מולר אקטיב יוגורט 25,גרמים,200.00,100 גרם,false,,5.80,0.0290,true,1,120124
7290102399819,false,מולר אקטיב יוגורט פי,,,מולר אקטיב יוגורט פי,גרמים,200.00,100 גרם,false,,6.20,0.0310,true,1,120126
7290102399857,false,מולר אקטיב לייט עם ת,מולר,,מולר אקטיב לייט עם ת,גרמים,200.00,100 גרם,false,,6.20,0.0310,true,1,120659
7290102399864,false,מולר אקטיב לייט עם א,מולר,,מולר אקטיב לייט עם א,גרמים,200.00,100 גרם,false,,6.20,0.0310,true,1,120660
7290102840243,false,פלאן קרמל,,,פלאן קרמל,יחידה,0.00,יחידה,false,,7.90,0.0000,true,1,30156
7290102841127,false,אבקה להכנת עוגת פרג,,,אבקה להכנת עוגת פרג,גרמים,600.00,100 גרם,false,,14.00,0.0233,true,1,35207
7290102841899,false,אבקת פלאפל,,,אבקת פלאפל,גרמים,180.00,100 גרם,false,,10.90,0.0606,true,1,120518
7290102842360,false,תערובת להכנת סופלה ש,,,תערובת להכנת סופלה ש,יחידה,0.00,יחידה,false,,14.50,0.0000,true,1,55883
7290102844364,false,תערובת להכנת עוגת שי,,,תערובת להכנת עוגת שי,גרמים,560.00,100 גרם,false,,13.90,0.0248,true,1,101283
7290103120658,false,ספיד סטיק 24/7 ג'ל ש,ספיד סטיק,,ספיד סטיק 24/7 ג'ל ש,גרמים,85.00,100 גרם,false,,19.90,0.2341,true,1,32368
7290103124601,false,פלמוליב סבון נוזלי ח,פלמוליב,,פלמוליב סבון נוזלי ח,מיליליטרים,750.00,"100 מ""ל",false,,19.90,0.0265,true,1,43548
7290103126797,false,קולגייט סנסטיב פרו ר,קולגייט,,קולגייט סנסטיב פרו ר,מיליליטרים,75.00,"100 מ""ל",false,,19.90,0.2653,false,1,41256
7290103128739,false,בלונס מקלות אזניים ל,,,בלונס מקלות אזניים ל,יחידה,0.00,יחידה,false,,5.90,0.0000,true,1,58047
7290103129378,false,ספיד סטיק 24/7 ג'ל X,,,ספיד סטיק 24/7 ג'ל X,יחידה,0.00,יחידה,false,,19.90,0.0000,true,1,60491
7290103129392,false,ליידי ספיד סטיק פרח,,,ליידי ספיד סטיק פרח,גרמים,65.00,100 גרם,false,,19.90,0.3062,true,1,61158
7290103129408,false,ליידי ספיד סטיק פריח,,,ליידי ספיד סטיק פריח,גרמים,65.00,100 גרם,false,,19.90,0.3062,true,1,61159
7290103129637,false,פדים קוסמטיים להסרת,,,פדים קוסמטיים להסרת,יחידה,0.00,יחידה,false,,7.90,0.0000,true,1,60285
7290103151508,false,מיכל איחסון 1 ליטר 5,,,מיכל איחסון 1 ליטר 5,יחידה,0.00,יחידה,false,,9.90,0.0000,true,1,107996
7290103151515,false,מיכל איחסון 2 ליטר 4,,,מיכל איחסון 2 ליטר 4,יחידה,0.00,יחידה,false,,9.90,0.0000,true,1,107997
7290103400194,false,כרוב לבן שטראוס 400ג,שטראוס,,כרוב לבן שטראוס 400ג,גרמים,400.00,100 גרם,false,,8.90,0.0223,true,1,38439
7290103400255,false,סלט קולסלאו 400ג' בד,שטראוס,,סלט קולסלאו 400ג' בד,גרמים,400.00,100 גרם,false,,8.90,0.0223,true,1,38441
7290103401429,false,קפה נמס קצב ברזילאי,עלית,,קפה נמס קצב ברזילאי,גרמים,200.00,100 גרם,false,,24.90,0.1245,false,1,34776
7290103404758,false,סלט כרוב 120 גר,אחלה,,סלט כרוב 120 גר,גרמים,120.00,100 גרם,false,,5.00,0.0417,true,1,33622
7290103408206,false,עלי חסה בקופסא שטראו,שטראוס,,עלי חסה בקופסא שטראו,גרמים,250.00,100 גרם,false,,9.90,0.0396,true,1,35587
7290103681173,false,הר TABOR קברנה סובני,,,הר TABOR קברנה סובני,מיליליטרים,750.00,"100 מ""ל",false,,29.90,0.0399,true,1,113644
7290103681180,false,"הר TABOR מרלו 750 מ""",,,"הר TABOR מרלו 750 מ""",מיליליטרים,750.00,"100 מ""ל",false,,29.90,0.0399,true,1,113645
7290103681197,false,הר TABOR שיראז 750 מ,,,הר TABOR שיראז 750 מ,מיליליטרים,750.00,"100 מ""ל",false,,29.90,0.0399,true,1,113646
7290103681210,false,יין תבור הר שרדונה ס,,,יין תבור הר שרדונה ס,מיליליטרים,750.00,"100 מ""ל",false,,29.90,0.0399,true,1,113770
7290103681227,false,הר TABOR גיוורצטרמינ,,,הר TABOR גיוורצטרמינ,מיליליטרים,750.00,"100 מ""ל",false,,29.90,0.0399,true,1,113647
7290103681241,false,יין תבור הר מוסקטו,,,יין תבור הר מוסקטו,מיליליטרים,750.00,"100 מ""ל",false,,29.90,0.0399,true,1,114009
7290104061417,false,חומוס טחינה אחלה 400,אחלה,,חומוס טחינה אחלה 400,גרמים,400.00,100 גרם,false,,10.50,0.0263,true,1,36174
7290104061424,false,חומוס אחלה זעתר 400,אחלה,,חומוס אחלה זעתר 400,גרמים,400.00,100 גרם,false,,10.50,0.0263,true,1,36172
7290104061431,false,חומוס אחלה צנובר 400,אחלה,,חומוס אחלה צנובר 400,גרמים,400.00,100 גרם,false,,10.50,0.0263,true,1,36175
7290104061448,false,חומוס אחלה חריף 400,אחלה,,חומוס אחלה חריף 400,גרמים,400.00,100 גרם,false,,10.50,0.0263,true,1,36173
7290104062599,false,מארז סופר גמדים תות,שטראוס דנונה,,מארז סופר גמדים תות,גרמים,800.00,100 גרם,false,,18.90,0.0236,true,1,36396
7290104064012,false,פסק זמן טו גוד לבן 3,עלית,,פסק זמן טו גוד לבן 3,גרמים,36.00,100 גרם,false,,5.00,0.1389,true,1,110207
7290104065187,false,קפה נמס בטעם מוקה 20,עלית,,קפה נמס בטעם מוקה 20,גרמים,200.00,100 גרם,false,,23.90,0.1195,false,1,38281
7290104065934,false,עלי רוקט שטראוס 150,שטראוס,,עלי רוקט שטראוס 150,גרמים,150.00,100 גרם,false,,9.90,0.0660,true,1,37728
7290104067679,false,טחינה אחלה 400 גר,אחלה,,טחינה אחלה 400 גר,גרמים,400.00,100 גרם,false,,10.90,0.0273,true,1,64925
7290104067693,false,חומוס 150 גר עם חריף,אחלה,,חומוס 150 גר עם חריף,גרמים,150.00,100 גרם,false,,5.50,0.0367,true,1,65476
7290104068539,false,מסטיק מאסט בטעם מלון,עלית,,מסטיק מאסט בטעם מלון,גרמים,28.00,100 גרם,false,,4.40,0.1571,true,1,38632
7290104068546,false,מסטיק מאסט קולה ולימ,עלית,,מסטיק מאסט קולה ולימ,גרמים,28.00,100 גרם,false,,4.40,0.1571,true,1,39672
7290104281815,false,מסרק כינים,,,מסרק כינים,יחידה,0.00,יחידה,false,,4.90,0.0000,true,1,190193
7290104282119,false,מראה,,,מראה,יחידה,0.00,יחידה,false,,14.90,0.0000,true,1,190198
7290104500572,false,אפרופו איטליאנו 50 ג,אסם,,אפרופו איטליאנו 50 ג,גרמים,50.00,100 גרם,false,,5.20,0.1040,false,1,42220
7290104501661,false,פודינג טעם וניל צרפת,אסם,,פודינג טעם וניל צרפת,גרמים,80.00,100 גרם,false,,5.80,0.0725,false,1,40298
7290104508189,false,גביעי גלידה ממותקים,אסם,,גביעי גלידה ממותקים,יחידה,0.00,יחידה,false,,12.50,0.0000,true,1,43246
7290104508202,false,גביעי גלידה אמריקאים,אסם,,גביעי גלידה אמריקאים,יחידה,0.00,יחידה,false,,12.50,0.0000,true,1,42715
7290104570162,false,תמרים כבושים 500גר,,,תמרים כבושים 500גר,גרמים,500.00,100 גרם,false,,9.90,0.0198,true,1,62486
7290104570292,false,תמר מג'הול 1 קג,,,תמר מג'הול 1 קג,קילוגרמים,1.00,"ק""ג",false,,19.90,19.9000,true,1,188856
7290104570629,false,ממרח תמרים 450 גר,,,ממרח תמרים 450 גר,גרמים,450.00,100 גרם,false,,4.90,0.0109,false,1,97572
7290104721953,false,לקט מסולסלים שטראוס,שטראוס,,לקט מסולסלים שטראוס,גרמים,350.00,100 גרם,false,,12.90,0.0369,true,1,39499
7290104722530,false,תפוצ'יפס שמנת בצל 20,עלית,,תפוצ'יפס שמנת בצל 20,גרמים,200.00,100 גרם,false,,10.90,0.0545,true,1,39686
7290104725326,false,קוט'ג 5% 400 גרם,שטראוס,,קוט'ג 5% 400 גרם,גרמים,400.00,100 גרם,false,,9.30,0.0233,false,1,104943
7290104726262,false,מארז רביעיה דני לשתי,שטראוס,,מארז רביעיה דני לשתי,יחידה,500.00,יחידה,false,,11.00,0.0220,true,1,41345
7290104726712,false,מארז מילקי שמיניה,שטראוס,,מארז מילקי שמיניה,גרמים,1064.00,100 גרם,false,,21.20,0.0199,false,1,56375
7290104728310,false,שמנת מתוקה עמידה 38%,שטראוס,,שמנת מתוקה עמידה 38%,מיליליטרים,250.00,"100 מ""ל",false,,6.18,0.0247,false,1,42474
7290104729003,false,שמן זית יד מרדכי,יד מרדכי,,שמן זית יד מרדכי,מיליליטרים,750.00,"100 מ""ל",false,,32.90,0.0439,false,1,41882
7290104729010,false,לבן תות 3%,,,לבן תות 3%,יחידה,100.00,יחידה,false,,1.40,0.0140,true,1,42315
7290104850981,false,צלחת גדולה קרם אלגנט,,,צלחת גדולה קרם אלגנט,יחידה,0.00,יחידה,false,,14.90,0.0000,true,1,42275
7290104851223,false,צלחות מרק אלגנט קרם-,,,צלחות מרק אלגנט קרם-,יחידה,0.00,יחידה,false,,9.90,0.0000,true,1,43516
7290104852176,false,נר נשמה,,,נר נשמה,יחידה,0.00,יחידה,false,,1.90,0.0000,true,1,62022
7290104852466,false,נרות שבת 16 יח',,,נרות שבת 16 יח',גרמים,140.00,100 גרם,false,,2.90,0.0207,true,1,65547
7290104852473,false,נר שבת 20,,,נר שבת 20,יחידה,0.00,יחידה,false,,2.90,0.0000,true,1,61475
7290104852794,false,תבניות פאלאס 13 יח',,,תבניות פאלאס 13 יח',יחידה,0.00,יחידה,false,,7.90,0.0000,true,1,105448
7290104858307,false,להבונים בשקית 50 יח',,,להבונים בשקית 50 יח',יחידה,0.00,יחידה,false,,9.90,0.0000,true,1,108071
7290104859786,false,תבנית אלומיניום בינו,,,תבנית אלומיניום בינו,יחידה,0.00,יחידה,false,,7.90,0.0000,true,1,110489
7290104859793,false,תבנית אלומיניום ענקי,,,תבנית אלומיניום ענקי,יחידה,0.00,יחידה,false,,7.90,0.0000,true,1,110490
7290104859809,false,תבנית אלומיניום ארוכ,,,תבנית אלומיניום ארוכ,יחידה,0.00,יחידה,false,,7.90,0.0000,true,1,110555
7290104859816,false,תבנית אלומיניום בינו,,,תבנית אלומיניום בינו,יחידה,0.00,יחידה,false,,7.90,0.0000,true,1,110491
7290104859823,false,תבנית אלומיניום עמוק,,,תבנית אלומיניום עמוק,יחידה,0.00,יחידה,false,,7.90,0.0000,true,1,110556
7290104859830,false,תבנית אלומיניום עגול,,,תבנית אלומיניום עגול,יחידה,0.00,יחידה,false,,7.90,0.0000,true,1,111141
7290104960970,false,טיטניום דאודורנט ספר,,,טיטניום דאודורנט ספר,מיליליטרים,0.00,"מ""ל",false,,15.90,0.0000,true,1,55331
7290104961557,false,טיטניום ICE ספריי גו,טיטניום,,טיטניום ICE ספריי גו,מיליליטרים,150.00,"100 מ""ל",false,,11.90,0.0793,true,1,59033
7290104961878,false,שמפו קרטין טהור 400,נטורל פורמולה,,שמפו קרטין טהור 400,מיליליטרים,400.00,"100 מ""ל",false,,29.90,0.0747,true,1,61011
7290104961892,false,מסכה לשיער קרטין,נטורל פורמולה,,מסכה לשיער קרטין,יחידה,0.00,יחידה,false,,39.90,0.0000,true,1,61195
7290104962004,false,שלישיית אל סבון מפנק,נקה 7,,שלישיית אל סבון מפנק,מיליליטרים,1500.00,"100 מ""ל",false,,19.90,0.0133,true,1,95897
7290104962073,false,דאודורנט ספריי טיטני,טיטניום,,דאודורנט ספריי טיטני,יחידה,0.00,יחידה,false,,15.90,0.0000,true,1,64906
7290104962844,false,שמפו אמפולה אינטנס נ,נטורל פורמולה,,שמפו אמפולה אינטנס נ,יחידה,0.00,יחידה,false,,29.90,0.0000,true,1,95534
7290104963001,false,מגבונים סופטקר מבושם,,,מגבונים סופטקר מבושם,יחידה,0.00,יחידה,false,,18.90,0.0000,true,1,99410
7290104963018,false,מגבונים סופקטר ללא ב,,,מגבונים סופקטר ללא ב,יחידה,0.00,יחידה,false,,18.90,0.0000,true,1,99411
7290104963216,false,סופטקר אל סבון עדין,,,סופטקר אל סבון עדין,ליטרים,1.00,ליטר,false,,17.90,17.9000,true,1,100110
7290104963223,false,סופטקר אלסבון קלאסי,,,סופטקר אלסבון קלאסי,ליטרים,1.00,ליטר,false,,17.90,17.9000,true,1,100111
7290104963667,false,סופטקר 2-ב-1 אלסבון,,,סופטקר 2-ב-1 אלסבון,ליטרים,1.00,ליטר,false,,17.90,17.9000,true,1,100113
7290104963704,false,סופטקר אל סבון עדין,,,סופטקר אל סבון עדין,מיליליטרים,770.00,"100 מ""ל",false,,19.90,0.0258,true,1,110321
7290105360250,false,קפסולות מקיאטו למכונ,עלית,,קפסולות מקיאטו למכונ,גרמים,50.00,100 גרם,false,,16.90,0.3380,false,1,61335
7290105360328,false,אספרסו חזק קפסולות,עלית,,אספרסו חזק קפסולות,גרמים,50.00,100 גרם,false,,16.90,0.3380,false,1,61389
7290105360335,false,קפסולות אספרסו,עלית,,קפסולות אספרסו,גרמים,50.00,100 גרם,false,,16.90,0.3380,false,1,60934
7290105360878,false,מארז תפוצ'יפס רביעיי,עלית,,מארז תפוצ'יפס רביעיי,גרמים,200.00,100 גרם,false,,11.50,0.0575,true,1,69412
7290105362339,false,שמנת לבישול 15%,יטבתה,,שמנת לבישול 15%,מיליליטרים,250.00,"100 מ""ל",false,,8.10,0.0324,true,1,57946
7290105363602,false,כיף כף מקלות,עלית,,כיף כף מקלות,גרמים,40.00,100 גרם,false,,5.20,0.1300,true,1,60624
7290105364289,false,כיף כף מקלות פצפוצים,עלית,,כיף כף מקלות פצפוצים,גרמים,40.00,100 גרם,false,,5.20,0.1300,true,1,60596
7290105364302,false,כיף כף מקלות אגוזים,עלית,,כיף כף מקלות אגוזים,גרמים,42.00,100 גרם,false,,5.20,0.1238,true,1,60597
7290105364678,false,משקה אקטיביה אפרסק,שטראוס דנונה,,משקה אקטיביה אפרסק,מיליליטרים,250.00,"100 מ""ל",false,,4.90,0.0196,true,1,43662
7290105366023,false,"חציל בטעם כבד 400 ג""",אחלה,,"חציל בטעם כבד 400 ג""",גרמים,400.00,100 גרם,false,,15.00,0.0375,true,1,47483
7290105366993,false,גבינת סימפוניה עם פל,שטראוס,,גבינת סימפוניה עם פל,גרמים,200.00,100 גרם,false,,11.20,0.0560,false,1,65281
7290105368331,false,מילקי תות 8%,שטראוס,,מילקי תות 8%,גרמים,133.00,100 גרם,false,,2.80,0.0211,true,1,58729
7290105368904,false,שמנת עמידה לקצפת 32%,יטבתה,,שמנת עמידה לקצפת 32%,מיליליטרים,250.00,"100 מ""ל",false,,7.30,0.0292,false,1,62257
7290105368928,false,שמנת 9% יטבתה,יטבתה,,שמנת 9% יטבתה,מיליליטרים,200.00,"100 מ""ל",false,,3.10,0.0155,true,1,57977
7290105369130,false,סימפוניה בצל ירוק 5%,שטראוס,,סימפוניה בצל ירוק 5%,גרמים,200.00,100 גרם,false,,11.20,0.0560,false,1,61404
7290105369451,false,צ'יטוס דולפינים 55 ג,עלית,,צ'יטוס דולפינים 55 ג,גרמים,55.00,100 גרם,false,,3.40,0.0618,true,1,56071
7290105430441,false,פלמוליב סחלב שחור 75,פלמוליב,,פלמוליב סחלב שחור 75,מיליליטרים,750.00,"100 מ""ל",false,,19.90,0.0265,true,1,62852
7290105430458,false,פלמוליב שקדים 750מל,פלמוליב,,פלמוליב שקדים 750מל,מיליליטרים,750.00,"100 מ""ל",false,,19.90,0.0265,true,1,62853
7290105430496,false,ספיד סטיק סטיינגארד,,,ספיד סטיק סטיינגארד,יחידה,0.00,יחידה,false,,14.90,0.0000,true,1,62740
7290105431516,false,פרי חטיפי תמרים בוטנ,,,פרי חטיפי תמרים בוטנ,יחידה,0.00,יחידה,false,,16.50,0.0000,true,1,62807
7290105433985,false,ליידי ספיד סטיק אסנס,,,ליידי ספיד סטיק אסנס,יחידה,0.00,יחידה,false,,19.90,0.0000,true,1,67452
7290105434050,false,ספיד סטיק ירוק רגולר,,,ספיד סטיק ירוק רגולר,יחידה,0.00,יחידה,false,,19.90,0.0000,true,1,96532
7290105436382,false,חטיף פרי תמרים ואגוז,,,חטיף פרי תמרים ואגוז,גרמים,125.00,100 גרם,false,,16.50,0.1320,true,1,69163
7290105439499,false,מיונז מאסטר שף,,,מיונז מאסטר שף,גרמים,481.00,100 גרם,false,,10.90,0.0227,true,1,98585
7290105439505,false,מנה מאסטר שף קרם בטע,,,מנה מאסטר שף קרם בטע,גרמים,479.00,100 גרם,false,,11.90,0.0248,true,1,102570
7290105439581,false,חרדל דיז'ון מאסטר שף,,,חרדל דיז'ון מאסטר שף,גרמים,370.00,100 גרם,false,,10.90,0.0295,true,1,98841
7290105439598,false,חרדל דיז'ון גרגרים מ,,,חרדל דיז'ון גרגרים מ,גרמים,370.00,100 גרם,false,,10.90,0.0295,true,1,98842
7290105474049,false,לה קט מוס עוף 155 גר,,,לה קט מוס עוף 155 גר,גרמים,155.00,100 גרם,false,,5.90,0.0381,true,1,69582
7290105474124,false,"בונזו 12 קג כשל""פ",,,"בונזו 12 קג כשל""פ",קילוגרמים,12.00,"ק""ג",false,,129.90,10.8250,false,1,66396
7290105475787,false,לה קט שלישיה,,,לה קט שלישיה,קילוגרמים,1.20,"ק""ג",false,,19.90,16.5833,true,1,104372
7290105500151,false,וודקה פינלנדיה 700מל,,,וודקה פינלנדיה 700מל,מיליליטרים,700.00,"100 מ""ל",false,,59.90,0.0856,false,1,60757
7290105500236,false,ג'ק דניאלס 700מל,,,ג'ק דניאלס 700מל,מיליליטרים,700.00,"100 מ""ל",false,,120.00,0.1714,true,1,62605
7290105691224,false,חטיפי פריכונים טורטי,אסם,,חטיפי פריכונים טורטי,גרמים,60.00,100 גרם,false,,7.70,0.1283,false,1,56562
7290105691248,false,חטיפי טורטיות,אסם,,חטיפי טורטיות,גרמים,60.00,100 גרם,false,,7.70,0.1283,false,1,56467
7290105691712,false,עוגיות הפסקת קפה חיט,אסם,,עוגיות הפסקת קפה חיט,גרמים,230.00,100 גרם,false,,10.90,0.0474,true,1,58327
7290105691897,false,קוסקוס חיטה מלאה,אסם,,קוסקוס חיטה מלאה,גרמים,350.00,100 גרם,false,,8.90,0.0254,true,1,57898
7290105691934,false,קמח שמרים אסם 1 קג,אסם,,קמח שמרים אסם 1 קג,קילוגרמים,1.00,"ק""ג",false,,10.90,10.9000,false,1,59921
7290105693341,false,במבה אסם מאגדת 25*10,אסם,,במבה אסם מאגדת 25*10,גרמים,250.00,100 גרם,false,,14.90,0.0596,false,1,66004
7290105693457,false,עוגת הבית דמקה שוקו,אסם,,עוגת הבית דמקה שוקו,גרמים,320.00,100 גרם,false,,13.90,0.0434,false,1,58330
7290105693952,false,פירורית זהב שומשום,אסם,,פירורית זהב שומשום,גרמים,200.00,100 גרם,false,,6.00,0.0300,true,1,58655
7290105694614,false,ספגטי מהיר הכנה אסם,אסם,,ספגטי מהיר הכנה אסם,גרמים,500.00,100 גרם,false,,7.60,0.0152,false,1,59179
7290105694904,false,אבקת מרק פטריות רכיב,אסם,,אבקת מרק פטריות רכיב,גרמים,220.00,100 גרם,false,,16.00,0.0727,true,1,59964
7290105694928,false,אבקת מרק בצל רכיבים,אסם,,אבקת מרק בצל רכיבים,גרמים,220.00,100 גרם,false,,16.00,0.0727,true,1,59965
7290105695024,false,פתיתים אפויים אורז ע,אסם,,פתיתים אפויים אורז ע,גרמים,500.00,100 גרם,false,,7.50,0.0150,false,1,60863
7290105695321,false,עוגת בראוניס פאדג' א,אסם,,עוגת בראוניס פאדג' א,גרמים,380.00,100 גרם,false,,18.00,0.0474,false,1,60707
7290105695536,false,אבקת מרק ירקות שורש,אסם,,אבקת מרק ירקות שורש,גרמים,220.00,100 גרם,false,,14.90,0.0677,true,1,64393
7290105962331,false,סחוג חריף מאוד זהבי,,,סחוג חריף מאוד זהבי,גרמים,220.00,100 גרם,false,,12.50,0.0568,true,1,58311
7290105962980,false,כרוב אדום 400 גר אחל,אחלה,,כרוב אדום 400 גר אחל,גרמים,400.00,100 גרם,false,,10.90,0.0273,true,1,58808
7290105962997,false,חציל מיונז אחלה 400,אחלה,,חציל מיונז אחלה 400,גרמים,400.00,100 גרם,false,,10.90,0.0273,true,1,58809
7290105963000,false,מטבוחה אחלה 400 גר,אחלה,,מטבוחה אחלה 400 גר,גרמים,400.00,100 גרם,false,,10.90,0.0273,true,1,58846
7290105963864,false,חזרת אחלה 220 גר,אחלה,,חזרת אחלה 220 גר,גרמים,220.00,100 גרם,false,,12.00,0.0545,true,1,59347
7290105964564,false,חומוס אחלה 400 ג',,,חומוס אחלה 400 ג',גרמים,400.00,100 גרם,false,,7.90,0.0198,true,1,59851
7290105965738,false,דנונה לשתיה תות בננה,שטראוס דנונה,,דנונה לשתיה תות בננה,גרמים,267.00,100 גרם,false,,4.80,0.0180,true,1,66729
7290105966469,false,"חומץ בלסמי 250 מ""ל",יד מרדכי,,"חומץ בלסמי 250 מ""ל",מיליליטרים,250.00,"100 מ""ל",false,,15.90,0.0636,true,1,61818
7290105968654,false,רביולי בטטה פרווה 40,שטראוס,,רביולי בטטה פרווה 40,גרמים,400.00,100 גרם,false,,19.90,0.0497,true,1,60142
7290105968777,false,פרכיות אנרג'י תחתית,עלית,,פרכיות אנרג'י תחתית,גרמים,70.00,100 גרם,false,,7.90,0.1129,true,1,62634
7290106520066,false,רבע לשבע גלילי וופל,עלית,,רבע לשבע גלילי וופל,גרמים,160.00,100 גרם,false,,12.00,0.0750,false,1,60598
7290106520288,false,דנונה פרו תות,,,דנונה פרו תות,גרמים,150.00,100 גרם,false,,4.50,0.0300,true,1,98395
7290106520912,false,שמנת לבישול 9%,יטבתה,,שמנת לבישול 9%,גרמים,258.00,100 גרם,false,,8.10,0.0314,false,1,62868
7290106521049,false,קוביות סלק אחלה 400,אחלה,,קוביות סלק אחלה 400,גרמים,400.00,100 גרם,false,,15.00,0.0375,true,1,64694
7290106524439,false,תפוצ'יפס פופס 60 גר',עלית,,תפוצ'יפס פופס 60 גר',גרמים,60.00,100 גרם,false,,3.90,0.0650,false,1,107984
7290106525320,false,שוקולית לאפיה 500 גר,עלית,,שוקולית לאפיה 500 גר,גרמים,500.00,100 גרם,false,,17.50,0.0350,false,1,69474
7290106525368,false,רבע לשבע אין סייד אא,עלית,,רבע לשבע אין סייד אא,גרמים,125.00,100 גרם,false,,12.00,0.0960,true,1,64989
7290106525399,false,קפסולות קפה למכונת נ,,,קפסולות קפה למכונת נ,גרמים,50.00,100 גרם,false,,16.90,0.3380,false,1,100032
7290106526822,false,פריכיות עם תחתית שוק,עלית,,פריכיות עם תחתית שוק,גרמים,80.00,100 גרם,false,,7.90,0.0988,true,1,66269
7290106528628,false,דוריטוס 185 גר' DiPP,עלית,,דוריטוס 185 גר' DiPP,גרמים,185.00,100 גרם,false,,7.50,0.0405,true,1,99810
7290106528949,false,לקט ערוגות 450 גר,שטראוס,,לקט ערוגות 450 גר,גרמים,450.00,100 גרם,false,,11.90,0.0264,true,1,67766
7290106571921,false,עוגיות פיטנס חמוציות,נסטלה,,עוגיות פיטנס חמוציות,גרמים,180.00,100 גרם,false,,11.50,0.0639,true,1,67668
7290106572027,false,לחמית חמישה דגנים,אסם,,לחמית חמישה דגנים,גרמים,190.00,100 גרם,false,,8.70,0.0458,true,1,60940
7290106572065,false,חטיפי טורטיה חמוץ מת,אסם,,חטיפי טורטיה חמוץ מת,גרמים,60.00,100 גרם,false,,7.70,0.1283,false,1,60952
7290106572959,false,מארז אפרופו 5*25,אסם,,מארז אפרופו 5*25,גרמים,125.00,100 גרם,false,,12.50,0.1000,false,1,62787
7290106572997,false,קמח שמרים לפיצה,אסם,,קמח שמרים לפיצה,קילוגרמים,1.00,"ק""ג",false,,10.90,10.9000,false,1,62125
7290106573024,false,סירופ עסיס דיאט אננס,עסיס,,סירופ עסיס דיאט אננס,ליטרים,1.00,ליטר,false,,17.90,17.9000,false,1,94778
7290106573086,false,מארז קוסקוס זוגות אס,אסם,,מארז קוסקוס זוגות אס,גרמים,700.00,100 גרם,false,,9.90,0.0141,false,1,67390
7290106573277,false,קריספי טאפאס זיתים,,,קריספי טאפאס זיתים,גרמים,150.00,100 גרם,false,,11.70,0.0780,true,1,65400
7290106573314,false,קריספי טאפאס כפרי,אסם,,קריספי טאפאס כפרי,גרמים,150.00,100 גרם,false,,11.70,0.0780,true,1,65402
7290106573598,false,חומוס לבנוני 400 גר,צבר,,חומוס לבנוני 400 גר,גרמים,400.00,100 גרם,false,,12.00,0.0300,true,1,63052
7290106574793,false,עוגת שוקו שוקוצ'יפס,אסם,,עוגת שוקו שוקוצ'יפס,גרמים,350.00,100 גרם,false,,13.90,0.0397,false,1,64091
7290106574953,false,בייגלה שטוחים שומשום,אסם,,בייגלה שטוחים שומשום,גרמים,300.00,100 גרם,false,,11.90,0.0397,true,1,64419
7290106574977,false,בייגלה שטוחים עם מלח,אסם,,בייגלה שטוחים עם מלח,גרמים,300.00,100 גרם,false,,11.90,0.0397,true,1,64420
7290106575011,false,פתיתים אפויים קוסקוס,אסם,,פתיתים אפויים קוסקוס,גרמים,400.00,100 גרם,false,,6.90,0.0173,false,1,64578
7290106575257,false,עוגת סופלה שוקולד,אסם,,עוגת סופלה שוקולד,גרמים,340.00,100 גרם,false,,13.90,0.0409,false,1,65253
7290106575332,false,פתיתים אפויים פלוס ב,אסם,,פתיתים אפויים פלוס ב,גרמים,400.00,100 גרם,false,,7.50,0.0188,false,1,64580
7290106575431,false,עוגת סופלה בטעם שוקו,,,עוגת סופלה בטעם שוקו,גרמים,340.00,100 גרם,false,,13.90,0.0409,false,1,65254
7290106575943,false,קניידלך אסם,אסם,,קניידלך אסם,גרמים,140.00,100 גרם,false,,7.90,0.0564,false,1,66230
7290106576513,false,חומוס 400 גר צבר,צבר,,חומוס 400 גר צבר,גרמים,400.00,100 גרם,false,,9.90,0.0248,true,1,66438
7290106576537,false,חומוס מסעדות 700 ג',צבר,,חומוס מסעדות 700 ג',גרמים,700.00,100 גרם,false,,10.90,0.0156,false,1,64779
7290106576797,false,לה קרמריה וניל איטלק,לה קרמריה- נסטלה,,לה קרמריה וניל איטלק,ליטרים,1.40,ליטר,false,,22.90,16.3571,false,1,66241
7290106576810,false,לה קרמריה ריבת חלב 1,לה קרמריה- נסטלה,,לה קרמריה ריבת חלב 1,ליטרים,1.40,ליטר,false,,22.90,16.3571,false,1,66242
7290106576834,false,לה קרמריה פונטש בננה,לה קרמריה- נסטלה,,לה קרמריה פונטש בננה,ליטרים,1.40,ליטר,false,,22.90,16.3571,false,1,66243
7290106576858,false,לה קרמריה תותים בשמנ,לה קרמריה- נסטלה,,לה קרמריה תותים בשמנ,ליטרים,1.40,ליטר,false,,22.90,16.3571,false,1,66244
7290106576919,false,לה קרמריה סורבה תות,לה קרמריה- נסטלה,,לה קרמריה סורבה תות,ליטרים,1.40,ליטר,false,,22.90,16.3571,false,1,66246
7290106576957,false,לה קרמריה שוקו וניל,לה קרמריה- נסטלה,,לה קרמריה שוקו וניל,ליטרים,1.40,ליטר,false,,22.90,16.3571,false,1,66248
7290106576971,false,לה קרמריה שוקולד בלג,לה קרמריה- נסטלה,,לה קרמריה שוקולד בלג,ליטרים,1.40,ליטר,false,,22.90,16.3571,false,1,66249
7290106576995,false,לה קרמריה לייט סורבה,לה קרמריה- נסטלה,,לה קרמריה לייט סורבה,ליטרים,1.40,ליטר,false,,22.90,16.3571,false,1,66250
7290106577282,false,טחינה צבר 400 גר,צבר,,טחינה צבר 400 גר,גרמים,400.00,100 גרם,false,,11.90,0.0298,true,1,65124
7290106577480,false,חציל על האש בטחינה,צבר,,חציל על האש בטחינה,גרמים,400.00,100 גרם,false,,11.90,0.0298,true,1,65127
7290106577527,false,סלט קולסלו 400 גר צב,צבר,,סלט קולסלו 400 גר צב,גרמים,400.00,100 גרם,false,,11.90,0.0298,true,1,65175
7290106577541,false,כרוב אדום צבר 400 גר,צבר,,כרוב אדום צבר 400 גר,גרמים,400.00,100 גרם,false,,11.90,0.0298,true,1,65130
7290106577572,false,מטבוחה צבר 400 גר,צבר,,מטבוחה צבר 400 גר,גרמים,400.00,100 גרם,false,,11.90,0.0298,true,1,65199
7290106578692,false,ביסלי -במבה מיקס 80,,,ביסלי -במבה מיקס 80,יחידה,0.00,יחידה,false,,4.90,0.0000,false,1,67654
7290106578821,false,עוגת שמרים שוקולד קל,אסם,,עוגת שמרים שוקולד קל,גרמים,350.00,100 גרם,false,,18.00,0.0514,false,1,66870
7290106653504,false,בוטנים ברביקיו 50 גר,עלית,,בוטנים ברביקיו 50 גר,גרמים,50.00,100 גרם,false,,1.90,0.0380,true,1,94021
7290106653689,false,לקט אסיאתי 350 גר,,,לקט אסיאתי 350 גר,גרמים,350.00,100 גרם,false,,10.90,0.0311,true,1,103943
7290106654099,false,מארז מילקי CAKE שמינ,,,מארז מילקי CAKE שמינ,גרמים,272.00,100 גרם,false,,19.90,0.0732,true,1,98372
7290106662025,false,תפוצ'יפס 50 גר' מלח,עלית,,תפוצ'יפס 50 גר' מלח,גרמים,50.00,100 גרם,false,,3.90,0.0780,false,1,96310
7290106662964,false,סוכריות גומי יין 100,עלית,,סוכריות גומי יין 100,גרמים,100.00,100 גרם,false,,5.50,0.0550,true,1,95339
7290106663091,false,לאבנה טבעי 9% שטראוס,,,לאבנה טבעי 9% שטראוס,גרמים,500.00,100 גרם,false,,17.90,0.0358,true,1,97520
7290106663121,false,מילקי Cake,שטראוס,,מילקי Cake,גרמים,34.00,100 גרם,false,,3.00,0.0882,true,1,96123
7290106663183,false,צ'יטוס גבינה 65 גר',עלית,,צ'יטוס גבינה 65 גר',גרמים,65.00,100 גרם,false,,3.50,0.0538,true,1,104734
7290106663503,false,קונפיטורה לייט תות,יד מרדכי,,קונפיטורה לייט תות,גרמים,230.00,100 גרם,false,,12.90,0.0561,true,1,70246
7290106663558,false,רוטב טריאקי,יד מרדכי,,רוטב טריאקי,מיליליטרים,320.00,"100 מ""ל",false,,13.90,0.0434,true,1,95768
7290106664067,false,לאבנה עם שמן זית וזע,,,לאבנה עם שמן זית וזע,גרמים,400.00,100 גרם,false,,14.50,0.0363,true,1,97652
7290106664555,false,רוטב שמנת עגבניות 9%,,,רוטב שמנת עגבניות 9%,גרמים,250.00,100 גרם,false,,10.50,0.0420,true,1,97308
7290106664562,false,רוטב שמנת פטריות 9%,יטבתה,,רוטב שמנת פטריות 9%,גרמים,250.00,100 גרם,false,,10.50,0.0420,true,1,94517
7290106667266,false,דוריטוס חמוץ חריף 18,עלית,,דוריטוס חמוץ חריף 18,גרמים,185.00,100 גרם,false,,7.50,0.0405,true,1,99812
7290106668133,false,שוקולית 400 גר שקית,,,שוקולית 400 גר שקית,גרמים,400.00,100 גרם,false,,9.90,0.0248,false,1,99808
7290106668577,false,מיץ לימון טבעי 250 מ,יד מרדכי,,מיץ לימון טבעי 250 מ,מיליליטרים,250.00,"100 מ""ל",false,,8.50,0.0340,true,1,96000
7290106668713,false,דנונה פירות יער 3%,שטראוס דנונה,,דנונה פירות יער 3%,גרמים,150.00,100 גרם,false,,3.60,0.0240,true,1,96195
7290106669857,false,קפסולות קפה עלית בטע,,,קפסולות קפה עלית בטע,גרמים,50.00,100 גרם,false,,16.90,0.3380,false,1,104541
7290106721807,false,חציל פיקנטי אחלה 400,,,חציל פיקנטי אחלה 400,גרמים,400.00,100 גרם,false,,10.90,0.0273,true,1,98852
7290106721913,false,מאסט צנצנת פפרמינט צ,עלית,,מאסט צנצנת פפרמינט צ,גרמים,66.00,100 גרם,false,,9.90,0.1500,true,1,95760
7290106723689,false,עלי תרד בייבי - שטרא,שטראוס,,עלי תרד בייבי - שטרא,גרמים,200.00,100 גרם,false,,10.90,0.0545,true,1,70254
7290106725874,false,סירופ מייפל טבעי 236,,,סירופ מייפל טבעי 236,מיליליטרים,236.00,"100 מ""ל",false,,39.90,0.1691,true,1,97586
7290106726178,false,דנונה פרו פירות יער,,,דנונה פרו פירות יער,גרמים,150.00,100 גרם,false,,4.50,0.0300,true,1,97525
7290106727984,false,כיף כף פצפצים בגביע,,,כיף כף פצפצים בגביע,גרמים,135.00,100 גרם,false,,10.90,0.0807,true,1,101134
7290106729650,false,מארז דנונה שמיניה תו,,,מארז דנונה שמיניה תו,גרמים,1200.00,100 גרם,false,,23.90,0.0199,true,1,99352
7290107280013,false,מגבונים ליטופים חמיש,ליטופים,,מגבונים ליטופים חמיש,יחידה,0.00,יחידה,false,,18.90,0.0000,false,1,64567
7290107280020,false,מטליות לחות שלישייה,סנו סושי,,מטליות לחות שלישייה,יחידה,0.00,יחידה,false,,19.90,0.0000,false,1,63909
7290107280099,false,מגבונים נשטפים באסלה,סנו סופט,,מגבונים נשטפים באסלה,יחידה,0.00,יחידה,false,,15.90,0.0000,true,1,69229
7290107280563,false,סנו אוקסיג'ן בייבי 3,סנו אוקסיג'ן,,סנו אוקסיג'ן בייבי 3,ליטרים,3.00,ליטר,false,,31.90,10.6333,true,1,70137
7290107280570,false,ג'ל כביסה מקסימה מיק,סנו מקסימה,,ג'ל כביסה מקסימה מיק,ליטרים,3.00,ליטר,false,,31.90,10.6333,true,1,70891
7290107280709,false,סנו ספארק נוזל הברקה,סנו,,סנו ספארק נוזל הברקה,מיליליטרים,900.00,"100 מ""ל",false,,14.90,0.0166,true,1,95255
7290107280716,false,סנו ספארק מלח למדיח,סנו,,סנו ספארק מלח למדיח,קילוגרמים,2.00,"ק""ג",false,,12.90,6.4500,true,1,95256
7290107280723,false,סנו ספארק נוזל כלים,סנו,,סנו ספארק נוזל כלים,מיליליטרים,700.00,"100 מ""ל",false,,9.90,0.0141,true,1,70708
7290107280730,false,סנו ספארק נוזל כלים,סנו,,סנו ספארק נוזל כלים,מיליליטרים,700.00,"100 מ""ל",false,,9.90,0.0141,true,1,70892
7290107280747,false,סנו ספארק נוזל לניקו,סנו,,סנו ספארק נוזל לניקו,מיליליטרים,700.00,"100 מ""ל",false,,9.90,0.0141,true,1,70709
7290107280754,false,סנו ספארק נוזל כלים,סנו,,סנו ספארק נוזל כלים,מיליליטרים,700.00,"100 מ""ל",false,,9.90,0.0141,true,1,70893
7290107280761,false,סנו ספארק נוזל כלים,סנו,,סנו ספארק נוזל כלים,ליטרים,1.00,ליטר,false,,11.90,11.9000,true,1,94027
7290107280822,false,ריצפז פרש הום ספא מר,סנו fresh,,ריצפז פרש הום ספא מר,ליטרים,2.00,ליטר,false,,21.90,10.9500,false,1,95900
7290107602099,false,כובע סרוג,,,כובע סרוג,יחידה,0.00,יחידה,false,,16.90,0.0000,true,1,102087
7290107605861,false,סרט ראש מנוקד עם פפי,,,סרט ראש מנוקד עם פפי,יחידה,0.00,יחידה,false,,9.90,0.0000,true,1,96244
7290107645584,false,קנור מרק עוף אמיתי ר,קנור,,קנור מרק עוף אמיתי ר,גרמים,400.00,100 גרם,false,,19.90,0.0497,false,1,116958
7290107645591,false,קנור מרק טעם עוף רכי,קנור,,קנור מרק טעם עוף רכי,גרמים,400.00,100 גרם,false,,14.90,0.0373,false,1,110822
7290107646062,false,מרק קנור בצל רכיבים,קנור,,מרק קנור בצל רכיבים,גרמים,400.00,100 גרם,false,,19.90,0.0497,false,1,111392
7290107646147,false,חטיפי שוגי קורנפלקס,תלמה,,חטיפי שוגי קורנפלקס,גרמים,156.00,100 גרם,false,,12.90,0.0827,false,1,106776
7290107646154,false,חטיפי קוקומן פצפוצים,תלמה,,חטיפי קוקומן פצפוצים,גרמים,126.00,100 גרם,false,,12.90,0.1024,false,1,106777
7290107646383,false,סיף מטליות לחות לניק,סיף פנטסטיק,,סיף מטליות לחות לניק,יחידה,0.00,יחידה,false,,12.90,0.0000,true,1,105388
7290107646826,false,מאגדת חטיפי שוגי שוק,תלמה,,מאגדת חטיפי שוגי שוק,גרמים,138.00,100 גרם,false,,12.90,0.0935,false,1,109179
7290107646833,false,מאגדת חטיפי שוגי פצפ,תלמה,,מאגדת חטיפי שוגי פצפ,גרמים,138.00,100 גרם,false,,12.90,0.0935,false,1,109177
7290107646895,false,קנור רוטב לפסטה נפול,קנור,,קנור רוטב לפסטה נפול,גרמים,415.00,100 גרם,false,,11.90,0.0287,true,1,107006
7290107646918,false,קנור רוטב שקשוקה 415,קנור,,קנור רוטב שקשוקה 415,גרמים,415.00,100 גרם,false,,11.90,0.0287,true,1,107008
7290107646970,false,תלמה איולי שום 250 ג,תלמה,,תלמה איולי שום 250 ג,גרמים,250.00,100 גרם,false,,8.90,0.0356,true,1,189413
7290107647359,false,דומסטוס סבון אסלה או,,,דומסטוס סבון אסלה או,גרמים,165.00,100 גרם,false,,14.90,0.0903,true,1,108449
7290107647366,false,דומסטוס סבון אסלה לי,,,דומסטוס סבון אסלה לי,גרמים,165.00,100 גרם,false,,14.90,0.0903,true,1,108450
7290107647656,false,מאגדת מיני סולרו קוק,,,מאגדת מיני סולרו קוק,גרמים,245.00,100 גרם,false,,24.90,0.1016,true,1,112840
7290107647731,false,קוקומן חום לבן 375 ג,תלמה,,קוקומן חום לבן 375 ג,גרמים,375.00,100 גרם,false,,19.90,0.0531,false,1,107069
7290107647816,false,ברנפלקס ללא תוספת סו,תלמה,,ברנפלקס ללא תוספת סו,גרמים,500.00,100 גרם,false,,19.90,0.0398,false,1,107486
7290107647823,false,"ברנפלקס בד""צ 500 גר'",תלמה,,"ברנפלקס בד""צ 500 גר'",גרמים,500.00,100 גרם,false,,19.90,0.0398,false,1,107487
7290107647854,false,שוגי 500 גר',תלמה,,שוגי 500 גר',גרמים,500.00,100 גרם,false,,19.90,0.0398,false,1,106851
7290107648943,false,ברנפלקס קרנצ'ים מייפ,תלמה,,ברנפלקס קרנצ'ים מייפ,גרמים,375.00,100 גרם,false,,19.90,0.0531,false,1,109626
7290107648974,false,קנור רוטב לפסטה בזיל,קנור,,קנור רוטב לפסטה בזיל,גרמים,415.00,100 גרם,false,,11.90,0.0287,true,1,111949
7290107649605,false,קליק קורנפלקס חלב טב,קליק,,קליק קורנפלקס חלב טב,גרמים,85.00,100 גרם,false,,6.50,0.0765,false,1,109954
7290107871297,false,פריכונים מיני עשבי ת,אסם,,פריכונים מיני עשבי ת,גרמים,25.00,100 גרם,false,,4.20,0.1680,false,1,94414
7290107871532,false,מאגדת קרחונים דובדבן,נסטלה גלידות,,מאגדת קרחונים דובדבן,גרמים,750.00,100 גרם,false,,16.50,0.0220,true,1,94375
7290107871990,false,פסטה צינורות 500 גר,,,פסטה צינורות 500 גר,גרמים,500.00,100 גרם,false,,5.90,0.0118,false,1,69130
7290107874427,false,פריכונים מיני זעתר 2,אסם,,פריכונים מיני זעתר 2,גרמים,25.00,100 גרם,false,,4.20,0.1680,false,1,94499
7290107874441,false,פריכונים מיני בצל מק,אסם,,פריכונים מיני בצל מק,גרמים,25.00,100 גרם,false,,4.20,0.1680,false,1,94415
7290107874502,false,מארז ביסלי גריל,,,מארז ביסלי גריל,גרמים,220.00,100 גרם,false,,11.90,0.0541,false,1,100262
7290107875271,false,מארז ביסלי ברבקיו,,,מארז ביסלי ברבקיו,גרמים,220.00,100 גרם,false,,11.90,0.0541,false,1,100377
7290107875820,false,קרוטונים אפויים בתיב,אסם,,קרוטונים אפויים בתיב,גרמים,180.00,100 גרם,false,,11.90,0.0661,true,1,94381
7290107877619,false,מארז במבה נוגט 5*30,,,מארז במבה נוגט 5*30,גרמים,150.00,100 גרם,false,,13.50,0.0900,true,1,103710
7290107879132,false,פיטנס מיני פריכיות,,,פיטנס מיני פריכיות,גרמים,22.00,100 גרם,false,,4.90,0.2227,true,1,102841
7290107879569,false,מאגדת שלגונים לה פרו,נסטלה גלידות,,מאגדת שלגונים לה פרו,גרמים,350.00,100 גרם,false,,23.90,0.0683,true,1,99203
7290107930321,false,קונפיטורה דבדבן יד מ,יד מרדכי,,קונפיטורה דבדבן יד מ,גרמים,340.00,100 גרם,false,,13.50,0.0397,true,1,97022
7290107931397,false,כיף כף פיצפצים,,,כיף כף פיצפצים,גרמים,40.00,100 גרם,false,,5.20,0.1300,true,1,99617
7290107932080,false,חלב בקבוק 3% מועשר,יטבתה,,חלב בקבוק 3% מועשר,ליטרים,1.00,ליטר,false,,7.50,7.5000,false,1,97498
7290107932134,false,חלב בקבוק 1% מועשר,יטבתה,,חלב בקבוק 1% מועשר,ליטרים,1.00,ליטר,false,,7.50,7.5000,false,1,97500
7290107933155,false,לקט סלנובה 200 גר,,,לקט סלנובה 200 גר,גרמים,200.00,100 גרם,false,,12.90,0.0645,true,1,98519
7290107933193,false,סלק מבושל 500 גר שטר,,,סלק מבושל 500 גר שטר,גרמים,500.00,100 גרם,false,,7.90,0.0158,true,1,98137
7290107934473,false,אקטיביה שמיניה 1.5%,,,אקטיביה שמיניה 1.5%,גרמים,1200.00,100 גרם,false,,19.90,0.0166,true,1,97117
7290107936309,false,דנונה יווני לבן 7%,,,דנונה יווני לבן 7%,גרמים,130.00,100 גרם,false,,3.40,0.0262,true,1,102265
7290107936460,false,מארז שמיניה דנכול,,,מארז שמיניה דנכול,גרמים,800.00,100 גרם,false,,29.30,0.0366,true,1,99360
7290107936958,false,עד חצות אצבעות,,,עד חצות אצבעות,גרמים,125.00,100 גרם,false,,10.90,0.0872,true,1,107203
7290107937542,false,משקה אקטיביה תות,,,משקה אקטיביה תות,גרמים,265.00,100 גרם,false,,4.90,0.0185,true,1,100073
7290107937627,false,מסטיק מאסט קוביות ספ,,,מסטיק מאסט קוביות ספ,גרמים,58.00,100 גרם,false,,9.90,0.1707,true,1,102247
7290107937634,false,מסטיק מאסט קוביות צנ,,,מסטיק מאסט קוביות צנ,גרמים,58.00,100 גרם,false,,9.90,0.1707,true,1,102248
7290107937641,false,צנצנת בזוקה קוביות,,,צנצנת בזוקה קוביות,גרמים,58.00,100 גרם,false,,9.90,0.1707,true,1,102249
7290107937856,false,קפסולות קפה למכונות,,,קפסולות קפה למכונות,גרמים,50.00,100 גרם,false,,16.90,0.3380,false,1,101860
7290107938396,false,אקטימל תות שמיניה,,,אקטימל תות שמיניה,גרמים,864.00,100 גרם,false,,21.10,0.0244,true,1,100778
7290107939027,false,גזר חתוך דק דק 250 ג,,,גזר חתוך דק דק 250 ג,גרמים,250.00,100 גרם,false,,6.90,0.0276,true,1,102366
7290107939959,false,דנונה פרו טריפל זירו,,,דנונה פרו טריפל זירו,גרמים,150.00,100 גרם,false,,4.50,0.0300,true,1,102749
7290107940030,false,חומוס אחלה 650 גר,,,חומוס אחלה 650 גר,גרמים,650.00,100 גרם,false,,8.90,0.0137,false,1,109687
7290107941259,false,עדשים ירוקות מבושלות,,,עדשים ירוקות מבושלות,גרמים,475.00,100 גרם,false,,11.90,0.0251,true,1,103058
7290107941266,false,שעועית אדומה מבושלת,,,שעועית אדומה מבושלת,גרמים,475.00,100 גרם,false,,13.90,0.0293,true,1,103059
7290107941273,false,חומוס מבושל -שטראוס,,,חומוס מבושל -שטראוס,גרמים,475.00,100 גרם,false,,11.90,0.0251,true,1,103060
7290107942355,false,תפוצ'יפס מקלות בטעם,עלית,,תפוצ'יפס מקלות בטעם,גרמים,60.00,100 גרם,false,,3.90,0.0650,false,1,102737
7290107943192,false,שמנת חמוצה מהערבה 27,,,שמנת חמוצה מהערבה 27,גרמים,390.00,100 גרם,false,,4.00,0.0103,false,1,107202
7290107943369,false,קוואקר שיבולת שועל ל,קוואקר,,קוואקר שיבולת שועל ל,גרמים,511.00,100 גרם,false,,17.90,0.0350,true,1,106576
7290107944472,false,סימפוניה שום שמיר 5%,,,סימפוניה שום שמיר 5%,גרמים,200.00,100 גרם,false,,11.20,0.0560,true,1,102755
7290107945165,false,קונפיטורה משמש יד מר,,,קונפיטורה משמש יד מר,גרמים,340.00,100 גרם,false,,13.50,0.0397,true,1,103999
7290107950183,false,מעדן שטראוס דיאט וני,,,מעדן שטראוס דיאט וני,גרמים,130.00,100 גרם,false,,3.30,0.0254,true,1,102287
7290107950190,false,מעדן שטראוס דיאט שוק,,,מעדן שטראוס דיאט שוק,גרמים,130.00,100 גרם,false,,3.30,0.0254,true,1,102288
7290107950206,false,מעדן שטראוס דיאט שוק,,,מעדן שטראוס דיאט שוק,גרמים,130.00,100 גרם,false,,3.30,0.0254,true,1,102289
7290107950275,false,מילקי קצפת קפוצ'ינו,,,מילקי קצפת קפוצ'ינו,גרמים,133.00,100 גרם,false,,3.70,0.0278,true,1,104014
7290107951111,false,בפלות לימון 200 גר,,,בפלות לימון 200 גר,גרמים,200.00,100 גרם,false,,4.30,0.0215,true,1,102730
7290107951715,false,צנצנת מסטיק מאסט קוב,,,צנצנת מסטיק מאסט קוב,גרמים,58.00,100 גרם,false,,9.90,0.1707,true,1,103960
7290107953559,false,מארז קפה טורקי לדרך,,,מארז קפה טורקי לדרך,גרמים,168.00,100 גרם,false,,19.90,0.1185,false,1,103421
7290107954976,false,משקה יטבתה פרו קפה 3,,,משקה יטבתה פרו קפה 3,מיליליטרים,350.00,"100 מ""ל",false,,6.30,0.0180,true,1,105702
7290107956543,false,דבש יד מרדכי 900 גר,,,דבש יד מרדכי 900 גר,גרמים,900.00,100 גרם,false,,39.90,0.0443,false,1,110168
7290107956642,false,"תרסיס שמן זית 150 מ""",,,"תרסיס שמן זית 150 מ""",מיליליטרים,150.00,"100 מ""ל",false,,17.90,0.1193,true,1,108909
7290107956901,false,קפסולות אספרסו בטעם,,,קפסולות אספרסו בטעם,גרמים,150.00,100 גרם,false,,16.90,0.1127,true,1,107475
7290107956925,false,קפסולות קפה אוגנדה 1,,,קפסולות קפה אוגנדה 1,גרמים,50.00,100 גרם,false,,16.90,0.3380,false,1,111577
7290107956932,false,קפסולות קפה עלית אינ,,,קפסולות קפה עלית אינ,גרמים,100.00,100 גרם,false,,16.90,0.1690,false,1,107066
7290107957229,false,נטיפי שוקולד צ'יפס מ,,,נטיפי שוקולד צ'יפס מ,גרמים,250.00,100 גרם,false,,11.90,0.0476,true,1,109139
7290107957991,false,מילקי קייק מיניס,,,מילקי קייק מיניס,גרמים,144.00,100 גרם,false,,13.90,0.0965,true,1,110847
7290107958035,false,מארז דנונה מתיקות מע,,,מארז דנונה מתיקות מע,גרמים,960.00,100 גרם,false,,18.50,0.0193,true,1,107401
7290107970129,false,ליידי ספיד סטיק רול,,,ליידי ספיד סטיק רול,יחידה,0.00,יחידה,false,,14.90,0.0000,true,1,97565
7290107973014,false,פלמוליב סבון ידיים ח,,,פלמוליב סבון ידיים ח,מיליליטרים,300.00,"100 מ""ל",false,,10.90,0.0363,true,1,100695
7290107973038,false,פלמוליב סבון ידיים א,,,פלמוליב סבון ידיים א,מיליליטרים,300.00,"100 מ""ל",false,,10.90,0.0363,true,1,100697
7290107973311,false,זוג מברשות קולגייט 3,,,זוג מברשות קולגייט 3,יחידה,0.00,יחידה,false,,24.90,0.0000,true,1,99954
7290107973861,false,עגבניות קצוצות שלישי,,,עגבניות קצוצות שלישי,גרמים,1200.00,100 גרם,false,,15.90,0.0133,true,1,101318
7290107974066,false,עלי טורטיה קמח מלא 2,,,עלי טורטיה קמח מלא 2,גרמים,320.00,100 גרם,false,,9.90,0.0309,true,1,100373
7290107974073,false,עלי טורטיה קמח לבן 2,,,עלי טורטיה קמח לבן 2,גרמים,320.00,100 גרם,false,,9.90,0.0309,true,1,100374
7290107974080,false,עלי טורטיה קמח לבן 2,,,עלי טורטיה קמח לבן 2,גרמים,840.00,100 גרם,false,,16.90,0.0201,true,1,100375
7290107974301,false,ליידי ספיד סטיק אלוו,,,ליידי ספיד סטיק אלוו,יחידה,0.00,יחידה,false,,19.90,0.0000,true,1,104992
7290107974646,false,מי פה מרידול נשימה ר,,,מי פה מרידול נשימה ר,מיליליטרים,400.00,"100 מ""ל",false,,29.90,0.0747,true,1,101872
7290107975285,false,לידי ספיד סטיק נערות,,,לידי ספיד סטיק נערות,יחידה,0.00,יחידה,false,,19.90,0.0000,true,1,106236
7290107975346,false,ספיד סטיק ג'ל כח הטב,,,ספיד סטיק ג'ל כח הטב,יחידה,0.00,יחידה,false,,19.90,0.0000,true,1,105381
7290107975360,false,ליידי ספיד סטיק ג'ל,,,ליידי ספיד סטיק ג'ל,יחידה,0.00,יחידה,false,,19.90,0.0000,true,1,105382
7290107975544,false,קולגייט סמיילס ברבי,,,קולגייט סמיילס ברבי,מיליליטרים,50.00,"100 מ""ל",false,,10.90,0.2180,true,1,104723
7290107976589,false,קולגייט מי פה אופטיק,,,קולגייט מי פה אופטיק,מיליליטרים,250.00,"100 מ""ל",false,,13.90,0.0556,true,1,186122
7290107976848,false,פלמוליב סבון מוצק קמ,,,פלמוליב סבון מוצק קמ,גרמים,360.00,100 גרם,false,,17.00,0.0472,true,1,109297
7290107976916,false,פלמוליב סבון ידיים ח,,,פלמוליב סבון ידיים ח,מיליליטרים,30.00,"100 מ""ל",false,,10.90,0.3633,true,1,105870
7290107977456,false,פלמוליב לגבר ג'ל רחצ,,,פלמוליב לגבר ג'ל רחצ,מיליליטרים,750.00,"100 מ""ל",false,,19.90,0.0265,true,1,116683
7290107978323,false,איטריות דקיקות מאסטר,,,איטריות דקיקות מאסטר,גרמים,400.00,100 גרם,false,,5.90,0.0148,true,1,105620
7290107978330,false,איטריות דקות מאסטר ש,,,איטריות דקות מאסטר ש,גרמים,400.00,100 גרם,false,,5.90,0.0148,true,1,105621
7290107978347,false,איטריות בינוניות מאס,,,איטריות בינוניות מאס,גרמים,400.00,100 גרם,false,,5.90,0.0148,true,1,105622
7290107978637,false,מרידול משחת שיניים,,,מרידול משחת שיניים,מיליליטרים,75.00,"100 מ""ל",false,,19.90,0.2653,true,1,105054
7290108070309,false,שקית 100 בלונים,,,שקית 100 בלונים,יחידה,0.00,יחידה,false,,20.00,0.0000,true,1,99864
7290108074888,false,נרות ג'מבו,,,נרות ג'מבו,יחידה,0.00,יחידה,false,,6.40,0.0000,true,1,99942
7290108074895,false,נרות ג'מבו כוכבים פר,,,נרות ג'מבו כוכבים פר,יחידה,0.00,יחידה,false,,6.40,0.0000,true,1,100349
7290108079357,false,מארז בלונים על מקל ל,,,מארז בלונים על מקל ל,יחידה,0.00,יחידה,false,,20.00,0.0000,true,1,106940
7290108184327,false,נורת E27 תואם ליבון,,,נורת E27 תואם ליבון,יחידה,0.00,יחידה,false,,14.90,0.0000,true,1,102070
7290108187533,false,נורת E27 תואם ליבון,,,נורת E27 תואם ליבון,יחידה,0.00,יחידה,false,,9.90,0.0000,true,1,102071
7290108187540,false,נורת E27 תואם ליבון,,,נורת E27 תואם ליבון,יחידה,0.00,יחידה,false,,9.90,0.0000,true,1,102072
7290108187588,false,נורת ליבון LED,,,נורת ליבון LED,יחידה,0.00,יחידה,false,,21.90,0.0000,true,1,103802
7290108200201,false,וניש גולד אבקה 1.35,קליה,,וניש גולד אבקה 1.35,קילוגרמים,1.35,"ק""ג",false,,29.90,22.1481,true,1,95465
7290108201802,false,דטול ספריי חיטוי בני,,,דטול ספריי חיטוי בני,יחידה,0.00,יחידה,false,,17.90,0.0000,true,1,111454
7290108201864,false,קולון קפסולות לכביסה,קולון,,קולון קפסולות לכביסה,יחידה,0.00,יחידה,false,,29.90,0.0000,true,1,109622
7290108350128,false,סנו סושי 40 שקיות אש,סנו סושי,,סנו סושי 40 שקיות אש,יחידה,0.00,יחידה,false,,24.90,0.0000,true,1,71297
7290108350203,false,סקוטש+ספוג EXTRA,סנו,,סקוטש+ספוג EXTRA,יחידה,0.00,יחידה,false,,10.00,0.0000,true,1,100412
7290108350210,false,שקיות XL חזקות 30 יח,סנו סושי,,שקיות XL חזקות 30 יח,יחידה,0.00,יחידה,false,,24.90,0.0000,true,1,97387
7290108350524,false,ארון פרש בניחוח לבנד,סנו fresh,,ארון פרש בניחוח לבנד,יחידה,0.00,יחידה,false,,22.90,0.0000,true,1,101887
7290108350531,false,נוזל לכלים ספארק משא,סנו,,נוזל לכלים ספארק משא,ליטרים,1.00,ליטר,false,,11.90,11.9000,true,1,95845
7290108350548,false,נוזל כלים ספארק משאב,סנו,,נוזל כלים ספארק משאב,ליטרים,1.00,ליטר,false,,11.90,11.9000,true,1,95846
7290108350555,false,נוזל כלים ספארק משאב,סנו,,נוזל כלים ספארק משאב,ליטרים,1.00,ליטר,false,,11.90,11.9000,true,1,95847
7290108350586,false,סנו ספארק נוזל כלים,סנו,,סנו ספארק נוזל כלים,ליטרים,1.50,ליטר,false,,14.90,9.9333,true,1,97021
7290108350616,false,מרכך מרוכז מקסימה 1,סנו מקסימה,,מרכך מרוכז מקסימה 1,ליטרים,1.00,ליטר,false,,16.90,16.9000,true,1,100591
7290108350623,false,מרכך מרוכז מקסימה 1,סנו מקסימה,,מרכך מרוכז מקסימה 1,ליטרים,1.00,ליטר,false,,16.90,16.9000,true,1,100592
7290108350692,false,"מקסימה בלאק 6 ק""ג",סנו מקסימה,,"מקסימה בלאק 6 ק""ג",קילוגרמים,6.00,"100 ק""ג",false,,49.90,8.3167,true,1,102502
7290108350715,false,סנו פורטה free,סנו,,סנו פורטה free,מיליליטרים,750.00,"100 מ""ל",false,,13.90,0.0185,false,1,102602
7290108350753,false,משחת שיניים אורביטול,אורביטול,,משחת שיניים אורביטול,גרמים,145.00,100 גרם,false,,9.90,0.0683,true,1,111814
7290108350968,false,קרמה דאודורנט ספריי,קרמה,,קרמה דאודורנט ספריי,מיליליטרים,150.00,"100 מ""ל",false,,12.90,0.0860,true,1,104779
7290108351118,false,קוטל מעופפים K400,סנו,,קוטל מעופפים K400,מיליליטרים,750.00,"100 מ""ל",false,,29.90,0.0399,true,1,101041
7290108351149,false,סנו ג'ל לניקוי כללי,סנו,,סנו ג'ל לניקוי כללי,ליטרים,1.50,ליטר,false,,13.90,9.2667,true,1,103294
7290108351156,false,סנו ג'ל לניקוי כללי,סנו,,סנו ג'ל לניקוי כללי,ליטרים,1.50,ליטר,false,,13.90,9.2667,true,1,103295
7290108351507,false,מרכך כביסה אינספרישי,,,מרכך כביסה אינספרישי,ליטרים,4.00,ליטר,false,,21.90,5.4750,false,1,103000
7290108351514,false,מרכך כביסה פריחה כחו,,,מרכך כביסה פריחה כחו,ליטרים,4.00,ליטר,false,,21.90,5.4750,false,1,103001
7290108351552,false,סנו ג'ט פלוס לניקוי,סנו,,סנו ג'ט פלוס לניקוי,מיליליטרים,750.00,"100 מ""ל",false,,12.90,0.0172,true,1,107785
7290108351569,false,מקסימה למייבש בייבי,סנו מקסימה,,מקסימה למייבש בייבי,מיליליטרים,750.00,"100 מ""ל",false,,19.90,0.0265,true,1,105540
7290108351583,false,סנו ג'ט לניקוי אסלות,סנו,,סנו ג'ט לניקוי אסלות,מיליליטרים,750.00,"100 מ""ל",false,,11.90,0.0159,true,1,109880
7290108351606,false,סנו פרש הום מבשם לבי,סנו fresh,,סנו פרש הום מבשם לבי,מיליליטרים,350.00,"100 מ""ל",false,,12.90,0.0369,true,1,105539
7290108351613,false,ריצפז פרש הום מלון 2,סנו ריצפז,,ריצפז פרש הום מלון 2,ליטרים,2.00,ליטר,false,,21.90,10.9500,false,1,104932
7290108351637,false,"אבקת כביסה 5 ק""ג סמא",סנו מקסימה,,"אבקת כביסה 5 ק""ג סמא",קילוגרמים,5.00,"ק""ג",false,,39.90,7.9800,true,1,106600
7290108351699,false,מגבונים ג'ט+חומץ מאר,סנו,,מגבונים ג'ט+חומץ מאר,יחידה,0.00,יחידה,false,,19.90,0.0000,true,1,110861
7290108351705,false,פניני בישום לכביסה F,סנו מקסימה,,פניני בישום לכביסה F,גרמים,275.00,100 גרם,false,,29.90,0.1087,true,1,116510
7290108351712,false,פניני בישום לכביסה L,סנו מקסימה,,פניני בישום לכביסה L,גרמים,275.00,100 גרם,false,,29.90,0.1087,true,1,116505
7290108351729,false,נוזל לניקוי אסלות אק,סנו,,נוזל לניקוי אסלות אק,מיליליטרים,750.00,"100 מ""ל",false,,12.90,0.0172,true,1,119207
7290108351743,false,נוזל לניקוי כללי אקו,סנו,,נוזל לניקוי כללי אקו,מיליליטרים,750.00,"100 מ""ל",false,,14.90,0.0199,true,1,119204
7290108351750,false,נוזל לניקוי רצפות אק,סנו,,נוזל לניקוי רצפות אק,ליטרים,2.00,ליטר,false,,17.90,8.9500,true,1,119205
7290108351781,false,סנו ג'ט לניקוי אסלות,סנו,,סנו ג'ט לניקוי אסלות,מיליליטרים,750.00,"100 מ""ל",false,,11.90,0.0159,true,1,112115
7290108351804,false,מרכך כביסה מקסימה סו,סנו מקסימה,,מרכך כביסה מקסימה סו,ליטרים,1.00,ליטר,false,,16.90,16.9000,false,1,115738
7290108351811,false,מרכך כביסה מקסימה סו,סנו מקסימה,,מרכך כביסה מקסימה סו,ליטרים,1.00,ליטר,false,,16.90,16.9000,false,1,115739
7290108351835,false,מרכך כביסה סנו מקסימ,סנו מקסימה,,מרכך כביסה סנו מקסימ,ליטרים,4.00,ליטר,false,,21.90,5.4750,false,1,116973
7290108351927,false,טבליות למדיח ספארק 7,סנו,,טבליות למדיח ספארק 7,יחידה,0.00,יחידה,false,,39.90,0.0000,true,1,112923
7290108351934,false,סבון אסלה מוצק RINGS,סנו,,סבון אסלה מוצק RINGS,יחידה,0.00,יחידה,false,,14.90,0.0000,true,1,115480
7290108351941,false,סבון אסלה מוצק RINGS,סנו,,סבון אסלה מוצק RINGS,יחידה,0.00,יחידה,false,,14.90,0.0000,true,1,115415
7290108351958,false,סבון אסלה מוצק RINGS,סנו,,סבון אסלה מוצק RINGS,יחידה,0.00,יחידה,false,,14.90,0.0000,true,1,115348
7290108352009,false,סנו ספארק קפסולות למ,סנו,,סנו ספארק קפסולות למ,יחידה,0.00,יחידה,false,,39.90,0.0000,true,1,119202
7290108352054,false,צמד מברשות שיניים או,אורביטול,,צמד מברשות שיניים או,יחידה,0.00,יחידה,false,,19.90,0.0000,true,1,188453
7290108352061,false,משחת שיניים עם פחם א,אורביטול,,משחת שיניים עם פחם א,גרמים,145.00,100 גרם,false,,14.90,0.1028,true,1,189902
7290108352092,false,אורביטול משחת שיניים,אורביטול,,אורביטול משחת שיניים,גרמים,145.00,100 גרם,false,,17.90,0.1234,true,1,120833
7290108352207,false,קפסולות לכביסה 40 יח,סנו מקסימה,,קפסולות לכביסה 40 יח,יחידה,0.00,יחידה,false,,31.90,0.0000,true,1,119861
7290108352214,false,קפסולות לכביסה 40 יח,סנו מקסימה,,קפסולות לכביסה 40 יח,יחידה,0.00,יחידה,false,,31.90,0.0000,true,1,119862
7290108352221,false,סנו פרש הום מלון מפנ,סנו fresh,,סנו פרש הום מלון מפנ,מיליליטרים,350.00,"100 מ""ל",false,,12.90,0.0369,true,1,120471
7290108352252,false,ספארק נוזל כלים משאב,סנו,,ספארק נוזל כלים משאב,ליטרים,1.00,ליטר,false,,11.90,11.9000,true,1,120933
7290108352269,false,מטליות לחיטוי וניקוי,סנו,,מטליות לחיטוי וניקוי,יחידה,0.00,יחידה,false,,29.90,0.0000,false,1,119839
7290108352320,false,סנו פרש הום מלון בוט,סנו fresh,,סנו פרש הום מלון בוט,מיליליטרים,350.00,"100 מ""ל",false,,12.90,0.0369,true,1,120472
7290108352344,false,סנו פרש הום אוטומטיק,סנו fresh,,סנו פרש הום אוטומטיק,מיליליטרים,250.00,"100 מ""ל",false,,14.90,0.0596,true,1,120578
7290108352399,false,ריצפז פרש הום 2 ליטר,סנו ריצפז,,ריצפז פרש הום 2 ליטר,ליטרים,2.00,ליטר,false,,21.90,10.9500,false,1,187215
7290108352450,false,ריצפז פרש הום בניחוח,סנו ריצפז,,ריצפז פרש הום בניחוח,ליטרים,2.00,ליטר,false,,21.90,10.9500,false,1,122942
7290108352504,false,מסכה פנים חד פעמית ל,,,מסכה פנים חד פעמית ל,יחידה,0.00,יחידה,false,,7.90,0.0000,true,1,123916
7290108352511,false,מקסימה לניקוי וחיטוי,סנו מקסימה,,מקסימה לניקוי וחיטוי,מיליליטרים,500.00,"100 מ""ל",false,,12.90,0.0258,true,1,124843
7290108352566,false,מרכך כביסה 4 ליטר סנ,סנו מקסימה,,מרכך כביסה 4 ליטר סנ,ליטרים,4.00,ליטר,false,,21.90,5.4750,false,1,187214
7290108352573,false,מרכך כביסה סנו מקסימ,סנו,,מרכך כביסה סנו מקסימ,ליטרים,4.00,ליטר,false,,21.90,5.4750,false,1,188843
7290108352597,false,מגבונים בדלי 400 יח',סנו,,מגבונים בדלי 400 יח',יחידה,0.00,יחידה,false,,28.90,0.0000,true,1,101168
7290108352627,false,מפת ניילון שקופה בגל,סנו,,מפת ניילון שקופה בגל,יחידה,0.00,יחידה,false,,21.90,0.0000,true,1,110687
7290108352641,false,סנו סושי מטלית הפלא,סנו סושי,,סנו סושי מטלית הפלא,יחידה,0.00,יחידה,false,,14.90,0.0000,true,1,105412
7290108352672,false,סנו סושי מטליות הפלא,סנו סושי,,סנו סושי מטליות הפלא,יחידה,0.00,יחידה,false,,19.90,0.0000,true,1,105440
7290108352696,false,"ניילון נצמד 45 ס""מ ס",סנו סושי,,"ניילון נצמד 45 ס""מ ס",יחידה,0.00,יחידה,false,,28.90,0.0000,true,1,111347
7290108352702,false,מגבונים בוב ספוג שלי,סנו,,מגבונים בוב ספוג שלי,יחידה,0.00,יחידה,false,,15.90,0.0000,true,1,99607
7290108352818,false,סנו מטלית במבוק לניק,סנו,,סנו מטלית במבוק לניק,יחידה,0.00,יחידה,false,,7.90,0.0000,true,1,112632
7290108352825,false,סושי ספוג הפלא לניקו,סנו סושי,,סושי ספוג הפלא לניקו,יחידה,0.00,יחידה,false,,10.00,0.0000,true,1,110425
7290108352849,false,מטלית הפלא לניקוי כל,סנו,,מטלית הפלא לניקוי כל,יחידה,0.00,יחידה,false,,14.90,0.0000,true,1,122282
7290108352863,false,סנו סושי 20 שקיות צל,סנו סושי,,סנו סושי 20 שקיות צל,יחידה,0.00,יחידה,false,,7.90,0.0000,true,1,111449
7290108352870,false,סנו סושי 10 שקיות צל,סנו סושי,,סנו סושי 10 שקיות צל,יחידה,0.00,יחידה,false,,7.90,0.0000,true,1,111450
7290108352894,false,סנו סושי מפת שולחן ח,סנו סושי,,סנו סושי מפת שולחן ח,יחידה,0.00,יחידה,false,,8.50,0.0000,true,1,113663
7290108352900,false,מגבות הפלא גליל כפול,סנו,,מגבות הפלא גליל כפול,יחידה,0.00,יחידה,false,,21.00,0.0000,true,1,115127
7290108353006,false,שקיות אוכל סנו,סנו,,שקיות אוכל סנו,יחידה,0.00,יחידה,false,,12.90,0.0000,true,1,114727
7290108353068,false,סנו סושי כרית קרצוף,סנו סושי,,סנו סושי כרית קרצוף,יחידה,0.00,יחידה,false,,10.00,0.0000,true,1,115771
7290108353082,false,סנו סופט 120 ממחטות,סנו סופט,,סנו סופט 120 ממחטות,יחידה,0.00,יחידה,false,,7.90,0.0000,true,1,115542
7290108353099,false,סנו soft ממחטות אף ב,סנו סופט,,סנו soft ממחטות אף ב,יחידה,0.00,יחידה,false,,11.90,0.0000,true,1,115882
7290108353334,false,כיף שמפו למניעת קשקש,כיף,,כיף שמפו למניעת קשקש,מיליליטרים,700.00,"100 מ""ל",false,,10.90,0.0156,true,1,117165
7290108353372,false,מברשת שיניים סיבי פח,אורביטול,,מברשת שיניים סיבי פח,יחידה,0.00,יחידה,false,,29.90,0.0000,true,1,189495
7290108353389,false,אורביטול מי פה ג'וני,,,אורביטול מי פה ג'וני,מיליליטרים,250.00,"100 מ""ל",false,,11.90,0.0476,true,1,188437
7290108353495,false,אורביטול חוט דנטאלי,אורביטול,,אורביטול חוט דנטאלי,יחידה,0.00,יחידה,false,,10.90,0.0000,true,1,188951
7290108353549,false,נייר אפייה 100 יח' ס,סנו סושי,,נייר אפייה 100 יח' ס,יחידה,0.00,יחידה,false,,19.90,0.0000,true,1,117564
7290108353570,false,צלחות קטנות מקנה סוכ,,,צלחות קטנות מקנה סוכ,יחידה,0.00,יחידה,false,,10.90,0.0000,true,1,119835
7290108353648,false,שקיות אוכל מנייר 70,סנו,,שקיות אוכל מנייר 70,יחידה,0.00,יחידה,false,,10.90,0.0000,true,1,121719
7290108353662,false,סנו סושי מפת שולחן מ,סנו סושי,,סנו סושי מפת שולחן מ,יחידה,0.00,יחידה,false,,8.50,0.0000,true,1,188319
7290108353679,false,סנו סושי 10 מפות ניי,סנו סושי,,סנו סושי 10 מפות ניי,יחידה,0.00,יחידה,false,,19.90,0.0000,true,1,118966
7290108353686,false,סנו סושי מטלית חלומי,סנו סושי,,סנו סושי מטלית חלומי,יחידה,0.00,יחידה,false,,11.90,0.0000,true,1,122945
7290108353716,false,תחליב רחצה חימר פיטא,קרמה,,תחליב רחצה חימר פיטא,מיליליטרים,500.00,"100 מ""ל",false,,12.90,0.0258,true,1,188341
7290108353723,false,תחליב רחצה חימר תה י,קרמה,,תחליב רחצה חימר תה י,מיליליטרים,500.00,"100 מ""ל",false,,12.90,0.0258,true,1,188116
7290108353761,false,קרמה תחליב רחצה זן ב,קרמה,,קרמה תחליב רחצה זן ב,מיליליטרים,600.00,"100 מ""ל",false,,17.90,0.0298,true,1,189588
7290108353815,false,קרמה תחליב רחצה מדיט,קרמה,,קרמה תחליב רחצה מדיט,מיליליטרים,600.00,"100 מ""ל",false,,17.90,0.0298,true,1,189590
7290108353839,false,כפפות ניטריל 80 יח',סנו סושי,,כפפות ניטריל 80 יח',יחידה,0.00,יחידה,false,,24.90,0.0000,true,1,189532
7290108353846,false,כפפות ניטריל 80 יח',סנו סושי,,כפפות ניטריל 80 יח',יחידה,0.00,יחידה,false,,24.90,0.0000,true,1,189533
7290108353990,false,קרם גוף קרמה מאסק 50,קרמה,,קרם גוף קרמה מאסק 50,מיליליטרים,500.00,"100 מ""ל",false,,23.90,0.0478,true,1,122035
7290108354225,false,"סנו ג'ל ידיים 100 מ""",סנו,,"סנו ג'ל ידיים 100 מ""",מיליליטרים,100.00,"100 מ""ל",false,,10.00,0.1000,true,1,121632
7290108354270,false,מרכך מרוכז 1 ליטר CA,סנו מקסימה,,מרכך מרוכז 1 ליטר CA,ליטרים,1.00,ליטר,false,,16.90,16.9000,false,1,186712
7290108354430,false,כיף שמפו לשיקום והזנ,כיף,,כיף שמפו לשיקום והזנ,מיליליטרים,700.00,"100 מ""ל",false,,10.90,0.0156,true,1,123850
7290108354447,false,כיף מרכך לשיקום והזנ,כיף,,כיף מרכך לשיקום והזנ,מיליליטרים,700.00,"100 מ""ל",false,,10.90,0.0156,true,1,123851
7290108354591,false,תחליב רחצה ביו נקה 7,נקה 7,,תחליב רחצה ביו נקה 7,מיליליטרים,750.00,"100 מ""ל",false,,11.90,0.0159,true,1,189230
7290108354751,false,"ג'ט חומץ+סודה 750 מ""",סנו,,"ג'ט חומץ+סודה 750 מ""",מיליליטרים,750.00,"100 מ""ל",false,,12.90,0.0172,true,1,112348
7290108354768,false,קרם גוף בניחוח דבש ק,קרמה,,קרם גוף בניחוח דבש ק,מיליליטרים,500.00,"100 מ""ל",false,,23.90,0.0478,true,1,186713
7290108354782,false,קרם גוף קרמה ג'ינג'ר,קרמה,,קרם גוף קרמה ג'ינג'ר,גרמים,500.00,100 גרם,false,,23.90,0.0478,true,1,121589
7290108354881,false,קרמה סבון מוצק פלינג,קרמה,,קרמה סבון מוצק פלינג,גרמים,400.00,100 גרם,false,,12.90,0.0323,true,1,114345
7290108354911,false,קרמה מן שמפו ג'ל רחצ,קרמה,,קרמה מן שמפו ג'ל רחצ,מיליליטרים,700.00,"100 מ""ל",false,,19.90,0.0284,true,1,119046
7290108355000,false,שמפו נקה 7 מיניונים,נקה 7,,שמפו נקה 7 מיניונים,מיליליטרים,750.00,"100 מ""ל",false,,11.90,0.0159,true,1,99077
7290108355017,false,מרכך מיוחד לילדים נק,נקה 7,,מרכך מיוחד לילדים נק,מיליליטרים,750.00,"100 מ""ל",false,,11.90,0.0159,true,1,99078
7290108355079,false,לחות מקצועית עם קוקו,נטורל פורמולה,,לחות מקצועית עם קוקו,מיליליטרים,400.00,"100 מ""ל",false,,28.90,0.0722,true,1,105317
7290108355192,false,מרכך קרטין אינטנס למ,נטורל פורמולה,,מרכך קרטין אינטנס למ,מיליליטרים,400.00,"100 מ""ל",false,,29.90,0.0747,true,1,108039
7290108356021,false,כיף תחליב רחצה בניחו,כיף,,כיף תחליב רחצה בניחו,מיליליטרים,700.00,"100 מ""ל",false,,12.90,0.0184,true,1,112747
7290108356113,false,כיף תחליב רחצה דבש 7,כיף,,כיף תחליב רחצה דבש 7,מיליליטרים,700.00,"100 מ""ל",false,,11.90,0.0170,true,1,112093
7290108356120,false,כיף תחליב רחצה קוקוס,כיף,,כיף תחליב רחצה קוקוס,מיליליטרים,700.00,"100 מ""ל",false,,11.90,0.0170,true,1,112094
7290108356137,false,כיף תחליב רחצה לבנדר,כיף,,כיף תחליב רחצה לבנדר,מיליליטרים,700.00,"100 מ""ל",false,,11.90,0.0170,true,1,112095
7290108356151,false,כיף תחליב רחצה מאסק,כיף,,כיף תחליב רחצה מאסק,מיליליטרים,700.00,"100 מ""ל",false,,11.90,0.0170,true,1,112096
7290108356168,false,כיף תחליב רחצה אוקיי,כיף,,כיף תחליב רחצה אוקיי,מיליליטרים,700.00,"100 מ""ל",false,,11.90,0.0170,true,1,112097
7290108356519,false,קרליין שמפו לשיער רג,קרליין,,קרליין שמפו לשיער רג,מיליליטרים,700.00,"100 מ""ל",false,,12.90,0.0184,true,1,187471
7290108356526,false,קרליין שמפו לשיער יב,קרליין,,קרליין שמפו לשיער יב,מיליליטרים,700.00,"100 מ""ל",false,,12.90,0.0184,true,1,187472
7290108356557,false,קרליין שמפו למניעת ק,קרליין,,קרליין שמפו למניעת ק,מיליליטרים,700.00,"100 מ""ל",false,,12.90,0.0184,true,1,187475
7290108356571,false,קרליין מרכך לשיער יב,קרליין,,קרליין מרכך לשיער יב,מיליליטרים,700.00,"100 מ""ל",false,,12.90,0.0184,true,1,187477
7290108356588,false,קרליין מרכך לשיער מת,קרליין,,קרליין מרכך לשיער מת,מיליליטרים,700.00,"100 מ""ל",false,,12.90,0.0184,true,1,187478
7290108356809,false,כיף סבון בוטני ורד ו,כיף,,כיף סבון בוטני ורד ו,ליטרים,1.00,ליטר,false,,14.90,14.9000,true,1,189905
7290108356816,false,כיף סבון בוטני גרניו,כיף,,כיף סבון בוטני גרניו,ליטרים,1.00,ליטר,false,,14.90,14.9000,true,1,189904
7290108356854,false,מגבונים בייבי כיף חמ,כיף,,מגבונים בייבי כיף חמ,יחידה,0.00,יחידה,false,,19.90,0.0000,true,1,123604
7290108357011,false,כיף מרכך ורד ושמן קו,כיף,,כיף מרכך ורד ושמן קו,מיליליטרים,700.00,"100 מ""ל",false,,12.90,0.0184,true,1,117823
7290108357110,false,קרליין נושם BIO דאוד,קרליין,,קרליין נושם BIO דאוד,מיליליטרים,75.00,"100 מ""ל",false,,12.90,0.1720,true,1,188120
7290108357196,false,מתז JET לניקוי וחיטו,סנו,,מתז JET לניקוי וחיטו,מיליליטרים,750.00,"100 מ""ל",false,,12.90,0.0172,true,1,126258
7290108357226,false,אוקסיג'ן POWER לכביס,סנו אוקסיג'ן,,אוקסיג'ן POWER לכביס,קילוגרמים,1.40,"ק""ג",false,,29.90,21.3571,true,1,187678
7290108357233,false,סנו קליר מטליות לחות,סנו,,סנו קליר מטליות לחות,יחידה,0.00,יחידה,false,,10.90,0.0000,true,1,188123
7290108357240,false,אוקסיג'ן POWER לכביס,סנו אוקסיג'ן,,אוקסיג'ן POWER לכביס,קילוגרמים,1.40,"ק""ג",false,,29.90,21.3571,true,1,187679
7290108357295,false,סנו אוקסיג'ן POWER ל,סנו אוקסיג'ן,,סנו אוקסיג'ן POWER ל,מיליליטרים,750.00,"100 מ""ל",false,,19.90,0.0265,true,1,189594
7290108357394,false,תחליב רחצה קרמה חלב,קרמה,,תחליב רחצה קרמה חלב,מיליליטרים,700.00,"100 מ""ל",false,,17.90,0.0256,true,1,185733
7290108357578,false,קרם ידיים קרמה וניל,קרמה,,קרם ידיים קרמה וניל,מיליליטרים,100.00,"100 מ""ל",false,,9.90,0.0990,true,1,186213
7290108357707,false,כיף שמפו רגיל תפוח ז,כיף,,כיף שמפו רגיל תפוח ז,מיליליטרים,700.00,"100 מ""ל",false,,10.90,0.0156,true,1,113333
7290108357721,false,כיף שמפו דק ושביר גו,כיף,,כיף שמפו דק ושביר גו,מיליליטרים,700.00,"100 מ""ל",false,,10.90,0.0156,true,1,113337
7290108357745,false,כיף שמפו + מרכך תאנה,כיף,,כיף שמפו + מרכך תאנה,מיליליטרים,700.00,"100 מ""ל",false,,10.90,0.0156,true,1,113338
7290108357783,false,כיף מרכך דק ושביר גו,כיף,,כיף מרכך דק ושביר גו,מיליליטרים,700.00,"100 מ""ל",false,,10.90,0.0156,true,1,113341
7290108357806,false,כיף מרכך מעוצב קרטין,כיף,,כיף מרכך מעוצב קרטין,מיליליטרים,700.00,"100 מ""ל",false,,9.90,0.0141,true,1,113340
7290108357875,false,כיף שמפו לחות מוגברת,כיף,,כיף שמפו לחות מוגברת,מיליליטרים,700.00,"100 מ""ל",false,,10.90,0.0156,true,1,188632
7290108357882,false,כיף מרכך לחות מוגברת,כיף,,כיף מרכך לחות מוגברת,מיליליטרים,700.00,"100 מ""ל",false,,10.90,0.0156,true,1,188633
7290108358070,false,תחליב רחצה קרמה קלאס,קרמה,,תחליב רחצה קרמה קלאס,מיליליטרים,700.00,"100 מ""ל",false,,17.90,0.0256,true,1,121715
7290108358087,false,תחליב רחצה קרמה מאסק,קרמה,,תחליב רחצה קרמה מאסק,מיליליטרים,700.00,"100 מ""ל",false,,17.90,0.0256,true,1,121714
7290108358094,false,תחליב רחצה קרמה שיאה,קרמה,,תחליב רחצה קרמה שיאה,מיליליטרים,500.00,"100 מ""ל",false,,12.90,0.0258,true,1,186209
7290108358124,false,מקסימה דפי בישום לחי,סנו,,מקסימה דפי בישום לחי,יחידה,0.00,יחידה,false,,12.90,0.0000,true,1,190565
7290108359015,false,סנו סושי שקיות זיפר,סנו סושי,,סנו סושי שקיות זיפר,יחידה,0.00,יחידה,false,,14.90,0.0000,true,1,187111
7290108359060,false,כריות ניקוי לשבת רבי,סנו סושי,,כריות ניקוי לשבת רבי,יחידה,0.00,יחידה,false,,11.50,0.0000,true,1,185939
7290108359084,false,כיסוי ניילון עם גומי,סנו סושי,,כיסוי ניילון עם גומי,יחידה,0.00,יחידה,false,,10.90,0.0000,true,1,190474
7290108359091,false,כיסוי ניילון+גומי L,סנו סושי,,כיסוי ניילון+גומי L,יחידה,0.00,יחידה,false,,10.90,0.0000,true,1,190475
7290108359114,false,סנו סושי חמגשית אלומ,סנו סושי,,סנו סושי חמגשית אלומ,יחידה,0.00,יחידה,false,,10.90,0.0000,true,1,187850
7290108359121,false,שקיות אשפה חזקות 100,סנו סושי,,שקיות אשפה חזקות 100,יחידה,0.00,יחידה,false,,59.90,0.0000,true,1,187680
7290108359152,false,תבניות אלומיניום עגו,סנו סושי,,תבניות אלומיניום עגו,יחידה,0.00,יחידה,false,,10.90,0.0000,true,1,189908
7290108359183,false,סנו סושי 60 שקיות אש,סנו סושי,,סנו סושי 60 שקיות אש,יחידה,0.00,יחידה,false,,24.90,0.0000,true,1,190476
7290108359848,false,בייבי כיף שמפו 1 ליט,כיף,,בייבי כיף שמפו 1 ליט,ליטרים,1.00,ליטר,false,,19.90,19.9000,true,1,112743
7290108359985,false,ז'אוול קצף ניקוי בתו,סנו JAVEL,,ז'אוול קצף ניקוי בתו,ליטרים,1.00,ליטר,false,,18.90,18.9000,true,1,187849
7290108500264,false,נתחי טונה בהירה בשמן,,,נתחי טונה בהירה בשמן,גרמים,95.00,100 גרם,false,,3.40,0.0358,true,1,103445
7290108500677,false,כבד דג שיבוט מעושן,,,כבד דג שיבוט מעושן,גרמים,115.00,100 גרם,false,,9.90,0.0861,true,1,103446
7290108501353,false,אנשובי ארוך בשמן 45,,,אנשובי ארוך בשמן 45,גרמים,45.00,100 גרם,false,,7.00,0.1556,true,1,108376
7290108502725,false,גבינת גאודה פרוסות 4,,,גבינת גאודה פרוסות 4,גרמים,400.00,100 גרם,false,,19.90,0.0497,true,1,111258
7290108503043,false,מארז חטיף תפוחונים,,,מארז חטיף תפוחונים,גרמים,88.00,100 גרם,false,,14.90,0.1693,true,1,112932
7290108503159,false,גבינת דנבלו,,,גבינת דנבלו,גרמים,100.00,100 גרם,false,,13.90,0.1390,true,1,111787
7290108505962,false,שזיפים מיובשים 400 ג,,,שזיפים מיובשים 400 ג,גרמים,400.00,100 גרם,false,,21.00,0.0525,true,1,119379
7290108506037,true,יוגורט טבעי 150 גר 5,,,יוגורט טבעי 150 גר 5,,0.00,,false,,4.90,0.0000,true,1,123054
7290108508062,true,פסטה טליאטלה  ללא גל,,,פסטה טליאטלה  ללא גל,,0.00,,false,,12.90,0.0000,true,1,123091
7290108508970,false,תה ג'רבה 500 גר,,,תה ג'רבה 500 גר,גרמים,500.00,100 גרם,false,,18.90,0.0378,true,1,125698
7290108890402,false,כובע לונג נשים,,,כובע לונג נשים,יחידה,0.00,יחידה,false,,29.90,0.0000,true,1,97253
7290108894301,false,סט חרוזים פרפר,,,סט חרוזים פרפר,יחידה,0.00,יחידה,false,,9.90,0.0000,true,1,99041
7290108896350,false,כובע שחור לגבר,,,כובע שחור לגבר,יחידה,0.00,יחידה,false,,15.90,0.0000,true,1,101789
7290108896763,false,מברשת שיער אובלי,,,מברשת שיער אובלי,יחידה,0.00,יחידה,false,,16.90,0.0000,true,1,99676
7290108896947,false,מטריה מיני אוטומט,,,מטריה מיני אוטומט,יחידה,0.00,יחידה,false,,39.90,0.0000,true,1,102094
7290109201986,false,קליפס לשיער,,,קליפס לשיער,יחידה,0.00,יחידה,false,,11.90,0.0000,true,1,190194
7290109203379,false,סט בקבוקים וצנצנות ל,,,סט בקבוקים וצנצנות ל,יחידה,0.00,יחידה,false,,14.90,0.0000,true,1,189862
7290109204826,false,סט תפירה בקופסא,,,סט תפירה בקופסא,יחידה,0.00,יחידה,false,,11.90,0.0000,true,1,190200
7290109207797,false,מסרק,,,מסרק,יחידה,0.00,יחידה,false,,4.90,0.0000,true,1,190191
7290109207827,false,מברשת צבע לשיער,,,מברשת צבע לשיער,יחידה,0.00,יחידה,false,,4.90,0.0000,true,1,190190
7290109209616,false,פצירה לכף רגל,,,פצירה לכף רגל,יחידה,0.00,יחידה,false,,7.90,0.0000,true,1,190189
7290109351025,false,צבר חומוסטחינה 400 ג,,,צבר חומוסטחינה 400 ג,גרמים,400.00,100 גרם,false,,13.90,0.0348,true,1,97917
7290109351971,false,פיטנס בר פריכיות שוק,,,פיטנס בר פריכיות שוק,גרמים,84.00,100 גרם,false,,12.90,0.1536,true,1,100830
7290109352916,false,פיטנס בר פריכיות מצו,,,פיטנס בר פריכיות מצו,גרמים,84.00,100 גרם,false,,12.90,0.1536,true,1,100831
7290109353272,false,פרפקטו ספגטי 500 גר,,,פרפקטו ספגטי 500 גר,גרמים,500.00,100 גרם,false,,7.70,0.0154,false,1,101502
7290109354019,false,מנה חמה קוסקוס עם עד,,,מנה חמה קוסקוס עם עד,גרמים,87.00,100 גרם,false,,6.70,0.0770,false,1,104489
7290109354101,false,לחמית ללא גלוטן 200,,,לחמית ללא גלוטן 200,גרמים,200.00,100 גרם,false,,10.50,0.0525,true,1,105413
7290109354972,false,פתיבר ללא גלוטן אסם,,,פתיבר ללא גלוטן אסם,גרמים,200.00,100 גרם,false,,9.90,0.0495,true,1,101576
7290109354996,false,פתיבר ללא גלוטן בטעם,,,פתיבר ללא גלוטן בטעם,גרמים,200.00,100 גרם,false,,9.90,0.0495,true,1,101693
7290109358130,false,מאגדת לה פרוטה יוגור,נסטלה גלידות,,מאגדת לה פרוטה יוגור,גרמים,300.00,100 גרם,false,,23.90,0.0797,true,1,108217
7290109358284,false,שניצל תירס טבעול עם,,,שניצל תירס טבעול עם,גרמים,664.00,100 גרם,false,,28.90,0.0435,false,1,105437
7290109358482,false,קרמוגית במילוי חלווה,אסם,,קרמוגית במילוי חלווה,גרמים,200.00,100 גרם,false,,11.50,0.0575,true,1,112614
7290109358567,false,ספגטי פלוס אסם,,,ספגטי פלוס אסם,גרמים,400.00,100 גרם,false,,5.90,0.0148,false,1,104488
7290109358765,false,קראנץ' רולס 450 גר,,,קראנץ' רולס 450 גר,גרמים,450.00,100 גרם,false,,19.90,0.0442,false,1,104629
7290109580050,false,נקניקיות צ'וריסוס 22,זוגלובק,,נקניקיות צ'וריסוס 22,גרמים,226.00,100 גרם,false,,29.90,0.1323,true,1,188056
7290109580067,false,טחון 340 גר' WONDERS,זוגלובק,,טחון 340 גר' WONDERS,גרמים,340.00,100 גרם,false,,29.90,0.0879,true,1,188057
7290109580098,false,קבנוס בטעם סרירצ'ה 1,זוגלובק,,קבנוס בטעם סרירצ'ה 1,גרמים,135.00,100 גרם,false,,10.00,0.0741,true,1,188302
7290109580111,false,צלעות אסאדו מעושנת פ,זוגלובק,,צלעות אסאדו מעושנת פ,גרמים,120.00,100 גרם,false,,25.90,0.2158,true,1,187883
7290109580135,false,קורנביף 180 גר' פרימ,זוגלובק,,קורנביף 180 גר' פרימ,גרמים,180.00,100 גרם,false,,25.90,0.1439,true,1,125866
7290109580166,false,סרוולד קלאסי 150 גר',זוגלובק,,סרוולד קלאסי 150 גר',גרמים,150.00,100 גרם,false,,25.90,0.1727,true,1,185804
7290109580210,false,נקניקיות ריינהולד'ס,זוגלובק,,נקניקיות ריינהולד'ס,גרמים,300.00,100 גרם,false,,19.90,0.0663,true,1,187447
7290109580319,false,בורגר 280 גר' WONDER,זוגלובק,,בורגר 280 גר' WONDER,גרמים,280.00,100 גרם,false,,29.90,0.1068,true,1,188059
7290109580432,false,פסטרמה חזה הודו מעוש,זוגלובק,,פסטרמה חזה הודו מעוש,גרמים,120.00,100 גרם,false,,13.90,0.1158,true,1,189580
7290109580449,false,סלמי בטעם כמהין פרימ,זוגלובק,,סלמי בטעם כמהין פרימ,גרמים,180.00,100 גרם,false,,25.90,0.1439,true,1,189756
7290109920146,false,דורגול מסיר אבנית מק,יעקובי דורגול,,דורגול מסיר אבנית מק,מיליליטרים,750.00,"100 מ""ל",false,,19.90,0.0265,true,1,101772
7290109920153,false,לובן צח לכביסה לבנה,יעקובי,,לובן צח לכביסה לבנה,גרמים,790.00,100 גרם,false,,25.90,0.0328,true,1,103485
7290109920313,false,אסטוניש מרסס מבריק ח,יעקובי אסטוניש,,אסטוניש מרסס מבריק ח,מיליליטרים,750.00,"100 מ""ל",false,,11.90,0.0159,true,1,107614
7290109920580,false,אסטוניש מרסס אקונומי,יעקובי אסטוניש,,אסטוניש מרסס אקונומי,מיליליטרים,750.00,"100 מ""ל",false,,11.90,0.0159,true,1,107616
7290109920597,false,אסטוניש מרסס למקלחון,יעקובי אסטוניש,,אסטוניש מרסס למקלחון,מיליליטרים,750.00,"100 מ""ל",false,,11.90,0.0159,true,1,107617
7290109920603,false,אסטוניש קרם לניקוי ה,יעקובי אסטוניש,,אסטוניש קרם לניקוי ה,מיליליטרים,500.00,"100 מ""ל",false,,12.90,0.0258,true,1,109133
7290109920627,false,אסטוניש קרם אמבט עם,יעקובי אסטוניש,,אסטוניש קרם אמבט עם,מיליליטרים,500.00,"100 מ""ל",false,,9.90,0.0198,true,1,108501
7290109920658,false,אסטוניש מרסס אנטי בק,יעקובי אסטוניש,,אסטוניש מרסס אנטי בק,מיליליטרים,750.00,"100 מ""ל",false,,11.90,0.0159,true,1,107618
7290109920665,false,אסטוניש מרסס מסיר או,יעקובי אסטוניש,,אסטוניש מרסס מסיר או,מיליליטרים,750.00,"100 מ""ל",false,,11.90,0.0159,true,1,107619
7290109920825,false,דורגול אספרסו,יעקובי דורגול,,דורגול אספרסו,מיליליטרים,500.00,"100 מ""ל",false,,26.90,0.0538,true,1,112379
7290109920849,false,אסטוניש מרסס תפוז לנ,יעקובי אסטוניש,,אסטוניש מרסס תפוז לנ,מיליליטרים,750.00,"100 מ""ל",false,,11.90,0.0159,true,1,107620
7290109920870,false,הפי ג'ל לכביסה שחורה,יעקובי הפי,,הפי ג'ל לכביסה שחורה,ליטרים,1.00,ליטר,false,,14.90,14.9000,true,1,110400
7290109920917,false,הפי לניקוי האסלה עם,,,הפי לניקוי האסלה עם,מיליליטרים,750.00,"100 מ""ל",false,,9.90,0.0132,true,1,110562
7290109921372,false,משחת אסטוניש+ספוג לנ,יעקובי אסטוניש,,משחת אסטוניש+ספוג לנ,גרמים,250.00,100 גרם,false,,17.90,0.0716,true,1,114353
7290109921587,false,יעקובי רצפות גרניט פ,יעקובי,,יעקובי רצפות גרניט פ,ליטרים,1.25,ליטר,false,,15.90,12.7200,true,1,116454
7290109921853,false,אסטוניש משחת פרימיום,יעקובי אסטוניש,,אסטוניש משחת פרימיום,גרמים,150.00,100 גרם,false,,17.90,0.1193,true,1,122302
7290109922010,false,אטאק ספריי מחטא אווי,יעקובי,,אטאק ספריי מחטא אווי,מיליליטרים,500.00,"100 מ""ל",false,,9.90,0.0198,true,1,124867
7290109922843,false,אקונומיקה 2 ליטר יעק,,,אקונומיקה 2 ליטר יעק,ליטרים,2.00,ליטר,false,,9.90,4.9500,true,1,188516
7290109922881,false,דורגול מרסס למטבח 60,יעקובי דורגול,,דורגול מרסס למטבח 60,מיליליטרים,600.00,"100 מ""ל",false,,19.90,0.0332,true,1,188604
7290109923024,false,אסטוניש מרסס פרימיום,יעקובי אסטוניש,,אסטוניש מרסס פרימיום,מיליליטרים,750.00,"100 מ""ל",false,,13.90,0.0185,true,1,187978
7290109923048,false,אסטוניש מרסס פרימיום,יעקובי אסטוניש,,אסטוניש מרסס פרימיום,מיליליטרים,750.00,"100 מ""ל",false,,13.90,0.0185,true,1,187980
7290109923109,false,סבון אסלה 5 צדפות+אק,יעקובי,,סבון אסלה 5 צדפות+אק,יחידה,0.00,יחידה,false,,9.90,0.0000,true,1,189136
7290109923147,false,אסטוניש פלא של אקונו,יעקובי אסטוניש,,אסטוניש פלא של אקונו,מיליליטרים,750.00,"100 מ""ל",false,,9.90,0.0132,true,1,189143
7290110000493,false,חמאת בוטנים טבעית קר,,,חמאת בוטנים טבעית קר,גרמים,350.00,100 גרם,false,,12.90,0.0369,true,1,117989
7290110058869,false,שלישיית ביצי שוקולד,,,שלישיית ביצי שוקולד,יחידה,0.00,יחידה,false,,12.90,0.0000,true,1,115572
7290110110369,false,שישיה קרלסברג לומה ל,,,שישיה קרלסברג לומה ל,מיליליטרים,1980.00,"100 מ""ל",false,,37.90,0.0191,false,1,120631
7290110110574,false,קוקה קולה זירו לימון,,,קוקה קולה זירו לימון,מיליליטרים,330.00,"100 מ""ל",false,,4.50,0.0136,true,1,110529
7290110110635,false,"ספרייט ליים 500 מ""ל",,,"ספרייט ליים 500 מ""ל",מיליליטרים,500.00,"100 מ""ל",false,,6.00,0.0120,false,1,109323
7290110110659,false,ספרייט ליים פחית 330,,,ספרייט ליים פחית 330,מיליליטרים,330.00,"100 מ""ל",false,,4.90,0.0148,true,1,109324
7290110110703,false,מארז ספרייט ליים פחי,,,מארז ספרייט ליים פחי,ליטרים,1.98,ליטר,false,,22.00,11.1111,false,1,109321
7290110111557,false,משקה ספורט איזוטוני,,,משקה ספורט איזוטוני,מיליליטרים,500.00,"100 מ""ל",false,,9.50,0.0190,true,1,112397
7290110111564,false,משקה ספורט איזוטוני,,,משקה ספורט איזוטוני,מיליליטרים,500.00,"100 מ""ל",false,,9.50,0.0190,true,1,112398
7290110111809,false,מארז פאנטה פחיות שיש,,,מארז פאנטה פחיות שיש,ליטרים,1980.00,100 ליטר,false,,22.00,0.0111,false,1,114212
7290110113261,false,חמוציות אושן ספריי 1,פריגת,,חמוציות אושן ספריי 1,ליטרים,1.00,ליטר,false,,12.90,12.9000,false,1,127060
7290110113339,true,פריגת סחוט אשכולית א,,,פריגת סחוט אשכולית א,,0.00,,false,,26.90,0.0000,false,1,123118
7290110113384,false,מארז רביעיה קולה זיר,,,מארז רביעיה קולה זיר,ליטרים,4.00,ליטר,false,,25.90,6.4750,false,1,189615
7290110113490,false,פיוז תה 0.5 ליטר אפר,,,פיוז תה 0.5 ליטר אפר,מיליליטרים,500.00,"100 מ""ל",false,,6.50,0.0130,true,1,120442
7290110114787,false,נביעות + תפוח 1.5 לי,,,נביעות + תפוח 1.5 לי,ליטרים,1.50,ליטר,false,,8.90,5.9333,false,1,186255
7290110114794,false,נביעות + אפרסק 1.5 ל,,,נביעות + אפרסק 1.5 ל,ליטרים,1.50,ליטר,false,,8.90,5.9333,false,1,186256
7290110114800,false,נביעות + ענבים 1.5 ל,,,נביעות + ענבים 1.5 ל,ליטרים,1.50,ליטר,false,,8.90,5.9333,false,1,186257
7290110114855,false,שישיה נביעות 1.5 ליט,,,שישיה נביעות 1.5 ליט,ליטרים,9.00,ליטר,false,,12.90,1.4333,false,1,186262
7290110114886,false,סחוט קלמנטינה 2 ליטר,,,סחוט קלמנטינה 2 ליטר,ליטרים,2.00,ליטר,false,,29.90,14.9500,false,1,186961
7290110114893,false,סחוט תפוז 2 ליטר פרי,,,סחוט תפוז 2 ליטר פרי,ליטרים,2.00,ליטר,false,,29.90,14.9500,false,1,186962
7290110114916,false,סחוט לימונענע 2 ליטר,,,סחוט לימונענע 2 ליטר,ליטרים,2.00,ליטר,false,,29.90,14.9500,false,1,186964
7290110114954,false,תפוזים מתקתק 100% 2,,,תפוזים מתקתק 100% 2,ליטרים,2.00,ליטר,false,,22.90,11.4500,false,1,186966
7290110114961,false,פריגת תפוז 1.5 ליטר,,,פריגת תפוז 1.5 ליטר,ליטרים,1.50,ליטר,false,,9.00,6.0000,false,1,186264
7290110114985,false,פריגת אשכולית 1.5 לי,,,פריגת אשכולית 1.5 לי,ליטרים,1.50,ליטר,false,,9.00,6.0000,false,1,186266
7290110114992,false,פריגת Light אשכולית,,,פריגת Light אשכולית,ליטרים,1.50,ליטר,false,,8.60,5.7333,false,1,186267
7290110115005,false,פריגת ענבים 1.5 ליטר,,,פריגת ענבים 1.5 ליטר,ליטרים,1.50,ליטר,false,,9.00,6.0000,false,1,186268
7290110115029,false,"פריגת משק""ל תפוח 1.5",,,"פריגת משק""ל תפוח 1.5",ליטרים,1.50,ליטר,false,,9.00,6.0000,false,1,186270
7290110115036,false,פריגת מנגו 1.5 ליטר,,,פריגת מנגו 1.5 ליטר,ליטרים,1.50,ליטר,false,,9.00,6.0000,false,1,186271
7290110115043,false,פריגת לימונענע 1.5 ל,,,פריגת לימונענע 1.5 ל,ליטרים,1.50,ליטר,false,,9.00,6.0000,false,1,186272
7290110115050,false,פריגת מיקס תות בננה,,,פריגת מיקס תות בננה,ליטרים,1.50,ליטר,false,,9.00,6.0000,false,1,186273
7290110115081,false,פריגת צלול ענבים 1.5,,,פריגת צלול ענבים 1.5,ליטרים,1.50,ליטר,false,,8.60,5.7333,false,1,186276
7290110115104,false,פריגת צלול אפרסק 1.5,,,פריגת צלול אפרסק 1.5,ליטרים,1.50,ליטר,false,,8.60,5.7333,false,1,186278
7290110115111,false,פריגת צלול אננס 1.5,,,פריגת צלול אננס 1.5,ליטרים,1.50,ליטר,false,,8.60,5.7333,false,1,186279
7290110115128,false,פריגת צלול בטעם לימו,,,פריגת צלול בטעם לימו,ליטרים,1.50,ליטר,false,,8.60,5.7333,false,1,186280
7290110115203,false,קוקה קולה 1.5 ליטר פ,,,קוקה קולה 1.5 ליטר פ,ליטרים,1.50,ליטר,false,,8.90,5.9333,false,1,186413
7290110115210,false,דיאט קוקה קולה 1.5 ל,,,דיאט קוקה קולה 1.5 ל,ליטרים,1.50,ליטר,false,,8.50,5.6667,false,1,186414
7290110115227,false,קולה זירו 1.5 ליטר פ,,,קולה זירו 1.5 ליטר פ,ליטרים,1.50,ליטר,false,,8.50,5.6667,false,1,186415
7290110115234,false,קולה זירו נטול 1.5 ל,,,קולה זירו נטול 1.5 ל,ליטרים,1.50,ליטר,false,,8.50,5.6667,false,1,186416
7290110115241,false,קולה זירו לימון 1.5,,,קולה זירו לימון 1.5,ליטרים,1.50,ליטר,false,,8.50,5.6667,false,1,186417
7290110115258,false,קולה זירו מנגו 1.5 ל,,,קולה זירו מנגו 1.5 ל,ליטרים,1.50,ליטר,false,,8.50,5.6667,false,1,186418
7290110115265,false,ספרייט  1.5 ליטר LIM,,,ספרייט  1.5 ליטר LIM,ליטרים,1.50,ליטר,false,,8.90,5.9333,false,1,186428
7290110115272,false,ZERO ספרייט 1.5 ליטר,,,ZERO ספרייט 1.5 ליטר,ליטרים,1.50,ליטר,false,,8.50,5.6667,false,1,186429
7290110115289,false,ספרייט 19 קל' לימון-,,,ספרייט 19 קל' לימון-,ליטרים,1.50,ליטר,false,,8.50,5.6667,false,1,186430
7290110115296,false,פאנטה אורנג' 1.5 ליט,,,פאנטה אורנג' 1.5 ליט,ליטרים,1.50,ליטר,false,,8.90,5.9333,false,1,186431
7290110115302,false,פאנטה ZERO אורנג' 1.,,,פאנטה ZERO אורנג' 1.,ליטרים,1.50,ליטר,false,,8.50,5.6667,false,1,186432
7290110115326,false,פאנטה אורנג' מנגו 1.,,,פאנטה אורנג' מנגו 1.,ליטרים,1.50,ליטר,false,,8.90,5.9333,false,1,186434
7290110115333,false,פאנטה תות 1.5 ליטר פ,,,פאנטה תות 1.5 ליטר פ,ליטרים,1.50,ליטר,false,,8.90,5.9333,false,1,186435
7290110115340,false,פאנטה ענבים  1.5 ליט,,,פאנטה ענבים  1.5 ליט,ליטרים,1.50,ליטר,false,,8.90,5.9333,false,1,186436
7290110115357,false,קינלי סודה 1.5 ליטר,,,קינלי סודה 1.5 ליטר,ליטרים,1.50,ליטר,false,,4.20,2.8000,false,1,186443
7290110115364,false,קוקה קולה שישיות 1.5,,,קוקה קולה שישיות 1.5,ליטרים,9.00,ליטר,false,,51.00,5.6667,false,1,186419
7290110115371,false,דיאט קוקה קולה שישיו,,,דיאט קוקה קולה שישיו,ליטרים,9.00,ליטר,false,,47.80,5.3111,false,1,186420
7290110115388,false,ספרייט LIME שישיות 1,,,ספרייט LIME שישיות 1,ליטרים,9.00,ליטר,false,,51.00,5.6667,false,1,186438
7290110115395,false,ZERO ספרייט שישיות 1,,,ZERO ספרייט שישיות 1,ליטרים,9.00,ליטר,false,,47.80,5.3111,false,1,186439
7290110115401,false,קינלי סודה שישייה 1.,,,קינלי סודה שישייה 1.,ליטרים,9.00,ליטר,false,,15.70,1.7444,false,1,186444
7290110115418,false,קולה זירו שישיות 1.5,,,קולה זירו שישיות 1.5,ליטרים,9.00,ליטר,false,,47.80,5.3111,false,1,186421
7290110115425,false,FUZE tea גרין לימון-,,,FUZE tea גרין לימון-,ליטרים,1.50,ליטר,false,,8.90,5.9333,false,1,186445
7290110115449,false,FUZE tea מנגו אננס 1,,,FUZE tea מנגו אננס 1,ליטרים,1.50,ליטר,false,,9.50,6.3333,false,1,186447
7290110115456,false,FUZE tea אפרסק 19 קל,,,FUZE tea אפרסק 19 קל,ליטרים,1.50,ליטר,false,,8.90,5.9333,false,1,186448
7290110115463,false,FUZE tea אפרסק 1.5 ל,,,FUZE tea אפרסק 1.5 ל,ליטרים,1.50,ליטר,false,,9.50,6.3333,false,1,186449
7290110115494,false,FUZE tea ענבים 1.5 ל,,,FUZE tea ענבים 1.5 ל,ליטרים,1.50,ליטר,false,,9.50,6.3333,false,1,186452
7290110115531,false,פאנטה ZERO תפוח 1.5,,,פאנטה ZERO תפוח 1.5,ליטרים,1.50,ליטר,false,,8.50,5.6667,false,1,186437
7290110115586,false,פריגת תפוזים 40% פחו,,,פריגת תפוזים 40% פחו,ליטרים,1.50,ליטר,false,,8.60,5.7333,true,1,186281
7290110115593,false,פריגת אשכוליות 40% פ,,,פריגת אשכוליות 40% פ,ליטרים,1.50,ליטר,false,,8.60,5.7333,true,1,186282
7290110115616,false,פיוז טי זירו גרין אנ,,,פיוז טי זירו גרין אנ,ליטרים,1.50,ליטר,false,,8.90,5.9333,false,1,187085
7290110115623,false,פיוז טי זירו אפרסק 1,,,פיוז טי זירו אפרסק 1,מיליליטרים,1.50,"מ""ל",false,,8.90,5.9333,false,1,187086
7290110115777,false,בק' נביעות 1.5 ליטר,,,בק' נביעות 1.5 ליטר,ליטרים,1.50,ליטר,false,,3.60,2.4000,false,1,187158
7290110115845,false,קוקה קולה רגיל 1.5 ל,,,קוקה קולה רגיל 1.5 ל,ליטרים,1.50,ליטר,false,,8.90,5.9333,false,1,187184
7290110115852,false,קוקה קולה דיאט 1.5 ל,,,קוקה קולה דיאט 1.5 ל,ליטרים,1.50,ליטר,false,,8.50,5.6667,false,1,187181
7290110115869,false,קולה זירו 1.5 ליטר פ,,,קולה זירו 1.5 ליטר פ,ליטרים,1.50,ליטר,false,,8.50,5.6667,false,1,187136
7290110115913,false,משקה ספורט איזוטוני,,,משקה ספורט איזוטוני,מיליליטרים,500.00,"100 מ""ל",false,,9.50,0.0190,true,1,188592
7290110116057,false,פאנטה זירו פירות ירו,קוקה קולה,,פאנטה זירו פירות ירו,מיליליטרים,500.00,"100 מ""ל",false,,6.00,0.0120,false,1,189064
7290110116064,false,פאנטה זירו פירות ירו,,,פאנטה זירו פירות ירו,ליטרים,1.50,ליטר,false,,8.50,5.6667,false,1,189066
7290110116125,false,סירופ בטעם פטל,פריגת,,סירופ בטעם פטל,מיליליטרים,750.00,"100 מ""ל",false,,22.90,0.0305,true,1,189612
7290110116132,false,סירופ בטעם לימון,פריגת,,סירופ בטעם לימון,מיליליטרים,750.00,"100 מ""ל",false,,22.90,0.0305,true,1,189611
7290110116149,false,סירופ בטעם ענבים 750,פריגת,,סירופ בטעם ענבים 750,מיליליטרים,750.00,"100 מ""ל",false,,22.90,0.0305,true,1,189609
7290110116194,false,נביעות+ לימון-ליים 1,,,נביעות+ לימון-ליים 1,ליטרים,1.50,ליטר,false,,9.50,6.3333,false,1,189603
7290110116200,false,נביעות+ לימון-ליים 0,,,נביעות+ לימון-ליים 0,מיליליטרים,500.00,"100 מ""ל",false,,6.00,0.0120,true,1,189606
7290110116217,false,נביעות+ אשכוליות 1.5,,,נביעות+ אשכוליות 1.5,ליטרים,1.50,ליטר,false,,9.50,6.3333,false,1,189602
7290110116224,false,נביעות+ אשכוליות 0.5,,,נביעות+ אשכוליות 0.5,מיליליטרים,500.00,"100 מ""ל",false,,6.00,0.0120,true,1,189604
7290110116385,false,פחית קולה זירו אבטיח,,,פחית קולה זירו אבטיח,מיליליטרים,330.00,"100 מ""ל",false,,4.50,0.0136,false,1,189874
7290110116392,false,סירופ בטעם תפוזים,פריגת,,סירופ בטעם תפוזים,מיליליטרים,750.00,"100 מ""ל",false,,22.90,0.0305,true,1,189613
7290110320591,false,בולגרית 16% פיראוס ב,תנובה חלב,,בולגרית 16% פיראוס ב,גרמים,250.00,100 גרם,false,,22.80,0.0912,true,1,104692
7290110320850,false,פתיתי עמק 200 גר,,,פתיתי עמק 200 גר,גרמים,200.00,100 גרם,false,,14.90,0.0745,false,1,107225
7290110320867,false,פתיתי עמק לאפיה 28%,,,פתיתי עמק לאפיה 28%,גרמים,500.00,100 גרם,false,,34.90,0.0698,false,1,107005
7290110320935,false,פרוסות מוצרלה 150 גר,,,פרוסות מוצרלה 150 גר,גרמים,150.00,100 גרם,false,,16.50,0.1100,true,1,107004
7290110321031,false,יופלה GO,,,יופלה GO,גרמים,200.00,100 גרם,false,,5.50,0.0275,true,1,106545
7290110321277,false,קוט'ג בקטנה 5% מהדרי,,,קוט'ג בקטנה 5% מהדרי,גרמים,100.00,100 גרם,false,,2.60,0.0260,false,1,107483
7290110321284,false,קוט'ג בקטנה 9% מהדרי,,,קוט'ג בקטנה 9% מהדרי,גרמים,100.00,100 גרם,false,,2.60,0.0260,false,1,107484
7290110321604,false,קוביית בולגרית מעודנ,,,קוביית בולגרית מעודנ,גרמים,230.00,100 גרם,false,,20.60,0.0896,true,1,110169
7290110321680,false,יופלה גו בטעמי פירות,,,יופלה גו בטעמי פירות,גרמים,200.00,100 גרם,false,,5.80,0.0290,true,1,108089
7290110321697,false,יופלה גו אפרסק,,,יופלה גו אפרסק,גרמים,200.00,100 גרם,false,,5.80,0.0290,true,1,108090
7290110321703,false,יופלה גו פירות יער,,,יופלה גו פירות יער,גרמים,200.00,100 גרם,false,,5.80,0.0290,true,1,109808
7290110321789,false,גבינת מסקרפונה 38% ה,,,גבינת מסקרפונה 38% ה,גרמים,250.00,100 גרם,false,,19.50,0.0780,true,1,109195
7290110322014,false,טופו טבעי 300 גר,,,טופו טבעי 300 גר,גרמים,300.00,100 גרם,false,,12.00,0.0400,true,1,109937
7290110323073,false,משקה יוגורט יופלה תו,,,משקה יוגורט יופלה תו,מיליליטרים,250.00,"100 מ""ל",false,,6.30,0.0252,true,1,111688
7290110323097,false,תאומים 80 גר,,,תאומים 80 גר,גרמים,80.00,100 גרם,false,,1.80,0.0225,true,1,112927
7290110323301,false,גבינת טל העמק 32% שו,,,גבינת טל העמק 32% שו,גרמים,200.00,100 גרם,false,,18.90,0.0945,true,1,113183
7290110323585,false,יוגורט עם דבדבן מופח,,,יוגורט עם דבדבן מופח,גרמים,200.00,100 גרם,false,,5.60,0.0280,true,1,112258
7290110323592,false,יוגורט עם אפרסק מופח,,,יוגורט עם אפרסק מופח,גרמים,200.00,100 גרם,false,,5.60,0.0280,true,1,112259
7290110323714,false,משקה קוקוס שקדים 1 ל,,,משקה קוקוס שקדים 1 ל,מיליליטרים,1000.00,"100 מ""ל",false,,11.90,0.0119,true,1,112904
7290110324070,false,גבינת חלומי 200 גר ת,,,גבינת חלומי 200 גר ת,גרמים,200.00,100 גרם,false,,18.90,0.0945,true,1,113026
7290110324353,false,יופלה GO לייט אננס,,,יופלה GO לייט אננס,מיליליטרים,200.00,"100 מ""ל",false,,5.80,0.0290,true,1,114794
7290110324711,false,ממרח סויה 9% בטעם טב,,,ממרח סויה 9% בטעם טב,גרמים,250.00,100 גרם,false,,8.60,0.0344,true,1,114835
7290110324872,false,גבינת גלבוע 200ר,,,גבינת גלבוע 200ר,גרמים,200.00,100 גרם,false,,17.80,0.0890,false,1,117089
7290110324926,false,משקה סויה ללא תוספת,,,משקה סויה ללא תוספת,מיליליטרים,1000.00,"100 מ""ל",false,,10.40,0.0104,false,1,117054
7290110325084,false,מאגדת שמינייה מיני ק,תנובה חלב,,מאגדת שמינייה מיני ק,גרמים,800.00,100 גרם,false,,14.50,0.0181,true,1,115923
7290110325114,false,משקה יוגורט גו לייט,,,משקה יוגורט גו לייט,גרמים,250.00,100 גרם,false,,6.30,0.0252,true,1,115510
7290110325121,false,משקה יוגורט גו לייט,,,משקה יוגורט גו לייט,גרמים,250.00,100 גרם,false,,6.30,0.0252,true,1,115511
7290110325169,false,גאודה פרוסות,,,גאודה פרוסות,גרמים,170.00,100 גרם,false,,17.90,0.1053,true,1,119062
7290110325305,false,מעדן סויה גו 20 גרם,,,מעדן סויה גו 20 גרם,גרמים,200.00,100 גרם,false,,5.80,0.0290,true,1,116795
7290110325619,false,משקה שיבולת שועל 1 ל,תנובה חלב,,משקה שיבולת שועל 1 ל,ליטרים,1.00,ליטר,false,,11.90,11.9000,true,1,117726
7290110325893,false,תנובה GO אייס קפה 34,,,תנובה GO אייס קפה 34,מיליליטרים,340.00,"100 מ""ל",false,,7.60,0.0224,true,1,117725
7290110326210,false,יופלה און טופ פצפוצי,,,יופלה און טופ פצפוצי,גרמים,157.00,100 גרם,false,,4.90,0.0312,true,1,119253
7290110326227,false,יופלה און טופ קורנפל,,,יופלה און טופ קורנפל,גרמים,157.00,100 גרם,false,,4.90,0.0312,true,1,119254
7290110326333,false,פרוסות גבינה סקנדינב,,,פרוסות גבינה סקנדינב,גרמים,170.00,100 גרם,false,,17.90,0.1053,false,1,122192
7290110326890,false,יופלה טיוב להקפאה בט,,,יופלה טיוב להקפאה בט,גרמים,348.00,100 גרם,false,,12.00,0.0345,false,1,120353
7290110326937,false,יוגורט תנובה לבן 1%,,,יוגורט תנובה לבן 1%,גרמים,150.00,100 גרם,false,,3.80,0.0253,true,1,121965
7290110327064,false,אייס קפה שיבולת שועל,,,אייס קפה שיבולת שועל,ליטרים,1.00,ליטר,false,,11.90,11.9000,true,1,120552
7290110327125,false,פטה 21% מחלב צאן במי,,,פטה 21% מחלב צאן במי,גרמים,200.00,100 גרם,false,,21.90,0.1095,true,1,122548
7290110327316,false,גבינה לבנה 5% בתוספת,,,גבינה לבנה 5% בתוספת,גרמים,139.00,100 גרם,false,,5.20,0.0374,true,1,125751
7290110327514,false,משקה שיבולת שועל בטע,תנובה חלב,,משקה שיבולת שועל בטע,ליטרים,1.00,ליטר,false,,11.90,11.9000,true,1,186784
7290110327545,false,יופלה און טופ בטעם ת,,,יופלה און טופ בטעם ת,גרמים,150.00,100 גרם,false,,4.90,0.0327,true,1,122540
7290110327835,false,יופלה גו און טופ גרנ,,,יופלה גו און טופ גרנ,גרמים,170.00,100 גרם,false,,5.90,0.0347,true,1,122549
7290110327880,false,חלב 1% מהדרין  ליטר,,,חלב 1% מהדרין  ליטר,ליטרים,1.00,ליטר,false,,5.59,5.5900,false,1,121848
7290110328023,false,משקה סויה מועשר בחלב,,,משקה סויה מועשר בחלב,גרמים,250.00,100 גרם,false,,6.00,0.0240,true,1,123744
7290110328092,false,פיראוס פטה יוונית קו,,,פיראוס פטה יוונית קו,גרמים,150.00,100 גרם,false,,18.00,0.1200,true,1,125755
7290110328146,false,פתיתים בסגנון גאודה,,,פתיתים בסגנון גאודה,גרמים,200.00,100 גרם,false,,21.00,0.1050,true,1,124766
7290110328221,false,יוגורט תנובה נטול לק,,,יוגורט תנובה נטול לק,גרמים,200.00,100 גרם,false,,3.80,0.0190,true,1,123911
7290110328474,false,פלח פרמג'אנו רג'יאנו,,,פלח פרמג'אנו רג'יאנו,גרמים,150.00,100 גרם,false,,27.90,0.1860,true,1,124770
7290110328481,false,פתיתי פרמג'אנו רג'יא,,,פתיתי פרמג'אנו רג'יא,גרמים,100.00,100 גרם,false,,14.90,0.1490,true,1,124771
7290110328504,false,מיקס גבינות מוצרלה ס,,,מיקס גבינות מוצרלה ס,גרמים,300.00,100 גרם,false,,24.90,0.0830,true,1,124882
7290110328580,false,יוגורט תנובה 5%,,,יוגורט תנובה 5%,גרמים,200.00,100 גרם,false,,3.10,0.0155,true,1,186927
7290110328610,false,משקה אורז ושקדים ברי,תנובה חלב,,משקה אורז ושקדים ברי,ליטרים,1000.00,ליטר,false,,11.90,0.0119,true,1,189172
7290110328627,false,יוגורט גו סמיך 0% בנ,,,יוגורט גו סמיך 0% בנ,גרמים,200.00,100 גרם,false,,5.80,0.0290,true,1,125740
7290110328764,false,יוגורט גו סמיך 0% תו,,,יוגורט גו סמיך 0% תו,גרמים,200.00,100 גרם,false,,5.80,0.0290,true,1,125739
7290110328771,false,יוגורט גו סמיך 0% פי,,,יוגורט גו סמיך 0% פי,גרמים,200.00,100 גרם,false,,5.80,0.0290,true,1,125742
7290110328788,false,יוגורט גו סמיך 0% אפ,,,יוגורט גו סמיך 0% אפ,גרמים,200.00,100 גרם,false,,5.80,0.0290,true,1,125741
7290110328818,false,משקה YOLO  בטעם טופי,,,משקה YOLO  בטעם טופי,100 מל,340.00,100 מל,false,,6.90,0.0203,true,1,125093
7290110329136,false,מעדן חלב גו בטעם שוק,,,מעדן חלב גו בטעם שוק,גרמים,120.00,100 גרם,false,,4.70,0.0392,true,1,186669
7290110329266,false,יוגורט מחלב עיזים מל,,,יוגורט מחלב עיזים מל,גרמים,140.00,100 גרם,false,,5.90,0.0421,true,1,126633
7290110329273,false,יוגורט מחלב עיזים מל,,,יוגורט מחלב עיזים מל,גרמים,750.00,100 גרם,false,,19.90,0.0265,true,1,126634
7290110329303,false,פרוסות גבינה בטעם צה,,,פרוסות גבינה בטעם צה,גרמים,200.00,100 גרם,false,,21.00,0.1050,false,1,186999
7290110329686,false,משקה חלב GO בטעם עוג,,,משקה חלב GO בטעם עוג,מיליליטרים,340.00,"100 מ""ל",false,,7.60,0.0224,true,1,186531
7290110329716,false,משקה קפה קר בטעם קפו,,,משקה קפה קר בטעם קפו,מיליליטרים,230.00,"100 מ""ל",false,,6.90,0.0300,true,1,188902
7290110329723,false,משקה קפה קר בטעם לאט,,,משקה קפה קר בטעם לאט,מיליליטרים,230.00,"100 מ""ל",false,,6.90,0.0300,true,1,188903
7290110329730,false,משקה חלב עם שוקולד ו,,,משקה חלב עם שוקולד ו,מיליליטרים,230.00,"100 מ""ל",false,,6.90,0.0300,true,1,188904
7290110329792,false,סויה ביו אפרסק Alter,,,סויה ביו אפרסק Alter,גרמים,150.00,100 גרם,false,,4.40,0.0293,true,1,187142
7290110329808,false,סויה ביו תות Alterna,,,סויה ביו תות Alterna,גרמים,150.00,100 גרם,false,,4.40,0.0293,true,1,187139
7290110329815,false,סויה ביו מתיקות מעוד,,,סויה ביו מתיקות מעוד,גרמים,150.00,100 גרם,false,,4.40,0.0293,true,1,187140
7290110329822,false,סויה ביו פירות יער A,,,סויה ביו פירות יער A,גרמים,150.00,100 גרם,false,,4.40,0.0293,true,1,187141
7290110329846,false,סויה ביו טבעי  Alter,,,סויה ביו טבעי  Alter,גרמים,150.00,100 גרם,false,,4.40,0.0293,true,1,187143
7290110329914,false,מאגדת משקה שיבולת שו,,,מאגדת משקה שיבולת שו,גרמים,600.00,100 גרם,false,,18.90,0.0315,true,1,189188
7290110354282,false,נורת לד,,,נורת לד,יחידה,0.00,יחידה,false,,8.50,0.0000,true,1,120292
7290110354299,false,נורת לד ניסקו,,,נורת לד ניסקו,יחידה,0.00,יחידה,false,,8.50,0.0000,true,1,120140
7290110356798,false,נורת לד כדור אור צהו,,,נורת לד כדור אור צהו,יחידה,0.00,יחידה,false,,8.50,0.0000,true,1,120141
7290110420017,false,תיק רחצה לגבר שחור,,,תיק רחצה לגבר שחור,יחידה,0.00,יחידה,false,,19.90,0.0000,true,1,101191
7290110421953,false,מברשת שיער צבעונית,,,מברשת שיער צבעונית,יחידה,0.00,יחידה,false,,16.90,0.0000,true,1,104217
7290110423537,false,גומיות שיער צבעוני 1,,,גומיות שיער צבעוני 1,יחידה,0.00,יחידה,false,,7.90,0.0000,true,1,105745
7290110424053,false,מטריה ילדים,,,מטריה ילדים,יחידה,0.00,יחידה,false,,19.90,0.0000,true,1,106352
7290110424381,false,כובע נשים עם קיפול ד,,,כובע נשים עם קיפול ד,יחידה,0.00,יחידה,false,,29.90,0.0000,true,1,107510
7290110424411,false,כובע תינוקות כלב,,,כובע תינוקות כלב,יחידה,0.00,יחידה,false,,21.90,0.0000,true,1,106331
7290110424947,false,סיכת תיקנ תק תינוקות,,,סיכת תיקנ תק תינוקות,יחידה,0.00,יחידה,false,,5.90,0.0000,true,1,106870
7290110426279,false,גומיות בשקית 40 יח',,,גומיות בשקית 40 יח',יחידה,0.00,יחידה,false,,3.50,0.0000,true,1,120412
7290110428020,false,גומיות 10 יח',,,גומיות 10 יח',יחידה,0.00,יחידה,false,,3.00,0.0000,true,1,120415
7290110550202,false,מטבעות שוקולד חלב לא,,,מטבעות שוקולד חלב לא,גרמים,400.00,100 גרם,false,,31.90,0.0797,true,1,189999
7290110550219,false,מטבעות שוקולד לבן לא,,,מטבעות שוקולד לבן לא,גרמים,400.00,100 גרם,false,,31.90,0.0797,true,1,190001
7290110550226,false,מטבעות שוקולד מריר ל,,,מטבעות שוקולד מריר ל,גרמים,400.00,100 גרם,false,,31.90,0.0797,true,1,190000
7290110550363,false,פריכיות משולשות קינו,,,פריכיות משולשות קינו,גרמים,65.00,100 גרם,false,,10.60,0.1631,true,1,187620
7290110550370,false,משולשות קינואה ופלפל,,,משולשות קינואה ופלפל,גרמים,65.00,100 גרם,false,,10.60,0.1631,true,1,190159
7290110552121,false,היוגורט הראשון שלי 1,,,היוגורט הראשון שלי 1,גרמים,100.00,100 גרם,false,,2.20,0.0220,true,1,188724
7290110552220,false,דנונה פרו תות ללא סו,,,דנונה פרו תות ללא סו,גרמים,200.00,100 גרם,false,,5.90,0.0295,true,1,187240
7290110552237,false,דנונה פרו אפרסק מנגו,,,דנונה פרו אפרסק מנגו,גרמים,200.00,100 גרם,false,,5.90,0.0295,true,1,187241
7290110552817,false,מסטיק בטעם גלידה לימ,,,מסטיק בטעם גלידה לימ,גרמים,58.00,100 גרם,false,,9.90,0.1707,true,1,189541
7290110553029,false,פריכיות חלבון קייל,,,פריכיות חלבון קייל,גרמים,60.00,100 גרם,false,,10.60,0.1767,true,1,187621
7290110553036,false,פריכיות חלבון בטטה ס,,,פריכיות חלבון בטטה ס,גרמים,60.00,100 גרם,false,,10.60,0.1767,true,1,187622
7290110553098,false,אנרג'י מיקס צימוקים,,,אנרג'י מיקס צימוקים,גרמים,100.00,100 גרם,false,,14.90,0.1490,true,1,189835
7290110553173,false,אנרגי פריכיות בטעם ק,,,אנרגי פריכיות בטעם ק,גרמים,40.00,100 גרם,false,,6.50,0.1625,true,1,190160
7290110553180,false,אנרגי פריכיות בטעם ת,,,אנרגי פריכיות בטעם ת,גרמים,40.00,100 גרם,false,,6.50,0.1625,true,1,190161
7290110553340,false,אייס נמס מילקשייק מל,,,אייס נמס מילקשייק מל,גרמים,200.00,100 גרם,false,,15.90,0.0795,false,1,189158
7290110553425,false,קפה נמס 200 גר +20%ת,,,קפה נמס 200 גר +20%ת,גרמים,240.00,100 גרם,false,,19.90,0.0829,false,1,187348
7290110553449,false,מילקי סנאק,,,מילקי סנאק,גרמים,123.00,100 גרם,false,,13.90,0.1130,true,1,187553
7290110554262,false,חלבית 350 גרם,,,חלבית 350 גרם,גרמים,350.00,100 גרם,false,,22.90,0.0654,true,1,187987
7290110554422,false,רוטב עגבניות ופלפלים,,,רוטב עגבניות ופלפלים,גרמים,350.00,100 גרם,false,,11.90,0.0340,true,1,187640
7290110554460,false,צ'יטוס צ'דר חלפיניו,עלית,,צ'יטוס צ'דר חלפיניו,גרמים,65.00,100 גרם,false,,3.50,0.0538,true,1,189622
7290110554477,false,קפסולת אספרסו לאפוגט,,,קפסולת אספרסו לאפוגט,גרמים,50.00,100 גרם,false,,16.90,0.3380,false,1,189163
7290110554545,false,קפסולות אספרסו לאפוג,,,קפסולות אספרסו לאפוג,גרמים,50.00,100 גרם,false,,16.90,0.3380,false,1,189162
7290110554583,false,צ'יטוס פאפס גבינה 10,עלית,,צ'יטוס פאפס גבינה 10,גרמים,200.00,100 גרם,false,,12.90,0.0645,true,1,187334
7290110554705,false,קפסולות קפה בתי קליה,,,קפסולות קפה בתי קליה,גרמים,50.00,100 גרם,false,,18.90,0.3780,true,1,190163
7290110554729,false,קפסולות קפה למכונת נ,,,קפסולות קפה למכונת נ,גרמים,55.00,100 גרם,false,,16.90,0.3073,false,1,188137
7290110554798,false,פולי אספרסו עשירים ו,,,פולי אספרסו עשירים ו,גרמים,250.00,100 גרם,false,,21.90,0.0876,false,1,187994
7290110556242,false,שוקולד מריר פרווה על,,,שוקולד מריר פרווה על,גרמים,100.00,100 גרם,false,,6.00,0.0600,false,1,190173
7290110557027,false,חומוס עשיר ב-50% טחי,,,חומוס עשיר ב-50% טחי,גרמים,400.00,100 גרם,false,,12.90,0.0323,true,1,186935
7290110557102,false,מעדן חלב עם שוקולד מ,,,מעדן חלב עם שוקולד מ,גרמים,150.00,100 גרם,false,,4.90,0.0327,true,1,185791
7290110557133,false,מעדן הגולן וניל,,,מעדן הגולן וניל,גרמים,125.00,100 גרם,false,,2.80,0.0224,false,1,186249
7290110557317,false,היוגורט הראשון שלי ש,,,היוגורט הראשון שלי ש,גרמים,100.00,100 גרם,false,,2.20,0.0220,true,1,188726
7290110557478,false,חומוס גלילי,,,חומוס גלילי,גרמים,600.00,100 גרם,false,,12.90,0.0215,true,1,187984
7290110557645,false,אנרג'י מיקס צימוקים,,,אנרג'י מיקס צימוקים,גרמים,100.00,100 גרם,false,,14.90,0.1490,true,1,189836
7290110558154,false,דנונה לייט אנד פרי ע,,,דנונה לייט אנד פרי ע,גרמים,150.00,100 גרם,false,,4.60,0.0307,true,1,189824
7290110558222,false,דנונה WOW בנופי,,,דנונה WOW בנופי,גרמים,150.00,100 גרם,false,,4.50,0.0300,true,1,189819
7290110558239,false,דנונה WOW קראק פאי,,,דנונה WOW קראק פאי,גרמים,150.00,100 גרם,false,,4.50,0.0300,true,1,189820
7290110558253,false,דנונה ריפרש בננה אננ,,,דנונה ריפרש בננה אננ,גרמים,250.00,100 גרם,false,,5.50,0.0220,true,1,189176
7290110558284,false,דנונה ביו מולטי 200,,,דנונה ביו מולטי 200,גרמים,200.00,100 גרם,false,,3.90,0.0195,false,1,189548
7290110558314,false,דנונה פרו 20 גר' ללא,,,דנונה פרו 20 גר' ללא,גרמים,200.00,100 גרם,false,,5.90,0.0295,false,1,189822
7290110558338,false,דנונה פרו  25 גרם חל,,,דנונה פרו  25 גרם חל,גרמים,200.00,100 גרם,false,,6.20,0.0310,true,1,188695
7290110559007,false,שעועית חומה טעם הטבע,,,שעועית חומה טעם הטבע,גרמים,380.00,100 גרם,false,,6.50,0.0171,true,1,189840
7290110559748,false,מאגדת ריל שקדים קוקו,,,מאגדת ריל שקדים קוקו,גרמים,105.00,100 גרם,false,,14.90,0.1419,true,1,189583
7290110559755,false,מאגדת ריל בוטנים פיס,,,מאגדת ריל בוטנים פיס,גרמים,105.00,100 גרם,false,,14.90,0.1419,true,1,189581
7290110559762,false,מאגדת ריל אגוזים תמר,,,מאגדת ריל אגוזים תמר,גרמים,105.00,100 גרם,false,,14.90,0.1419,true,1,189582
7290110559939,false,נתחי סויה בסגנון שוו,,,נתחי סויה בסגנון שוו,גרמים,350.00,100 גרם,false,,23.90,0.0683,true,1,188666
7290110560300,false,פריכיות משולשות פלפל,,,פריכיות משולשות פלפל,גרמים,30.00,100 גרם,false,,5.50,0.1833,true,1,112263
7290110560317,false,פריכיות משולשות מלח,,,פריכיות משולשות מלח,גרמים,30.00,100 גרם,false,,5.50,0.1833,true,1,112264
7290110560324,false,פריכיות משולשות אפונ,,,פריכיות משולשות אפונ,גרמים,30.00,100 גרם,false,,5.50,0.1833,true,1,112265
7290110561352,false,דנונה דל לקטוז,,,דנונה דל לקטוז,גרמים,200.00,100 גרם,false,,3.50,0.0175,true,1,109741
7290110561604,false,שמיניה גמדים תות בננ,,,שמיניה גמדים תות בננ,גרמים,800.00,100 גרם,false,,18.90,0.0236,true,1,108637
7290110563431,false,משקה קפה קר בסגנון ק,,,משקה קפה קר בסגנון ק,מיליליטרים,230.00,"100 מ""ל",false,,7.50,0.0326,true,1,113091
7290110563448,false,משקה קפה קר בסגנון מ,,,משקה קפה קר בסגנון מ,מיליליטרים,230.00,"100 מ""ל",false,,7.50,0.0326,true,1,113092
7290110563462,false,חלב נטול לקטוז 2%,,,חלב נטול לקטוז 2%,ליטרים,1.00,ליטר,false,,8.00,8.0000,false,1,113629
7290110563820,false,סלק מבושל 1 קג שטראו,,,סלק מבושל 1 קג שטראו,גרמים,1000.00,100 גרם,false,,10.90,0.0109,true,1,108599
7290110564339,false,חומוס אחלה עשיר 30%,,,חומוס אחלה עשיר 30%,גרמים,400.00,100 גרם,false,,12.90,0.0323,true,1,108561
7290110564360,false,חומוס אחלה שיר 40% ט,,,חומוס אחלה שיר 40% ט,גרמים,400.00,100 גרם,false,,12.90,0.0323,true,1,108562
7290110564414,false,חומוס אחלה עשיר 30%,,,חומוס אחלה עשיר 30%,גרמים,600.00,100 גרם,false,,14.90,0.0248,true,1,108565
7290110564742,false,משקה קפה קר בסגנון ח,,,משקה קפה קר בסגנון ח,מיליליטרים,230.00,"100 מ""ל",false,,7.50,0.0326,true,1,113093
7290110564919,false,דנונה מתיקות מעודנת,שטראוס דנונה,,דנונה מתיקות מעודנת,גרמים,150.00,100 גרם,false,,3.60,0.0240,false,1,117738
7290110565435,false,לימבו פטל חלבי,,,לימבו פטל חלבי,גרמים,125.00,100 גרם,false,,2.00,0.0160,true,1,108008
7290110565527,false,דנונה פרו  20 גר חלב,,,דנונה פרו  20 גר חלב,גרמים,200.00,100 גרם,false,,5.90,0.0295,false,1,107397
7290110565572,false,מארז טורקי לדרך עם ה,,,מארז טורקי לדרך עם ה,גרמים,168.00,100 גרם,false,,19.90,0.1185,false,1,115388
7290110566623,false,קפסולות קפה קולומביה,,,קפסולות קפה קולומביה,גרמים,50.00,100 גרם,false,,16.90,0.3380,false,1,110535
7290110566975,false,דנונה פרו תות 20 גר,,,דנונה פרו תות 20 גר,גרמים,200.00,100 גרם,false,,5.90,0.0295,false,1,109251
7290110567057,false,בוקסי מנטה אקליפטוס,,,בוקסי מנטה אקליפטוס,גרמים,64.00,100 גרם,false,,9.90,0.1547,true,1,111981
7290110568238,false,קצפת צמחית יטבתה,,,קצפת צמחית יטבתה,גרמים,250.00,100 גרם,false,,7.90,0.0316,false,1,110589
7290110568276,false,משקה יטבתה פרו וניל,,,משקה יטבתה פרו וניל,גרמים,350.00,100 גרם,false,,6.30,0.0180,true,1,110204
7290110570224,false,משקה קפה קר בטעם עוג,,,משקה קפה קר בטעם עוג,מיליליטרים,230.00,"100 מ""ל",false,,7.50,0.0326,true,1,189825
7290110570880,false,פולי אספרסו עשירים ו,,,פולי אספרסו עשירים ו,גרמים,250.00,100 גרם,false,,21.90,0.0876,true,1,188722
7290110571184,false,עדשים חומות טעם הטבע,,,עדשים חומות טעם הטבע,גרמים,380.00,100 גרם,false,,6.50,0.0171,true,1,189842
7290110571375,false,אנרג'י צימוקים תמרים,,,אנרג'י צימוקים תמרים,גרמים,100.00,100 גרם,false,,14.90,0.1490,true,1,189837
7290110571382,false,מעדן חלב בטעם וניל מ,,,מעדן חלב בטעם וניל מ,גרמים,150.00,100 גרם,false,,4.90,0.0327,true,1,187952
7290110571474,false,רבע לשבע טבעוני פופק,עלית,,רבע לשבע טבעוני פופק,גרמים,125.00,100 גרם,false,,12.00,0.0960,false,1,189566
7290110572969,false,כיף כף פצפצים קרם לב,,,כיף כף פצפצים קרם לב,גרמים,40.00,100 גרם,false,,5.20,0.1300,true,1,189838
7290110572976,false,כיף כף פצפצים קרם לב,,,כיף כף פצפצים קרם לב,גרמים,135.00,100 גרם,false,,10.90,0.0807,true,1,189839
7290110576318,false,מארז שלישיית אגוז לב,,,מארז שלישיית אגוז לב,גרמים,300.00,100 גרם,false,,24.90,0.0830,false,1,190147
7290110576356,false,ספלנדיד שוקולד מריר,,,ספלנדיד שוקולד מריר,גרמים,100.00,100 גרם,false,,8.50,0.0850,true,1,189596
7290110576363,false,ספלנדיד שוקולד מריר,,,ספלנדיד שוקולד מריר,גרמים,100.00,100 גרם,false,,8.50,0.0850,true,1,189597
7290110576370,false,מארז שלישיית אגוז מר,,,מארז שלישיית אגוז מר,גרמים,300.00,100 גרם,false,,24.90,0.0830,false,1,190148
7290110576387,false,מארז שלישיית אגוז חל,,,מארז שלישיית אגוז חל,גרמים,300.00,100 גרם,false,,24.90,0.0830,false,1,190149
7290111285318,false,צלחת במבוק מיקי מאוס,,,צלחת במבוק מיקי מאוס,יחידה,0.00,יחידה,false,,12.90,0.0000,true,1,114969
7290111285332,false,צלחת במבוק הלו קיטי,,,צלחת במבוק הלו קיטי,יחידה,0.00,יחידה,false,,12.90,0.0000,true,1,114965
7290111285349,false,צלחת במבוק מפרץ ההרפ,,,צלחת במבוק מפרץ ההרפ,יחידה,0.00,יחידה,false,,12.90,0.0000,true,1,114970
7290111285356,false,צלחת במבוק סמי הכבאי,,,צלחת במבוק סמי הכבאי,יחידה,0.00,יחידה,false,,12.90,0.0000,true,1,114971
7290111285363,false,צלחת במבוק מיניונים,,,צלחת במבוק מיניונים,יחידה,0.00,יחידה,false,,12.90,0.0000,true,1,114966
7290111285370,false,קערה במבוק ספיידרמן,,,קערה במבוק ספיידרמן,יחידה,0.00,יחידה,false,,8.90,0.0000,true,1,114985
7290111285400,false,קערה במבוק מיקי מאוס,,,קערה במבוק מיקי מאוס,יחידה,0.00,יחידה,false,,8.90,0.0000,true,1,114979
7290111285431,false,קערה במבוק מפרץ ההרפ,,,קערה במבוק מפרץ ההרפ,יחידה,0.00,יחידה,false,,8.90,0.0000,true,1,114986
7290111285448,false,קערה במבוק סמי הכבאי,,,קערה במבוק סמי הכבאי,יחידה,0.00,יחידה,false,,8.90,0.0000,true,1,114987
7290111285455,false,קערה במבוק מיניונים,,,קערה במבוק מיניונים,יחידה,0.00,יחידה,false,,8.90,0.0000,true,1,114981
7290111285530,false,כוס במבוק סמי הכבאי,,,כוס במבוק סמי הכבאי,יחידה,0.00,יחידה,false,,7.90,0.0000,true,1,115000
7290111340109,false,דיפנד מגן תחתון,,,דיפנד מגן תחתון,יחידה,0.00,יחידה,false,,19.90,0.0000,true,1,118038
7290111340178,false,מטליות ניקוי כללי בר,,,מטליות ניקוי כללי בר,יחידה,0.00,יחידה,false,,10.90,0.0000,false,1,105759
7290111340185,false,מטליות לחות לריצפה נ,,,מטליות לחות לריצפה נ,יחידה,0.00,יחידה,false,,10.90,0.0000,false,1,105760
7290111340895,false,דיפנד תחתוני גברים L,,,דיפנד תחתוני גברים L,יחידה,0.00,יחידה,false,,48.90,0.0000,false,1,110224
7290111340925,false,מטליות לחות XL  ניקו,,,מטליות לחות XL  ניקו,יחידה,0.00,יחידה,false,,9.90,0.0000,false,1,108517
7290111340956,false,מטליות לחות לניקוי ר,,,מטליות לחות לניקוי ר,יחידה,0.00,יחידה,false,,10.90,0.0000,false,1,108518
7290111341359,false,רדיד אלומיניום 60 מט,,,רדיד אלומיניום 60 מט,יחידה,0.00,יחידה,false,,39.90,0.0000,false,1,110613
7290111341366,false,מפיות אירוח חד שכבתי,,,מפיות אירוח חד שכבתי,יחידה,0.00,יחידה,false,,8.50,0.0000,true,1,110695
7290111341434,false,תחבושות דיפנד נורמל,,,תחבושות דיפנד נורמל,יחידה,0.00,יחידה,false,,19.90,0.0000,true,1,112759
7290111341557,false,טמפונים קוטקס אקטיב,,,טמפונים קוטקס אקטיב,יחידה,0.00,יחידה,false,,22.90,0.0000,true,1,114919
7290111341816,false,נייר אפיה עם מתקן לח,,,נייר אפיה עם מתקן לח,יחידה,0.00,יחידה,false,,21.90,0.0000,false,1,113365
7290111341984,false,מארז רביעיה לילי לח,,,מארז רביעיה לילי לח,יחידה,0.00,יחידה,false,,21.90,0.0000,true,1,115918
7290111342004,false,לילי לח מגבונים בודד,,,לילי לח מגבונים בודד,יחידה,0.00,יחידה,false,,8.90,0.0000,true,1,114773
7290111342059,false,מטליות לחות אנטיבקטר,,,מטליות לחות אנטיבקטר,יחידה,0.00,יחידה,false,,10.90,0.0000,true,1,118175
7290111342073,false,מיקרופייבר מטלית אנט,,,מיקרופייבר מטלית אנט,יחידה,0.00,יחידה,false,,12.90,0.0000,true,1,118466
7290111342189,false,מפיות אירוח צבעוני,,,מפיות אירוח צבעוני,יחידה,0.00,יחידה,false,,8.50,0.0000,true,1,117541
7290111342523,false,מפיות אירוח ניקול,,,מפיות אירוח ניקול,יחידה,0.00,יחידה,false,,6.90,0.0000,true,1,117802
7290111343117,false,קלינקס לושן אריזת ני,,,קלינקס לושן אריזת ני,יחידה,0.00,יחידה,false,,13.90,0.0000,false,1,122287
7290111343483,false,תחבושות קוטקס  נייט,,,תחבושות קוטקס  נייט,יחידה,0.00,יחידה,false,,16.90,0.0000,true,1,188205
7290111343797,false,מטליות לחות לניקוי ח,,,מטליות לחות לניקוי ח,יחידה,0.00,יחידה,false,,10.90,0.0000,false,1,121465
7290111343841,false,ספוגית הקסם נירוסטה,,,ספוגית הקסם נירוסטה,יחידה,0.00,יחידה,false,,11.50,0.0000,true,1,121755
7290111343858,false,מטליות לחות לריצפה א,,,מטליות לחות לריצפה א,יחידה,0.00,יחידה,false,,10.90,0.0000,false,1,120550
7290111344138,false,מטליות רב שימושיות א,,,מטליות רב שימושיות א,יחידה,0.00,יחידה,false,,10.90,0.0000,true,1,120168
7290111344145,false,מטלית ריצפה אנטיבקטר,,,מטלית ריצפה אנטיבקטר,יחידה,0.00,יחידה,false,,21.90,0.0000,true,1,121535
7290111344206,false,מגבוני האגיס נטורל ק,,,מגבוני האגיס נטורל ק,יחידה,0.00,יחידה,false,,18.90,0.0000,false,1,186523
7290111344459,false,תחבושות נייט אקסטרא,,,תחבושות נייט אקסטרא,יחידה,0.00,יחידה,false,,19.90,0.0000,true,1,125130
7290111344503,false,האגיס אקסטרא קייר 4,,,האגיס אקסטרא קייר 4,יחידה,0.00,יחידה,false,,47.90,0.0000,false,1,125154
7290111344510,false,ניירות אפיה נשלפים א,,,ניירות אפיה נשלפים א,יחידה,0.00,יחידה,false,,23.90,0.0000,true,1,124670
7290111344527,false,שקיות אשפה לפח ענק X,,,שקיות אשפה לפח ענק X,יחידה,0.00,יחידה,false,,24.90,0.0000,true,1,123695
7290111344565,false,שקיות ניקול  דאבל זי,,,שקיות ניקול  דאבל זי,יחידה,0.00,יחידה,false,,12.90,0.0000,true,1,189826
7290111344572,false,שקיות אשפה עם ידיות,,,שקיות אשפה עם ידיות,יחידה,0.00,יחידה,false,,21.90,0.0000,true,1,187102
7290111344619,false,ניקול מטליות לחות לנ,,,ניקול מטליות לחות לנ,יחידה,0.00,יחידה,false,,13.90,0.0000,true,1,126235
7290111344633,false,משטח ייבוש כלים אנטי,,,משטח ייבוש כלים אנטי,יחידה,0.00,יחידה,false,,19.90,0.0000,true,1,189930
7290111344701,false,ניקול סנדוויצ'ון מהד,,,ניקול סנדוויצ'ון מהד,יחידה,0.00,יחידה,false,,14.90,0.0000,false,1,189931
7290111344824,false,מגן תחתון קוטקס אנטי,,,מגן תחתון קוטקס אנטי,יחידה,0.00,יחידה,false,,17.90,0.0000,true,1,187105
7290111344831,false,מגן תחתון קוטקס אקסט,,,מגן תחתון קוטקס אקסט,יחידה,0.00,יחידה,false,,17.90,0.0000,true,1,187103
7290111344855,false,מגן תחתון קוטקס אקסט,,,מגן תחתון קוטקס אקסט,יחידה,0.00,יחידה,false,,17.90,0.0000,true,1,187104
7290111344879,false,מגן תחתון קוטקס 2 ב-,,,מגן תחתון קוטקס 2 ב-,יחידה,0.00,יחידה,false,,17.90,0.0000,true,1,187106
7290111344916,false,ניקול כריות יפניות א,,,ניקול כריות יפניות א,יחידה,0.00,יחידה,false,,12.90,0.0000,true,1,125127
7290111344930,false,ניקול מטליות לחות לר,,,ניקול מטליות לחות לר,יחידה,0.00,יחידה,false,,10.90,0.0000,true,1,186997
7290111344978,false,ניקול רדיד אלומיניום,,,ניקול רדיד אלומיניום,יחידה,0.00,יחידה,false,,38.90,0.0000,true,1,125128
7290111345043,false,מטליות מיקרופייבר למ,,,מטליות מיקרופייבר למ,יחידה,0.00,יחידה,false,,15.90,0.0000,true,1,186981
7290111345722,false,שקיות ניקול לשמירת ה,,,שקיות ניקול לשמירת ה,יחידה,0.00,יחידה,false,,14.90,0.0000,false,1,189827
7290111345753,false,תחבושות קוטקס נטורל,,,תחבושות קוטקס נטורל,יחידה,0.00,יחידה,false,,17.90,0.0000,true,1,187733
7290111345760,false,תחבושות קוטקס נטורל,,,תחבושות קוטקס נטורל,יחידה,0.00,יחידה,false,,17.90,0.0000,true,1,187734
7290111345814,false,נייר טואלט לילי נטור,,,נייר טואלט לילי נטור,יחידה,0.00,יחידה,false,,34.90,0.0000,false,1,187263
7290111345982,false,דפי ספוגית הקסם  ניק,,,דפי ספוגית הקסם  ניק,יחידה,0.00,יחידה,false,,10.90,0.0000,false,1,188064
7290111346293,false,שישיה נייר מגבת ניקו,,,שישיה נייר מגבת ניקו,יחידה,0.00,יחידה,false,,10.90,0.0000,false,1,188921
7290111346347,false,טישו קלינקס אורגינל,,,טישו קלינקס אורגינל,יחידה,0.00,יחידה,false,,15.90,0.0000,false,1,189766
7290111350030,false,רסק תפוחי עץ טבעי קל,קליית גת,,רסק תפוחי עץ טבעי קל,גרמים,670.00,100 גרם,false,,10.90,0.0163,true,1,102956
7290111350665,false,דבש לחיץ 350 גר' קלי,קליית גת,,דבש לחיץ 350 גר' קלי,גרמים,350.00,100 גרם,false,,21.90,0.0626,true,1,110561
7290111350672,false,דבש צנצנת 700 גר' קל,קליית גת,,דבש צנצנת 700 גר' קל,גרמים,700.00,100 גרם,false,,32.90,0.0470,true,1,110559
7290111350719,false,נאצ'וס הוטפופ בסגנון,,,נאצ'וס הוטפופ בסגנון,גרמים,322.00,100 גרם,false,,15.90,0.0494,true,1,114068
7290111350726,false,נאצ'וס בסגנון מקסיקנ,,,נאצ'וס בסגנון מקסיקנ,גרמים,322.00,100 גרם,false,,15.90,0.0494,true,1,114069
7290111351280,false,תערובת אגוזים קלויים,קליית גת,,תערובת אגוזים קלויים,גרמים,150.00,100 גרם,false,,16.50,0.1100,true,1,112729
7290111352140,false,חמוציות מיובשות ברכז,קליית גת,,חמוציות מיובשות ברכז,גרמים,150.00,100 גרם,false,,11.50,0.0767,true,1,117289
7290111352430,false,ממרח תמרים טבעי 440,קליית גת,,ממרח תמרים טבעי 440,גרמים,440.00,100 גרם,false,,13.90,0.0316,true,1,118315
7290111352935,false,יוגטה סוכריות טופי מ,יוגטה,,יוגטה סוכריות טופי מ,גרמים,600.00,100 גרם,false,,14.90,0.0248,true,1,120924
7290111352942,false,יוגטה סוכריות טופי 8,יוגטה,,יוגטה סוכריות טופי 8,גרמים,850.00,100 גרם,false,,19.90,0.0234,true,1,185973
7290111352959,false,מקלות חמוצים סוכריות,יוגטה,,מקלות חמוצים סוכריות,גרמים,80.00,100 גרם,false,,8.00,0.1000,true,1,123218
7290111352966,false,יוגטה סוכריות ממולאו,יוגטה,,יוגטה סוכריות ממולאו,גרמים,250.00,100 גרם,false,,7.90,0.0316,true,1,121125
7290111352973,false,קוביות חמוצות 220 גר,יוגטה,,קוביות חמוצות 220 גר,גרמים,220.00,100 גרם,false,,7.90,0.0359,true,1,122788
7290111353055,false,סוכריות גומי דובונים,יוגטה,,סוכריות גומי דובונים,גרמים,200.00,100 גרם,false,,9.90,0.0495,true,1,122880
7290111353062,false,סוכריות גומי דובונים,יוגטה,,סוכריות גומי דובונים,גרמים,800.00,100 גרם,false,,20.00,0.0250,true,1,122939
7290111353109,false,סוכריות גומי נחשים 2,יוגטה,,סוכריות גומי נחשים 2,גרמים,200.00,100 גרם,false,,9.90,0.0495,true,1,122879
7290111353116,false,סוכריות גומי נחשים 8,יוגטה,,סוכריות גומי נחשים 8,גרמים,800.00,100 גרם,false,,20.00,0.0250,true,1,123590
7290111353123,false,סוכריות גומי נחשים מ,יוגטה,,סוכריות גומי נחשים מ,גרמים,200.00,100 גרם,false,,9.90,0.0495,true,1,122881
7290111353239,false,סוכריות גומי יין 200,יוגטה,,סוכריות גומי יין 200,גרמים,200.00,100 גרם,false,,9.90,0.0495,true,1,122882
7290111353246,false,סוכריות גומי יין 800,יוגטה,,סוכריות גומי יין 800,גרמים,800.00,100 גרם,false,,20.00,0.0250,true,1,122940
7290111353376,false,סוכריות מנטוס שמחות,,,סוכריות מנטוס שמחות,גרמים,250.00,100 גרם,false,,12.90,0.0516,true,1,122504
7290111353383,false,סוכריות מנטוס שמחות,,,סוכריות מנטוס שמחות,גרמים,250.00,100 גרם,false,,12.90,0.0516,true,1,122505
7290111563492,false,סלטי צבר  מטבוחה חרי,,,סלטי צבר  מטבוחה חרי,גרמים,400.00,100 גרם,false,,11.90,0.0298,true,1,109382
7290111564277,false,פיטנס פריכיות 3 דגני,,,פיטנס פריכיות 3 דגני,גרמים,120.00,100 גרם,false,,10.90,0.0908,true,1,106039
7290111564291,false,פיטנס פריכיות דקות ע,,,פיטנס פריכיות דקות ע,גרמים,120.00,100 גרם,false,,10.90,0.0908,true,1,106040
7290111564666,false,טבעול כדורי בשר מהצו,,,טבעול כדורי בשר מהצו,גרמים,500.00,100 גרם,false,,31.00,0.0620,true,1,108143
7290111564727,false,קרמוגית במילוי אגוזי,,,קרמוגית במילוי אגוזי,גרמים,200.00,100 גרם,false,,11.50,0.0575,true,1,107847
7290111564956,false,חטיף ביסלי במבה 200,,,חטיף ביסלי במבה 200,גרמים,200.00,100 גרם,false,,9.70,0.0485,false,1,109426
7290111565038,false,גלידת קרמריה וניל קו,לה קרמריה- נסטלה,,גלידת קרמריה וניל קו,יחידה,0.00,יחידה,false,,22.90,0.0000,false,1,109570
7290111566103,false,טבעול פלאפל מרכיבים,,,טבעול פלאפל מרכיבים,גרמים,590.00,100 גרם,false,,31.00,0.0525,true,1,108705
7290111566127,false,מאגדת שלגונים אוראו,נסטלה גלידות,,מאגדת שלגונים אוראו,גרמים,198.00,100 גרם,false,,21.90,0.1106,true,1,108245
7290111566226,false,שניצל ברוקולי 664 גר,,,שניצל ברוקולי 664 גר,גרמים,664.00,100 גרם,false,,31.00,0.0467,true,1,108706
7290111566240,false,שניצל דק בטעם צ'ילי,,,שניצל דק בטעם צ'ילי,גרמים,564.00,100 גרם,false,,31.00,0.0550,true,1,108717
7290111566271,false,טבעול חטיפי תירס 657,,,טבעול חטיפי תירס 657,גרמים,657.00,100 גרם,false,,28.90,0.0440,false,1,108232
7290111566318,false,טבעול שניצל דק מהצומ,,,טבעול שניצל דק מהצומ,גרמים,564.00,100 גרם,false,,31.00,0.0550,true,1,108857
7290111566332,false,טבעול נקנקיות וינר צ,,,טבעול נקנקיות וינר צ,גרמים,680.00,100 גרם,false,,31.00,0.0456,true,1,108140
7290111566417,false,טבעול טחון צמחוני,,,טבעול טחון צמחוני,גרמים,500.00,100 גרם,false,,29.90,0.0598,false,1,109073
7290111566547,false,חזה בגריל צמחוני טבע,,,חזה בגריל צמחוני טבע,גרמים,560.00,100 גרם,false,,31.00,0.0554,true,1,108433
7290111566561,false,טבעול שניצל ברוקולי,,,טבעול שניצל ברוקולי,גרמים,560.00,100 גרם,false,,31.00,0.0554,true,1,108434
7290111566585,false,טבעול שניצל צמחוני 9,,,טבעול שניצל צמחוני 9,גרמים,650.00,100 גרם,false,,31.00,0.0477,true,1,108435
7290111566660,false,טבעול קציצות עדשים כ,,,טבעול קציצות עדשים כ,גרמים,530.00,100 גרם,false,,31.00,0.0585,true,1,109326
7290111566691,false,טבעול שניצל תרד 99 ק,,,טבעול שניצל תרד 99 ק,מיליליטרים,560.00,"100 מ""ל",false,,31.00,0.0554,true,1,108436
7290111566714,false,טבעול המבורגר צמחוני,,,טבעול המבורגר צמחוני,גרמים,600.00,100 גרם,false,,31.00,0.0517,true,1,108437
7290111566752,false,טבעול שניצל תירס 99,,,טבעול שניצל תירס 99,גרמים,693.00,100 גרם,false,,31.00,0.0447,true,1,108438
7290111566776,false,טבעול נקנקיות קוקטיי,,,טבעול נקנקיות קוקטיי,גרמים,680.00,100 גרם,false,,31.00,0.0456,true,1,108141
7290111568206,false,ביסלי פארטי מיקס,,,ביסלי פארטי מיקס,גרמים,150.00,100 גרם,false,,9.00,0.0600,false,1,109846
7290111568251,false,נודלס אטריות להקפצה,,,נודלס אטריות להקפצה,גרמים,350.00,100 גרם,false,,9.90,0.0283,true,1,109927
7290111568275,false,נודלס אטריות אורז רח,,,נודלס אטריות אורז רח,גרמים,300.00,100 גרם,false,,9.90,0.0330,true,1,109928
7290111568299,false,נודלס איטריות עם תרד,,,נודלס איטריות עם תרד,גרמים,300.00,100 גרם,false,,9.90,0.0330,true,1,110502
7290111568466,false,רוטב אסייתי למוקפץ 2,,,רוטב אסייתי למוקפץ 2,מיליליטרים,290.00,"100 מ""ל",false,,13.90,0.0479,true,1,110003
7290111568961,false,בייגלה טבעות מלח אסם,,,בייגלה טבעות מלח אסם,גרמים,400.00,100 גרם,false,,11.00,0.0275,true,1,110374
7290111871863,false,צלחת במבוק מפרץ ההרפ,,,צלחת במבוק מפרץ ההרפ,יחידה,0.00,יחידה,false,,12.90,0.0000,true,1,114972
7290111873621,false,צלחת במבוק כח פי גיי,,,צלחת במבוק כח פי גיי,יחידה,0.00,יחידה,false,,12.90,0.0000,true,1,114967
7290111930898,false,פוף כוכבים גריל אמרי,,,פוף כוכבים גריל אמרי,יחידה,0.00,יחידה,false,,3.90,0.0000,true,1,107376
7290111930904,false,פוף כוכבים 40 גרם,,,פוף כוכבים 40 גרם,יחידה,0.00,יחידה,false,,3.90,0.0000,true,1,107374
7290111930911,false,פוף לבבות קלאסי 40 ג,,,פוף לבבות קלאסי 40 ג,יחידה,0.00,יחידה,false,,3.90,0.0000,true,1,107375
7290111930928,false,פוף כוכבים גריל 40 ג,,,פוף כוכבים גריל 40 ג,יחידה,0.00,יחידה,false,,3.90,0.0000,true,1,107377
7290111930935,false,פוף טבעות קלאסי 40 ג,,,פוף טבעות קלאסי 40 ג,יחידה,0.00,יחידה,false,,3.90,0.0000,true,1,107378
7290111931338,false,פלמוליב סבון לומינוס,,,פלמוליב סבון לומינוס,מיליליטרים,500.00,"100 מ""ל",false,,14.90,0.0298,true,1,109691
7290111932502,false,קולגייט משחת אופטיק,,,קולגייט משחת אופטיק,מיליליטרים,75.00,"100 מ""ל",false,,25.90,0.3453,true,1,111306
7290111933462,false,רוטב צ'ילי מתוק מאסט,,,רוטב צ'ילי מתוק מאסט,מיליליטרים,300.00,"100 מ""ל",false,,7.90,0.0263,true,1,109328
7290111933561,false,תערובת ציפוי נאגטס,,,תערובת ציפוי נאגטס,גרמים,250.00,100 גרם,false,,7.90,0.0316,true,1,115323
7290111934827,false,פלמוליב סבון ידיים ה,,,פלמוליב סבון ידיים ה,מיליליטרים,300.00,"100 מ""ל",false,,10.90,0.0363,true,1,114156
7290111936203,false,ליידי ספיד סטיק דרמה,,,ליידי ספיד סטיק דרמה,יחידה,0.00,יחידה,false,,14.90,0.0000,true,1,114793
7290111936296,false,פלמוליב ארומה סנסייש,,,פלמוליב ארומה סנסייש,מיליליטרים,750.00,"100 מ""ל",false,,19.90,0.0265,true,1,114322
7290111938481,false,מאסטר שף רוטב סויה ב,,,מאסטר שף רוטב סויה ב,מיליליטרים,300.00,"100 מ""ל",false,,8.90,0.0297,true,1,119071
7290111938498,false,מאסטר שף רוטב סויה ב,,,מאסטר שף רוטב סויה ב,מיליליטרים,700.00,"100 מ""ל",false,,12.90,0.0184,true,1,118141
7290111939174,false,קוקי ניילון נצמד עם,,,קוקי ניילון נצמד עם,יחידה,0.00,יחידה,false,,9.90,0.0000,true,1,118072
7290112000385,false,דטול תרסיס למטבח 750,,,דטול תרסיס למטבח 750,יחידה,0.00,יחידה,false,,14.90,0.0000,true,1,111457
7290112000392,false,דטול תרסיס לאמבטיה 7,,,דטול תרסיס לאמבטיה 7,יחידה,0.00,יחידה,false,,14.90,0.0000,true,1,111458
7290112000408,false,דטול תרסיס לניקוי כל,,,דטול תרסיס לניקוי כל,מיליליטרים,750.00,"100 מ""ל",false,,14.90,0.0199,true,1,111459
7290112000736,false,פיניש 80 טבליות,פיניש,,פיניש 80 טבליות,יחידה,0.00,יחידה,false,,59.90,0.0000,true,1,110231
7290112001023,false,אירוויק מילוי אוטומט,איירוויק,,אירוויק מילוי אוטומט,יחידה,0.00,יחידה,false,,14.90,0.0000,true,1,111888
7290112001436,false,פיניש מנקה מדיח בניח,פיניש,,פיניש מנקה מדיח בניח,יחידה,0.00,יחידה,false,,14.90,0.0000,true,1,117772
7290112001887,false,מפזר אדים אוטומטי בנ,איירוויק,,מפזר אדים אוטומטי בנ,יחידה,0.00,יחידה,false,,49.90,0.0000,true,1,114670
7290112001917,false,פיניש ג'ל 1 ליטר בני,פיניש,,פיניש ג'ל 1 ליטר בני,ליטרים,1.00,ליטר,false,,39.90,39.9000,true,1,116945
7290112002129,false,קולון ג'ל כביסה 2.5,קולון,,קולון ג'ל כביסה 2.5,ליטרים,2.50,ליטר,false,,24.90,9.9600,true,1,116509
7290112002136,false,קולון ג'ל כביסה 4 לי,קולון,,קולון ג'ל כביסה 4 לי,ליטרים,4.00,ליטר,false,,34.90,8.7250,true,1,116502
7290112002143,false,קולון ג'ל כביסה 4 לי,קולון,,קולון ג'ל כביסה 4 לי,ליטרים,4.00,ליטר,false,,34.90,8.7250,true,1,116503
7290112002150,false,קולון ג'ל כביסה 4 לי,קולון,,קולון ג'ל כביסה 4 לי,ליטרים,4.00,ליטר,false,,34.90,8.7250,true,1,116500
7290112002174,false,אירוויק ג'ל בניחוח ל,איירוויק,,אירוויק ג'ל בניחוח ל,גרמים,180.00,100 גרם,false,,14.90,0.0828,true,1,116615
7290112002181,false,איירוויק ג'ל מוצק בנ,איירוויק,,איירוויק ג'ל מוצק בנ,גרמים,180.00,100 גרם,false,,14.90,0.0828,true,1,116616
7290112003140,false,אירוויק פרשמטיק מילו,איירוויק,,אירוויק פרשמטיק מילו,מיליליטרים,250.00,"100 מ""ל",false,,14.90,0.0596,true,1,119978
7290112003256,false,קולון אבקת כביסה לבנ,קולון,,קולון אבקת כביסה לבנ,קילוגרמים,1.25,"ק""ג",false,,11.90,9.5200,false,1,120829
7290112003959,false,וניש מסיר כתמים אבקה,,,וניש מסיר כתמים אבקה,גרמים,470.00,100 גרם,false,,16.90,0.0360,true,1,126933
7290112003966,false,וניש מסיר כתמים אבקה,,,וניש מסיר כתמים אבקה,גרמים,470.00,100 גרם,false,,16.90,0.0360,true,1,126783
7290112004031,false,"וניש גולד ג'ל 940 מ""",,,"וניש גולד ג'ל 940 מ""",מיליליטרים,940.00,"100 מ""ל",false,,19.90,0.0212,true,1,186876
7290112004192,false,פיניש טבליות למדיח א,פיניש,,פיניש טבליות למדיח א,יחידה,0.00,יחידה,false,,54.90,0.0000,true,1,186174
7290112004208,false,פיניש טבליות למדיח ל,פיניש,,פיניש טבליות למדיח ל,יחידה,0.00,יחידה,false,,39.90,0.0000,true,1,186175
7290112004413,false,וניש ספריי הסרת כתמי,,,וניש ספריי הסרת כתמי,מיליליטרים,750.00,"100 מ""ל",false,,16.90,0.0225,true,1,188747
7290112004963,false,פיניש אולטימייט 25 ט,פיניש,,פיניש אולטימייט 25 ט,יחידה,0.00,יחידה,false,,39.90,0.0000,true,1,190041
7290112004970,false,פיניש אולטימייט 50 י,פיניש,,פיניש אולטימייט 50 י,יחידה,0.00,יחידה,false,,54.90,0.0000,true,1,190002
7290112004994,false,איירוויק מילוי אוטומ,איירוויק,,איירוויק מילוי אוטומ,מיליליטרים,250.00,"100 מ""ל",false,,14.90,0.0596,true,1,189232
7290112005052,false,וניש אבקה לכביסה לבנ,,,וניש אבקה לכביסה לבנ,גרמים,1500.00,100 גרם,false,,39.90,0.0266,true,1,189653
7290112005076,false,וניש אבקה לכביסה צבע,,,וניש אבקה לכביסה צבע,גרמים,480.00,100 גרם,false,,16.90,0.0352,true,1,189730
7290112005083,false,וניש אבקה לכביסה צבע,,,וניש אבקה לכביסה צבע,גרמים,1500.00,100 גרם,false,,39.90,0.0266,true,1,189728
7290112005168,false,פיניש קוואנטום לימון,פיניש,,פיניש קוואנטום לימון,יחידה,0.00,יחידה,false,,59.90,0.0000,true,1,189856
7290112192561,false,פרדונטקס משחה הגנה מ,,,פרדונטקס משחה הגנה מ,מיליליטרים,75.00,"100 מ""ל",false,,34.90,0.4653,true,1,116718
7290112192578,false,פרדונטקס משחת שיניים,,,פרדונטקס משחת שיניים,מיליליטרים,75.00,"100 מ""ל",false,,34.90,0.4653,true,1,116719
7290112192875,false,משחת שיניים סנסודיין,סנסודיין,,משחת שיניים סנסודיין,יחידה,0.00,יחידה,false,,34.90,0.0000,true,1,117748
7290112192882,false,משחת שיניים סנסודיין,סנסודיין,,משחת שיניים סנסודיין,יחידה,0.00,יחידה,false,,34.90,0.0000,true,1,117749
7290112330352,false,דנונה פרו 20 גר וניל,,,דנונה פרו 20 גר וניל,גרמים,200.00,100 גרם,false,,5.90,0.0295,false,1,114449
7290112330390,false,דנונה פרו 20 גר פירו,,,דנונה פרו 20 גר פירו,גרמים,200.00,100 גרם,false,,5.90,0.0295,false,1,114446
7290112332585,false,"פריכיות תפו""א אורז ב",,,"פריכיות תפו""א אורז ב",גרמים,30.00,100 גרם,false,,5.50,0.1833,true,1,114614
7290112332691,false,עוגיית קרם פסק זמן א,,,עוגיית קרם פסק זמן א,גרמים,200.00,100 גרם,false,,11.50,0.0575,true,1,115384
7290112332875,false,מאסט קוביות מנטה עדי,,,מאסט קוביות מנטה עדי,גרמים,86.00,100 גרם,false,,14.90,0.1733,true,1,114488
7290112332899,false,בזוקה פופים קלאסי,,,בזוקה פופים קלאסי,גרמים,58.00,100 גרם,false,,9.90,0.1707,true,1,114616
7290112334749,false,קפה טורקי עלית 200 ג,,,קפה טורקי עלית 200 ג,גרמים,220.00,100 גרם,false,,14.90,0.0677,false,1,115877
7290112335050,false,מרשמלו וניל 150 גר',,,מרשמלו וניל 150 גר',גרמים,150.00,100 גרם,false,,6.40,0.0427,false,1,113710
7290112335111,false,מאסט קוביות בטעם בזו,,,מאסט קוביות בטעם בזו,גרמים,86.00,100 גרם,false,,14.90,0.1733,true,1,114489
7290112335487,false,הפריכיות הטעימות קצח,,,הפריכיות הטעימות קצח,גרמים,135.00,100 גרם,false,,12.90,0.0956,true,1,114483
7290112335494,false,הפריכיות הטעימות פוט,,,הפריכיות הטעימות פוט,גרמים,135.00,100 גרם,false,,12.90,0.0956,true,1,114484
7290112335500,false,הפריכיות הטעימות חלב,,,הפריכיות הטעימות חלב,גרמים,135.00,100 גרם,false,,12.90,0.0956,true,1,114485
7290112336613,false,עד חצות סנדוויץ,,,עד חצות סנדוויץ,גרמים,135.00,100 גרם,false,,10.90,0.0807,true,1,117420
7290112336637,false,סוכריות יוגורט תות א,עלית,,סוכריות יוגורט תות א,גרמים,80.00,100 גרם,false,,8.50,0.1063,false,1,116329
7290112336644,false,סוכריות לימון ללא סו,עלית,,סוכריות לימון ללא סו,גרמים,80.00,100 גרם,false,,8.50,0.1063,false,1,116330
7290112336651,false,סוכריות ריבת חלב ללא,עלית,,סוכריות ריבת חלב ללא,גרמים,80.00,100 גרם,false,,8.50,0.1063,false,1,116331
7290112336712,false,דנונה פרו 21 0%,,,דנונה פרו 21 0%,גרמים,200.00,100 גרם,false,,5.90,0.0295,false,1,113504
7290112337474,false,סוכריות פטל לימון לל,עלית,,סוכריות פטל לימון לל,גרמים,80.00,100 גרם,false,,8.50,0.1063,false,1,116332
7290112337481,false,סוכריות קפוצ'ינו ללא,עלית,,סוכריות קפוצ'ינו ללא,גרמים,80.00,100 גרם,false,,8.50,0.1063,false,1,116333
7290112339362,false,דנונה לייט אנד פריי,,,דנונה לייט אנד פריי,גרמים,150.00,100 גרם,false,,4.60,0.0307,true,1,116809
7290112339867,false,גמדים סקוויז בודד תו,,,גמדים סקוויז בודד תו,גרמים,100.00,100 גרם,false,,5.70,0.0570,true,1,113083
7290112339874,false,גמדים סקוויז בודד תו,,,גמדים סקוויז בודד תו,גרמים,100.00,100 גרם,false,,5.70,0.0570,true,1,113084
7290112340122,false,הפריכיות הטעימות 3 ד,,,הפריכיות הטעימות 3 ד,גרמים,135.00,100 גרם,false,,12.90,0.0956,true,1,114487
7290112340252,false,צנצנת מאסט בטעם אבטי,,,צנצנת מאסט בטעם אבטי,גרמים,66.00,100 גרם,false,,9.90,0.1500,true,1,113972
7290112340276,false,עוגיות קרם קפה נמס,,,עוגיות קרם קפה נמס,גרמים,200.00,100 גרם,false,,11.50,0.0575,true,1,115385
7290112340900,false,קפה טורקי האג,,,קפה טורקי האג,גרמים,200.00,100 גרם,false,,25.90,0.1295,true,1,121509
7290112341679,false,אקטיביה 3%,,,אקטיביה 3%,גרמים,200.00,100 גרם,false,,3.80,0.0190,true,1,116312
7290112341686,false,מארז אקטיביה 3%,,,מארז אקטיביה 3%,גרמים,1200.00,100 גרם,false,,19.90,0.0166,true,1,116313
7290112342102,false,סימפוניה בצל מקורמל,,,סימפוניה בצל מקורמל,גרמים,200.00,100 גרם,false,,11.20,0.0560,true,1,117737
7290112342515,false,דוריטוס צ'יזי טוויסט,עלית,,דוריטוס צ'יזי טוויסט,גרמים,55.00,100 גרם,false,,2.90,0.0527,true,1,117760
7290112343260,false,רוטב שמנת קלאסי 260,יטבתה,,רוטב שמנת קלאסי 260,גרמים,260.00,100 גרם,false,,10.50,0.0404,true,1,117438
7290112343420,false,יטבתה פרו ארוחת בוקר,,,יטבתה פרו ארוחת בוקר,מיליליטרים,350.00,"100 מ""ל",false,,7.40,0.0211,true,1,117435
7290112343499,false,צ'יטוס 55 גר' puffs,עלית,,צ'יטוס 55 גר' puffs,גרמים,55.00,100 גרם,false,,3.40,0.0618,true,1,186006
7290112343512,false,צ'יטוס 160 גר' puffs,עלית,,צ'יטוס 160 גר' puffs,גרמים,160.00,100 גרם,false,,7.90,0.0494,true,1,186007
7290112344564,false,רביולי גבינה 400 גר',,,רביולי גבינה 400 גר',גרמים,400.00,100 גרם,false,,19.90,0.0497,true,1,116572
7290112344724,false,מילקי בטעם שוקולד בל,,,מילקי בטעם שוקולד בל,גרמים,133.00,100 גרם,false,,3.30,0.0248,true,1,117426
7290112344755,false,מילקי מופחת סוכר,,,מילקי מופחת סוכר,גרמים,135.00,100 גרם,false,,2.80,0.0207,false,1,123123
7290112344786,false,פלטינום קלאסיק 200 ג,עלית,,פלטינום קלאסיק 200 ג,גרמים,200.00,100 גרם,false,,24.90,0.1245,false,1,118388
7290112344953,false,סימפוניה חציל קלוי,,,סימפוניה חציל קלוי,גרמים,200.00,100 גרם,false,,11.20,0.0560,true,1,124028
7290112344991,false,דנונה לייט אנד פריי,,,דנונה לייט אנד פריי,גרמים,150.00,100 גרם,false,,4.60,0.0307,true,1,116811
7290112346506,false,דנונה לייט אנד פריי,,,דנונה לייט אנד פריי,גרמים,150.00,100 גרם,false,,4.60,0.0307,true,1,116812
7290112346537,false,פינוקיות בטעם טורטית,,,פינוקיות בטעם טורטית,גרמים,200.00,100 גרם,false,,11.50,0.0575,true,1,117424
7290112346629,false,דנונה קראנצ עם קורנפ,שטראוס דנונה,,דנונה קראנצ עם קורנפ,גרמים,172.00,100 גרם,false,,4.60,0.0267,false,1,120101
7290112346773,false,דנונה לייט אנד פריי,,,דנונה לייט אנד פריי,גרמים,150.00,100 גרם,false,,4.60,0.0307,true,1,123765
7290112346797,false,אקטיביה שיבולת שועל,,,אקטיביה שיבולת שועל,גרמים,150.00,100 גרם,false,,4.60,0.0307,true,1,119174
7290112347008,false,גמדים ארוחת בוקר תות,,,גמדים ארוחת בוקר תות,גרמים,100.00,100 גרם,false,,5.70,0.0570,true,1,117429
7290112347237,false,סקי בטעם לימון,שטראוס,,סקי בטעם לימון,גרמים,125.00,100 גרם,false,,3.70,0.0296,false,1,189540
7290112347473,false,מארז לייט אנד פריי ת,,,מארז לייט אנד פריי ת,גרמים,1200.00,100 גרם,false,,27.50,0.0229,true,1,116813
7290112348142,false,שעועית לבנה טעם הטבע,,,שעועית לבנה טעם הטבע,גרמים,230.00,100 גרם,false,,6.50,0.0283,true,1,119788
7290112349446,false,ספלנדיד רביעיית שוקו,,,ספלנדיד רביעיית שוקו,גרמים,360.00,100 גרם,false,,12.90,0.0358,true,1,120254
7290112349606,false,דניאלה תות בננה,,,דניאלה תות בננה,גרמים,88.00,100 גרם,false,,4.10,0.0466,true,1,187236
7290112349705,false,פומודורו רוטב עגבניו,,,פומודורו רוטב עגבניו,גרמים,350.00,100 גרם,false,,11.90,0.0340,true,1,117815
7290112349736,false,בזיליקום רוטב עגבניו,,,בזיליקום רוטב עגבניו,גרמים,350.00,100 גרם,false,,11.90,0.0340,true,1,117816
7290112349750,false,רוטב עגבניות לפיצה,,,רוטב עגבניות לפיצה,גרמים,350.00,100 גרם,false,,11.90,0.0340,true,1,117818
7290112349897,false,מאסט קוביות מנטה,,,מאסט קוביות מנטה,גרמים,86.00,100 גרם,false,,14.90,0.1733,true,1,119262
7290112349903,false,רוטב שמנת עם גרגירי,יטבתה,,רוטב שמנת עם גרגירי,מיליליטרים,260.00,"100 מ""ל",false,,10.50,0.0404,true,1,188700
7290112350312,false,קפסולות 15 למכונות נ,,,קפסולות 15 למכונות נ,גרמים,50.00,100 גרם,false,,16.90,0.3380,false,1,121212
7290112350589,false,אבקת צ'יקו 65 גר,,,אבקת צ'יקו 65 גר,גרמים,65.00,100 גרם,false,,11.50,0.1769,false,1,121646
7290112351067,false,סילאן טבעי לחיץ 630,,,סילאן טבעי לחיץ 630,גרמים,630.00,100 גרם,false,,25.90,0.0411,true,1,119263
7290112351258,false,פינוקיות שחור לבן,,,פינוקיות שחור לבן,גרמים,200.00,100 גרם,false,,11.50,0.0575,true,1,121210
7290112351463,false,סוכריות FRESH פטל לי,,,סוכריות FRESH פטל לי,גרמים,45.00,100 גרם,false,,9.50,0.2111,true,1,120248
7290112351470,false,סוכריות FRESH בטעם ר,,,סוכריות FRESH בטעם ר,גרמים,45.00,100 גרם,false,,9.50,0.2111,true,1,120249
7290112351524,false,עלי סלנובה 200 גר  ש,,,עלי סלנובה 200 גר  ש,גרמים,200.00,100 גרם,false,,10.90,0.0545,true,1,121188
7290112352613,false,רבע לשבע בלונדי,,,רבע לשבע בלונדי,גרמים,120.00,100 גרם,false,,12.00,0.1000,true,1,123159
7290112353412,false,פריכיות משולשות-תפוא,,,פריכיות משולשות-תפוא,גרמים,30.00,100 גרם,false,,5.50,0.1833,true,1,121211
7290112353887,false,משקה קפה קר בטעם אגו,,,משקה קפה קר בטעם אגו,מיליליטרים,230.00,"100 מ""ל",false,,7.50,0.0326,true,1,120633
7290112354174,false,פסטה רוזה דלישס,,,פסטה רוזה דלישס,גרמים,280.00,100 גרם,false,,19.90,0.0711,true,1,186185
7290112354204,false,ספגטי עגבניות דלישס,,,ספגטי עגבניות דלישס,גרמים,280.00,100 גרם,false,,19.90,0.0711,true,1,186187
7290112354211,false,פיצה מרגריטה דלישס,,,פיצה מרגריטה דלישס,גרמים,400.00,100 גרם,false,,22.90,0.0572,true,1,185995
7290112354228,false,פיצה מרגריטה עם זיתי,,,פיצה מרגריטה עם זיתי,גרמים,400.00,100 גרם,false,,22.90,0.0572,true,1,185996
7290112355027,false,דנונה פרו 20 גר קרמל,,,דנונה פרו 20 גר קרמל,מיליליטרים,200.00,"100 מ""ל",false,,5.90,0.0295,false,1,123125
7290112355102,false,גמדים פאו'ץ סלט פירו,,,גמדים פאו'ץ סלט פירו,גרמים,100.00,100 גרם,false,,5.70,0.0570,true,1,123807
7290112355263,false,רוטב שמנת עם שוקולד,יטבתה,,רוטב שמנת עם שוקולד,מיליליטרים,260.00,"100 מ""ל",false,,10.50,0.0404,true,1,188701
7290112355775,false,סימפוניה עירית 5%,שטראוס,,סימפוניה עירית 5%,גרמים,200.00,100 גרם,false,,11.20,0.0560,false,1,189818
7290112355881,false,דנונה לייט אנד פריי,,,דנונה לייט אנד פריי,גרמים,150.00,100 גרם,false,,4.60,0.0307,true,1,123767
7290112355898,false,דנונה לייט אנד פרי ב,,,דנונה לייט אנד פרי ב,גרמים,150.00,100 גרם,false,,4.60,0.0307,true,1,125144
7290112356536,false,קקאו 150 גרם+10%,עלית,,קקאו 150 גרם+10%,גרמים,165.00,100 גרם,false,,10.50,0.0636,true,1,120646
7290112357045,false,עגבניות איטלקיות מרו,,,עגבניות איטלקיות מרו,גרמים,390.00,100 גרם,false,,6.50,0.0167,true,1,119792
7290112357069,false,מחית עגבניות איטלקיו,,,מחית עגבניות איטלקיו,גרמים,500.00,100 גרם,false,,6.90,0.0138,true,1,119793
7290112357083,false,אפונת גינה טעם הטבע,,,אפונת גינה טעם הטבע,גרמים,250.00,100 גרם,false,,6.50,0.0260,true,1,119789
7290112357106,false,שעועית אדומה טעם הטב,,,שעועית אדומה טעם הטב,גרמים,230.00,100 גרם,false,,6.50,0.0283,true,1,119794
7290112357113,false,גרגרי חומוס טעם הטבע,,,גרגרי חומוס טעם הטבע,גרמים,230.00,100 גרם,false,,6.50,0.0283,true,1,119790
7290112357892,false,סוכריות FRESH מנטה,,,סוכריות FRESH מנטה,גרמים,45.00,100 גרם,false,,9.50,0.2111,true,1,120250
7290112358004,false,פסק זמן קראנץ',,,פסק זמן קראנץ',גרמים,32.00,100 גרם,false,,5.00,0.1563,false,1,122535
7290112358127,false,דנונה פרו עם מגנזיום,,,דנונה פרו עם מגנזיום,גרמים,200.00,100 גרם,false,,6.20,0.0310,false,1,122613
7290112358219,false,רוטב צ'ילי מתוק 300,,,רוטב צ'ילי מתוק 300,גרמים,300.00,100 גרם,false,,13.90,0.0463,true,1,120643
7290112358233,false,רוטב צילי חריף,,,רוטב צילי חריף,גרמים,300.00,100 גרם,false,,13.90,0.0463,true,1,121214
7290112358240,false,רוטב גריל,יד מרדכי,,רוטב גריל,גרמים,300.00,100 גרם,false,,13.90,0.0463,true,1,119593
7290112358431,false,עד חצות דאבל 200 גרם,עלית,,עד חצות דאבל 200 גרם,גרמים,200.00,100 גרם,false,,13.90,0.0695,false,1,125105
7290112359070,false,"סום משקה שומשום לל""ס",,,"סום משקה שומשום לל""ס",ליטרים,1.00,ליטר,false,,10.90,10.9000,true,1,124728
7290112359087,false,סום משקה שומשום בטעם,,,סום משקה שומשום בטעם,ליטרים,1.00,ליטר,false,,10.90,10.9000,true,1,124729
7290112359353,false,קפה טורקי אלדין 200,עלית,,קפה טורקי אלדין 200,גרמים,200.00,100 גרם,false,,18.90,0.0945,false,1,189543
7290112415400,false,עוגיות אלפחורס,קפולסקי,,עוגיות אלפחורס,גרמים,280.00,100 גרם,false,,29.90,0.1068,true,1,119350
7290112482129,false,נר נשמה שבועי בפלסטי,,,נר נשמה שבועי בפלסטי,יחידה,0.00,יחידה,false,,9.90,0.0000,true,1,126411
7290112486455,false,צלחת קטנה אלגנט 20 י,,,צלחת קטנה אלגנט 20 י,יחידה,0.00,יחידה,false,,7.90,0.0000,true,1,190025
7290112486462,false,צלחת גדולה אלגנט 20,,,צלחת גדולה אלגנט 20,יחידה,0.00,יחידה,false,,12.90,0.0000,true,1,190024
7290112486479,false,צלחת ענק אלגנט 20 יח,,,צלחת ענק אלגנט 20 יח,יחידה,0.00,יחידה,false,,19.90,0.0000,true,1,190122
7290112490117,false,קליק טבלה וופל ואגוז,קליק,,קליק טבלה וופל ואגוז,גרמים,85.00,100 גרם,false,,6.50,0.0765,false,1,111083
7290112490209,false,נמס בכוס עגבניות קרו,קנור,,נמס בכוס עגבניות קרו,גרמים,56.00,100 גרם,false,,7.00,0.1250,true,1,110977
7290112490216,false,נמס בכוס טעם עוף קרט,קנור,,נמס בכוס טעם עוף קרט,גרמים,48.00,100 גרם,false,,7.00,0.1458,true,1,110978
7290112490230,false,נמס בכוס אפונה רכיבי,קנור,,נמס בכוס אפונה רכיבי,גרמים,50.00,100 גרם,false,,7.00,0.1400,true,1,110979
7290112490582,false,חרדל דיז'ון צרפתי,הלמנ'ס,,חרדל דיז'ון צרפתי,גרמים,350.00,100 גרם,false,,13.90,0.0397,true,1,111000
7290112490599,false,חרדל צרפתי עם גרגירי,הלמנ'ס,,חרדל צרפתי עם גרגירי,גרמים,350.00,100 גרם,false,,13.90,0.0397,true,1,111001
7290112490650,false,קונפיטורת תות שדה 77,,,קונפיטורת תות שדה 77,גרמים,340.00,100 גרם,false,,14.40,0.0424,true,1,111079
7290112490667,false,קונפיטורת משמשים 778,,,קונפיטורת משמשים 778,גרמים,340.00,100 גרם,false,,14.40,0.0424,true,1,111080
7290112490674,false,קונפיטורת דובדבנים,,,קונפיטורת דובדבנים,גרמים,340.00,100 גרם,false,,14.40,0.0424,true,1,111081
7290112490698,false,קונפיטורת תות לייט 7,,,קונפיטורת תות לייט 7,גרמים,260.00,100 גרם,false,,15.90,0.0612,true,1,112605
7290112490728,false,מרק היום ירקות בורגו,קנור,,מרק היום ירקות בורגו,גרמים,95.00,100 גרם,false,,12.90,0.1358,true,1,111812
7290112490735,false,מרק היום עגבניות ופס,קנור,,מרק היום עגבניות ופס,גרמים,105.00,100 גרם,false,,12.90,0.1229,true,1,111776
7290112490742,false,מרק עשיר פטריות גריס,קנור,,מרק עשיר פטריות גריס,גרמים,104.00,100 גרם,false,,12.90,0.1240,true,1,111466
7290112490759,false,מרק היום עוף אטריות,קנור,,מרק היום עוף אטריות,גרמים,74.00,100 גרם,false,,12.90,0.1743,true,1,111777
7290112490827,false,בדין תרסיס למייבש בי,בדין,,בדין תרסיס למייבש בי,מיליליטרים,500.00,"100 מ""ל",false,,19.00,0.0380,true,1,111440
7290112490896,false,רוטב צ'ילי חריף קנור,קנור,,רוטב צ'ילי חריף קנור,גרמים,370.00,100 גרם,false,,12.50,0.0338,true,1,112252
7290112491558,false,מאגדת שוקולד שישייה,ורד הגליל,,מאגדת שוקולד שישייה,גרמים,600.00,100 גרם,false,,21.90,0.0365,true,1,113617
7290112491695,false,קונפיטורה משמש לייט,778,,קונפיטורה משמש לייט,גרמים,260.00,100 גרם,false,,15.90,0.0612,true,1,125543
7290112491701,false,ברנפלקס אקסטרה פייבר,תלמה,,ברנפלקס אקסטרה פייבר,גרמים,375.00,100 גרם,false,,21.90,0.0584,false,1,113976
7290112491770,false,בייגלה דקים דקים מלח,בייגל בייגל,,בייגלה דקים דקים מלח,גרמים,300.00,100 גרם,false,,7.90,0.0263,true,1,112722
7290112491787,false,בייגלה דקים דקים שומ,בייגל בייגל,,בייגלה דקים דקים שומ,גרמים,300.00,100 גרם,false,,7.90,0.0263,true,1,112723
7290112491794,false,בייגלה דקים דקים שמנ,בייגל בייגל,,בייגלה דקים דקים שמנ,גרמים,300.00,100 גרם,false,,7.90,0.0263,true,1,112724
7290112492449,false,פינוק שמפו לשיער רגי,פינוק,,פינוק שמפו לשיער רגי,מיליליטרים,700.00,"100 מ""ל",false,,11.90,0.0170,false,1,119444
7290112492456,false,פינוק שמפו שיער יבש,פינוק,,פינוק שמפו שיער יבש,מיליליטרים,700.00,"100 מ""ל",false,,11.90,0.0170,false,1,119446
7290112492463,false,שמפו פינוק 2-ב-1 רגי,פינוק,,שמפו פינוק 2-ב-1 רגי,מיליליטרים,700.00,"100 מ""ל",false,,11.90,0.0170,false,1,120133
7290112492470,false,פינוק 2-ב-1 יבש 700,פינוק,,פינוק 2-ב-1 יבש 700,מיליליטרים,700.00,"100 מ""ל",false,,11.90,0.0170,false,1,123653
7290112492487,false,פינוק שמפו שמן מרוקא,פינוק,,פינוק שמפו שמן מרוקא,מיליליטרים,700.00,"100 מ""ל",false,,11.90,0.0170,false,1,119251
7290112492500,false,שמפו פינוק שמן קוקוס,פינוק,,שמפו פינוק שמן קוקוס,מיליליטרים,700.00,"100 מ""ל",false,,11.90,0.0170,false,1,119460
7290112492531,false,פינוק מרכך לשיער רגי,פינוק,,פינוק מרכך לשיער רגי,מיליליטרים,700.00,"100 מ""ל",false,,11.90,0.0170,false,1,117192
7290112492548,false,פינוק מרכך לשיער יבש,פינוק,,פינוק מרכך לשיער יבש,מיליליטרים,700.00,"100 מ""ל",false,,11.90,0.0170,false,1,117193
7290112492593,false,פינוק תחליב רחצה קלא,פינוק,,פינוק תחליב רחצה קלא,מיליליטרים,700.00,"100 מ""ל",false,,11.90,0.0170,false,1,117186
7290112492609,false,פינוק תחליב רחצה לבנ,פינוק,,פינוק תחליב רחצה לבנ,מיליליטרים,700.00,"100 מ""ל",false,,11.90,0.0170,false,1,117187
7290112492630,false,פינוק 3 ב-1 לגבר 700,פינוק,,פינוק 3 ב-1 לגבר 700,מיליליטרים,700.00,"100 מ""ל",false,,11.90,0.0170,false,1,117197
7290112492647,false,פינוק לגבר 3-ב-1 ספו,פינוק,,פינוק לגבר 3-ב-1 ספו,מיליליטרים,700.00,"100 מ""ל",false,,11.90,0.0170,false,1,124207
7290112492715,false,פינוק שמפו ללא דמעות,פינוק,,פינוק שמפו ללא דמעות,מיליליטרים,700.00,"100 מ""ל",false,,12.90,0.0184,true,1,120332
7290112492753,false,פינוק אל סבון לילדים,פינוק,,פינוק אל סבון לילדים,מיליליטרים,700.00,"100 מ""ל",false,,12.90,0.0184,true,1,120724
7290112492821,false,סיף מגבוני ניקוי כלל,סיף פנטסטיק,,סיף מגבוני ניקוי כלל,יחידה,0.00,יחידה,false,,10.90,0.0000,true,1,113561
7290112492838,false,סיף מגבוני ניקוי 50,סיף פנטסטיק,,סיף מגבוני ניקוי 50,יחידה,0.00,יחידה,false,,10.90,0.0000,true,1,113562
7290112492982,false,קנור מרק פטריות רכיב,קנור,,קנור מרק פטריות רכיב,גרמים,400.00,100 גרם,false,,19.90,0.0497,false,1,117160
7290112492999,false,מרק טעם עוף קנור 400,קנור,,מרק טעם עוף קנור 400,גרמים,400.00,100 גרם,false,,13.90,0.0348,false,1,117161
7290112493064,false,קנור רוטב שזיפים 320,קנור,,קנור רוטב שזיפים 320,גרמים,320.00,100 גרם,false,,13.90,0.0434,true,1,117158
7290112493088,false,קנור מרק נמס בכוס עד,קנור,,קנור מרק נמס בכוס עד,גרמים,54.00,100 גרם,false,,7.00,0.1296,false,1,116010
7290112493095,false,קנור מרק נמס בכוס עג,קנור,,קנור מרק נמס בכוס עג,גרמים,85.00,100 גרם,false,,7.00,0.0824,false,1,115650
7290112493293,false,קנור מרק נמס בכוס יר,קנור,,קנור מרק נמס בכוס יר,גרמים,0.00,100 גרם,false,,7.00,0.0000,false,1,115651
7290112493316,false,מרק היום אפונה 100%,קנור,,מרק היום אפונה 100%,גרמים,117.00,100 גרם,false,,12.90,0.1103,true,1,116009
7290112493927,false,גלידה קרמיסימו ריבת,קרמיסימו- שטראוס,,גלידה קרמיסימו ריבת,ליטרים,1.33,ליטר,false,,22.90,17.2180,false,1,117202
7290112493934,false,גלידה קרמיסימו וניל,קרמיסימו- שטראוס,,גלידה קרמיסימו וניל,ליטרים,1.33,ליטר,false,,22.90,17.2180,false,1,117203
7290112493965,false,גלידה קרמיסימו מסטיג,קרמיסימו- שטראוס,,גלידה קרמיסימו מסטיג,ליטרים,1.33,ליטר,false,,22.90,17.2180,false,1,117204
7290112494016,false,מיונז מופחת שומן 500,תלמה,,מיונז מופחת שומן 500,גרמים,500.00,100 גרם,false,,10.00,0.0200,false,1,115422
7290112494153,false,קנור תיבולית בניחוח,קנור,,קנור תיבולית בניחוח,גרמים,72.00,100 גרם,false,,10.00,0.1389,true,1,117889
7290112494221,false,קליק ביסקויט,קליק,,קליק ביסקויט,גרמים,65.00,100 גרם,false,,7.00,0.1077,false,1,116875
7290112494238,false,קליק כדורים 65 גר',קליק,,קליק כדורים 65 גר',גרמים,65.00,100 גרם,false,,7.00,0.1077,false,1,116876
7290112494276,false,קליק כריות,קליק,,קליק כריות,גרמים,65.00,100 גרם,false,,7.00,0.1077,false,1,116878
7290112494283,false,קליק חום לבן,קליק,,קליק חום לבן,גרמים,65.00,100 גרם,false,,7.00,0.1077,false,1,116879
7290112494313,false,קליק קורנפלקס,קליק,,קליק קורנפלקס,גרמים,65.00,100 גרם,false,,7.00,0.1077,false,1,116881
7290112494351,false,קורנפלקס אלופים 850,תלמה,,קורנפלקס אלופים 850,גרמים,850.00,100 גרם,false,,18.90,0.0222,false,1,118885
7290112494382,false,קנור פירה ביתי 260 ג,קנור,,קנור פירה ביתי 260 ג,גרמים,260.00,100 גרם,false,,13.90,0.0535,true,1,117396
7290112494795,false,בדין ג'ל לכביסה כחול,בדין,,בדין ג'ל לכביסה כחול,ליטרים,2.50,ליטר,false,,27.90,11.1600,true,1,116988
7290112494801,false,בדין ג'ל לכביסה וורו,בדין,,בדין ג'ל לכביסה וורו,ליטרים,2.50,ליטר,false,,27.90,11.1600,true,1,116989
7290112494818,false,בדין ג'ל כביסה בייבי,בדין,,בדין ג'ל כביסה בייבי,ליטרים,2.50,ליטר,false,,27.90,11.1600,true,1,116990
7290112494832,false,דאב תרחיץ פנים לעור,דאב,,דאב תרחיץ פנים לעור,מיליליטרים,180.00,"100 מ""ל",false,,12.90,0.0717,true,1,122034
7290112494993,false,כריות וניל תלמה 686,תלמה,,כריות וניל תלמה 686,גרמים,686.00,100 גרם,false,,24.90,0.0363,false,1,116861
7290112495006,false,כריות נוגט תלמה 686,תלמה,,כריות נוגט תלמה 686,גרמים,686.00,100 גרם,false,,24.90,0.0363,false,1,116863
7290112495020,false,כריות צ'וקולדה תלמה,תלמה,,כריות צ'וקולדה תלמה,גרמים,686.00,100 גרם,false,,24.90,0.0363,false,1,116864
7290112495037,false,קוקומן כדורים תלמה ב,תלמה,,קוקומן כדורים תלמה ב,גרמים,375.00,100 גרם,false,,19.90,0.0531,false,1,116971
7290112495044,false,קוקומן  פצפוצים תלמה,תלמה,,קוקומן  פצפוצים תלמה,גרמים,375.00,100 גרם,false,,19.90,0.0531,false,1,116970
7290112495105,false,נשנושים שמנת בצל,בייגל בייגל,,נשנושים שמנת בצל,גרמים,260.00,100 גרם,false,,13.50,0.0519,false,1,116871
7290112495112,false,נשנושים זעתר,בייגל בייגל,,נשנושים זעתר,גרמים,260.00,100 גרם,false,,13.50,0.0519,false,1,116872
7290112495143,false,נשנושי קרקר קוקטייל,בייגל בייגל,,נשנושי קרקר קוקטייל,גרמים,300.00,100 גרם,false,,14.90,0.0497,true,1,116866
7290112495167,false,נשנושי קרקר משולשי ש,בייגל בייגל,,נשנושי קרקר משולשי ש,גרמים,300.00,100 גרם,false,,14.90,0.0497,true,1,116868
7290112495174,false,נשנושי קרקר קוקטייל,בייגל בייגל,,נשנושי קרקר קוקטייל,גרמים,300.00,100 גרם,false,,14.90,0.0497,true,1,116869
7290112495228,false,קורנפלקס דבש 448 גר',תלמה,,קורנפלקס דבש 448 גר',גרמים,448.00,100 גרם,false,,18.90,0.0422,false,1,116865
7290112495280,false,ברנפלקס ריבועי קינמו,תלמה,,ברנפלקס ריבועי קינמו,גרמים,400.00,100 גרם,false,,19.90,0.0497,false,1,118599
7290112495433,false,דליפקאן 400 גר' תלמה,תלמה,,דליפקאן 400 גר' תלמה,גרמים,400.00,100 גרם,false,,19.90,0.0497,false,1,116005
7290112495594,false,בייגלה שמיניות גדולו,בייגל בייגל,,בייגלה שמיניות גדולו,גרמים,400.00,100 גרם,false,,12.90,0.0323,true,1,117159
7290112495662,false,קרקר חיטה מלאה עם פש,בייגל בייגל,,קרקר חיטה מלאה עם פש,גרמים,300.00,100 גרם,false,,9.90,0.0330,true,1,120194
7290112495747,false,רוטב צ'ילי מופחת סוכ,קנור,,רוטב צ'ילי מופחת סוכ,גרמים,340.00,100 גרם,false,,12.50,0.0368,true,1,118603
7290112495761,false,רוטב אלף האיים לייט,הלמנ'ס,,רוטב אלף האיים לייט,גרמים,305.00,100 גרם,false,,12.50,0.0410,true,1,118163
7290112495785,false,רוטב שום לסלט הלמנס,הלמנ'ס,,רוטב שום לסלט הלמנס,גרמים,300.00,100 גרם,false,,12.50,0.0417,true,1,118164
7290112495792,false,רוטב שום לייט לסלט ה,הלמנ'ס,,רוטב שום לייט לסלט ה,גרמים,300.00,100 גרם,false,,12.50,0.0417,true,1,118165
7290112495808,false,הלמנס רוטב לסלט חרדל,הלמנ'ס,,הלמנס רוטב לסלט חרדל,גרמים,305.00,100 גרם,false,,12.50,0.0410,true,1,119138
7290112495815,false,הלמנס רוטב סלט חרדל,הלמנ'ס,,הלמנס רוטב סלט חרדל,גרמים,305.00,100 גרם,false,,12.50,0.0410,true,1,119139
7290112495822,false,כריות בלאק 686 גר',תלמה,,כריות בלאק 686 גר',גרמים,686.00,100 גרם,false,,24.90,0.0363,false,1,117162
7290112495976,false,פתית פריכיות תירס מצ,תלמה,,פתית פריכיות תירס מצ,גרמים,35.00,100 גרם,false,,5.40,0.1543,true,1,119670
7290112496027,false,אפיכל סירופ שוקולד 5,אפיכל,,אפיכל סירופ שוקולד 5,גרמים,580.00,100 גרם,false,,12.90,0.0222,true,1,118713
7290112496034,false,סירופ מייפל 580 גר',אפיכל,,סירופ מייפל 580 גר',גרמים,580.00,100 גרם,false,,12.90,0.0222,true,1,119440
7290112496218,false,רוטב טריאקי מופחת נת,קנור,,רוטב טריאקי מופחת נת,גרמים,340.00,100 גרם,false,,12.50,0.0368,true,1,119134
7290112496270,false,"פתית צ'יפס תפו""א עם",פתית,,"פתית צ'יפס תפו""א עם",גרמים,22.00,100 גרם,false,,4.90,0.2227,true,1,120513
7290112496430,false,נמס בכוס אקסטרה עגבנ,קנור,,נמס בכוס אקסטרה עגבנ,גרמים,37.00,100 גרם,false,,4.20,0.1135,false,1,187684
7290112496447,false,נמס בכוס אקסטרה טעם,קנור,,נמס בכוס אקסטרה טעם,גרמים,27.00,100 גרם,false,,4.20,0.1556,false,1,187686
7290112496461,false,נמס בכוס אקסטרה ירקו,קנור,,נמס בכוס אקסטרה ירקו,גרמים,32.00,100 גרם,false,,4.20,0.1313,false,1,187685
7290112497000,false,סיף ניקוי כללי לימון,סיף פנטסטיק,,סיף ניקוי כללי לימון,ליטרים,1.00,ליטר,false,,9.90,9.9000,true,1,119782
7290112497239,false,כריות בטעם מרשמלו 68,תלמה,,כריות בטעם מרשמלו 68,גרמים,686.00,100 גרם,false,,24.90,0.0363,false,1,120936
7290112497505,false,וזלין תחליב גוף אלוו,וזלין,,וזלין תחליב גוף אלוו,מיליליטרים,600.00,"100 מ""ל",false,,27.90,0.0465,true,1,120516
7290112497727,false,פינוק אל סבון לתינוק,פינוק,,פינוק אל סבון לתינוק,מיליליטרים,700.00,"100 מ""ל",false,,14.90,0.0213,true,1,189885
7290112497864,false,מרק עוף רכיביים טבעי,קנור,,מרק עוף רכיביים טבעי,גרמים,400.00,100 גרם,false,,19.90,0.0497,true,1,123652
7290112497994,false,גרנולה פרוטאין בתוספ,תלמה,,גרנולה פרוטאין בתוספ,גרמים,300.00,100 גרם,false,,13.90,0.0463,true,1,125174
7290112498007,false,גרנולה פרוטאין בתוספ,תלמה,,גרנולה פרוטאין בתוספ,גרמים,300.00,100 גרם,false,,13.90,0.0463,true,1,125170
7290112498052,false,מאגדת פתית צ'יפס עם,תלמה,,מאגדת פתית צ'יפס עם,גרמים,84.00,100 גרם,false,,15.90,0.1893,true,1,125633
7290112498090,false,פינוק מרכך שמן חוחוב,פינוק,,פינוק מרכך שמן חוחוב,מיליליטרים,700.00,"100 מ""ל",false,,11.90,0.0170,false,1,122664
7290112498250,false,קורנפלקס של אלופים ת,,,קורנפלקס של אלופים ת,גרמים,410.00,100 גרם,false,,11.90,0.0290,true,1,126313
7290112498274,false,פינוק סבון ידיים נוז,,,פינוק סבון ידיים נוז,מיליליטרים,950.00,"100 מ""ל",false,,12.90,0.0136,true,1,126150
7290112498281,false,פינוק סבון ידיים נוז,,,פינוק סבון ידיים נוז,מיליליטרים,950.00,"100 מ""ל",false,,12.90,0.0136,true,1,126151
7290112498298,false,פינוק סבון ידיים נוז,,,פינוק סבון ידיים נוז,מיליליטרים,950.00,"100 מ""ל",false,,12.90,0.0136,true,1,126152
7290112498441,false,רוטב אסייתי למוקפץ ק,קנור,,רוטב אסייתי למוקפץ ק,גרמים,370.00,100 גרם,false,,12.50,0.0338,false,1,125090
7290112498748,false,מאגדת שלגונים מיני ס,שטראוס,,מאגדת שלגונים מיני ס,גרמים,350.00,100 גרם,false,,24.90,0.0711,true,1,123900
7290112498885,false,מאגדת גודי'ס תותים ו,,,מאגדת גודי'ס תותים ו,גרמים,235.00,100 גרם,false,,24.90,0.1060,true,1,124126
7290112498915,false,מאגדת מיני מגנום שקד,מגנום- שטראוס,,מאגדת מיני מגנום שקד,גרמים,250.00,100 גרם,false,,26.90,0.1076,true,1,125791
7290112498922,false,מאגדת מיני מגנום שוק,מגנום- שטראוס,,מאגדת מיני מגנום שוק,גרמים,250.00,100 גרם,false,,26.90,0.1076,true,1,125790
7290112499097,false,מיני מגנום מריר מאגד,,,מיני מגנום מריר מאגד,גרמים,240.00,100 גרם,false,,26.90,0.1121,true,1,187608
7290112499189,false,קרמיסימו חד קרן 1.33,קרמיסימו- שטראוס,,קרמיסימו חד קרן 1.33,ליטרים,1.33,ליטר,false,,22.90,17.2180,false,1,189621
7290112499196,false,קרמיסימו חלב קורנפלק,קרמיסימו- שטראוס,,קרמיסימו חלב קורנפלק,ליטרים,1.33,ליטר,false,,22.90,17.2180,false,1,189586
7290112499219,false,מאגדת שלגונים גודיס,שטראוס,,מאגדת שלגונים גודיס,גרמים,235.00,100 גרם,false,,24.90,0.1060,true,1,188923
7290112499448,false,פינוק מרכך שיער שמן,פינוק,,פינוק מרכך שיער שמן,מיליליטרים,700.00,"100 מ""ל",false,,11.90,0.0170,false,1,125725
7290112499455,false,פינוק תחליב רחצה מרו,פינוק,,פינוק תחליב רחצה מרו,מיליליטרים,700.00,"100 מ""ל",false,,11.90,0.0170,false,1,125861
7290112499462,false,פינוק תחליב רחצה שמן,פינוק,,פינוק תחליב רחצה שמן,מיליליטרים,700.00,"100 מ""ל",false,,11.90,0.0170,false,1,125785
7290112499479,false,פינוק שמפו קרטין 700,פינוק,,פינוק שמפו קרטין 700,מיליליטרים,700.00,"100 מ""ל",false,,11.90,0.0170,false,1,124206
7290112499486,false,פינוק מרכך קרטין 700,פינוק,,פינוק מרכך קרטין 700,מיליליטרים,700.00,"100 מ""ל",false,,11.90,0.0170,false,1,124208
7290112499776,false,מאגדת גודיז,,,מאגדת גודיז,גרמים,297.00,100 גרם,false,,24.90,0.0838,true,1,118792
7290112499844,false,מאגדת מיני מגנום דוא,מגנום- שטראוס,,מאגדת מיני מגנום דוא,גרמים,310.00,100 גרם,false,,26.90,0.0868,true,1,117597
7290112499943,false,מאגדת מיני מגנום קלא,מגנום- שטראוס,,מאגדת מיני מגנום קלא,גרמים,250.00,100 גרם,false,,26.90,0.1076,true,1,117603
7290112705426,false,צלחת במבוק חד-קרן,,,צלחת במבוק חד-קרן,יחידה,0.00,יחידה,false,,12.90,0.0000,true,1,114968
7290112705532,false,צלחת במבוק פנדה ורוד,,,צלחת במבוק פנדה ורוד,יחידה,0.00,יחידה,false,,12.90,0.0000,true,1,114977
7290112961143,false,טבעול נתחי בקר צמחונ,,,טבעול נתחי בקר צמחונ,גרמים,470.00,100 גרם,false,,31.00,0.0660,true,1,112366
7290112961266,false,אסם בייגלה כפיות פיז,,,אסם בייגלה כפיות פיז,גרמים,300.00,100 גרם,false,,11.90,0.0397,true,1,113966
7290112961327,false,אסם בייגלה כפיות פיז,,,אסם בייגלה כפיות פיז,גרמים,300.00,100 גרם,false,,11.90,0.0397,true,1,113967
7290112961372,false,פיטנס חטיפי פריכיות,,,פיטנס חטיפי פריכיות,גרמים,60.00,100 גרם,false,,8.50,0.1417,true,1,112988
7290112961440,false,פיטנס בר פריכיות שוק,,,פיטנס בר פריכיות שוק,גרמים,84.00,100 גרם,false,,12.90,0.1536,true,1,118547
7290112961464,false,חטיפי פריכיות פיטנס,,,חטיפי פריכיות פיטנס,גרמים,60.00,100 גרם,false,,8.50,0.1417,true,1,112989
7290112961754,false,עוגיות שוקוצ'יפס קרם,אסם,,עוגיות שוקוצ'יפס קרם,גרמים,220.00,100 גרם,false,,11.50,0.0523,true,1,112615
7290112962287,false,טבעול שווארמה טבעוני,,,טבעול שווארמה טבעוני,גרמים,450.00,100 גרם,false,,31.00,0.0689,true,1,117776
7290112962522,false,ביסלי שום בצל 60 גר,,,ביסלי שום בצל 60 גר,גרמים,60.00,100 גרם,false,,4.70,0.0783,false,1,123188
7290112962737,false,שניצל טבעול מהצומח ע,,,שניצל טבעול מהצומח ע,גרמים,664.00,100 גרם,false,,28.90,0.0435,true,1,112369
7290112963000,false,רוטב צ'ילי מתוק פחות,,,רוטב צ'ילי מתוק פחות,מיליליטרים,290.00,"100 מ""ל",false,,12.90,0.0445,true,1,117789
7290112963321,false,בייגלה גרפיטי שטוח ל,,,בייגלה גרפיטי שטוח ל,גרמים,300.00,100 גרם,false,,11.90,0.0397,true,1,119511
7290112963529,false,מאגדת אקסטרים שוקו ו,נסטלה גלידות,,מאגדת אקסטרים שוקו ו,גרמים,444.00,100 גרם,false,,32.00,0.0721,true,1,114199
7290112963918,false,פיטנס קרקר דק רוזמרי,,,פיטנס קרקר דק רוזמרי,גרמים,140.00,100 גרם,false,,11.90,0.0850,true,1,114833
7290112964052,false,פרפקטו פסטה וזוביוטו,,,פרפקטו פסטה וזוביוטו,גרמים,500.00,100 גרם,false,,11.50,0.0230,false,1,113201
7290112964410,false,רוטב אלף האיים לסלט,אסם,,רוטב אלף האיים לסלט,מיליליטרים,290.00,"100 מ""ל",false,,12.00,0.0414,false,1,114811
7290112964434,false,רוטב קיסר לסלט אסם 2,אסם,,רוטב קיסר לסלט אסם 2,מיליליטרים,295.00,"100 מ""ל",false,,12.00,0.0407,true,1,114812
7290112964458,false,רוטב ויניגרט לסלט אס,אסם,,רוטב ויניגרט לסלט אס,מיליליטרים,295.00,"100 מ""ל",false,,12.00,0.0407,false,1,114814
7290112964472,false,רוטב שום לסלט אסם 29,אסם,,רוטב שום לסלט אסם 29,מיליליטרים,290.00,"100 מ""ל",false,,12.00,0.0414,true,1,114813
7290112964502,false,רוטב אלף האיים לסלט,אסם,,רוטב אלף האיים לסלט,מיליליטרים,600.00,"100 מ""ל",false,,18.50,0.0308,true,1,114819
7290112964564,false,רוטב אלף האיים לייט,אסם,,רוטב אלף האיים לייט,מיליליטרים,295.00,"100 מ""ל",false,,12.00,0.0407,false,1,114815
7290112964601,false,רוטב בנוסח סצו'אן 29,,,רוטב בנוסח סצו'אן 29,מיליליטרים,290.00,"100 מ""ל",false,,13.90,0.0479,true,1,114665
7290112964625,false,רוטב שום לייט לסלט א,אסם,,רוטב שום לייט לסלט א,מיליליטרים,310.00,"100 מ""ל",false,,12.00,0.0387,false,1,114816
7290112965103,false,קוסקוס עם ירקות אסם,,,קוסקוס עם ירקות אסם,גרמים,146.00,100 גרם,false,,10.90,0.0747,true,1,117391
7290112965165,false,זוג מרק נמס פטריות א,אסם,,זוג מרק נמס פטריות א,גרמים,34.00,100 גרם,false,,5.90,0.1735,true,1,115639
7290112965240,false,זוג מרק נמס עגבניות,אסם,,זוג מרק נמס עגבניות,גרמים,44.00,100 גרם,false,,5.90,0.1341,true,1,115641
7290112965264,false,זוג מרק נמס אפונה אס,אסם,,זוג מרק נמס אפונה אס,גרמים,30.00,100 גרם,false,,5.90,0.1967,true,1,115642
7290112965288,false,זוג מרק נמס ירקות אס,אסם,,זוג מרק נמס ירקות אס,גרמים,30.00,100 גרם,false,,5.90,0.1967,true,1,115643
7290112965301,false,זוג מרק נמס טעם עוף,אסם,,זוג מרק נמס טעם עוף,גרמים,38.00,100 גרם,false,,5.90,0.1553,true,1,115637
7290112965325,false,אורז ספרדי אסם,אסם,,אורז ספרדי אסם,גרמים,140.00,100 גרם,false,,10.90,0.0779,false,1,117390
7290112965363,false,קציצת קינואה וברוקול,,,קציצת קינואה וברוקול,גרמים,525.00,100 גרם,false,,31.00,0.0590,false,1,117108
7290112965660,false,פיטנס חטיף מולטיגריי,,,פיטנס חטיף מולטיגריי,גרמים,25.00,100 גרם,false,,4.90,0.1960,true,1,122485
7290112965707,false,פיטנס חטיף מולטיגריי,,,פיטנס חטיף מולטיגריי,גרמים,25.00,100 גרם,false,,4.90,0.1960,true,1,122487
7290112965868,false,קרם קרקר במליחות מעו,אסם,,קרם קרקר במליחות מעו,גרמים,250.00,100 גרם,false,,8.50,0.0340,true,1,117349
7290112965905,false,בייגלה אסם שמיניות ב,,,בייגלה אסם שמיניות ב,גרמים,400.00,100 גרם,false,,11.00,0.0275,true,1,117411
7290112965943,false,טבעול נאגטס ירקות יר,,,טבעול נאגטס ירקות יר,גרמים,500.00,100 גרם,false,,31.00,0.0620,true,1,119603
7290112965967,false,טבעול נאגטס ירקות כת,,,טבעול נאגטס ירקות כת,גרמים,500.00,100 גרם,false,,31.00,0.0620,true,1,119604
7290112966025,false,בייגלה אסם כפיות כפר,אסם,,בייגלה אסם כפיות כפר,גרמים,60.00,100 גרם,false,,3.10,0.0517,true,1,117412
7290112966094,false,עוגת הבית תפוז מופחת,אסם,,עוגת הבית תפוז מופחת,גרמים,400.00,100 גרם,false,,13.90,0.0348,false,1,117351
7290112966247,false,לחמית כוסמין 200 גרם,,,לחמית כוסמין 200 גרם,גרמים,200.00,100 גרם,false,,10.50,0.0525,false,1,119100
7290112966728,false,טחינה בלאדי פלפלים ח,,,טחינה בלאדי פלפלים ח,גרמים,350.00,100 גרם,false,,15.90,0.0454,true,1,116550
7290112966780,false,טחינה בלאדי עם חציל,,,טחינה בלאדי עם חציל,גרמים,350.00,100 גרם,false,,15.90,0.0454,true,1,116552
7290112966827,false,אינסטנט פודינג שוקול,,,אינסטנט פודינג שוקול,גרמים,80.00,100 גרם,false,,5.80,0.0725,false,1,118476
7290112966841,false,פודינג בטעם שוקולד מ,אסם,,פודינג בטעם שוקולד מ,גרמים,90.00,100 גרם,false,,5.80,0.0644,false,1,117393
7290112967114,false,פיטנס חטיפי פריכיות,,,פיטנס חטיפי פריכיות,גרמים,60.00,100 גרם,false,,8.50,0.1417,true,1,118548
7290112967138,false,בייגלה אסם שמיניות ל,אסם,,בייגלה אסם שמיניות ל,גרמים,250.00,100 גרם,false,,13.50,0.0540,true,1,117414
7290112967299,false,מרק ירקות 50 גר,,,מרק ירקות 50 גר,גרמים,50.00,100 גרם,false,,4.60,0.0920,true,1,119615
7290112967381,false,פיטנס חטיפי פריכיות,,,פיטנס חטיפי פריכיות,גרמים,60.00,100 גרם,false,,8.50,0.1417,true,1,118549
7290112967572,false,רוטב ברביקיו אסם 290,אסם,,רוטב ברביקיו אסם 290,מיליליטרים,290.00,"100 מ""ל",false,,12.00,0.0414,true,1,117387
7290112967749,false,פרפקטו פסטה נוציאולה,אסם פרפקטו,,פרפקטו פסטה נוציאולה,גרמים,500.00,100 גרם,false,,7.70,0.0154,false,1,117379
7290112967800,false,אסם בישולים מיקס בצל,,,אסם בישולים מיקס בצל,גרמים,200.00,100 גרם,false,,18.90,0.0945,true,1,117784
7290112967848,false,ג'לי תות שדה מופחת ס,אסם,,ג'לי תות שדה מופחת ס,גרמים,90.00,100 גרם,false,,6.50,0.0722,true,1,117394
7290112968203,false,סלט טחינה בלאדי צבר,,,סלט טחינה בלאדי צבר,גרמים,250.00,100 גרם,false,,10.90,0.0436,true,1,118443
7290112968340,false,חומוס גרוס גס גס צבר,,,חומוס גרוס גס גס צבר,גרמים,400.00,100 גרם,false,,13.90,0.0348,true,1,117793
7290112968401,false,חומוס גרגרים רכים צב,,,חומוס גרגרים רכים צב,גרמים,400.00,100 גרם,false,,13.90,0.0348,true,1,117795
7290112968807,false,פיטנס קרקר דק סלק,,,פיטנס קרקר דק סלק,גרמים,140.00,100 גרם,false,,11.90,0.0850,true,1,123184
7290112968821,false,פיטנס קרקר דק בטטה,,,פיטנס קרקר דק בטטה,גרמים,140.00,100 גרם,false,,11.90,0.0850,true,1,123187
7290112969071,false,פרפקטו פסטה רדיאטורי,,,פרפקטו פסטה רדיאטורי,גרמים,500.00,100 גרם,false,,11.50,0.0230,false,1,119092
7290112969248,false,אסם בישולים רוטב סיל,,,אסם בישולים רוטב סיל,גרמים,335.00,100 גרם,false,,15.90,0.0475,true,1,122872
7290112969286,false,אסם בישולים רוטב חרד,,,אסם בישולים רוטב חרד,גרמים,330.00,100 גרם,false,,15.90,0.0482,true,1,122873
7290112969903,false,טבעול נאגטס ירקות לב,,,טבעול נאגטס ירקות לב,גרמים,500.00,100 גרם,false,,31.00,0.0620,true,1,119605
7290113192300,false,זיתים חרוזית מושחר 2,בית השיטה,,זיתים חרוזית מושחר 2,גרמים,275.00,100 גרם,false,,9.90,0.0360,true,1,117604
7290113192317,false,טבעות זיתים מושחרים,בית השיטה,,טבעות זיתים מושחרים,גרמים,280.00,100 גרם,false,,10.90,0.0389,true,1,117605
7290113192324,false,זיתים ירוקים מנזנילו,בית השיטה,,זיתים ירוקים מנזנילו,גרמים,340.00,100 גרם,false,,8.90,0.0262,true,1,117606
7290113192331,false,זיתים ירוקים גדולים,בית השיטה,,זיתים ירוקים גדולים,גרמים,340.00,100 גרם,false,,9.90,0.0291,true,1,117607
7290113192348,false,זיתים ירוקים 17-19 ב,בית השיטה,,זיתים ירוקים 17-19 ב,גרמים,340.00,100 גרם,false,,9.90,0.0291,true,1,117609
7290113192355,false,זיתים ירוקים חרוזית,בית השיטה,,זיתים ירוקים חרוזית,גרמים,275.00,100 גרם,false,,9.90,0.0360,false,1,117610
7290113192362,false,זיתים ירוקים טבעות 2,בית השיטה,,זיתים ירוקים טבעות 2,גרמים,280.00,100 גרם,false,,10.90,0.0389,true,1,117611
7290113192379,false,זיתים ירוקים מבוקעים,בית השיטה,,זיתים ירוקים מבוקעים,גרמים,340.00,100 גרם,false,,9.90,0.0291,true,1,117622
7290113192386,false,זיתים סורי מבוקע 340,בית השיטה,,זיתים סורי מבוקע 340,גרמים,340.00,100 גרם,false,,10.90,0.0321,true,1,117623
7290113192393,false,קוקטייל זיתים 336 גר,בית השיטה,,קוקטייל זיתים 336 גר,גרמים,336.00,100 גרם,false,,11.90,0.0354,true,1,117624
7290113192478,false,מלפפון במלח 10-12 32,בית השיטה,,מלפפון במלח 10-12 32,גרמים,320.00,100 גרם,false,,7.90,0.0247,false,1,117632
7290113192485,false,מלפפון בחומץ 10-12 2,בית השיטה,,מלפפון בחומץ 10-12 2,גרמים,290.00,100 גרם,false,,7.90,0.0272,true,1,117633
7290113192492,false,מלפפון בחומץ 13-17 2,בית השיטה,,מלפפון בחומץ 13-17 2,גרמים,290.00,100 גרם,false,,10.90,0.0376,false,1,117634
7290113192508,false,מלפפון במלח 13-17  ב,בית השיטה,,מלפפון במלח 13-17  ב,גרמים,320.00,100 גרם,false,,10.90,0.0341,false,1,117635
7290113192515,false,מלפפון במלח 18-25 32,בית השיטה,,מלפפון במלח 18-25 32,גרמים,320.00,100 גרם,false,,12.90,0.0403,true,1,117640
7290113192522,false,מלפפון בחומץ 18-25 2,בית השיטה,,מלפפון בחומץ 18-25 2,גרמים,290.00,100 גרם,false,,12.90,0.0445,true,1,117641
7290113192539,false,מלפפון במלח 7-9 320,בית השיטה,,מלפפון במלח 7-9 320,גרמים,320.00,100 גרם,false,,6.50,0.0203,false,1,117642
7290113192546,false,מלפפון בחומץ 7-9 290,בית השיטה,,מלפפון בחומץ 7-9 290,גרמים,290.00,100 גרם,false,,6.50,0.0224,false,1,117643
7290113192553,false,מלפפון במלח בלדי 13-,בית השיטה,,מלפפון במלח בלדי 13-,גרמים,320.00,100 גרם,false,,10.90,0.0341,true,1,117644
7290113192560,false,פלפל שיפקה 230 גרם,בית השיטה,,פלפל שיפקה 230 גרם,גרמים,230.00,100 גרם,false,,7.90,0.0343,true,1,117645
7290113192577,false,כרוב כבוש 430 גרם,בית השיטה,,כרוב כבוש 430 גרם,גרמים,430.00,100 גרם,false,,8.90,0.0207,false,1,117646
7290113193031,false,חרוזית קלמטה בית השי,,,חרוזית קלמטה בית השי,גרמים,275.00,100 גרם,false,,12.90,0.0469,false,1,118533
7290113193321,false,שמן זית כתית מעולה 7,,,שמן זית כתית מעולה 7,מיליליטרים,750.00,"100 מ""ל",false,,29.90,0.0399,false,1,119033
7290113193369,false,תרסיס שמן קנולה  בית,,,תרסיס שמן קנולה  בית,מיליליטרים,150.00,"100 מ""ל",false,,13.90,0.0927,true,1,123968
7290113193406,false,טבעות קוקטייל זיתים,,,טבעות קוקטייל זיתים,גרמים,280.00,100 גרם,false,,12.90,0.0461,false,1,119015
7290113194090,false,טבעות זיתים קלמטה בי,,,טבעות זיתים קלמטה בי,גרמים,280.00,100 גרם,false,,12.90,0.0461,false,1,122230
7290113195356,false,שמן קנולה בית השיטה,,,שמן קנולה בית השיטה,ליטרים,1.00,ליטר,false,,12.90,12.9000,false,1,125794
7290113196414,false,"אורז בסמטי 1 ק""ג שקד",,,"אורז בסמטי 1 ק""ג שקד",קילוגרמים,1.00,"ק""ג",false,,9.90,9.9000,true,1,186644
7290113196490,false,פריכיות כוסמת בתוספת,,,פריכיות כוסמת בתוספת,גרמים,150.00,100 גרם,false,,9.90,0.0660,true,1,186642
7290113196506,false,פריכיות כוסמת ללא מל,,,פריכיות כוסמת ללא מל,גרמים,150.00,100 גרם,false,,9.90,0.0660,true,1,186767
7290113199774,false,ממרח 100% בוטנים,,,ממרח 100% בוטנים,גרמים,300.00,100 גרם,false,,13.90,0.0463,true,1,189128
7290113284999,false,מסכה לפנים חד פעמית,,,מסכה לפנים חד פעמית,יחידה,0.00,יחידה,false,,10.90,0.0000,true,1,122233
7290113300194,false,לה קט נתחוני עוף ברו,,,לה קט נתחוני עוף ברו,גרמים,85.00,100 גרם,false,,4.90,0.0576,true,1,121648
7290113300231,false,לה קט נתחוני בקר בג',,,לה קט נתחוני בקר בג',גרמים,85.00,100 גרם,false,,4.50,0.0529,true,1,121650
7290113318885,false,בקבוק שתייה מפלסטיק,,,בקבוק שתייה מפלסטיק,יחידה,0.00,יחידה,false,,24.90,0.0000,true,1,115028
7290113560055,false,פרדונטקס מי פה 500 מ,,,פרדונטקס מי פה 500 מ,מיליליטרים,500.00,"100 מ""ל",false,,27.90,0.0558,true,1,121294
7290113560109,false,פרדונטקס בטעם צמחי 7,,,פרדונטקס בטעם צמחי 7,מיליליטרים,75.00,"100 מ""ל",false,,29.90,0.3987,true,1,123507
7290114310215,false,"שמנת מתוקה 250 מ""ל 3",טרה,,"שמנת מתוקה 250 מ""ל 3",מיליליטרים,250.00,"100 מ""ל",false,,6.47,0.0259,true,1,119744
7290114310222,false,חלב מועשר בסידן וויט,טרה,,חלב מועשר בסידן וויט,ליטרים,1.50,ליטר,false,,11.90,7.9333,true,1,120436
7290114310239,false,חלב 2% דל לקטוז 1.5,טרה,,חלב 2% דל לקטוז 1.5,ליטרים,1.50,ליטר,false,,11.90,7.9333,true,1,120430
7290114310338,false,צפתית 5% מעודנת 225,משק צוריאל,,צפתית 5% מעודנת 225,גרמים,225.00,100 גרם,false,,17.50,0.0778,true,1,123990
7290114310345,false,מעדן יוגורט בטעם תות,טרה,,מעדן יוגורט בטעם תות,גרמים,125.00,100 גרם,false,,2.90,0.0232,true,1,122898
7290114310482,false,נעם בטעמים מעושן 200,טרה,,נעם בטעמים מעושן 200,גרמים,200.00,100 גרם,false,,21.00,0.1050,true,1,125384
7290114310536,false,יוגורט לייט מועשר 25,מולר,,יוגורט לייט מועשר 25,גרמים,200.00,100 גרם,false,,6.20,0.0310,true,1,124537
7290114310550,false,פטה עיזים מעודנת 5%,משק צוריאל,,פטה עיזים מעודנת 5%,גרמים,200.00,100 גרם,false,,23.90,0.1195,true,1,124909
7290114310567,false,לאבנה עיזים 5% צוריא,משק צוריאל,,לאבנה עיזים 5% צוריא,גרמים,200.00,100 גרם,false,,14.90,0.0745,true,1,126735
7290114310574,false,גבינת קרם שמנת עיזים,משק צוריאל,,גבינת קרם שמנת עיזים,גרמים,200.00,100 גרם,false,,14.50,0.0725,true,1,125140
7290114310611,false,משקה חלב בטעם בננה 2,טרה,,משקה חלב בטעם בננה 2,מיליליטרים,250.00,"100 מ""ל",false,,5.50,0.0220,true,1,125277
7290114310628,false,משקה חלב וניל עוגיות,טרה,,משקה חלב וניל עוגיות,ליטרים,1.00,ליטר,false,,12.50,12.5000,true,1,125732
7290114310673,false,לאבנה 9% טרה 250 גר',טרה,,לאבנה 9% טרה 250 גר',גרמים,250.00,100 גרם,false,,12.50,0.0500,true,1,124923
7290114310895,false,מאגדת שמינייה סימפלי,מולר,,מאגדת שמינייה סימפלי,גרמים,1200.00,100 גרם,false,,31.90,0.0266,true,1,186738
7290114310901,false,גבינה לבנה 250 גר' 5,טרה,,גבינה לבנה 250 גר' 5,גרמים,250.00,100 גרם,false,,4.98,0.0199,false,1,185811
7290114310918,false,קוטג' 5% טרה 250 גר',טרה,,קוטג' 5% טרה 250 גר',גרמים,250.00,100 גרם,false,,5.90,0.0236,false,1,185790
7290114311014,false,משקה חלב אייס קפוצ'י,טרה,,משקה חלב אייס קפוצ'י,מיליליטרים,250.00,"100 מ""ל",false,,5.50,0.0220,true,1,188850
7290114311021,false,משקה חלב וניל עוגיות,טרה,,משקה חלב וניל עוגיות,מיליליטרים,250.00,"100 מ""ל",false,,5.50,0.0220,true,1,188851
7290114311038,false,שמנת מתוקה 32% בבקבו,טרה,,שמנת מתוקה 32% בבקבו,מיליליטרים,250.00,"100 מ""ל",false,,6.90,0.0276,true,1,188797
7290114311069,false,מולר אקטיב 25 גר' חל,מולר,,מולר אקטיב 25 גר' חל,גרמים,200.00,100 גרם,false,,5.80,0.0290,true,1,188107
7290114311076,false,חמאת מולר צהובה עם ש,מולר,,חמאת מולר צהובה עם ש,גרמים,200.00,100 גרם,false,,11.90,0.0595,true,1,188845
7290114311083,false,חמאה מולר צהובה עם מ,מולר,,חמאה מולר צהובה עם מ,גרמים,200.00,100 גרם,false,,11.90,0.0595,true,1,188846
7290114311304,false,יוגורט מולר פרופ קצי,,,יוגורט מולר פרופ קצי,גרמים,150.00,100 גרם,false,,5.00,0.0333,true,1,189917
7290114311328,false,חלב נטול לקטוז מועשר,טרה,,חלב נטול לקטוז מועשר,ליטרים,1.00,ליטר,false,,7.80,7.8000,false,1,189830
7290114311359,false,יוגורט מולר קציפת מנ,,,יוגורט מולר קציפת מנ,גרמים,150.00,100 גרם,false,,5.00,0.0333,true,1,189915
7290114311458,false,חלב 3% מועשר 1 ליטר,טרה,,חלב 3% מועשר 1 ליטר,ליטרים,1.00,ליטר,false,,7.50,7.5000,false,1,190426
7290114311496,false,חלב 1% מועשר 1 ליטר,טרה,,חלב 1% מועשר 1 ליטר,ליטרים,1.00,ליטר,false,,7.50,7.5000,false,1,190425
7290114402712,false,ספוגיות לאיפור,,,ספוגיות לאיפור,יחידה,0.00,יחידה,false,,11.90,0.0000,true,1,190195
7290114402804,false,מברשת ציפורניים,,,מברשת ציפורניים,יחידה,0.00,יחידה,false,,4.90,0.0000,true,1,190196
7290114403207,false,מברשת שיער לילדים,,,מברשת שיער לילדים,יחידה,0.00,יחידה,false,,16.90,0.0000,true,1,190187
7290114404372,false,מברשת שיער,,,מברשת שיער,יחידה,0.00,יחידה,false,,14.90,0.0000,true,1,190197
7290114404877,false,ספוג רחצה לילדים,,,ספוג רחצה לילדים,יחידה,0.00,יחידה,false,,11.90,0.0000,true,1,190186
7290114405041,false,רצועות פילינג,,,רצועות פילינג,יחידה,0.00,יחידה,false,,11.90,0.0000,true,1,189864
7290114600927,false,מאסטר שף עלי טורטיה,,,מאסטר שף עלי טורטיה,גרמים,320.00,100 גרם,false,,9.90,0.0309,true,1,122733
7290114600941,false,מאסטר שף מיונז לחיץ,,,מאסטר שף מיונז לחיץ,מיליליטרים,435.00,"100 מ""ל",false,,12.90,0.0297,true,1,121190
7290114600989,false,מאסטר שף רוטב אלף הא,,,מאסטר שף רוטב אלף הא,מיליליטרים,257.00,"100 מ""ל",false,,9.90,0.0385,true,1,121978
7290114600996,false,מאסטר שף רוטב שום,,,מאסטר שף רוטב שום,מיליליטרים,256.00,"100 מ""ל",false,,9.90,0.0387,true,1,121979
7290114603508,false,מאסטר שף רוטב להקפצה,,,מאסטר שף רוטב להקפצה,מיליליטרים,300.00,"100 מ""ל",false,,7.90,0.0263,true,1,122696
7290114603768,false,"אג'קס שירותים 750 מ""",,,"אג'קס שירותים 750 מ""",מיליליטרים,1500.00,"100 מ""ל",false,,24.90,0.0166,true,1,120853
7290114604840,false,מאסטר שף דפי אורז 16,,,מאסטר שף דפי אורז 16,גרמים,400.00,100 גרם,false,,12.90,0.0323,true,1,123946
7290114604857,false,מאסטר שף דפי אורז 22,,,מאסטר שף דפי אורז 22,גרמים,400.00,100 גרם,false,,12.90,0.0323,true,1,123787
7290114604895,false,מאסטר שף ממרח ספייסי,,,מאסטר שף ממרח ספייסי,גרמים,446.00,100 גרם,false,,12.90,0.0289,true,1,125845
7290114604901,false,מאסטר שף ממרח שום לח,,,מאסטר שף ממרח שום לח,גרמים,444.00,100 גרם,false,,12.90,0.0291,true,1,125844
7290114604932,false,מאסטר שף רוטב ברביקי,,,מאסטר שף רוטב ברביקי,גרמים,520.00,100 גרם,false,,12.90,0.0248,true,1,125487
7290114604949,false,מאסטר שף רוטב ברביקי,,,מאסטר שף רוטב ברביקי,גרמים,524.00,100 גרם,false,,12.90,0.0246,true,1,125486
7290114605533,false,משטח חיתוך חד פעמי ק,,,משטח חיתוך חד פעמי ק,יחידה,0.00,יחידה,false,,19.90,0.0000,true,1,188083
7290114605557,false,קוקי נייר עטיפה לסנד,,,קוקי נייר עטיפה לסנד,יחידה,0.00,יחידה,false,,12.90,0.0000,true,1,124935
7290114606530,false,מאסטר שף רוטב בטעם מ,,,מאסטר שף רוטב בטעם מ,גרמים,515.00,100 גרם,false,,12.90,0.0250,true,1,125899
7290114606547,false,מיונז עם פטריות כמהי,,,מיונז עם פטריות כמהי,גרמים,242.00,100 גרם,false,,12.90,0.0533,true,1,126014
7290114606554,false,מאסטר שף ממרח ספייסי,,,מאסטר שף ממרח ספייסי,גרמים,470.00,100 גרם,false,,12.90,0.0274,true,1,125898
7290114606561,false,מאסטר שף איטריות אור,,,מאסטר שף איטריות אור,גרמים,400.00,100 גרם,false,,7.90,0.0198,true,1,186369
7290114606578,false,שקדי מרק מאסטר שף,,,שקדי מרק מאסטר שף,גרמים,400.00,100 גרם,false,,9.90,0.0248,true,1,185835
7290114607391,false,קולגייט משחת ילדים ב,,,קולגייט משחת ילדים ב,מיליליטרים,75.00,"100 מ""ל",false,,15.90,0.2120,true,1,126609
7290114750813,false,דאודורנט קליר ג'ל  C,,,דאודורנט קליר ג'ל  C,יחידה,0.00,יחידה,false,,28.90,0.0000,false,1,120951
7290114750820,false,דאודורנט קליר ג'ל  A,,,דאודורנט קליר ג'ל  A,יחידה,0.00,יחידה,false,,28.90,0.0000,true,1,120952
7290115079371,false,בקבוק נירוסטה דופן כ,,,בקבוק נירוסטה דופן כ,יחידה,0.00,יחידה,false,,39.00,0.0000,true,1,186319
7290115079388,false,בקבוק נירוסטה דופן כ,,,בקבוק נירוסטה דופן כ,יחידה,0.00,יחידה,false,,39.00,0.0000,true,1,186321
7290115079395,false,בקבוק נירוסטה דופן כ,,,בקבוק נירוסטה דופן כ,יחידה,0.00,יחידה,false,,39.00,0.0000,true,1,186322
7290115190007,false,פקט מרלבורו רד PP,,,פקט מרלבורו רד PP,יחידה,0.00,יחידה,false,,333.00,0.0000,false,1,122147
7290115190014,false,מרלבורו רד PP חפיסה,,,מרלבורו רד PP חפיסה,יחידה,0.00,יחידה,false,,34.00,0.0000,false,1,122112
7290115190052,false,מרלבורו פלייבור מיקס,,,מרלבורו פלייבור מיקס,יחידה,0.00,יחידה,false,,34.00,0.0000,false,1,122109
7290115190076,false,מרלבורו גולד 100 PP,,,מרלבורו גולד 100 PP,יחידה,0.00,יחידה,false,,34.00,0.0000,false,1,122869
7290115190083,false,פקט מרלבורו גולד PP,,,פקט מרלבורו גולד PP,יחידה,0.00,יחידה,false,,333.00,0.0000,false,1,122145
7290115190090,false,מרלבורו גולד PP חפיס,,,מרלבורו גולד PP חפיס,יחידה,0.00,יחידה,false,,34.00,0.0000,false,1,122110
7290115190137,false,מרלבורו  פיין טאץ' P,,,מרלבורו  פיין טאץ' P,יחידה,0.00,יחידה,false,,30.00,0.0000,false,1,122114
7290115190151,false,מרלבורו טאץ' PP חפיס,,,מרלבורו טאץ' PP חפיס,יחידה,0.00,יחידה,false,,30.00,0.0000,false,1,122115
7290115190175,false,פרלמנט סופר סלימס PP,,,פרלמנט סופר סלימס PP,יחידה,0.00,יחידה,false,,39.00,0.0000,false,1,122100
7290115190199,false,פרלמנט נייט 100PP,,,פרלמנט נייט 100PP,יחידה,0.00,יחידה,false,,39.00,0.0000,false,1,123616
7290115190212,false,פרלמנט בלו 100 PP חפ,,,פרלמנט בלו 100 PP חפ,יחידה,0.00,יחידה,false,,39.00,0.0000,false,1,122102
7290115190236,false,פרלמנט בלו PP חפיסה,,,פרלמנט בלו PP חפיסה,יחידה,0.00,יחידה,false,,39.00,0.0000,false,1,122103
7290115190250,false,פרלמנט נייט PP חפיסה,,,פרלמנט נייט PP חפיסה,יחידה,0.00,יחידה,false,,39.00,0.0000,false,1,122104
7290115190328,false,פקט ל.מ בלו 100 PP,,,פקט ל.מ בלו 100 PP,יחידה,0.00,יחידה,false,,292.00,0.0000,false,1,123617
7290115190335,false,ל.מ בלו 100 PP,,,ל.מ בלו 100 PP,יחידה,0.00,יחידה,false,,30.00,0.0000,false,1,123622
7290115190342,false,פקט ל.מ. בלו PP,,,פקט ל.מ. בלו PP,יחידה,0.00,יחידה,false,,292.00,0.0000,false,1,122119
7290115190359,false,ל.מ. בלו PP חפיסה,,,ל.מ. בלו PP חפיסה,יחידה,0.00,יחידה,false,,30.00,0.0000,false,1,122091
7290115190373,false,ל.מ. קפסולה PP חפיסה,,,ל.מ. קפסולה PP חפיסה,יחידה,0.00,יחידה,false,,30.00,0.0000,false,1,122095
7290115190397,false,ל.מ. רד PP חפיסה,,,ל.מ. רד PP חפיסה,יחידה,0.00,יחידה,false,,30.00,0.0000,false,1,122092
7290115190427,false,פקט ל.מ. וייב PP,,,פקט ל.מ. וייב PP,יחידה,0.00,יחידה,false,,292.00,0.0000,false,1,122123
7290115190434,false,ל.מ. וייב PP חפיסה,,,ל.מ. וייב PP חפיסה,יחידה,0.00,יחידה,false,,30.00,0.0000,false,1,122093
7290115190458,false,נקסט אדג' חפיסה,,,נקסט אדג' חפיסה,יחידה,0.00,יחידה,false,,26.00,0.0000,false,1,123045
7290115190465,false,נקסט פיין אדג'  פקט,,,נקסט פיין אדג'  פקט,יחידה,0.00,יחידה,false,,252.00,0.0000,false,1,123526
7290115190472,false,נקסט פיין אדג' חפיסה,,,נקסט פיין אדג' חפיסה,יחידה,0.00,יחידה,false,,26.00,0.0000,false,1,123525
7290115190496,false,נקסט פיין 100,,,נקסט פיין 100,יחידה,0.00,יחידה,false,,29.00,0.0000,false,1,123627
7290115190519,false,נקסט פיין PP חפיסה,,,נקסט פיין PP חפיסה,יחידה,0.00,יחידה,false,,29.00,0.0000,false,1,122097
7290115190526,false,פקט נקסט פיין ריסס א,,,פקט נקסט פיין ריסס א,יחידה,0.00,יחידה,false,,260.00,0.0000,false,1,123080
7290115190571,false,נקסט לילך PP חפיסה,,,נקסט לילך PP חפיסה,יחידה,0.00,יחידה,false,,29.00,0.0000,false,1,122098
7290115190595,false,נקסט אוריג'ינל PP חפ,,,נקסט אוריג'ינל PP חפ,יחידה,0.00,יחידה,false,,29.00,0.0000,false,1,122099
7290115200003,false,פתיבר פינוקי וניל אס,,,פתיבר פינוקי וניל אס,גרמים,220.00,100 גרם,false,,10.90,0.0495,true,1,121286
7290115200027,false,פתיבר פינוקי שוקו אס,,,פתיבר פינוקי שוקו אס,גרמים,220.00,100 גרם,false,,10.90,0.0495,true,1,121287
7290115200676,false,אסם קרמוגית קרמל מלו,,,אסם קרמוגית קרמל מלו,גרמים,200.00,100 גרם,false,,11.50,0.0575,true,1,122309
7290115200713,false,מארז במבה,,,מארז במבה,גרמים,250.00,100 גרם,false,,12.90,0.0516,true,1,120905
7290115200881,false,בייגלה שטוחים שומשום,,,בייגלה שטוחים שומשום,גרמים,300.00,100 גרם,false,,11.90,0.0397,true,1,123506
7290115201031,false,פתיבר דובי שוקולד,,,פתיבר דובי שוקולד,גרמים,175.00,100 גרם,false,,10.90,0.0623,true,1,124839
7290115201475,false,טבעול גורמה לביבות כ,,,טבעול גורמה לביבות כ,גרמים,434.00,100 גרם,false,,33.90,0.0781,true,1,188032
7290115201550,false,ביסלי קרנבל מיקס 150,אסם,,ביסלי קרנבל מיקס 150,גרמים,150.00,100 גרם,false,,9.00,0.0600,false,1,122297
7290115201680,false,ביסלי ברביקיו 70 גרם,אסם,,ביסלי ברביקיו 70 גרם,גרמים,70.00,100 גרם,false,,4.70,0.0671,false,1,122298
7290115201703,false,ביסלי ברביקיו 200 גר,אסם,,ביסלי ברביקיו 200 גר,גרמים,200.00,100 גרם,false,,9.00,0.0450,false,1,122299
7290115201727,false,ביסלי בצל 200 גרם,אסם,,ביסלי בצל 200 גרם,גרמים,200.00,100 גרם,false,,9.00,0.0450,false,1,122300
7290115201741,false,ביסלי בצל 70 גרם,אסם,,ביסלי בצל 70 גרם,גרמים,70.00,100 גרם,false,,4.70,0.0671,false,1,122301
7290115202212,false,טבעול גורמה לביבות ס,,,טבעול גורמה לביבות ס,גרמים,434.00,100 גרם,false,,33.90,0.0781,true,1,188034
7290115202236,false,טבעול טופו קראנצ'ים,,,טבעול טופו קראנצ'ים,גרמים,470.00,100 גרם,false,,31.00,0.0660,false,1,126514
7290115202250,false,טבעול טופו קראנצ'ים,,,טבעול טופו קראנצ'ים,גרמים,470.00,100 גרם,false,,31.00,0.0660,false,1,126515
7290115202434,false,צבר חומוס זעתר,צבר,,צבר חומוס זעתר,גרמים,375.00,100 גרם,false,,12.00,0.0320,true,1,124037
7290115202786,false,מנה חמה פאוצ' בקר,,,מנה חמה פאוצ' בקר,גרמים,70.00,100 גרם,false,,4.40,0.0629,true,1,125015
7290115202816,false,מנה חמה פאוצ' עוף,,,מנה חמה פאוצ' עוף,גרמים,70.00,100 גרם,false,,4.40,0.0629,true,1,125016
7290115202847,false,מנה חמה פאוצ' נודלס,,,מנה חמה פאוצ' נודלס,גרמים,70.00,100 גרם,false,,4.40,0.0629,true,1,125017
7290115202939,false,מנה חמה רייס נודלס ע,,,מנה חמה רייס נודלס ע,גרמים,50.00,100 גרם,false,,8.50,0.1700,true,1,186590
7290115202953,false,מנה חמה רייס נודלס ק,,,מנה חמה רייס נודלס ק,גרמים,55.00,100 גרם,false,,8.50,0.1545,true,1,186591
7290115202977,false,מנה חמה רייס נודלס ר,,,מנה חמה רייס נודלס ר,גרמים,55.00,100 גרם,false,,8.50,0.1545,true,1,186592
7290115203134,false,פופקו פופקורן במבה,,,פופקו פופקורן במבה,גרמים,80.00,100 גרם,false,,5.30,0.0662,false,1,125586
7290115203172,false,במבה פרו 80 גר',אסם,,במבה פרו 80 גר',גרמים,80.00,100 גרם,false,,5.00,0.0625,false,1,189567
7290115203295,false,פרפקטו פסטה ריציאולי,,,פרפקטו פסטה ריציאולי,גרמים,500.00,100 גרם,false,,11.50,0.0230,false,1,125009
7290115203486,false,פירורית בטעם ביסלי ג,,,פירורית בטעם ביסלי ג,גרמים,200.00,100 גרם,false,,6.00,0.0300,false,1,125592
7290115203806,false,רוטב בסיס לבישול אסם,,,רוטב בסיס לבישול אסם,מיליליטרים,290.00,"100 מ""ל",false,,13.90,0.0479,true,1,185797
7290115204056,false,קטשופ אסם מופחת סוכר,,,קטשופ אסם מופחת סוכר,גרמים,690.00,100 גרם,false,,9.90,0.0143,false,1,125982
7290115204155,false,צבר סחוג אדום,,,צבר סחוג אדום,גרמים,190.00,100 גרם,false,,12.90,0.0679,true,1,187325
7290115204186,false,צבר פסטו,,,צבר פסטו,גרמים,190.00,100 גרם,false,,16.90,0.0889,true,1,187190
7290115204261,false,צבר אריסה,,,צבר אריסה,גרמים,190.00,100 גרם,false,,12.90,0.0679,true,1,187357
7290115204612,false,ערגליות מיקס שוקו תו,,,ערגליות מיקס שוקו תו,גרמים,300.00,100 גרם,false,,10.60,0.0353,false,1,125576
7290115204957,false,לחמית איטלקית 160 גר,,,לחמית איטלקית 160 גר,גרמים,160.00,100 גרם,false,,10.50,0.0656,true,1,188811
7290115204995,false,לחמית ים תיכונית,,,לחמית ים תיכונית,גרמים,160.00,100 גרם,false,,10.50,0.0656,true,1,188812
7290115205176,false,פיטנס קרקר דק כפרי,,,פיטנס קרקר דק כפרי,גרמים,140.00,100 גרם,false,,11.90,0.0850,true,1,186240
7290115205251,false,פיטנס בר פריכיות קרמ,,,פיטנס בר פריכיות קרמ,גרמים,84.00,100 גרם,false,,12.90,0.1536,true,1,190150
7290115205312,false,פיטנס קרקר זיתים,,,פיטנס קרקר זיתים,גרמים,140.00,100 גרם,false,,11.90,0.0850,true,1,188813
7290115205527,false,פיטנס חטיף מולטגריין,,,פיטנס חטיף מולטגריין,גרמים,25.00,100 גרם,false,,4.90,0.1960,true,1,188963
7290115205541,false,פיטנס חטיף מולטיגריי,,,פיטנס חטיף מולטיגריי,גרמים,25.00,100 גרם,false,,4.90,0.1960,true,1,188964
7290115205695,false,בצק מצונן לפיצה בונז,,,בצק מצונן לפיצה בונז,גרמים,460.00,100 גרם,false,,17.90,0.0389,true,1,187505
7290115205718,false,בצק מצונן עלים בונז',,,בצק מצונן עלים בונז',גרמים,230.00,100 גרם,false,,13.90,0.0604,true,1,187506
7290115206173,false,פתי בר קרמל אסם,,,פתי בר קרמל אסם,גרמים,500.00,100 גרם,false,,13.90,0.0278,true,1,126626
7290115206852,false,ביסלי צ'זי סטיקס 70,,,ביסלי צ'זי סטיקס 70,גרמים,70.00,100 גרם,false,,4.70,0.0671,false,1,189568
7290115206890,false,ביסלי המבורגר,,,ביסלי המבורגר,גרמים,70.00,100 גרם,false,,4.70,0.0671,false,1,189715
7290115207163,false,פרפקטו ניוקי בזיליקו,,,פרפקטו ניוקי בזיליקו,גרמים,500.00,100 גרם,false,,14.90,0.0298,true,1,187351
7290115207347,false,אינסטנט פודינג פירות,,,אינסטנט פודינג פירות,גרמים,80.00,100 גרם,false,,5.80,0.0725,false,1,188814
7290115207361,false,פתיבר פיסטוק  500 גר,,,פתיבר פיסטוק  500 גר,גרמים,500.00,100 גרם,false,,13.90,0.0278,false,1,188817
7290115207484,false,צבר חציל על האש,,,צבר חציל על האש,גרמים,400.00,100 גרם,false,,15.90,0.0398,true,1,187194
7290115207507,false,צבר סלט טורקי,,,צבר סלט טורקי,גרמים,360.00,100 גרם,false,,15.90,0.0442,true,1,187193
7290115207620,false,רוטב בסגנון סויה קלא,,,רוטב בסגנון סויה קלא,מיליליטרים,290.00,"100 מ""ל",false,,13.90,0.0479,true,1,188621
7290115207668,false,רוטב סויה בסגנון סינ,,,רוטב סויה בסגנון סינ,מיליליטרים,600.00,"100 מ""ל",false,,17.00,0.0283,true,1,188620
7290115207682,false,רוטב סויה בסגנון סינ,,,רוטב סויה בסגנון סינ,מיליליטרים,290.00,"100 מ""ל",false,,12.00,0.0414,true,1,188619
7290115207798,false,טבעול בורגר חריף טבע,,,טבעול בורגר חריף טבע,גרמים,420.00,100 גרם,false,,31.00,0.0738,true,1,188819
7290115207880,false,ויטמינצ'יק פטל 2 ליט,,,ויטמינצ'יק פטל 2 ליט,ליטרים,2.00,ליטר,false,,39.90,19.9500,false,1,187376
7290115207941,false,ויטמינצ'יק אננס 1 לי,,,ויטמינצ'יק אננס 1 לי,ליטרים,1.00,ליטר,false,,19.90,19.9000,false,1,187370
7290115207989,false,ויטמינצ'יק לימון 1 ל,,,ויטמינצ'יק לימון 1 ל,ליטרים,1.00,ליטר,false,,19.90,19.9000,false,1,187485
7290115208009,false,ויטמינצ'יק ענבים 1 ל,,,ויטמינצ'יק ענבים 1 ל,ליטרים,1.00,ליטר,false,,19.90,19.9000,false,1,187379
7290115208023,false,ויטמינצ'יק ענבים 2 ל,,,ויטמינצ'יק ענבים 2 ל,ליטרים,2.00,ליטר,false,,39.90,19.9500,false,1,187380
7290115208047,false,ויטמינצ'יק פטל 1 ליט,,,ויטמינצ'יק פטל 1 ליט,ליטרים,1.00,ליטר,false,,19.90,19.9000,false,1,187371
7290115208061,false,ויטמינצ'יק תפוח 1 לי,,,ויטמינצ'יק תפוח 1 לי,ליטרים,1.00,ליטר,false,,19.90,19.9000,false,1,187373
7290115208344,false,בייגלה כפיות שמנת בצ,,,בייגלה כפיות שמנת בצ,גרמים,300.00,100 גרם,false,,11.90,0.0397,false,1,189714
7290115208566,false,אסם קרמוגית מיניס קר,,,אסם קרמוגית מיניס קר,גרמים,200.00,100 גרם,false,,11.50,0.0575,true,1,189571
7290115208597,false,אסם קרמוגית מיניס קר,,,אסם קרמוגית מיניס קר,גרמים,200.00,100 גרם,false,,11.50,0.0575,true,1,189572
7290115208801,false,לחמית דבש ואגוזים,,,לחמית דבש ואגוזים,גרמים,200.00,100 גרם,false,,10.50,0.0525,true,1,189713
7290115209198,false,במבה אוורירית 80 גר,,,במבה אוורירית 80 גר,גרמים,80.00,100 גרם,false,,5.00,0.0625,false,1,188960
7290115671223,false,מאסט פאן אבטיח מנגו,,,מאסט פאן אבטיח מנגו,גרמים,58.00,100 גרם,false,,9.90,0.1707,true,1,187250
7290115671308,false,מאסט פאן תות דובדבן,,,מאסט פאן תות דובדבן,גרמים,58.00,100 גרם,false,,9.90,0.1707,true,1,187251
7290115671346,false,מיני פינוקיות טופי ק,,,מיני פינוקיות טופי ק,גרמים,180.00,100 גרם,false,,11.50,0.0639,true,1,126653
7290115675696,false,קוואקר Cruesli אגוזי,קוואקר,,קוואקר Cruesli אגוזי,גרמים,375.00,100 גרם,false,,19.90,0.0531,true,1,126683
7290115675702,false,קוואקר Cruesli פירות,קוואקר,,קוואקר Cruesli פירות,גרמים,375.00,100 גרם,false,,19.90,0.0531,true,1,126684
7290115675986,false,דנונה קראנצ אגוזים מ,,,דנונה קראנצ אגוזים מ,גרמים,173.00,100 גרם,false,,4.60,0.0266,false,1,123806
7290115676037,false,דנונה ריפרש תות דומד,,,דנונה ריפרש תות דומד,גרמים,250.00,100 גרם,false,,5.50,0.0220,true,1,125690
7290115676051,false,משקה אקטיביה עם שיבו,,,משקה אקטיביה עם שיבו,גרמים,265.00,100 גרם,false,,4.90,0.0185,true,1,186248
7290115676082,false,משקה דנונה פרו תות,,,משקה דנונה פרו תות,גרמים,255.00,100 גרם,false,,6.90,0.0271,true,1,125693
7290115676099,false,משקה דנונה פרו וניל,,,משקה דנונה פרו וניל,גרמים,255.00,100 גרם,false,,6.90,0.0271,true,1,125694
7290115676273,false,קקאו 500 גרם +10% תו,עלית,,קקאו 500 גרם +10% תו,גרמים,550.00,100 גרם,false,,26.90,0.0489,true,1,125106
7290115677409,false,אורז קארי צהוב דלישס,,,אורז קארי צהוב דלישס,גרמים,350.00,100 גרם,false,,23.90,0.0683,true,1,185993
7290115677966,false,ממרח אבוקדו 200 גרם,,,ממרח אבוקדו 200 גרם,גרמים,200.00,100 גרם,false,,13.90,0.0695,true,1,186031
7290115678222,false,יוגורט יווני מארז שמ,,,יוגורט יווני מארז שמ,קילוגרמים,1.04,"ק""ג",false,,23.90,22.9808,true,1,125692
7290115678376,false,מעדן הגולן שוקולד,,,מעדן הגולן שוקולד,גרמים,125.00,100 גרם,false,,2.80,0.0224,false,1,126723
7290115678383,false,מעדן הגולן מריר,,,מעדן הגולן מריר,גרמים,125.00,100 גרם,false,,2.80,0.0224,false,1,126724
7290115678598,false,חסה אייסברג חיתוך גס,,,חסה אייסברג חיתוך גס,גרמים,300.00,100 גרם,false,,9.90,0.0330,true,1,186425
7290115678970,false,סוכריות FRESH בטעם ב,,,סוכריות FRESH בטעם ב,גרמים,45.00,100 גרם,false,,9.50,0.2111,true,1,126728
7290115679885,false,פיצה מבצק כרובית,,,פיצה מבצק כרובית,גרמים,320.00,100 גרם,false,,19.90,0.0622,true,1,187729
7290115730937,false,כוס מעוטר 40 יח',,,כוס מעוטר 40 יח',יחידה,0.00,יחידה,false,,12.90,0.0000,true,1,188709
7290115731002,false,מרקיות פרח מתכלות,,,מרקיות פרח מתכלות,יחידה,0.00,יחידה,false,,7.90,0.0000,true,1,125389
7290115731019,false,קסרול פרח מתכלות,,,קסרול פרח מתכלות,יחידה,0.00,יחידה,false,,5.90,0.0000,true,1,125393
7290115731026,false,צלחות גדולות פרח מתכ,,,צלחות גדולות פרח מתכ,יחידה,0.00,יחידה,false,,14.90,0.0000,true,1,125390
7290115731033,false,צלחות בינוניות פרח מ,,,צלחות בינוניות פרח מ,יחידה,0.00,יחידה,false,,11.90,0.0000,true,1,125391
7290115731040,false,צלחות קטנות פרח מתכל,,,צלחות קטנות פרח מתכל,יחידה,0.00,יחידה,false,,6.90,0.0000,true,1,125394
7290115733129,false,קופסית עוגה אינגליש,,,קופסית עוגה אינגליש,יחידה,0.00,יחידה,false,,7.90,0.0000,true,1,185932
7290115737141,false,סט צלחות פרחים ניצוצ,,,סט צלחות פרחים ניצוצ,יחידה,0.00,יחידה,false,,31.90,0.0000,true,1,188500
7290115737158,false,סט צלחות פרחים מנטה,,,סט צלחות פרחים מנטה,יחידה,0.00,יחידה,false,,31.90,0.0000,true,1,188497
7290115738209,false,כוס יהלום,,,כוס יהלום,יחידה,0.00,יחידה,false,,9.90,0.0000,true,1,189009
7290116244075,false,אצבעות שוקולד חלב סמ,,,אצבעות שוקולד חלב סמ,גרמים,84.00,100 גרם,false,,7.90,0.0940,true,1,187922
7290116530000,false,דאב תרחיץ פנים מלפפו,דאב,,דאב תרחיץ פנים מלפפו,מיליליטרים,180.00,"100 מ""ל",false,,12.90,0.0717,true,1,190464
7290116530116,false,קליק שלישיית ברים שו,,,קליק שלישיית ברים שו,גרמים,105.00,100 גרם,false,,14.90,0.1419,true,1,126137
7290116530161,false,פינוק תחליב רחצה אננ,פינוק,,פינוק תחליב רחצה אננ,מיליליטרים,700.00,"100 מ""ל",false,,11.90,0.0170,false,1,125723
7290116530185,false,דלישקד 400 גר' תלמה,תלמה,,דלישקד 400 גר' תלמה,גרמים,400.00,100 גרם,false,,19.90,0.0497,false,1,186079
7290116530482,false,מאגדת קורנפלקס אלופי,תלמה,,מאגדת קורנפלקס אלופי,גרמים,150.00,100 גרם,false,,11.90,0.0793,false,1,186080
7290116530871,false,נשנושים מיקס 240 גר',בייגל בייגל,,נשנושים מיקס 240 גר',גרמים,240.00,100 גרם,false,,13.50,0.0563,true,1,125857
7290116530888,false,בדין ג'ל לכביסה פינו,בדין,,בדין ג'ל לכביסה פינו,ליטרים,2.50,ליטר,false,,27.90,11.1600,true,1,126533
7290116531045,false,דליפקאן ללא גלוטן 35,תלמה,,דליפקאן ללא גלוטן 35,גרמים,350.00,100 גרם,false,,19.90,0.0569,true,1,188232
7290116531090,false,דגדג במליחות מעודנת,בייגל בייגל,,דגדג במליחות מעודנת,גרמים,250.00,100 גרם,false,,11.50,0.0460,true,1,187310
7290116531243,false,פינוק שמפו 2-ב-1 קשק,פינוק,,פינוק שמפו 2-ב-1 קשק,מיליליטרים,700.00,"100 מ""ל",false,,11.90,0.0170,false,1,190607
7290116531250,false,פינוק שמפו נגד קשקשי,פינוק,,פינוק שמפו נגד קשקשי,מיליליטרים,700.00,"100 מ""ל",false,,11.90,0.0170,false,1,190215
7290116531496,false,קינמונים 375 גר',תלמה,,קינמונים 375 גר',גרמים,375.00,100 גרם,false,,19.90,0.0531,false,1,188865
7290116531540,false,"קורנפלקס דבש כשל""פ ת",תלמה,,"קורנפלקס דבש כשל""פ ת",גרמים,375.00,100 גרם,false,,15.90,0.0424,true,1,188228
7290116531656,false,פינוק מרכך תפוח 700,פינוק,,פינוק מרכך תפוח 700,מיליליטרים,700.00,"100 מ""ל",false,,11.90,0.0170,false,1,186305
7290116531663,false,פינוק תחליב רחצה תפו,פינוק,,פינוק תחליב רחצה תפו,מיליליטרים,700.00,"100 מ""ל",false,,11.90,0.0170,false,1,186306
7290116531762,false,בדין דפים למייבש ורו,בדין,,בדין דפים למייבש ורו,יחידה,0.00,יחידה,false,,18.90,0.0000,true,1,188775
7290116531779,false,בדין דפי מרכך כחול 4,בדין,,בדין דפי מרכך כחול 4,יחידה,0.00,יחידה,false,,18.90,0.0000,true,1,188989
7290116531793,false,הלמנס רוטב לסלט קיסר,הלמנ'ס,,הלמנס רוטב לסלט קיסר,גרמים,295.00,100 גרם,false,,12.50,0.0424,true,1,186953
7290116531823,false,פינוק תחליב רחצה אגו,פינוק,,פינוק תחליב רחצה אגו,מיליליטרים,700.00,"100 מ""ל",false,,11.90,0.0170,false,1,187108
7290116531830,false,כריות קינמון 686 גר',תלמה,,כריות קינמון 686 גר',גרמים,686.00,100 גרם,false,,24.90,0.0363,false,1,187262
7290116531861,false,פינוק תחליב רחצה שיי,פינוק,,פינוק תחליב רחצה שיי,מיליליטרים,700.00,"100 מ""ל",false,,11.90,0.0170,false,1,188555
7290116531885,false,הלמנס ממרח טבעוני 50,הלמנ'ס,,הלמנס ממרח טבעוני 50,גרמים,500.00,100 גרם,false,,13.90,0.0278,true,1,189530
7290116531892,false,רוטב ברביקיו מעושן 3,קנור,,רוטב ברביקיו מעושן 3,גרמים,350.00,100 גרם,false,,12.50,0.0357,false,1,188774
7290116531908,false,רוטב מרינדה לעל האש,קנור,,רוטב מרינדה לעל האש,גרמים,340.00,100 גרם,false,,12.50,0.0368,true,1,188601
7290116531939,false,גלידונית תות שדה,שטראוס,,גלידונית תות שדה,מיליליטרים,955.00,"100 מ""ל",false,,47.90,0.0502,false,1,188778
7290116532219,false,קורנפלקס תות 448 תלמ,תלמה,,קורנפלקס תות 448 תלמ,גרמים,500.00,100 גרם,false,,18.90,0.0378,false,1,189130
7290116532240,false,קליק טבלה שוקולד חלב,קליק,,קליק טבלה שוקולד חלב,גרמים,85.00,100 גרם,false,,6.50,0.0765,false,1,189154
7290116532264,false,מאגדת גודיז פרי אפרס,שטראוס,,מאגדת גודיז פרי אפרס,גרמים,300.00,100 גרם,false,,24.90,0.0830,true,1,189085
7290116532271,false,מאגדת גודיז סנדוויץ,שטראוס,,מאגדת גודיז סנדוויץ,גרמים,270.00,100 גרם,false,,26.90,0.0996,true,1,189084
7290116532387,false,פינוק סבון ידיים חמא,פינוק,,פינוק סבון ידיים חמא,מיליליטרים,950.00,"100 מ""ל",false,,12.90,0.0136,true,1,188863
7290116532394,false,פינוק סבון ידיים חמא,פינוק,,פינוק סבון ידיים חמא,מיליליטרים,950.00,"100 מ""ל",false,,12.90,0.0136,true,1,188864
7290116532400,false,בייגלה עם מלח אחד אח,בייגל בייגל,,בייגלה עם מלח אחד אח,גרמים,255.00,100 גרם,false,,6.50,0.0255,true,1,190608
7290116532462,false,גלידת שמנת פיינט קלי,שטראוס,,גלידת שמנת פיינט קלי,מיליליטרים,520.00,"100 מ""ל",false,,19.90,0.0383,true,1,188611
7290116532486,false,גלידת שמנת פיינט קלי,שטראוס,,גלידת שמנת פיינט קלי,מיליליטרים,520.00,"100 מ""ל",false,,19.90,0.0383,true,1,188612
7290116532585,false,קרנצ'ים דבש וקינמון,תלמה,,קרנצ'ים דבש וקינמון,גרמים,375.00,100 גרם,false,,19.90,0.0531,false,1,189637
7290116532615,false,פינוק שמפו גוג'י ברי,פינוק,,פינוק שמפו גוג'י ברי,מיליליטרים,700.00,"100 מ""ל",false,,11.90,0.0170,false,1,189529
7290116532622,false,פינוק מרכך גוג'י ברי,פינוק,,פינוק מרכך גוג'י ברי,מיליליטרים,700.00,"100 מ""ל",false,,11.90,0.0170,false,1,189528
7290116532721,false,הלמנס רוטב לסלט לימו,הלמנ'ס,,הלמנס רוטב לסלט לימו,גרמים,295.00,100 גרם,false,,12.50,0.0424,true,1,190636
7290116532738,false,הלמנס רוטב לסלט איטל,הלמנ'ס,,הלמנס רוטב לסלט איטל,גרמים,295.00,100 גרם,false,,12.50,0.0424,true,1,190637
7290116532868,false,פינוק שמפו בייבי 900,פינוק,,פינוק שמפו בייבי 900,מיליליטרים,900.00,"100 מ""ל",false,,19.90,0.0221,true,1,189995
7290116532875,false,פינוק סבון נוזלי ביי,פינוק,,פינוק סבון נוזלי ביי,מיליליטרים,900.00,"100 מ""ל",false,,19.90,0.0221,true,1,189886
7290116532882,false,נשנושים איירביס בצל,בייגל בייגל,,נשנושים איירביס בצל,גרמים,155.00,100 גרם,false,,13.50,0.0871,false,1,190633
7290116532899,false,נשנושים איירביס פלאפ,בייגל בייגל,,נשנושים איירביס פלאפ,גרמים,155.00,100 גרם,false,,13.50,0.0871,false,1,190634
7290116532905,false,נשנושים איירביס ברבי,בייגל בייגל,,נשנושים איירביס ברבי,גרמים,155.00,100 גרם,false,,13.50,0.0871,false,1,190635
7290116533063,false,שוגי בטעם קרטיב ענבי,תלמה,,שוגי בטעם קרטיב ענבי,גרמים,400.00,100 גרם,false,,19.90,0.0497,false,1,189636
7290116533094,false,פינוק שמפו בניחוח ור,פינוק,,פינוק שמפו בניחוח ור,מיליליטרים,700.00,"100 מ""ל",false,,11.90,0.0170,false,1,190400
7290116533100,false,פינוק מרכך שיער ניחו,פינוק,,פינוק מרכך שיער ניחו,מיליליטרים,700.00,"100 מ""ל",false,,11.90,0.0170,false,1,190399
7290116930282,false,ארוחה בקטנה לאבנה עם,,,ארוחה בקטנה לאבנה עם,גרמים,150.00,100 גרם,false,,7.60,0.0507,true,1,189616
7290116930435,false,יוגורט גו סמיך 0% דו,,,יוגורט גו סמיך 0% דו,גרמים,200.00,100 גרם,false,,5.80,0.0290,true,1,188836
7290116930442,false,יופלה SHAKE בננה מנג,,,יופלה SHAKE בננה מנג,מיליליטרים,230.00,"100 מ""ל",false,,7.90,0.0343,false,1,189183
7290116930459,false,יופלה SHAKE בננה אננ,,,יופלה SHAKE בננה אננ,מיליליטרים,230.00,"100 מ""ל",false,,7.90,0.0343,false,1,189186
7290116930466,false,יופלה SHAKE מנגו בננ,,,יופלה SHAKE מנגו בננ,מיליליטרים,230.00,"100 מ""ל",false,,7.90,0.0343,false,1,189187
7290116930480,false,יופלה SHAKE בננה קיו,,,יופלה SHAKE בננה קיו,מיליליטרים,230.00,"100 מ""ל",false,,7.90,0.0343,false,1,189185
7290116930626,false,ארוחה בקטנה צזיקי עם,,,ארוחה בקטנה צזיקי עם,גרמים,150.00,100 גרם,false,,7.60,0.0507,true,1,189617
7290116930701,false,מעדן חלב גו בטעם קרמ,,,מעדן חלב גו בטעם קרמ,גרמים,120.00,100 גרם,false,,4.70,0.0392,true,1,189184
7290116930725,false,סויה ביו קוקוס,,,סויה ביו קוקוס,גרמים,150.00,100 גרם,false,,4.40,0.0293,true,1,189618
7290116931074,false,פרוסות טל העמק 32% 3,,,פרוסות טל העמק 32% 3,גרמים,300.00,100 גרם,false,,25.90,0.0863,false,1,190209
7290116931081,false,מעדן סויה בטעם טופי,,,מעדן סויה בטעם טופי,גרמים,125.00,100 גרם,false,,3.90,0.0312,true,1,189619
7290116931104,false,יופלה גו במרקם סמיך,,,יופלה גו במרקם סמיך,גרמים,200.00,100 גרם,false,,5.80,0.0290,true,1,189620
7290117380154,false,מאסטר שף רוטב אסייתי,,,מאסטר שף רוטב אסייתי,גרמים,264.00,100 גרם,false,,9.90,0.0375,true,1,188943
7290117380857,false,סלים דליס פייבר-עוגו,,,סלים דליס פייבר-עוגו,גרמים,120.00,100 גרם,false,,10.90,0.0908,true,1,189552
7290117380871,false,מרבה סלים דליס פייבר,,,מרבה סלים דליס פייבר,גרמים,120.00,100 גרם,false,,10.90,0.0908,true,1,189205
7290117381236,false,פוף פריכיות מצופות ש,,,פוף פריכיות מצופות ש,גרמים,70.00,100 גרם,false,,7.90,0.1129,true,1,189921
7290117382318,false,סלים דליס חטיף חלבון,,,סלים דליס חטיף חלבון,גרמים,60.00,100 גרם,false,,11.90,0.1983,true,1,189890
7290117382325,false,סלים דליס חטיף חלבון,,,סלים דליס חטיף חלבון,גרמים,60.00,100 גרם,false,,11.90,0.1983,true,1,189891
7290117382332,false,סלים דליס חטיף חלבון,,,סלים דליס חטיף חלבון,גרמים,60.00,100 גרם,false,,11.90,0.1983,true,1,189892
7291044047233,false,קומקום חשמלי 1.7ל' י,,,קומקום חשמלי 1.7ל' י,יחידה,0.00,יחידה,false,,77.90,0.0000,true,1,65462
7291044050677,false,קומקום נירוסטה אדום,,,קומקום נירוסטה אדום,יחידה,0.00,יחידה,false,,119.90,0.0000,true,1,63578
7291044053159,false,קומקום חשמלי פנינה 2,,,קומקום חשמלי פנינה 2,יחידה,0.00,יחידה,false,,69.90,0.0000,true,1,113438
7291546455635,false,תירס לבן כפרי חן,,,תירס לבן כפרי חן,יחידה,0.00,יחידה,false,,19.90,0.0000,true,1,112742
7294034321078,false,חטיף דאמבל עוף לכלב,,,חטיף דאמבל עוף לכלב,גרמים,80.00,100 גרם,false,,11.00,0.1375,true,1,187668
7294034321184,false,חטיף דאמבל לכלב לבבו,,,חטיף דאמבל לכלב לבבו,גרמים,80.00,100 גרם,false,,11.00,0.1375,true,1,187669
7296021023323,false,מיכל מלבן פלסטיק,,,מיכל מלבן פלסטיק,יחידה,0.00,יחידה,false,,16.90,0.0000,true,1,98773
7296021023330,false,מיכל 900מל מלבן פסטי,,,מיכל 900מל מלבן פסטי,יחידה,0.00,יחידה,false,,22.90,0.0000,true,1,57843
7296021023347,false,מיכל 1.1ל מלבן פלסטי,,,מיכל 1.1ל מלבן פלסטי,יחידה,0.00,יחידה,false,,24.90,0.0000,true,1,57844
7296021023408,false,מיכל 1.6 ליטר,,,מיכל 1.6 ליטר,יחידה,0.00,יחידה,false,,19.90,0.0000,true,1,68910
7296021023415,false,"מיכל 670 מ""ל מלבן פל",,,"מיכל 670 מ""ל מלבן פל",יחידה,0.00,יחידה,false,,21.00,0.0000,true,1,55894
7296021023460,false,מיכל מרובע 1.1 ליטר,,,מיכל מרובע 1.1 ליטר,יחידה,0.00,יחידה,false,,22.90,0.0000,true,1,61071
7296021040566,false,"קערה 22 ס""מ נירוסטה",,,"קערה 22 ס""מ נירוסטה",יחידה,0.00,יחידה,false,,21.90,0.0000,true,1,107653
7296021108945,false,כד מידה נעמן,,,כד מידה נעמן,יחידה,0.00,יחידה,false,,15.90,0.0000,true,1,65770
7296021108952,false,"כד מידה 300 מ""ל נעמן",,,"כד מידה 300 מ""ל נעמן",יחידה,0.00,יחידה,false,,10.90,0.0000,true,1,65771
7296021114137,false,נפה לקמח משי,,,נפה לקמח משי,יחידה,0.00,יחידה,false,,29.90,0.0000,true,1,97602
7296021114144,false,"נפה לקוסקוס 26 ס""מ",,,"נפה לקוסקוס 26 ס""מ",יחידה,0.00,יחידה,false,,36.90,0.0000,true,1,68279
7296021121548,false,תבנית פאי  תבנית מתפ,,,תבנית פאי  תבנית מתפ,יחידה,0.00,יחידה,false,,24.90,0.0000,true,1,99761
7296021124556,false,סט כף ותרווד מעץ נעמ,,,סט כף ותרווד מעץ נעמ,יחידה,0.00,יחידה,false,,10.90,0.0000,true,1,94686
7296021124907,false,לוח חיתוך גמיש צבעונ,,,לוח חיתוך גמיש צבעונ,יחידה,0.00,יחידה,false,,32.90,0.0000,true,1,96403
7296021127083,false,תרמוס שתיה  חצי ליטר,,,תרמוס שתיה  חצי ליטר,יחידה,0.00,יחידה,false,,47.90,0.0000,true,1,111984
7296021127137,false,צנצנת אחסון זכוכית ס,,,צנצנת אחסון זכוכית ס,יחידה,0.00,יחידה,false,,42.90,0.0000,true,1,124597
7296021132575,false,"קלחת נירוסטה 16 ס""מ",,,"קלחת נירוסטה 16 ס""מ",יחידה,0.00,יחידה,false,,89.90,0.0000,true,1,116916
7296021133541,false,מצקת נירוסטה,,,מצקת נירוסטה,יחידה,0.00,יחידה,false,,21.90,0.0000,true,1,98802
7296021133596,false,כף בישול ידית שחורה,,,כף בישול ידית שחורה,יחידה,0.00,יחידה,false,,15.90,0.0000,true,1,101999
7296021133657,false,גלגלת דו ראשית לפיצה,,,גלגלת דו ראשית לפיצה,יחידה,0.00,יחידה,false,,12.90,0.0000,true,1,112014
7296021133732,false,כף עוגה ידית שחורה נ,,,כף עוגה ידית שחורה נ,יחידה,0.00,יחידה,false,,10.90,0.0000,true,1,103274
7296021133749,false,מסננת קטנה ידית שחור,,,מסננת קטנה ידית שחור,יחידה,0.00,יחידה,false,,9.90,0.0000,true,1,107123
7296021136030,false,קולפן Y,,,קולפן Y,יחידה,0.00,יחידה,false,,18.50,0.0000,true,1,102299
7296021136757,false,"תבנית קפיץ 24 ס""מ",,,"תבנית קפיץ 24 ס""מ",יחידה,0.00,יחידה,false,,42.90,0.0000,true,1,121579
7296021137846,false,קולפן נירוסטה,,,קולפן נירוסטה,יחידה,0.00,יחידה,false,,15.90,0.0000,true,1,121577
7296021137860,false,חותך רצועות כרוב,,,חותך רצועות כרוב,יחידה,0.00,יחידה,false,,17.90,0.0000,true,1,105812
7296021146398,false,תבנית לאפיה קפיץ 18,,,תבנית לאפיה קפיץ 18,יחידה,0.00,יחידה,false,,24.90,0.0000,true,1,104784
7296021146404,false,תבנית לאפיה קפיץ 20,,,תבנית לאפיה קפיץ 20,יחידה,0.00,יחידה,false,,29.90,0.0000,true,1,104460
7296021146428,false,תבנית לאפיה קפיץ 24,,,תבנית לאפיה קפיץ 24,יחידה,0.00,יחידה,false,,36.90,0.0000,true,1,104462
7296021146435,false,תבנית לאפיה קפיץ 26,,,תבנית לאפיה קפיץ 26,יחידה,0.00,יחידה,false,,38.90,0.0000,true,1,104785
7296021148484,false,קרש חיתוך 29*21 פלסט,,,קרש חיתוך 29*21 פלסט,יחידה,0.00,יחידה,false,,25.90,0.0000,true,1,105835
7296021152221,false,סוחט לימון ידני פלסט,,,סוחט לימון ידני פלסט,יחידה,0.00,יחידה,false,,8.90,0.0000,true,1,105389
7296021156403,false,מרית סיליקון,,,מרית סיליקון,יחידה,0.00,יחידה,false,,19.90,0.0000,true,1,125812
7296021156427,false,מרחן זווית,,,מרחן זווית,יחידה,0.00,יחידה,false,,15.90,0.0000,true,1,108819
7296021156441,false,מברשת סיליקון,,,מברשת סיליקון,יחידה,0.00,יחידה,false,,21.90,0.0000,true,1,108115
7296021156526,false,קופסת אחסון זכוכית 4,,,קופסת אחסון זכוכית 4,יחידה,0.00,יחידה,false,,64.90,0.0000,true,1,113122
7296021157271,false,מאג 300 מל דיימונד,,,מאג 300 מל דיימונד,יחידה,0.00,יחידה,false,,3.90,0.0000,true,1,113404
7296021159886,false,סכין ירקות,,,סכין ירקות,יחידה,0.00,יחידה,false,,11.90,0.0000,true,1,110816
7296021160875,false,מספריים למטבח עם מגנ,,,מספריים למטבח עם מגנ,יחידה,0.00,יחידה,false,,19.90,0.0000,true,1,111992
7296021161131,false,צנצנת פטנט 750 מל',,,צנצנת פטנט 750 מל',יחידה,0.00,יחידה,false,,12.90,0.0000,true,1,124563
7296021161148,false,צנצנת פטנט,,,צנצנת פטנט,יחידה,0.00,יחידה,false,,18.90,0.0000,true,1,109766
7296021161209,false,צנצנת זכוכית מרובעת,,,צנצנת זכוכית מרובעת,יחידה,0.00,יחידה,false,,17.90,0.0000,true,1,127025
7296021161605,false,קופסה ריבוע זכוכית,,,קופסה ריבוע זכוכית,יחידה,0.00,יחידה,false,,16.90,0.0000,true,1,108851
7296021168116,false,"מאג 300 מ""ל זכוכית",,,"מאג 300 מ""ל זכוכית",יחידה,0.00,יחידה,false,,3.90,0.0000,true,1,111993
7296021170652,false,פותחן שימורים,,,פותחן שימורים,יחידה,0.00,יחידה,false,,7.90,0.0000,true,1,115138
7296021170669,false,פותחן יין /חולץ פפקי,,,פותחן יין /חולץ פפקי,יחידה,0.00,יחידה,false,,25.90,0.0000,true,1,113420
7296021170713,false,כותש שום,,,כותש שום,יחידה,0.00,יחידה,false,,31.90,0.0000,true,1,113123
7296021170799,false,מסחטת לימון,,,מסחטת לימון,יחידה,0.00,יחידה,false,,24.90,0.0000,true,1,113125
7296021170836,false,מערוך 30*50,,,מערוך 30*50,יחידה,0.00,יחידה,false,,34.90,0.0000,true,1,114508
7296021170904,false,קונוסים לאפיה,,,קונוסים לאפיה,יחידה,0.00,יחידה,false,,16.90,0.0000,true,1,113421
7296021170911,false,מבזקת אבקת סוכר,,,מבזקת אבקת סוכר,יחידה,0.00,יחידה,false,,12.90,0.0000,true,1,116136
7296021170935,false,מטרפה עם לקקן סיליקו,,,מטרפה עם לקקן סיליקו,יחידה,0.00,יחידה,false,,18.90,0.0000,true,1,113741
7296021172151,false,סלסלת אחסון,,,סלסלת אחסון,יחידה,0.00,יחידה,false,,7.90,0.0000,true,1,113426
7296021172168,false,סלסלת אחסון לפירות ו,,,סלסלת אחסון לפירות ו,יחידה,0.00,יחידה,false,,9.90,0.0000,true,1,115721
7296021172380,false,"סכין 20 ס""מ ידית שף",,,"סכין 20 ס""מ ידית שף",יחידה,0.00,יחידה,false,,24.90,0.0000,true,1,113742
7296021184178,false,מעמד לנייר סופג,,,מעמד לנייר סופג,יחידה,0.00,יחידה,false,,51.90,0.0000,true,1,121547
7296021187636,false,כוסות מדידה,,,כוסות מדידה,יחידה,0.00,יחידה,false,,11.90,0.0000,true,1,119420
7296021187650,false,מגרדת עם קופסא,,,מגרדת עם קופסא,יחידה,0.00,יחידה,false,,24.90,0.0000,true,1,119651
7296021189470,false,מכשיר להכנת פלאפל,,,מכשיר להכנת פלאפל,יחידה,0.00,יחידה,false,,19.90,0.0000,true,1,122589
7296021191367,false,קרחון עם מכסה,,,קרחון עם מכסה,יחידה,0.00,יחידה,false,,9.90,0.0000,true,1,115140
7296021191787,false,"מחבת יציקה 20 ס""מ",,,"מחבת יציקה 20 ס""מ",יחידה,0.00,יחידה,false,,59.90,0.0000,true,1,125315
7296021191855,false,מחבת גריל יציקה 28 ס,,,מחבת גריל יציקה 28 ס,יחידה,0.00,יחידה,false,,99.90,0.0000,true,1,116170
7296021226823,false,"קערית 13 ס""מ",,,"קערית 13 ס""מ",יחידה,0.00,יחידה,false,,9.90,0.0000,true,1,118101
7296021226885,false,מפה עם גומי לשולחן פ,,,מפה עם גומי לשולחן פ,יחידה,0.00,יחידה,false,,24.90,0.0000,true,1,122585
7296021227905,false,קסרול עם מכסה 4 ליטר,,,קסרול עם מכסה 4 ליטר,יחידה,0.00,יחידה,false,,69.90,0.0000,true,1,118105
7296021228483,false,קערת אחסון עגולה,,,קערת אחסון עגולה,יחידה,0.00,יחידה,false,,24.90,0.0000,true,1,119652
7296021228490,false,קערת אחסון עגולה,,,קערת אחסון עגולה,יחידה,0.00,יחידה,false,,21.90,0.0000,true,1,121249
7296021228506,false,קערת אחסון עגולה,,,קערת אחסון עגולה,יחידה,0.00,יחידה,false,,16.90,0.0000,true,1,121250
7296021228513,false,קערת אחסון עגולה,,,קערת אחסון עגולה,יחידה,0.00,יחידה,false,,9.90,0.0000,true,1,121251
7296021230622,false,פרייבט שף - סינר,,,פרייבט שף - סינר,יחידה,0.00,יחידה,false,,34.90,0.0000,true,1,125813
7296021232220,false,צנצנת 2 ליטר,,,צנצנת 2 ליטר,יחידה,0.00,יחידה,false,,26.90,0.0000,true,1,121567
7296021232244,false,צנצנת 1.2 ליטר,,,צנצנת 1.2 ליטר,יחידה,0.00,יחידה,false,,21.90,0.0000,true,1,121569
7296021232275,false,"דבשיה 500 מ""ל",,,"דבשיה 500 מ""ל",יחידה,0.00,יחידה,false,,26.90,0.0000,true,1,121570
7296021232558,false,תרמוס 1 ליטר,,,תרמוס 1 ליטר,יחידה,0.00,יחידה,false,,42.90,0.0000,true,1,120611
7296021249488,false,"מיכל אחסון 700 מ""ל",,,"מיכל אחסון 700 מ""ל",יחידה,0.00,יחידה,false,,21.90,0.0000,true,1,123992
7296021249495,false,"מיכל אחסון 900מ""ל",,,"מיכל אחסון 900מ""ל",יחידה,0.00,יחידה,false,,23.90,0.0000,true,1,187537
7296021249501,false,מיכל אחסון 1.2 ליטר,,,מיכל אחסון 1.2 ליטר,יחידה,0.00,יחידה,false,,24.90,0.0000,true,1,187538
7296021249563,false,מגרדת דו צדדית מתקפל,,,מגרדת דו צדדית מתקפל,יחידה,0.00,יחידה,false,,15.90,0.0000,true,1,125815
7296021255564,false,מנדולינה - סלסייר,,,מנדולינה - סלסייר,יחידה,0.00,יחידה,false,,87.90,0.0000,true,1,187543
7296021256790,false,כף גלידה,,,כף גלידה,יחידה,0.00,יחידה,false,,11.90,0.0000,true,1,122587
7296021256882,false,"קלחת 16 ס""מ",,,"קלחת 16 ס""מ",יחידה,0.00,יחידה,false,,59.90,0.0000,true,1,188399
7296021262586,false,"תרסיס שמן 150 מ""ל זכ",,,"תרסיס שמן 150 מ""ל זכ",יחידה,0.00,יחידה,false,,25.90,0.0000,true,1,190380
7296021263149,false,זוג פמוטים,,,זוג פמוטים,יחידה,0.00,יחידה,false,,39.90,0.0000,true,1,127036
7296021263446,false,תבנית אפייה מרובעת ע,,,תבנית אפייה מרובעת ע,יחידה,0.00,יחידה,false,,39.90,0.0000,true,1,125818
7296021263712,false,נפה,,,נפה,יחידה,0.00,יחידה,false,,21.90,0.0000,true,1,126701
7296021266713,false,"מסננת 22 ס""מ",,,"מסננת 22 ס""מ",יחידה,0.00,יחידה,false,,26.90,0.0000,true,1,126706
7296021266836,false,כף ותרווד עץ,,,כף ותרווד עץ,יחידה,0.00,יחידה,false,,10.90,0.0000,true,1,189115
7296021266843,false,פטיש לשניצל,,,פטיש לשניצל,יחידה,0.00,יחידה,false,,19.90,0.0000,true,1,126708
7296021268458,false,"קופסת אחסון 250 מ""ל",,,"קופסת אחסון 250 מ""ל",יחידה,0.00,יחידה,false,,11.90,0.0000,true,1,187546
7296021271458,false,קרש חיתוך,,,קרש חיתוך,יחידה,0.00,יחידה,false,,26.90,0.0000,true,1,190326
7296021272707,false,"פינג'אן 700 מ""ל",,,"פינג'אן 700 מ""ל",יחידה,0.00,יחידה,false,,32.90,0.0000,true,1,190053
7296021273292,false,פרייבט שף - כפפה,,,פרייבט שף - כפפה,יחידה,0.00,יחידה,false,,19.90,0.0000,true,1,188330
7296021276934,false,"מחבת 24 ס""מ אפור",,,"מחבת 24 ס""מ אפור",יחידה,0.00,יחידה,false,,51.90,0.0000,true,1,190497
7296021277023,false,סוטז 4.55 ליטר אפור,,,סוטז 4.55 ליטר אפור,יחידה,0.00,יחידה,false,,109.90,0.0000,true,1,190500
7296021282614,false,מסננת נירוסטה 28 סמ',,,מסננת נירוסטה 28 סמ',יחידה,0.00,יחידה,false,,32.90,0.0000,true,1,59588
7296021282621,false,מסננת נירוסטה,,,מסננת נירוסטה,יחידה,0.00,יחידה,false,,25.90,0.0000,true,1,59589
7296021407161,false,מלחיה,,,מלחיה,יחידה,0.00,יחידה,false,,5.50,0.0000,true,1,65757
7296021409554,false,מועך שום אלומיניום,,,מועך שום אלומיניום,יחידה,0.00,יחידה,false,,14.90,0.0000,true,1,65758
7296021417054,false,סט כפיות פרפקטו,,,סט כפיות פרפקטו,יחידה,0.00,יחידה,false,,17.90,0.0000,true,1,55411
7296021417085,false,כפית לימונדה שלישיה,,,כפית לימונדה שלישיה,יחידה,0.00,יחידה,false,,17.90,0.0000,true,1,57077
7296021602115,false,מלקחיים נירוסטה,,,מלקחיים נירוסטה,יחידה,0.00,יחידה,false,,7.90,0.0000,true,1,62405
7296021611940,false,פינג'אן נירוסטה מילנ,,,פינג'אן נירוסטה מילנ,יחידה,0.00,יחידה,false,,41.90,0.0000,true,1,33002
7296021625015,false,סט כפות שישיה,,,סט כפות שישיה,יחידה,0.00,יחידה,false,,28.90,0.0000,true,1,65773
7296021625022,false,סט מזלגות שישיה,,,סט מזלגות שישיה,יחידה,0.00,יחידה,false,,28.90,0.0000,true,1,65774
7296058000526,false,פרכיות פרח כוסמת 130,,,פרכיות פרח כוסמת 130,גרמים,130.00,100 גרם,false,,7.90,0.0608,true,1,69736
7296058110010,false,פריכיות אורז פרח,,,פריכיות אורז פרח,גרמים,110.00,100 גרם,false,,4.90,0.0445,true,1,124389
7296058110041,false,פריכיות אורז מלא ותי,,,פריכיות אורז מלא ותי,גרמים,110.00,100 גרם,false,,4.90,0.0445,true,1,190625
7296082000035,false,ביצה פלוס 6 יח,,,ביצה פלוס 6 יח,יחידה,0.00,יחידה,false,,13.90,0.0000,true,1,14413
7296082000080,false,ביצי חופש תריסר,,,ביצי חופש תריסר,יחידה,0.00,יחידה,false,,22.90,0.0000,true,1,56775
7296082000110,false,"ביצה סופר טריה ""  L",,,"ביצה סופר טריה ""  L",יחידה,0.00,יחידה,false,,30.13,0.0000,true,1,58778
7296082000134,false,ביצים גדול L,,,ביצים גדול L,יחידה,0.00,יחידה,false,,12.05,0.0000,false,1,30972
7296082000141,false,ביצים בינוני M,,,ביצים בינוני M,יחידה,0.00,יחידה,false,,11.15,0.0000,false,1,35622
7296082000165,false,ביצים אורגניות תריסר,,,ביצים אורגניות תריסר,יחידה,0.00,יחידה,false,,22.90,0.0000,true,1,56776
7296082000189,false,ביצה פלוס 30 יח' L,,,ביצה פלוס 30 יח' L,יחידה,0.00,יחידה,false,,37.90,0.0000,true,1,98538
7296179006285,false,לק עמיד 308,,,לק עמיד 308,מיליליטרים,17.00,"מ""ל",false,,11.90,0.7000,true,1,95029
7296179007381,false,קרם רב שימושי אלוורה,,,קרם רב שימושי אלוורה,מיליליטרים,0.00,"מ""ל",false,,21.90,0.0000,true,1,18470
7296179007398,false,מסיר לק אלוורה,,,מסיר לק אלוורה,מיליליטרים,100.00,"100 מ""ל",false,,13.90,0.1390,true,1,18471
7296179007411,false,מסיר לק ללא אציטון,,,מסיר לק ללא אציטון,מיליליטרים,100.00,"100 מ""ל",false,,13.90,0.1390,true,1,18472
7296179008029,false,לק עמיד 443,,,לק עמיד 443,מיליליטרים,17.00,"מ""ל",false,,11.90,0.7000,true,1,95035
7296179008043,false,לק עמיד 485,,,לק עמיד 485,מיליליטרים,17.00,"מ""ל",false,,11.90,0.7000,true,1,95037
7296179009798,false,דאודורנט רול חלאבילי,,,דאודורנט רול חלאבילי,מיליליטרים,80.00,"100 מ""ל",false,,23.90,0.2987,true,1,109907
7296179010046,false,לק עמיד 005,,,לק עמיד 005,מיליליטרים,17.00,"מ""ל",false,,11.90,0.7000,true,1,94954
7296179010152,false,לק עמיד 016,,,לק עמיד 016,מיליליטרים,17.00,"מ""ל",false,,11.90,0.7000,true,1,94958
7296179010213,false,לק עמיד 022,,,לק עמיד 022,מיליליטרים,17.00,"מ""ל",false,,11.90,0.7000,true,1,94959
7296179010305,false,לק עמיד 031,,,לק עמיד 031,מיליליטרים,17.00,"מ""ל",false,,11.90,0.7000,true,1,94969
7296179010381,false,לק עמיד 039,,,לק עמיד 039,מיליליטרים,17.00,"מ""ל",false,,11.90,0.7000,true,1,94973
7296179010435,false,לק עמיד 044,,,לק עמיד 044,מיליליטרים,17.00,"מ""ל",false,,11.90,0.7000,true,1,94976
7296179010701,false,לק עמיד 071,,,לק עמיד 071,מיליליטרים,17.00,"מ""ל",false,,11.90,0.7000,true,1,94982
7296179010718,false,לק עמיד 072,,,לק עמיד 072,מיליליטרים,17.00,"מ""ל",false,,11.90,0.7000,true,1,94983
7296179010930,false,לק עמיד 094,,,לק עמיד 094,מיליליטרים,17.00,"מ""ל",false,,11.90,0.7000,true,1,94987
7296179011142,false,לק עמיד 237,,,לק עמיד 237,מיליליטרים,17.00,"מ""ל",false,,11.90,0.7000,true,1,94989
7296179011197,false,לק עמיד 262,,,לק עמיד 262,מיליליטרים,17.00,"מ""ל",false,,11.90,0.7000,true,1,94991
7296179011272,false,לק עמיד 230,,,לק עמיד 230,מיליליטרים,17.00,"מ""ל",false,,11.90,0.7000,true,1,94993
7296179011333,false,לק עמיד 102,,,לק עמיד 102,מיליליטרים,17.00,"מ""ל",false,,11.90,0.7000,true,1,94994
7296179011470,false,לק עמיד 116,,,לק עמיד 116,מיליליטרים,17.00,"מ""ל",false,,11.90,0.7000,true,1,94995
7296179011524,false,לק עמיד 201,,,לק עמיד 201,מיליליטרים,17.00,"מ""ל",false,,11.90,0.7000,true,1,94998
7296179011562,false,לק עמיד 225,,,לק עמיד 225,מיליליטרים,17.00,"מ""ל",false,,11.90,0.7000,true,1,95000
7296179011692,false,לק עמיד 299,,,לק עמיד 299,מיליליטרים,17.00,"מ""ל",false,,11.90,0.7000,true,1,95052
7296179011715,false,לק עמיד 214,,,לק עמיד 214,מיליליטרים,17.00,"מ""ל",false,,11.90,0.7000,true,1,95004
7296179011784,false,לק טופ מט,,,לק טופ מט,מיליליטרים,0.00,"מ""ל",false,,25.90,0.0000,true,1,43585
7296179012057,false,לק עמיד 406,,,לק עמיד 406,מיליליטרים,17.00,"מ""ל",false,,11.90,0.7000,true,1,95059
7296179012064,false,לק עמיד 251,,,לק עמיד 251,מיליליטרים,17.00,"מ""ל",false,,11.90,0.7000,true,1,95009
7296179012187,false,לק עמיד 048,,,לק עמיד 048,מיליליטרים,17.00,"מ""ל",false,,11.90,0.7000,true,1,95010
7296179012194,false,לק עמיד 054,,,לק עמיד 054,מיליליטרים,17.00,"מ""ל",false,,11.90,0.7000,true,1,95011
7296179012286,false,לק עמיד 424,,,לק עמיד 424,מיליליטרים,17.00,"מ""ל",false,,11.90,0.7000,true,1,95072
7296179012606,false,מייבש לק וטופ,,,מייבש לק וטופ,יחידה,0.00,יחידה,false,,34.90,0.0000,true,1,104926
7296179014969,false,לק עמיד 255,,,לק עמיד 255,מיליליטרים,17.00,"מ""ל",false,,11.90,0.7000,true,1,95015
7296179020007,false,חמאת גוף לבנדר שיק,,,חמאת גוף לבנדר שיק,מיליליטרים,0.00,"מ""ל",false,,25.90,0.0000,true,1,28451
7296179021059,false,לק עמיד 483,,,לק עמיד 483,מיליליטרים,17.00,"מ""ל",false,,11.90,0.7000,true,1,95083
7296179024562,false,"מסיק לק אדום 100 מ""ל",,,"מסיק לק אדום 100 מ""ל",מיליליטרים,100.00,"100 מ""ל",false,,7.90,0.0790,true,1,109203
7296179024579,false,"מסיק לק צהוב 100 מ""ל",,,"מסיק לק צהוב 100 מ""ל",מיליליטרים,100.00,"100 מ""ל",false,,9.90,0.0990,true,1,109204
7296179024586,false,"מסיק לק סגול 100 מ""ל",,,"מסיק לק סגול 100 מ""ל",מיליליטרים,100.00,"100 מ""ל",false,,9.90,0.0990,true,1,109205
7296179024593,false,"מסיק לק לבן 100 מ""ל",,,"מסיק לק לבן 100 מ""ל",מיליליטרים,100.00,"100 מ""ל",false,,9.90,0.0990,true,1,109210
7296179028454,false,לק עמיד822,,,לק עמיד822,מיליליטרים,17.00,"100 מ""ל",false,,11.90,0.7000,true,1,114841
7297028104558,true,גופיה טרמית לגבר,,,גופיה טרמית לגבר,,0.00,,false,,23.90,0.0000,true,1,123086
7297028107634,false,טייץ נשים,,,טייץ נשים,יחידה,0.00,יחידה,false,,19.90,0.0000,true,1,189299
7297028157509,false,גוזיה,,,גוזיה,יחידה,0.00,יחידה,false,,25.90,0.0000,true,1,118023
7297028160622,false,גרביים,,,גרביים,יחידה,0.00,יחידה,false,,15.90,0.0000,true,1,118018
7297028181962,false,בוקסר כותנה,,,בוקסר כותנה,יחידה,0.00,יחידה,false,,13.50,0.0000,true,1,186793
7297028183102,false,גוזיה,,,גוזיה,יחידה,0.00,יחידה,false,,25.90,0.0000,true,1,189465
7297028184215,false,תחתון נשים,,,תחתון נשים,יחידה,0.00,יחידה,false,,15.90,0.0000,true,1,189468
7297028185212,false,תחתונים,,,תחתונים,יחידה,0.00,יחידה,false,,15.90,0.0000,true,1,188780
7297028185458,false,גוזיה,,,גוזיה,יחידה,0.00,יחידה,false,,25.90,0.0000,true,1,189784
7297028185885,false,קרסוליות נשים,,,קרסוליות נשים,יחידה,0.00,יחידה,false,,15.90,0.0000,true,1,190204
7297028190469,false,קרסוליות נשים שלישיי,,,קרסוליות נשים שלישיי,יחידה,0.00,יחידה,false,,15.90,0.0000,true,1,189691
7297028193460,false,תחתון נשים,,,תחתון נשים,יחידה,0.00,יחידה,false,,15.90,0.0000,true,1,190622
7297028193484,false,תחתון נשים,,,תחתון נשים,יחידה,0.00,יחידה,false,,15.90,0.0000,true,1,190623
7297307070307,false,שלישית מגבות מטבח,,,שלישית מגבות מטבח,יחידה,0.00,יחידה,false,,24.90,0.0000,true,1,81953
7297391112976,false,גרבי חילות,,,גרבי חילות,יחידה,0.00,יחידה,false,,7.50,0.0000,true,1,106125
7297395000064,false,דפי בדיקה הגיינה,,,דפי בדיקה הגיינה,יחידה,0.00,יחידה,false,,22.90,0.0000,true,1,188252
7297488036437,false,"סיכות תיק תק 4.6 ס""מ",,,"סיכות תיק תק 4.6 ס""מ",יחידה,0.00,יחידה,false,,3.90,0.0000,true,1,96260
7297488036567,false,סיכת מקור שחורה /צבע,,,סיכת מקור שחורה /צבע,יחידה,0.00,יחידה,false,,5.90,0.0000,true,1,96224
7297488040441,false,מטריה ג'מבו צבעונית,,,מטריה ג'מבו צבעונית,יחידה,0.00,יחידה,false,,39.90,0.0000,true,1,102545
7297488040762,false,מטריה שחורה גדולה,,,מטריה שחורה גדולה,יחידה,0.00,יחידה,false,,25.90,0.0000,true,1,96550
7297488098305,false,קמח שקדים דגש 250 גר,,,קמח שקדים דגש 250 גר,גרמים,250.00,100 גרם,false,,25.90,0.1036,true,1,111902
7297488212312,false,מראה מגדילה,,,מראה מגדילה,יחידה,0.00,יחידה,false,,5.00,0.0000,true,1,99620
7297488298972,false,כובע רחב שוליים,,,כובע רחב שוליים,יחידה,0.00,יחידה,false,,27.90,0.0000,true,1,65873
7312040017683,false,"וודקה אבסולוט 700 מ""",,,"וודקה אבסולוט 700 מ""",מיליליטרים,700.00,"100 מ""ל",false,,59.90,0.0856,false,1,62994
7321011040308,false,מפיות דוני 20 יח',,,מפיות דוני 20 יח',יחידה,0.00,יחידה,false,,7.00,0.0000,true,1,42203
7321011040629,false,מפיות ניר תלת שכבתי,,,מפיות ניר תלת שכבתי,יחידה,0.00,יחידה,false,,7.00,0.0000,true,1,25761
7321011404070,false,מפיות ניר תלת שכבתי,,,מפיות ניר תלת שכבתי,יחידה,0.00,יחידה,false,,10.90,0.0000,true,1,32727
7332531063135,false,סאיוס סרמיד ספריי 40,,,סאיוס סרמיד ספריי 40,מיליליטרים,400.00,"100 מ""ל",false,,26.90,0.0672,true,1,106098
7350022390386,false,קקאו ואן הוטן,,,קקאו ואן הוטן,גרמים,125.00,100 גרם,false,,13.50,0.1080,true,1,58171
7394376616778,false,אוטלי משקה שיבולת שו,,,אוטלי משקה שיבולת שו,מיליליטרים,1000.00,"100 מ""ל",false,,15.90,0.0159,true,1,120665
7501013101348,false,ג'ומקס מנגו בקבוק 47,,,ג'ומקס מנגו בקבוק 47,מיליליטרים,473.00,"100 מ""ל",false,,8.90,0.0188,true,1,116306
7501013101362,false,ג'ומקס משקה קוקוס אנ,,,ג'ומקס משקה קוקוס אנ,מיליליטרים,473.00,"100 מ""ל",false,,8.90,0.0188,true,1,116364
7501013101393,false,ג'ומקס משקה אננס 473,,,ג'ומקס משקה אננס 473,מיליליטרים,473.00,"100 מ""ל",false,,8.90,0.0188,true,1,117109
7501013122039,false,ג'ומקס נקטר מנגו קרט,,,ג'ומקס נקטר מנגו קרט,ליטרים,1.00,ליטר,false,,8.90,8.9000,true,1,116840
7501013122053,false,ג'ומקס נקטר אפרסק קר,,,ג'ומקס נקטר אפרסק קר,ליטרים,1.00,ליטר,false,,8.90,8.9000,true,1,116838
7501013122114,false,ג'ומקס אננס קרטונית,,,ג'ומקס אננס קרטונית,ליטרים,1.00,ליטר,false,,8.90,8.9000,true,1,116839
7501013122190,false,ג'ומקס תפוחים קרטוני,,,ג'ומקס תפוחים קרטוני,ליטרים,1.00,ליטר,false,,8.90,8.9000,true,1,116841
7501013122992,false,ג'ומקס קוקוס אננס קר,,,ג'ומקס קוקוס אננס קר,ליטרים,1.00,ליטר,false,,8.90,8.9000,true,1,116842
7501013138047,false,נקטר רימונים יוניקו,,,נקטר רימונים יוניקו,ליטרים,1.00,ליטר,false,,10.90,10.9000,false,1,68603
7501049936945,false,בירה סול שישייה 330,,,בירה סול שישייה 330,מיליליטרים,1980.00,"100 מ""ל",false,,32.90,0.0166,false,1,119771
7501064191398,false,שישיית בירה קורונה -,,,שישיית בירה קורונה -,ליטרים,2.13,ליטר,false,,34.90,16.3850,false,1,114409
7509546061665,false,ספיד סטיק אקסטרים אי,,,ספיד סטיק אקסטרים אי,גרמים,85.00,100 גרם,false,,19.90,0.2341,true,1,190011
7509546061672,false,ספיד סטיק אקסטרים סט,,,ספיד סטיק אקסטרים סט,גרמים,50.00,100 גרם,false,,19.90,0.3980,true,1,190012
7509546063515,false,ליידי ספיד סטיק פרו,,,ליידי ספיד סטיק פרו,מיליליטרים,150.00,"100 מ""ל",false,,14.90,0.0993,true,1,190261
7509546666846,false,קולגייט טוטאל משחת ש,,,קולגייט טוטאל משחת ש,מיליליטרים,75.00,"100 מ""ל",false,,19.90,0.2653,true,1,125593
7509546678702,false,קולגייט משחת שיניים,,,קולגייט משחת שיניים,מיליליטרים,100.00,"100 מ""ל",false,,16.90,0.1690,true,1,189815
7610100034084,false,מיונז טומי 265 גר',,,מיונז טומי 265 גר',גרמים,265.00,100 גרם,false,,12.90,0.0487,true,1,104140
7610211130903,false,הרמזית 800  יח+ 200,,,הרמזית 800  יח+ 200,גרמים,11.80,100 גרם,false,,29.90,2.5339,true,1,187501
7610243004463,false,דורגול מרסס,יעקובי דורגול,,דורגול מרסס,מיליליטרים,500.00,"100 מ""ל",false,,21.90,0.0438,true,1,40927
7610400014632,false,שוקולד לינדט לבן,,,שוקולד לינדט לבן,גרמים,100.00,100 גרם,false,,15.00,0.1500,true,1,35463
7610400014649,false,שוקולד לינדט במילוי,לינדט,,שוקולד לינדט במילוי,גרמים,100.00,100 גרם,false,,15.00,0.1500,true,1,9562
7610400068369,false,שוקולד לינדור אגוזים,לינדור,,שוקולד לינדור אגוזים,גרמים,100.00,100 גרם,false,,15.00,0.1500,true,1,35464
7610400068505,false,לינדור בונבונירה חלב,לינדור,,לינדור בונבונירה חלב,גרמים,200.00,100 גרם,false,,29.90,0.1495,false,1,34714
7610400068529,false,לינדור בונבו' אסורטד,לינדור,,לינדור בונבו' אסורטד,גרמים,200.00,100 גרם,false,,29.90,0.1495,false,1,22309
7610400074155,false,שוקולד לינדור 60% קק,לינדור,,שוקולד לינדור 60% קק,גרמים,100.00,100 גרם,false,,15.00,0.1500,true,1,35465
7610400075770,false,לינדט מריר אגוזים 15,לינדט,,לינדט מריר אגוזים 15,גרמים,150.00,100 גרם,false,,23.90,0.1593,true,1,39573
7610400075787,false,שוקולד חלב עם אגוזים,לינדט,,שוקולד חלב עם אגוזים,גרמים,150.00,100 גרם,false,,23.90,0.1593,true,1,39574
7610400091060,false,שוקולד לינדט אקסלנס,לינדט,,שוקולד לינדט אקסלנס,גרמים,100.00,100 גרם,false,,15.00,0.1500,true,1,119729
7613030979647,false,טריקס 480 גר,,,טריקס 480 גר,גרמים,480.00,100 גרם,false,,19.90,0.0415,false,1,109725
7613032045753,false,דגנים פיטנס שוקולד 3,נסטלה,,דגנים פיטנס שוקולד 3,גרמים,375.00,100 גרם,false,,21.90,0.0584,false,1,30317
7613033548192,false,פיטנס דגנים עם שוקול,נסטלה,,פיטנס דגנים עם שוקול,גרמים,375.00,100 גרם,false,,21.90,0.0584,false,1,55660
7613035622623,false,פיטנס גרנולה דבש,,,פיטנס גרנולה דבש,גרמים,300.00,100 גרם,false,,15.90,0.0530,true,1,99696
7613035635845,false,פיטנס גרנולה שוקולד,,,פיטנס גרנולה שוקולד,גרמים,300.00,100 גרם,false,,15.90,0.0530,true,1,99632
7613035758834,false,פיטנס גרנולה חמוציות,,,פיטנס גרנולה חמוציות,גרמים,300.00,100 גרם,false,,15.90,0.0530,true,1,101494
7613035807778,false,פרפקטו רוטב עגבניות,,,פרפקטו רוטב עגבניות,גרמים,400.00,100 גרם,false,,9.60,0.0240,true,1,101465
7613035809109,false,פרפקטו רוטב עגבניות,,,פרפקטו רוטב עגבניות,גרמים,400.00,100 גרם,false,,9.60,0.0240,true,1,101466
7613035809123,false,פרפקטו רוטב עגבניות,,,פרפקטו רוטב עגבניות,גרמים,400.00,100 גרם,false,,9.60,0.0240,true,1,101467
7613035809857,false,פרפקטו רוטב עגבניות,,,פרפקטו רוטב עגבניות,גרמים,400.00,100 גרם,false,,9.60,0.0240,true,1,101468
7613036105545,false,דוגלי גזע קטן 3קג,,,דוגלי גזע קטן 3קג,קילוגרמים,3.00,"ק""ג",false,,49.90,16.6333,false,1,106400
7613036105576,false,דוגלי בוגר עוף 3 קג,,,דוגלי בוגר עוף 3 קג,קילוגרמים,3.00,"ק""ג",false,,48.90,16.3000,false,1,106401
7613036387798,false,דגני פיטנס יוגורט 35,,,דגני פיטנס יוגורט 35,גרמים,350.00,100 גרם,false,,21.90,0.0626,false,1,107672
7613036520492,false,פרפקטו רוטב עגבניות,,,פרפקטו רוטב עגבניות,גרמים,400.00,100 גרם,false,,9.60,0.0240,true,1,109186
7613036737623,false,קראנץ מקס נסטלה,,,קראנץ מקס נסטלה,גרמים,410.00,100 גרם,false,,19.90,0.0485,false,1,111316
7613036880534,false,גרבר מחית מרק ירקות,,,גרבר מחית מרק ירקות,גרמים,190.00,100 גרם,false,,6.80,0.0358,true,1,116765
7613037686906,false,פיטנס שקדים ודבש 355,נסטלה,,פיטנס שקדים ודבש 355,גרמים,355.00,100 גרם,false,,21.90,0.0617,false,1,116769
7613037811629,false,גו פרי קורנפלקס,,,גו פרי קורנפלקס,גרמים,500.00,100 גרם,false,,13.50,0.0270,false,1,118546
7613038268262,false,האני נאט ציריוס מופח,,,האני נאט ציריוס מופח,גרמים,410.00,100 גרם,false,,19.90,0.0485,true,1,118215
7613038451954,false,דגני קראנץ שוקולד מו,,,דגני קראנץ שוקולד מו,גרמים,410.00,100 גרם,false,,19.90,0.0485,true,1,118377
7613039547632,false,גרבר מחית תפוח בננה,מטרנה,,גרבר מחית תפוח בננה,גרמים,90.00,100 גרם,false,,5.90,0.0656,true,1,121418
7613039547731,false,גרבר מחית תפוח משמש,מטרנה,,גרבר מחית תפוח משמש,גרמים,90.00,100 גרם,false,,5.90,0.0656,true,1,121419
7613039547922,false,גרבר מחית תפוח בננה,מטרנה,,גרבר מחית תפוח בננה,גרמים,90.00,100 גרם,false,,5.90,0.0656,true,1,121420
7613039770450,false,טבעול בורגר צמחוני,,,טבעול בורגר צמחוני,גרמים,226.00,100 גרם,false,,33.90,0.1500,false,1,121693
7613039879382,false,"גרבר מחית תפ""ע 190 ג",,,"גרבר מחית תפ""ע 190 ג",גרמים,190.00,100 גרם,false,,6.80,0.0358,true,1,123733
7613039880807,false,גרבר מחית תפוח גזר 1,,,גרבר מחית תפוח גזר 1,גרמים,190.00,100 גרם,false,,6.80,0.0358,true,1,123369
7613039881521,false,גרבר מחית מנגו 190 ג,,,גרבר מחית מנגו 190 ג,גרמים,190.00,100 גרם,false,,6.80,0.0358,true,1,123624
7613039881965,false,גרבר מחית גזר תפוח מ,,,גרבר מחית גזר תפוח מ,גרמים,190.00,100 גרם,false,,6.80,0.0358,true,1,123625
7613039882030,false,גרבר מחית תפוח גזר ב,,,גרבר מחית תפוח גזר ב,גרמים,190.00,100 גרם,false,,6.80,0.0358,true,1,126045
7613287121783,false,סמארטיס מיני,,,סמארטיס מיני,גרמים,187.00,100 גרם,false,,13.90,0.0743,true,1,125577
7613287155832,false,גרבר מחית תפוח פאוץ,,,גרבר מחית תפוח פאוץ,גרמים,90.00,100 גרם,false,,5.90,0.0656,false,1,124829
7613287155863,false,גרבר מחית אגס פאו'ץ,,,גרבר מחית אגס פאו'ץ,גרמים,90.00,100 גרם,false,,5.90,0.0656,true,1,124450
7613287155894,false,גרבר מחית אפרסק פאוץ,,,גרבר מחית אפרסק פאוץ,גרמים,90.00,100 גרם,false,,5.90,0.0656,true,1,124451
7613287155924,false,גרבר מחית תפוח גזר פ,,,גרבר מחית תפוח גזר פ,גרמים,90.00,100 גרם,false,,5.90,0.0656,true,1,124452
7613287181411,false,ויטמינצ'יק מחית סלט,,,ויטמינצ'יק מחית סלט,גרמים,110.00,100 גרם,false,,5.50,0.0500,true,1,126813
7613287182326,false,ויטמינצ'יק מחית בננה,,,ויטמינצ'יק מחית בננה,גרמים,110.00,100 גרם,false,,5.50,0.0500,true,1,126809
7613287182357,false,ויטמינצ'יק מחית אגס,,,ויטמינצ'יק מחית אגס,גרמים,110.00,100 גרם,false,,5.50,0.0500,true,1,126810
7613287182425,false,ויטמינצ'יק  מחית תפו,,,ויטמינצ'יק  מחית תפו,גרמים,110.00,100 גרם,false,,5.50,0.0500,true,1,126811
7613287182456,false,ויטמינצ'יק  מחית אגס,,,ויטמינצ'יק  מחית אגס,גרמים,110.00,100 גרם,false,,5.50,0.0500,true,1,126808
7613287186928,false,סטארבקס קפסולות ברקפ,,,סטארבקס קפסולות ברקפ,יחידה,0.00,יחידה,false,,21.90,0.0000,true,1,126441
7613287302373,false,קפסולות סטארבקס סטיי,,,קפסולות סטארבקס סטיי,גרמים,56.00,100 גרם,false,,21.90,0.3911,true,1,124039
7613287325822,false,רוטב מיקס לחיץ אוסם,,,רוטב מיקס לחיץ אוסם,גרמים,295.00,100 גרם,false,,14.90,0.0505,true,1,185826
7613287325853,false,רוטב ספייסי איולי לח,,,רוטב ספייסי איולי לח,גרמים,295.00,100 גרם,false,,14.90,0.0505,true,1,185827
7613287325952,false,רוטב ברביקיו לחיץ או,,,רוטב ברביקיו לחיץ או,גרמים,345.00,100 גרם,false,,14.90,0.0432,true,1,185828
7613287325983,false,רוטב סלסה לחיץ אוסם,,,רוטב סלסה לחיץ אוסם,גרמים,335.00,100 גרם,false,,14.90,0.0445,true,1,185829
7613287394323,false,דגני צ'ריוס מולטי 60,,,דגני צ'ריוס מולטי 60,גרמים,600.00,100 גרם,false,,19.90,0.0332,false,1,125835
7613287476494,false,רוטב מיונז לחיץ אוסם,,,רוטב מיונז לחיץ אוסם,גרמים,280.00,100 גרם,false,,14.90,0.0532,true,1,185830
7613287476678,false,סינימיניס צו'רוס,,,סינימיניס צו'רוס,גרמים,360.00,100 גרם,false,,19.90,0.0553,false,1,185745
7613287821348,false,טבעול נתחוני עוף טבע,,,טבעול נתחוני עוף טבע,גרמים,350.00,100 גרם,false,,33.90,0.0969,true,1,186967
7622010001858,false,עוגיות אוראו ממולאות,,,עוגיות אוראו ממולאות,גרמים,176.00,100 גרם,false,,8.90,0.0506,false,1,102573
7622100860273,true,פרלמנט נייט,,,פרלמנט נייט,,0.00,,false,,38.00,0.0000,false,1,123040
7622100914600,true,מרלבורו לייט גולד,,,מרלבורו לייט גולד,,0.00,,false,,33.00,0.0000,false,1,123042
7622201050757,false,שוקולד מילקה קרמל 10,לינדט,,שוקולד מילקה קרמל 10,גרמים,100.00,100 גרם,false,,5.90,0.0590,false,1,32478
7622201120931,false,מילקה אוראו לבן 100,,,מילקה אוראו לבן 100,גרמים,100.00,100 גרם,false,,5.90,0.0590,true,1,188104
7622201137052,false,מילקה מיני קוקיז,,,מילקה מיני קוקיז,גרמים,110.00,100 גרם,false,,8.50,0.0773,true,1,124538
7622201139278,false,גבינת פילדלפיה 150 ג,,,גבינת פילדלפיה 150 ג,גרמים,150.00,100 גרם,false,,13.90,0.0927,true,1,118572
7622201401900,false,עוגיות מילקה סנסיין,,,עוגיות מילקה סנסיין,גרמים,156.00,100 גרם,false,,12.90,0.0827,true,1,122069
7622201502515,false,עוגיות מילקה קוקי לו,,,עוגיות מילקה קוקי לו,גרמים,132.00,100 גרם,false,,12.90,0.0977,true,1,186013
7622201521493,false,פילדלפיה שום ועשבי ת,,,פילדלפיה שום ועשבי ת,גרמים,150.00,100 גרם,false,,13.90,0.0927,true,1,189634
7622201798154,false,גבינת פילדלפיה לייט,,,גבינת פילדלפיה לייט,גרמים,150.00,100 גרם,false,,13.90,0.0927,true,1,127152
7622201801809,false,מילקה שוקולד חלב עם,,,מילקה שוקולד חלב עם,גרמים,100.00,100 גרם,false,,5.90,0.0590,true,1,126825
7622201802363,false,מילקה שוקולד חלב צימ,,,מילקה שוקולד חלב צימ,גרמים,100.00,100 גרם,false,,5.90,0.0590,true,1,126824
7622201802394,false,מילקה שוקולד חלב 100,,,מילקה שוקולד חלב 100,גרמים,100.00,100 גרם,false,,5.90,0.0590,false,1,186166
7622201809188,false,מילקה ביסקביט 150 גר,,,מילקה ביסקביט 150 גר,גרמים,150.00,100 גרם,false,,12.90,0.0860,true,1,125254
7622201813390,false,מילקה וופל במילוי קר,,,מילקה וופל במילוי קר,גרמים,150.00,100 גרם,false,,12.90,0.0860,true,1,125255
7622210078131,false,שוקולד מילקה חלב שבר,,,שוקולד מילקה חלב שבר,גרמים,100.00,100 גרם,false,,5.90,0.0590,true,1,105014
7622210117762,false,קוטדור בושה  200 גר,,,קוטדור בושה  200 גר,גרמים,200.00,100 גרם,false,,17.90,0.0895,false,1,68881
7622210137234,false,אוראו דאבל,,,אוראו דאבל,גרמים,170.00,100 גרם,false,,7.90,0.0465,true,1,100910
7622210163899,false,שוקולד מילקה חלב עם,,,שוקולד מילקה חלב עם,גרמים,100.00,100 גרם,false,,5.90,0.0590,false,1,110000
7622210453327,false,עוגיות מילקה סנסיישן,,,עוגיות מילקה סנסיישן,גרמים,156.00,100 גרם,false,,12.90,0.0827,true,1,107333
7622210637994,false,אוראו ביס קראנצ'י או,,,אוראו ביס קראנצ'י או,גרמים,110.00,100 גרם,false,,8.50,0.0773,true,1,122153
7622210638021,false,אוראו ביס קראנצ'י בצ,,,אוראו ביס קראנצ'י בצ,גרמים,110.00,100 גרם,false,,8.50,0.0773,true,1,122170
7622210826053,false,שוקולד מילקה אוראו ס,,,שוקולד מילקה אוראו ס,גרמים,92.00,100 גרם,false,,5.90,0.0641,true,1,122260
7622300270506,false,עוגיות מילקה שוקו גר,מילקה,,עוגיות מילקה שוקו גר,גרמים,168.00,100 גרם,false,,12.90,0.0768,true,1,43466
7622300441715,false,עוגיות מילקה שוקו מי,,,עוגיות מילקה שוקו מי,גרמים,182.00,100 גרם,false,,12.90,0.0709,true,1,102407
7622300489427,false,עוגיות אוראו בציפוי,,,עוגיות אוראו בציפוי,גרמים,246.00,100 גרם,false,,16.90,0.0687,false,1,109066
7622300489434,false,עוגיות אוראו בציפוי,,,עוגיות אוראו בציפוי,יחידה,0.00,יחידה,false,,16.90,0.0000,false,1,109067
7622300495046,false,שוקולד מילקה אקסטרא,,,שוקולד מילקה אקסטרא,גרמים,100.00,100 גרם,false,,5.90,0.0590,false,1,60915
7622300503079,false,ביסקוויט מצופה שוקול,מילקה,,ביסקוויט מצופה שוקול,גרמים,200.00,100 גרם,false,,12.90,0.0645,true,1,43467
7622300617820,false,שוקולד מילקה אוראו 1,,,שוקולד מילקה אוראו 1,גרמים,100.00,100 גרם,false,,5.90,0.0590,false,1,60916
7622400005190,false,שוקולד מילקה חום לבן,מילקה,,שוקולד מילקה חום לבן,גרמים,100.00,100 גרם,false,,5.90,0.0590,false,1,70783
7630477891615,false,קפסולות סטארבקס סומט,,,קפסולות סטארבקס סומט,גרמים,55.00,100 גרם,false,,21.90,0.3982,true,1,121273
7630477891677,false,קפסולות סטארבקס פייק,,,קפסולות סטארבקס פייק,גרמים,53.00,100 גרם,false,,21.90,0.4132,true,1,121276
7630477891691,false,קפסולות סטארבקס קולו,,,קפסולות סטארבקס קולו,גרמים,57.00,100 גרם,false,,21.90,0.3842,true,1,121277
7630477891714,false,קפסולות סטארבקס אספר,,,קפסולות סטארבקס אספר,גרמים,57.00,100 גרם,false,,21.90,0.3842,true,1,121279
7630477891738,false,קפסולות סטארבקס אספר,,,קפסולות סטארבקס אספר,גרמים,53.00,100 גרם,false,,21.90,0.4132,true,1,121278
7638900248357,false,סוללות 2032 זוג Ener,אנרג'ייזר,,סוללות 2032 זוג Ener,יחידה,0.00,יחידה,false,,17.90,0.0000,true,1,111906
7702018069347,false,בלו 2 לנשים 10+5,,,בלו 2 לנשים 10+5,יחידה,0.00,יחידה,false,,29.90,0.0000,true,1,94309
7702018271788,false,ג'ילט פרו דאודורנט S,,,ג'ילט פרו דאודורנט S,מיליליטרים,70.00,"100 מ""ל",false,,15.90,0.2271,true,1,60561
7702018321582,false,ג'ילט דאודורנט סטיק,,,ג'ילט דאודורנט סטיק,יחידה,0.00,יחידה,false,,22.90,0.0000,true,1,63267
7702018462032,false,ג'ילט מאך 3 רביעיה,,,ג'ילט מאך 3 רביעיה,יחידה,0.00,יחידה,false,,29.90,0.0000,false,1,117093
7702018471423,false,ג'ילט פיוז'ן רביעיה,,,ג'ילט פיוז'ן רביעיה,יחידה,0.00,יחידה,false,,34.90,0.0000,false,1,117094
7702018877591,false,סכיני גילוח ג'ילט רב,,,סכיני גילוח ג'ילט רב,יחידה,0.00,יחידה,false,,65.90,0.0000,true,1,117588
7702018978106,false,דאודורנט קליר ג'ל,,,דאודורנט קליר ג'ל,מיליליטרים,70.00,"100 מ""ל",false,,15.90,0.2271,true,1,35067
7702018978120,false,ג'לט קליר ג'ל דאודור,,,ג'לט קליר ג'ל דאודור,מיליליטרים,70.00,"100 מ""ל",false,,15.90,0.2271,true,1,34166
7702018980833,false,ג'ל גילוח סירייס מוע,,,ג'ל גילוח סירייס מוע,מיליליטרים,200.00,"100 מ""ל",false,,15.90,0.0795,true,1,102252
7702018980864,false,קצף גילוח סירייס רגי,,,קצף גילוח סירייס רגי,מיליליטרים,250.00,"100 מ""ל",false,,16.90,0.0676,true,1,103716
7702024074625,false,פיטנס חטיפי קרקר חיט,,,פיטנס חטיפי קרקר חיט,גרמים,234.00,100 גרם,false,,11.90,0.0509,true,1,111072
7702024258322,false,פיטנס חטיפי קרקר צ'י,,,פיטנס חטיפי קרקר צ'י,גרמים,234.00,100 גרם,false,,11.90,0.0509,true,1,121227
7702174066631,false,פין פופ לקקנים,טופס,,פין פופ לקקנים,גרמים,180.00,100 גרם,false,,9.90,0.0550,true,1,35939
7702174068826,false,לקקן יוגטה פירות 12,,,לקקן יוגטה פירות 12,יחידה,0.00,יחידה,false,,9.90,0.0000,true,1,60266
7702174068833,false,לקקן יוגטה גלידה 12,,,לקקן יוגטה גלידה 12,יחידה,0.00,יחידה,false,,9.90,0.0000,true,1,59488
7702174070201,false,יוגטה מג'יק לקקנים,,,יוגטה מג'יק לקקנים,גרמים,216.00,100 גרם,false,,9.90,0.0458,true,1,61420
7702174073783,false,לקקן פין פופ קולה,,,לקקן פין פופ קולה,גרמים,180.00,100 גרם,false,,9.90,0.0550,true,1,97049
7702174073844,false,לקקן פין פופ פירות 4,,,לקקן פין פופ פירות 4,גרמים,672.00,100 גרם,false,,19.90,0.0296,true,1,97050
7791875005353,false,ריבת חלב הוואנה 450,,,ריבת חלב הוואנה 450,גרמים,450.00,100 גרם,false,,17.90,0.0398,true,1,187313
7792860006218,false,בייבי דול לקקן,,,בייבי דול לקקן,גרמים,24.00,100 גרם,false,,2.20,0.0917,true,1,9580
7891024027998,false,קולגייט מי פה טוטל א,,,קולגייט מי פה טוטל א,מיליליטרים,500.00,"100 מ""ל",false,,29.90,0.0598,true,1,189814
7891024124826,false,קולגייט אופטיק וייט,,,קולגייט אופטיק וייט,מיליליטרים,75.00,"100 מ""ל",false,,16.90,0.2253,true,1,61119
7891024179482,false,קולגייט שטיפת פה אופ,,,קולגייט שטיפת פה אופ,מיליליטרים,500.00,"100 מ""ל",false,,29.90,0.0598,true,1,61155
7909006876745,false,כפכפי קיץ קפלה,,,כפכפי קיץ קפלה,יחידה,0.00,יחידה,false,,39.90,0.0000,true,1,188690
7909171240242,false,כפכפים,,,כפכפים,יחידה,0.00,יחידה,false,,39.90,0.0000,true,1,189724
7909510956414,false,כפכפי קיץ קפלה,,,כפכפי קיץ קפלה,יחידה,0.00,יחידה,false,,39.90,0.0000,true,1,188692
7909806317509,false,כפכפי קיץ קפלה,,,כפכפי קיץ קפלה,יחידה,0.00,יחידה,false,,39.90,0.0000,true,1,188688
8000070003774,false,לוואצה קפסולות אינטנ,,,לוואצה קפסולות אינטנ,גרמים,120.00,100 גרם,false,,29.90,0.2492,true,1,190235
8000070003811,false,לוואצה קפסולות פסיונ,,,לוואצה קפסולות פסיונ,גרמים,120.00,100 גרם,false,,29.90,0.2492,true,1,190232
8000070010680,false,קפסולות לוואצה ויגור,,,קפסולות לוואצה ויגור,גרמים,55.00,100 גרם,false,,16.90,0.3073,true,1,124355
8000070012783,false,קפה לוואצה אורו 250,,,קפה לוואצה אורו 250,גרמים,250.00,100 גרם,false,,34.90,0.1396,false,1,9932
8000070038868,false,לוואצה קרמה גוסטו,,,לוואצה קרמה גוסטו,גרמים,250.00,100 גרם,false,,27.90,0.1116,false,1,68524
8000070081000,false,לוואצה הרמוניקו,,,לוואצה הרמוניקו,גרמים,50.00,100 גרם,false,,16.90,0.3380,true,1,110993
8000070081017,false,לוואצה דיצ'ו,,,לוואצה דיצ'ו,גרמים,50.00,100 גרם,false,,16.90,0.3380,true,1,110994
8000070081154,false,לוואצה לג'רו,,,לוואצה לג'רו,גרמים,55.00,100 גרם,false,,16.90,0.3073,true,1,110998
8000070081161,false,לוואצה אבולג'נטה,,,לוואצה אבולג'נטה,גרמים,55.00,100 גרם,false,,16.90,0.3073,true,1,110999
8000215204219,false,חלב אורז אורגני 1 לי,,,חלב אורז אורגני 1 לי,ליטרים,1.00,ליטר,false,,12.90,12.9000,false,1,61454
8000215204240,false,VITARIZ-חלב אורז שקד,,,VITARIZ-חלב אורז שקד,ליטרים,1.00,ליטר,false,,12.90,12.9000,false,1,58761
8000215204677,false,VITARIZ משקה שיבולת,,,VITARIZ משקה שיבולת,ליטרים,1.00,ליטר,false,,12.90,12.9000,false,1,187456
8000320353659,false,שפורפרת רכז עגבניות,,,שפורפרת רכז עגבניות,גרמים,130.00,100 גרם,false,,7.50,0.0577,true,1,188764
8000380003723,false,עוגיות פטיסרי אגוזים,לואקר,,עוגיות פטיסרי אגוזים,גרמים,100.00,100 גרם,false,,11.90,0.1190,true,1,12813
8000380003754,false,עוגיות פטיסרי,,,עוגיות פטיסרי,גרמים,100.00,100 גרם,false,,11.90,0.1190,true,1,104963
8000380004669,false,וופל קקאו 200 גר',לואקר,,וופל קקאו 200 גר',גרמים,200.00,100 גרם,false,,12.00,0.0600,false,1,35171
8000380004676,false,וופל וניל 200 גר,לואקר,,וופל וניל 200 גר,גרמים,200.00,100 גרם,false,,12.00,0.0600,false,1,12817
8000380004881,false,וופל קוארדטיני,לואקר,,וופל קוארדטיני,גרמים,220.00,100 גרם,false,,13.90,0.0632,true,1,12819
8000380004911,false,וופל קוארדטיני,לואקר,,וופל קוארדטיני,גרמים,250.00,100 גרם,false,,13.90,0.0556,true,1,12820
8000380004942,false,קואדקטיני וניל 250 ג,לואקר,,קואדקטיני וניל 250 ג,גרמים,250.00,100 גרם,false,,13.90,0.0556,true,1,43271
8000380004966,false,וופל קוארדטיני,לואקר,,וופל קוארדטיני,גרמים,250.00,100 גרם,false,,13.90,0.0556,true,1,12821
8000380005598,false,טורטינה שישיה מריר,לואקר,,טורטינה שישיה מריר,גרמים,125.00,100 גרם,false,,16.00,0.1280,true,1,37905
8000380007219,false,לואקר אגוז 175,לואקר,,לואקר אגוז 175,גרמים,175.00,100 גרם,false,,10.90,0.0623,true,1,12822
8000380007257,false,וופל גרדנה 200 ג,לואקר,,וופל גרדנה 200 ג,גרמים,200.00,100 גרם,false,,13.90,0.0695,true,1,12824
8000380007264,false,לואקר קקאו 175,לואקר,,לואקר קקאו 175,גרמים,175.00,100 גרם,false,,10.90,0.0623,true,1,12825
8000380007271,false,וופל לואקר 175,לואקר,,וופל לואקר 175,גרמים,175.00,100 גרם,false,,10.90,0.0623,true,1,12826
8000380106028,false,טורטינה 125 גר,לואקר,,טורטינה 125 גר,גרמים,125.00,100 גרם,false,,16.00,0.1280,true,1,67531
8000380144044,false,וופל גרדנה שוקולד 20,לואקר,,וופל גרדנה שוקולד 20,גרמים,200.00,100 גרם,false,,13.90,0.0695,true,1,27920
8000380148035,false,גרנד פטיסרי מריר אגו,לואקר,,גרנד פטיסרי מריר אגו,גרמים,100.00,100 גרם,false,,11.90,0.1190,false,1,38290
8000380152728,false,חטיפי אצבעות שוקולד,לואקר,,חטיפי אצבעות שוקולד,גרמים,125.00,100 גרם,false,,14.00,0.1120,true,1,58821
8000380153534,false,טורטינה שישיות לבן,,,טורטינה שישיות לבן,גרמים,125.00,100 גרם,false,,16.00,0.1280,true,1,63460
8000380156009,false,דולימיטים 150 גר',,,דולימיטים 150 גר',גרמים,150.00,100 גרם,false,,25.90,0.1727,true,1,110686
8000380156573,false,דולומיטים 150 גר',,,דולומיטים 150 גר',גרמים,150.00,100 גרם,false,,25.90,0.1727,true,1,69930
8000380180721,false,לואקר שוקו חלב 175 ג,לואקר,,לואקר שוקו חלב 175 ג,גרמים,175.00,100 גרם,false,,10.90,0.0623,true,1,99053
8000380180745,false,וופל קואדרטיני 250 ג,לואקר,,וופל קואדרטיני 250 ג,גרמים,250.00,100 גרם,false,,13.90,0.0556,true,1,99054
8000380180837,false,גרנד פטיסרי לבן 100,,,גרנד פטיסרי לבן 100,גרמים,100.00,100 גרם,false,,11.90,0.1190,true,1,101259
8000380181032,false,וופל גרדנה לבן 125 ג,לואקר,,וופל גרדנה לבן 125 ג,גרמים,125.00,100 גרם,false,,14.00,0.1120,true,1,101260
8000380192151,false,טורטינה טריפל שישייה,לואקר,,טורטינה טריפל שישייה,גרמים,125.00,100 גרם,false,,16.00,0.1280,true,1,117405
8000380192199,false,וופל לואקר 175 גר' ד,לואקר,,וופל לואקר 175 גר' ד,גרמים,175.00,100 גרם,false,,10.90,0.0623,true,1,114210
8000380192588,false,לואקר קואדרטיני דאבל,לואקר,,לואקר קואדרטיני דאבל,גרמים,250.00,100 גרם,false,,13.90,0.0556,true,1,114211
8000380201396,false,טורטינה קרמל שישייה,לואקר,,טורטינה קרמל שישייה,גרמים,126.00,100 גרם,false,,16.00,0.1270,true,1,125025
8000380205400,false,לואקר קואדרטיני חמאת,לואקר,,לואקר קואדרטיני חמאת,גרמים,250.00,100 גרם,false,,13.90,0.0556,true,1,189280
8000380205523,false,לואקר וופל קלאסיק חמ,לואקר,,לואקר וופל קלאסיק חמ,גרמים,175.00,100 גרם,false,,10.90,0.0623,true,1,189281
8000380206896,false,גרדנה חמאת בוטנים לו,לואקר,,גרדנה חמאת בוטנים לו,גרמים,200.00,100 גרם,false,,13.90,0.0695,true,1,189437
8000380207183,false,טורטינה חמאת בוטנים,לואקר,,טורטינה חמאת בוטנים,גרמים,126.00,100 גרם,false,,16.00,0.1270,true,1,189436
8000500023624,false,חטיף קינדר הפי היפו,פררו,,חטיף קינדר הפי היפו,גרמים,100.00,100 גרם,false,,12.90,0.1290,true,1,28672
8000500026731,false,ביצי קינדר שלישייה,,,ביצי קינדר שלישייה,גרמים,60.00,100 גרם,false,,15.00,0.2500,false,1,80227
8000500028124,false,שלישיה קינדר ג'וי 3x,פררו,,שלישיה קינדר ג'וי 3x,גרמים,60.00,100 גרם,false,,15.00,0.2500,false,1,28023
8000500029350,false,שלישיה שוקולד קינדר,פררו,,שלישיה שוקולד קינדר,גרמים,129.00,100 גרם,false,,9.90,0.0767,true,1,12832
8000500037874,false,בונבונירה רושר 200 ג,רושר,,בונבונירה רושר 200 ג,גרמים,200.00,100 גרם,false,,21.90,0.1095,false,1,12835
8000500071083,false,שוקולד קינדר 200 גר',פררו,,שוקולד קינדר 200 גר',גרמים,200.00,100 גרם,false,,11.90,0.0595,false,1,12836
8000500094976,false,פררו רושה קונוס 212,רושר,,פררו רושה קונוס 212,גרמים,212.00,100 גרם,false,,32.90,0.1552,true,1,60502
8000500121436,false,שלישיה קינדר בואנו ל,פררו,,שלישיה קינדר בואנו ל,גרמים,129.00,100 גרם,false,,9.90,0.0767,true,1,42322
8000500167656,false,קינדר סיריאל מארז רב,,,קינדר סיריאל מארז רב,גרמים,94.00,100 גרם,false,,7.90,0.0840,true,1,116677
8000500227848,false,וופל מלוח נוטלה מארז,,,וופל מלוח נוטלה מארז,גרמים,132.00,100 גרם,false,,10.90,0.0826,true,1,112221
8000500249352,false,בואנו מיני מיקס,,,בואנו מיני מיקס,גרמים,205.00,100 גרם,false,,17.90,0.0873,true,1,108922
8000500256213,false,קינדר שוקולד מיני,,,קינדר שוקולד מיני,גרמים,120.00,100 גרם,false,,9.90,0.0825,true,1,187774
8000500267103,false,קינדר דליס עשירייה,,,קינדר דליס עשירייה,גרמים,390.00,100 גרם,false,,19.90,0.0510,true,1,111075
8000500269169,false,קינדר קארדס חמישייה,,,קינדר קארדס חמישייה,גרמים,128.00,100 גרם,false,,12.90,0.1008,true,1,189937
8000500328750,false,בונבוניירה פררו רונד,פררו,,בונבוניירה פררו רונד,גרמים,141.00,100 גרם,false,,24.90,0.1766,true,1,124864
8000500386941,false,ממרח נוטלה 900 גר',,,ממרח נוטלה 900 גר',גרמים,900.00,100 גרם,false,,27.90,0.0310,false,1,188727
8001003100218,false,יוגטה ג'לי פירות 800,,,יוגטה ג'לי פירות 800,גרמים,800.00,100 גרם,false,,20.00,0.0250,true,1,65153
8001090016003,false,טבליות פיירי 84 יח ל,,,טבליות פיירי 84 יח ל,גרמים,1182.00,100 גרם,false,,49.90,0.0422,false,1,103278
8001090066046,false,תחבושות אולוויז דיסק,,,תחבושות אולוויז דיסק,יחידה,0.00,יחידה,false,,19.90,0.0000,false,1,111416
8001090111685,false,אולוויז דיסקרט תחתונ,,,אולוויז דיסקרט תחתונ,יחידה,0.00,יחידה,false,,34.90,0.0000,false,1,111420
8001090111715,false,אולוויז דיסקריט תחתו,,,אולוויז דיסקריט תחתו,יחידה,0.00,יחידה,false,,34.90,0.0000,false,1,111421
8001090222428,false,הרבל אסנסס שמפו חלב,,,הרבל אסנסס שמפו חלב,מיליליטרים,400.00,"100 מ""ל",false,,17.90,0.0447,true,1,115465
8001090222541,false,הרבל אסנסס שמפו תות,,,הרבל אסנסס שמפו תות,מיליליטרים,400.00,"100 מ""ל",false,,17.90,0.0447,true,1,115467
8001090222725,false,הרבל אסנסס שמפו שמן,,,הרבל אסנסס שמפו שמן,מיליליטרים,400.00,"100 מ""ל",false,,17.90,0.0447,true,1,115469
8001090222756,false,הרבל אסנסס מרכך שמן,,,הרבל אסנסס מרכך שמן,יחידה,0.00,יחידה,false,,17.90,0.0000,true,1,115470
8001090222848,false,הרבל אסנסס שמפו שיקו,,,הרבל אסנסס שמפו שיקו,מיליליטרים,400.00,"100 מ""ל",false,,17.90,0.0447,true,1,115471
8001090222879,false,הרבל אסנסס מרכך שיקו,,,הרבל אסנסס מרכך שיקו,מיליליטרים,400.00,"100 מ""ל",false,,17.90,0.0447,true,1,115472
8001090290830,false,אורל בי משחת שיניים3,,,אורל בי משחת שיניים3,100 מל,75.00,100 מל,false,,19.90,0.2653,true,1,126641
8001090290939,false,אורל בי משחת שיניים3,,,אורל בי משחת שיניים3,100 מל,75.00,100 מל,false,,19.90,0.2653,true,1,126642
8001090336521,false,פמפרס בייבי דריי מיד,,,פמפרס בייבי דריי מיד,יחידה,0.00,יחידה,false,,31.90,0.0000,false,1,117322
8001090336606,false,פמפרס בייבי דריי מיד,,,פמפרס בייבי דריי מיד,יחידה,0.00,יחידה,false,,31.90,0.0000,false,1,117323
8001090377531,false,מסכה פאנטן לצבע מלא,,,מסכה פאנטן לצבע מלא,מיליליטרים,300.00,"100 מ""ל",false,,33.90,0.1130,true,1,112805
8001090379368,false,חיתולי פמפרס פרימיום,,,חיתולי פמפרס פרימיום,יחידה,0.00,יחידה,false,,31.90,0.0000,false,1,187449
8001090379399,false,חיתולי פמפרס פרימיום,,,חיתולי פמפרס פרימיום,יחידה,0.00,יחידה,false,,31.90,0.0000,false,1,187450
8001090458322,false,פיירי 1.015 ליטר ורד,,,פיירי 1.015 ליטר ורד,ליטרים,1.01,ליטר,false,,13.90,13.7624,false,1,106128
8001090458353,false,פיירי אנטי בקטריאלי,,,פיירי אנטי בקטריאלי,מיליליטרים,515.00,"100 מ""ל",false,,9.90,0.0192,false,1,105236
8001090493637,false,הד אנד שולדרס שמפו ט,,,הד אנד שולדרס שמפו ט,מיליליטרים,450.00,"100 מ""ל",false,,16.90,0.0376,true,1,106278
8001090645517,false,הרבל אסנסס מרכך ג'ינ,,,הרבל אסנסס מרכך ג'ינ,מיליליטרים,400.00,"100 מ""ל",false,,17.90,0.0447,true,1,125422
8001090721099,false,אריאל קפסולות לכביסה,,,אריאל קפסולות לכביסה,יחידה,0.00,יחידה,false,,29.90,0.0000,true,1,111084
8001090721129,false,אריאל קפסולות לכביסה,,,אריאל קפסולות לכביסה,יחידה,0.00,יחידה,false,,29.90,0.0000,true,1,111085
8001090737809,false,מגן תחתון אולוויז סי,,,מגן תחתון אולוויז סי,יחידה,0.00,יחידה,false,,16.90,0.0000,false,1,110711
8001090745903,false,טייד אלפיין פרש 4 קג,,,טייד אלפיין פרש 4 קג,קילוגרמים,4.00,"ק""ג",false,,29.90,7.4750,false,1,117965
8001090802385,false,טייד קפסולות ג'ל 26,,,טייד קפסולות ג'ל 26,גרמים,100.00,100 גרם,false,,26.90,0.2690,false,1,120903
8001090832450,false,פנטן שמפו נוסחה קלאס,,,פנטן שמפו נוסחה קלאס,מיליליטרים,660.00,"100 מ""ל",false,,17.90,0.0271,false,1,122755
8001090832535,false,פנטן שמפו שמן מרוקאי,,,פנטן שמפו שמן מרוקאי,מיליליטרים,660.00,"100 מ""ל",false,,17.90,0.0271,false,1,122756
8001090832573,false,פנטן שמפו לחות מוגבר,,,פנטן שמפו לחות מוגבר,מיליליטרים,660.00,"100 מ""ל",false,,17.90,0.0271,false,1,122757
8001090832696,false,פנטן שמפו לתלתלים מו,,,פנטן שמפו לתלתלים מו,מיליליטרים,660.00,"100 מ""ל",false,,17.90,0.0271,false,1,122760
8001090832771,false,פנטן שמפו הזנת קרטין,,,פנטן שמפו הזנת קרטין,מיליליטרים,660.00,"100 מ""ל",false,,17.90,0.0271,false,1,122762
8001090832818,false,פנטן קונדישנר נוסחה,,,פנטן קונדישנר נוסחה,מיליליטרים,660.00,"100 מ""ל",false,,17.90,0.0271,false,1,122764
8001090832856,false,פנטן קונדישנר מרוקאי,,,פנטן קונדישנר מרוקאי,מיליליטרים,660.00,"100 מ""ל",false,,17.90,0.0271,false,1,122765
8001090832894,false,פנטן קונדישנר לחות מ,,,פנטן קונדישנר לחות מ,מיליליטרים,660.00,"100 מ""ל",false,,17.90,0.0271,false,1,122766
8001090832979,false,פנטן מרכך לתלתלים מו,,,פנטן מרכך לתלתלים מו,מיליליטרים,660.00,"100 מ""ל",false,,17.90,0.0271,false,1,122768
8001090833136,false,אריאל ג'ל בייבי 2.25,,,אריאל ג'ל בייבי 2.25,ליטרים,2.26,ליטר,false,,27.90,12.3451,false,1,112385
8001090833167,false,אריאל ג'ל כביסה 2.36,,,אריאל ג'ל כביסה 2.36,ליטרים,2.37,ליטר,false,,27.90,11.7722,false,1,112386
8001090833198,false,אריאל ג'ל כביסה 2.36,,,אריאל ג'ל כביסה 2.36,ליטרים,2.37,ליטר,false,,27.90,11.7722,false,1,112387
8001090833228,false,אריאל ג'ל כביסה 2.36,,,אריאל ג'ל כביסה 2.36,ליטרים,2.37,ליטר,false,,27.90,11.7722,false,1,112388
8001090833259,false,אריאל ג'ל כביסה 3.74,,,אריאל ג'ל כביסה 3.74,ליטרים,3.74,ליטר,false,,42.90,11.4706,false,1,112384
8001090891273,false,לנור כדוריות הבושם ס,,,לנור כדוריות הבושם ס,גרמים,210.00,100 גרם,false,,27.90,0.1329,true,1,121940
8001090899194,false,תחבושות אולוויז פלטי,,,תחבושות אולוויז פלטי,יחידה,0.00,יחידה,false,,16.90,0.0000,true,1,117095
8001090899224,false,תחבושות אולוויז פלטי,,,תחבושות אולוויז פלטי,יחידה,0.00,יחידה,false,,16.90,0.0000,true,1,117096
8001090899286,false,תחבושות אולוויז פלטי,,,תחבושות אולוויז פלטי,יחידה,0.00,יחידה,false,,16.90,0.0000,true,1,117098
8001090943095,false,פיירי אנטיבקטריאלי 1,,,פיירי אנטיבקטריאלי 1,ליטרים,1.01,ליטר,false,,13.90,13.7624,false,1,120907
8001090992338,false,פיירי קפסולות למדיח,,,פיירי קפסולות למדיח,יחידה,0.00,יחידה,false,,49.90,0.0000,true,1,119726
8001250009999,false,דה צ'קו ניוקי תפוחי,,,דה צ'קו ניוקי תפוחי,גרמים,500.00,100 גרם,false,,8.90,0.0178,true,1,56537
8001440124181,false,רוטב עגבניות בזיליקו,,,רוטב עגבניות בזיליקו,מיליליטרים,446.00,"100 מ""ל",false,,11.90,0.0267,true,1,188755
8001620011935,false,סאן בנדטו מוגז שישיי,,,סאן בנדטו מוגז שישיי,ליטרים,3.00,ליטר,false,,12.90,4.3000,false,1,43619
8001620015612,false,סאן בנדטו גזר תפוז ל,,,סאן בנדטו גזר תפוז ל,מיליליטרים,400.00,"100 מ""ל",false,,6.50,0.0163,true,1,125160
8001620015629,false,סן בנדטו משקה פירות,סן בנדטו,,סן בנדטו משקה פירות,מיליליטרים,400.00,"100 מ""ל",false,,6.50,0.0163,true,1,187211
8001620015636,false,סאן בנדטו מיקס פירות,,,סאן בנדטו מיקס פירות,מיליליטרים,400.00,"100 מ""ל",false,,6.50,0.0163,true,1,125159
8001620017456,false,סאן בנדטו פקק ספורט,סן בנדטו,,סאן בנדטו פקק ספורט,ליטרים,3.00,ליטר,false,,13.90,4.6333,true,1,108692
8001620018248,false,סאן בנדטו פקק ספורט,,,סאן בנדטו פקק ספורט,מיליליטרים,750.00,"100 מ""ל",false,,3.90,0.0052,true,1,114415
8001620018408,false,סן בנדטו משקה פירות,סן בנדטו,,סן בנדטו משקה פירות,מיליליטרים,400.00,"100 מ""ל",false,,6.50,0.0163,true,1,187212
8001620019160,false,מים סן בנדטו אפרסק 4,,,מים סן בנדטו אפרסק 4,מיליליטרים,400.00,"100 מ""ל",false,,5.90,0.0147,true,1,190369
8001620019177,false,מים סן בנדטו ענבים 4,,,מים סן בנדטו ענבים 4,מיליליטרים,400.00,"100 מ""ל",false,,5.90,0.0147,true,1,190370
8001841006710,false,לנור כדוריות הבושם ר,,,לנור כדוריות הבושם ר,גרמים,210.00,100 גרם,false,,27.90,0.1329,true,1,121941
8001841006833,false,לנור כדוריות הבושם א,,,לנור כדוריות הבושם א,גרמים,210.00,100 גרם,false,,27.90,0.1329,true,1,121942
8001841053684,false,תחבושות אולוויז  עבה,,,תחבושות אולוויז  עבה,יחידה,0.00,יחידה,false,,11.90,0.0000,true,1,126451
8001841053806,false,תחבושות אולוויז  עבה,,,תחבושות אולוויז  עבה,יחידה,0.00,יחידה,false,,11.90,0.0000,true,1,126446
8001841062624,false,מגבוני פמפרס ללא ביש,,,מגבוני פמפרס ללא ביש,יחידה,0.00,יחידה,false,,15.90,0.0000,true,1,122772
8001841077949,false,פמפרס מגבונים פרש,,,פמפרס מגבונים פרש,יחידה,0.00,יחידה,false,,15.90,0.0000,false,1,115914
8001841105093,false,חיתולי פמפרס פרימיום,,,חיתולי פמפרס פרימיום,יחידה,0.00,יחידה,false,,31.90,0.0000,false,1,187453
8001841137179,false,הד אנד שולדרס קונדיש,,,הד אנד שולדרס קונדיש,מיליליטרים,275.00,"100 מ""ל",false,,14.90,0.0542,true,1,116884
8001841137216,false,הד אנד שולדרס קונדיש,,,הד אנד שולדרס קונדיש,מיליליטרים,275.00,"100 מ""ל",false,,14.90,0.0542,true,1,116885
8001841272757,false,אורל בי משחת שיניים,,,אורל בי משחת שיניים,מיליליטרים,75.00,"100 מ""ל",false,,19.90,0.2653,true,1,186959
8001841427126,false,מגן תחתון אולוויז מג,,,מגן תחתון אולוויז מג,יחידה,0.00,יחידה,false,,16.90,0.0000,true,1,120965
8001841500799,false,הרבל אסנס שמפו ללא ס,,,הרבל אסנס שמפו ללא ס,מיליליטרים,380.00,"100 מ""ל",false,,17.90,0.0471,true,1,123225
8001841500942,false,הרבל אסנס שמפו ללא ס,,,הרבל אסנס שמפו ללא ס,מיליליטרים,380.00,"100 מ""ל",false,,17.90,0.0471,true,1,123226
8001841566771,false,לנור כדוריות הבושם ב,,,לנור כדוריות הבושם ב,גרמים,210.00,100 גרם,false,,27.90,0.1329,true,1,121943
8001841625287,false,פיירי לימון 1.015 לי,,,פיירי לימון 1.015 לי,ליטרים,1.01,ליטר,false,,13.90,13.7624,true,1,119619
8001841625362,false,פרי לכלים לימון פלטי,,,פרי לכלים לימון פלטי,מיליליטרים,780.00,"100 מ""ל",false,,12.90,0.0165,true,1,188967
8001841625461,false,פיירי פלטיניום 515 מ,,,פיירי פלטיניום 515 מ,מיליליטרים,515.00,"100 מ""ל",false,,9.90,0.0192,false,1,120145
8001841625508,false,פיירי פלטיניום אורגי,,,פיירי פלטיניום אורגי,מיליליטרים,1015.00,"100 מ""ל",false,,13.90,0.0137,true,1,119763
8001841660530,false,פנטן מיראקלס קרם לחו,,,פנטן מיראקלס קרם לחו,מיליליטרים,270.00,"100 מ""ל",false,,17.90,0.0663,true,1,125892
8001841669465,false,אריאל קפסולות 24 יח,,,אריאל קפסולות 24 יח,יחידה,0.00,יחידה,false,,29.90,0.0000,false,1,124527
8001841669519,false,אריאל קפסולות כביסה,,,אריאל קפסולות כביסה,גרמים,1386.00,100 גרם,false,,54.90,0.0396,false,1,121070
8001841680989,false,מגן תחתון אולוויז מג,,,מגן תחתון אולוויז מג,יחידה,0.00,יחידה,false,,16.90,0.0000,true,1,120871
8001841941929,false,תחבושות אולוויז וליו,,,תחבושות אולוויז וליו,יחידה,0.00,יחידה,false,,16.90,0.0000,false,1,125896
8001931120944,false,פסטה סמולינה דק 500,,,פסטה סמולינה דק 500,גרמים,500.00,100 גרם,false,,7.50,0.0150,true,1,188987
8001931120982,false,פסטה סמולינה עבה 500,,,פסטה סמולינה עבה 500,גרמים,500.00,100 גרם,false,,7.50,0.0150,true,1,188988
8001931121002,false,פסטה קן לציפור עבה 5,,,פסטה קן לציפור עבה 5,גרמים,500.00,100 גרם,false,,7.50,0.0150,true,1,187756
8001940000015,false,מטלית וילדה לחלון,,,מטלית וילדה לחלון,יחידה,0.00,יחידה,false,,13.90,0.0000,true,1,188239
8001940000213,false,מטליות וילדה 3 יח',,,מטליות וילדה 3 יח',יחידה,0.00,יחידה,false,,13.90,0.0000,true,1,188242
8002270015656,false,מים סאן פלגרינו,,,מים סאן פלגרינו,מיליליטרים,750.00,"100 מ""ל",false,,8.90,0.0119,true,1,28155
8002270166594,false,שישייה סאן פלגרינו,טמפו,,שישייה סאן פלגרינו,ליטרים,1.50,ליטר,false,,29.90,19.9333,true,1,101974
8002450201008,false,ורדי רסברי,,,ורדי רסברי,מיליליטרים,750.00,"100 מ""ל",false,,22.90,0.0305,true,1,35894
8002450202005,false,ורדי ספרקלטיני אסאי,,,ורדי ספרקלטיני אסאי,מיליליטרים,750.00,"100 מ""ל",false,,22.90,0.0305,true,1,61612
8002450203002,false,ורדי אבטיח,,,ורדי אבטיח,מיליליטרים,750.00,"100 מ""ל",false,,22.90,0.0305,true,1,114065
8002450204009,false,ספרקלטיני  ורדי אפרס,,,ספרקלטיני  ורדי אפרס,מיליליטרים,750.00,"100 מ""ל",false,,22.90,0.0305,true,1,35895
8002450205006,false,ורדי תות שדה,,,ורדי תות שדה,מיליליטרים,750.00,"100 מ""ל",false,,22.90,0.0305,true,1,103948
8002450206003,false,ספרקלטיני ורדי רימונ,,,ספרקלטיני ורדי רימונ,מיליליטרים,750.00,"100 מ""ל",false,,22.90,0.0305,true,1,36760
8002450209004,false,יין מבעבע ורדי רוזה,,,יין מבעבע ורדי רוזה,מיליליטרים,750.00,"100 מ""ל",false,,22.90,0.0305,true,1,97311
8002520010677,false,"מחבת טפלון 30 ס""מ",,,"מחבת טפלון 30 ס""מ",יחידה,0.00,יחידה,false,,55.90,0.0000,true,1,60873
8002520022052,true,"מטרפה נירוסטה 30 ס""מ",,,"מטרפה נירוסטה 30 ס""מ",,0.00,,false,,21.90,0.0000,true,1,123052
8003007817000,false,טרלורו- פסטה פוזילי,,,טרלורו- פסטה פוזילי,גרמים,500.00,100 גרם,false,,12.90,0.0258,true,1,104281
8003340091280,false,בונבונירת לינדור 60%,לינדור,,בונבונירת לינדור 60%,גרמים,200.00,100 גרם,false,,29.90,0.1495,false,1,35616
8003440997710,false,צ'ופה צ'ופס מסטיק בי,,,צ'ופה צ'ופס מסטיק בי,גרמים,27.60,100 גרם,false,,3.40,0.1232,true,1,124686
8003440997741,false,צ'ופה צ'ופס מסטיק בי,,,צ'ופה צ'ופס מסטיק בי,גרמים,27.60,100 גרם,false,,3.40,0.1232,true,1,124687
8003440997833,false,מסטיק פיור פרש 100 י,,,מסטיק פיור פרש 100 י,גרמים,200.00,100 גרם,false,,21.90,0.1095,true,1,125970
8003653000061,false,מקל למטאטא/מגב 130 ס,,,מקל למטאטא/מגב 130 ס,יחידה,0.00,יחידה,false,,6.90,0.0000,true,1,98008
8003653002409,false,סט לניקוי אסלות מעוצ,,,סט לניקוי אסלות מעוצ,יחידה,0.00,יחידה,false,,17.90,0.0000,true,1,121354
8003653003000,false,מברשת ניקוי כלים,,,מברשת ניקוי כלים,יחידה,0.00,יחידה,false,,7.90,0.0000,true,1,121357
8003653005301,false,מברשת עם ידית אחיזה,,,מברשת עם ידית אחיזה,יחידה,0.00,יחידה,false,,11.90,0.0000,true,1,98009
8003653006407,false,מברשת לניקוי בקבוקים,,,מברשת לניקוי בקבוקים,יחידה,0.00,יחידה,false,,8.90,0.0000,true,1,121358
8003653008708,false,"מגב לריצפה 55 ס""מ+מק",,,"מגב לריצפה 55 ס""מ+מק",יחידה,0.00,יחידה,false,,29.90,0.0000,true,1,121362
8003653011807,false,אטבים מפלסטיק 20 יח,,,אטבים מפלסטיק 20 יח,יחידה,0.00,יחידה,false,,12.90,0.0000,true,1,98010
8003653033960,false,מטאטא פנימי אקולוגי+,,,מטאטא פנימי אקולוגי+,יחידה,0.00,יחידה,false,,27.90,0.0000,true,1,190473
8004030022010,false,ריו מארה אינסלטיסימי,,,ריו מארה אינסלטיסימי,גרמים,160.00,100 גרם,false,,15.90,0.0994,false,1,94019
8004030026018,false,ריו מארה אינסלטיסימי,,,ריו מארה אינסלטיסימי,גרמים,160.00,100 גרם,false,,15.90,0.0994,false,1,94020
8004030044005,false,טונה ריו בשמן זית 16,ריו מרה,,טונה ריו בשמן זית 16,גרמים,160.00,100 גרם,false,,15.90,0.0994,false,1,8355
8004030344938,false,ריו מרה טונה בשמן של,,,ריו מרה טונה בשמן של,גרמים,240.00,100 גרם,false,,26.90,0.1121,true,1,70012
8004030845046,false,ריו מארה אינטלטיסימי,,,ריו מארה אינטלטיסימי,גרמים,160.00,100 גרם,false,,15.90,0.0994,true,1,114155
8004735092820,false,שלישיית ביצי שוקולד,,,שלישיית ביצי שוקולד,יחידה,0.00,יחידה,false,,12.90,0.0000,true,1,187925
8004800000064,false,לאגו פלאסיר גלילי וו,,,לאגו פלאסיר גלילי וו,גרמים,100.00,100 גרם,false,,11.90,0.1190,true,1,190026
8004800000071,false,לאגו פלאסיר גליל ופל,,,לאגו פלאסיר גליל ופל,גרמים,100.00,100 גרם,false,,11.90,0.1190,true,1,190027
8004800004802,false,לאגו פלאסיר גלילי ופ,,,לאגו פלאסיר גלילי ופ,גרמים,100.00,100 גרם,false,,11.90,0.1190,true,1,190028
8004800004826,false,לאגו פלאסיר וופלים ב,,,לאגו פלאסיר וופלים ב,גרמים,98.00,100 גרם,false,,11.90,0.1214,true,1,190030
8005110001413,false,מארז זוג רסק עגבניות,,,מארז זוג רסק עגבניות,גרמים,280.00,100 גרם,false,,10.90,0.0389,true,1,117241
8005110002243,false,רכז עגבניות בשפורפרת,,,רכז עגבניות בשפורפרת,גרמים,185.00,100 גרם,false,,7.50,0.0405,true,1,121614
8005110060106,false,מארז זוג עגבניות מקו,,,מארז זוג עגבניות מקו,גרמים,800.00,100 גרם,false,,14.90,0.0186,true,1,100263
8005110170300,false,עגבניות חתוכות במארז,,,עגבניות חתוכות במארז,קילוגרמים,1.20,"ק""ג",false,,16.90,14.0833,false,1,56538
8005110171215,false,רסק עגבניות קצוצות,,,רסק עגבניות קצוצות,גרמים,690.00,100 גרם,false,,13.90,0.0201,true,1,56893
8005110191015,false,רסק עגבניות MUTTI,,,רסק עגבניות MUTTI,גרמים,700.00,100 גרם,false,,13.50,0.0193,true,1,96655
8005110200014,false,רכז עגבניות איטלקיות,,,רכז עגבניות איטלקיות,יחידה,0.00,יחידה,false,,5.50,0.0000,true,1,60593
8005110550508,false,MUTTI עגבניות שרי 40,,,MUTTI עגבניות שרי 40,גרמים,400.00,100 גרם,false,,8.90,0.0223,true,1,56539
8005110551253,false,רוטב עגבניות לפיצה 4,,,רוטב עגבניות לפיצה 4,גרמים,400.00,100 גרם,false,,8.50,0.0213,true,1,119284
8005200256587,false,נסטי אפרסק 1.5 ליטר,,,נסטי אפרסק 1.5 ליטר,ליטרים,1.50,ליטר,false,,8.90,5.9333,false,1,186694
8005200286584,false,נסטי מנגו אננס 1.5 ל,,,נסטי מנגו אננס 1.5 ל,ליטרים,1.50,ליטר,false,,8.90,5.9333,false,1,186695
8005200316588,false,נסטי דיאט אפרסק 1.5,,,נסטי דיאט אפרסק 1.5,ליטרים,1.50,ליטר,false,,7.90,5.2667,false,1,186696
8005803010357,false,גריסיני קלאסי 125 גר,,,גריסיני קלאסי 125 גר,גרמים,125.00,100 גרם,false,,6.90,0.0552,true,1,102692
8005803010371,false,גריסיני רוזמרין 125,,,גריסיני רוזמרין 125,גרמים,125.00,100 גרם,false,,6.90,0.0552,true,1,102693
8005803010586,false,גריסיני פיצה 125 גר',,,גריסיני פיצה 125 גר',גרמים,125.00,100 גרם,false,,6.90,0.0552,true,1,102694
8005803010661,false,גריסיני שומשום 125 ג,,,גריסיני שומשום 125 ג,גרמים,125.00,100 גרם,false,,6.90,0.0552,true,1,102695
8006540027011,false,לנור מרכך כביסה בניח,,,לנור מרכך כביסה בניח,מיליליטרים,897.00,"100 מ""ל",false,,14.90,0.0166,true,1,125427
8006540027042,false,מרכך כביסה  לנור ורו,,,מרכך כביסה  לנור ורו,מיליליטרים,897.00,"100 מ""ל",false,,14.90,0.0166,true,1,125428
8006540091937,false,לנור כדוריות הבושם ב,,,לנור כדוריות הבושם ב,גרמים,210.00,100 גרם,false,,27.90,0.1329,true,1,186184
8006540112793,false,לנור מרכך מרוכז בניח,,,לנור מרכך מרוכז בניח,מיליליטרים,900.00,"100 מ""ל",false,,14.90,0.0166,true,1,125429
8006540112823,false,לנור מרכך מרוכז בניח,,,לנור מרכך מרוכז בניח,מיליליטרים,900.00,"100 מ""ל",false,,14.90,0.0166,true,1,125425
8006540112854,false,לנור מרכך מרוכז בניח,,,לנור מרכך מרוכז בניח,מיליליטרים,900.00,"100 מ""ל",false,,14.90,0.0166,true,1,125430
8006540383087,false,פיירי טבליות פלטינום,,,פיירי טבליות פלטינום,יחידה,0.00,יחידה,false,,49.90,0.0000,true,1,189460
8006540404850,false,תחבושות אולוויז לברי,,,תחבושות אולוויז לברי,יחידה,0.00,יחידה,false,,19.90,0.0000,false,1,189873
8006540404898,false,תחבושות אולוויז לברי,,,תחבושות אולוויז לברי,יחידה,0.00,יחידה,false,,19.90,0.0000,false,1,189870
8006540425930,false,אריאל קפסולות 24 יח,,,אריאל קפסולות 24 יח,יחידה,0.00,יחידה,false,,29.90,0.0000,false,1,186956
8006540429327,false,"פיירי לימון 440 מ""ל",,,"פיירי לימון 440 מ""ל",מיליליטרים,440.00,"100 מ""ל",false,,9.90,0.0225,false,1,187264
8006540463550,false,פיירי טבליות למדיח פ,,,פיירי טבליות למדיח פ,יחידה,0.00,יחידה,false,,49.90,0.0000,false,1,189458
8006540495186,false,לנור מרכך כביסה 900,,,לנור מרכך כביסה 900,מיליליטרים,900.00,"100 מ""ל",false,,14.90,0.0166,true,1,189248
8006540566701,false,אריאל ג'ל כתמים קשים,,,אריאל ג'ל כתמים קשים,ליטרים,1.92,ליטר,false,,27.90,14.5312,false,1,190368
8007150901623,false,שמן זרעי ענבים 1.5 ל,,,שמן זרעי ענבים 1.5 ל,ליטרים,1.50,ליטר,false,,49.90,33.2667,true,1,107584
8007178120310,false,חומץ בלסמי,,,חומץ בלסמי,יחידה,500.00,יחידה,false,,21.90,0.0438,true,1,10990
8007178223547,false,קרם בלסמי מצומצם 250,,,קרם בלסמי מצומצם 250,מיליליטרים,250.00,"100 מ""ל",false,,23.90,0.0956,true,1,94490
8008343200424,false,פסטה קונקילי ריגטה ר,,,פסטה קונקילי ריגטה ר,גרמים,500.00,100 גרם,false,,8.50,0.0170,true,1,107775
8008660210014,false,ריבת מעדן משמש,,,ריבת מעדן משמש,גרמים,300.00,100 גרם,false,,15.90,0.0530,true,1,100246
8008660210021,false,ריבת מעדן דובדבן,,,ריבת מעדן דובדבן,גרמים,300.00,100 גרם,false,,15.90,0.0530,true,1,100247
8008660210038,false,ריבת מעדן תות שדה,,,ריבת מעדן תות שדה,גרמים,300.00,100 גרם,false,,15.90,0.0530,true,1,100248
8008660210045,false,ריבת מעדן פירות יער,,,ריבת מעדן פירות יער,גרמים,300.00,100 גרם,false,,15.90,0.0530,true,1,100249
8008660210052,false,מעדן פרי תפוז,,,מעדן פרי תפוז,גרמים,320.00,100 גרם,false,,15.90,0.0497,true,1,112107
8008990000750,false,מברשת לניקוי אסלות,,,מברשת לניקוי אסלות,יחידה,0.00,יחידה,false,,7.90,0.0000,true,1,98013
8008990002167,false,יעה עם מקל מתכת ארוך,,,יעה עם מקל מתכת ארוך,יחידה,0.00,יחידה,false,,18.90,0.0000,true,1,98015
8008990005809,false,מגב ניקוי להסרת מים,,,מגב ניקוי להסרת מים,יחידה,0.00,יחידה,false,,14.90,0.0000,true,1,121364
8009470009348,false,סימבה פאוץ בשר 100 ג,,,סימבה פאוץ בשר 100 ג,גרמים,100.00,100 גרם,false,,5.00,0.0500,true,1,190631
8009470009355,false,סימבה פאוץ עוף 100 ג,,,סימבה פאוץ עוף 100 ג,גרמים,100.00,100 גרם,false,,5.00,0.0500,true,1,190632
8009470009430,false,פחית סימבה ורוד סלמו,,,פחית סימבה ורוד סלמו,גרמים,85.00,100 גרם,false,,6.00,0.0706,true,1,189396
8009470009461,false,פחית סימבה צהוב לבבו,,,פחית סימבה צהוב לבבו,גרמים,85.00,100 גרם,false,,6.00,0.0706,true,1,189398
8009621006172,false,ניוקי מיני פנינים 50,,,ניוקי מיני פנינים 50,גרמים,500.00,גרם,false,,9.90,0.0198,true,1,65882
8015997000638,false,אצבעות מאפה מסוכרות,,,אצבעות מאפה מסוכרות,גרמים,200.00,100 גרם,false,,9.40,0.0470,true,1,97687
8021423011499,false,רבעי ארטישוק על הגרי,,,רבעי ארטישוק על הגרי,גרמים,310.00,100 גרם,false,,32.90,0.1061,true,1,102480
8024985002783,false,סמוצ'י תפוח גזר ודלע,,,סמוצ'י תפוח גזר ודלע,גרמים,100.00,100 גרם,false,,5.00,0.0500,true,1,108377
8024985002912,false,סמוצ'י תפוח אגס בטטה,,,סמוצ'י תפוח אגס בטטה,גרמים,100.00,100 גרם,false,,5.00,0.0500,true,1,111312
8024985002943,false,סמוזי אננס קוקוס אור,,,סמוזי אננס קוקוס אור,גרמים,100.00,100 גרם,false,,5.00,0.0500,true,1,116297
8024985002950,false,סמוזי שזיף אורגני 10,,,סמוזי שזיף אורגני 10,גרמים,100.00,100 גרם,false,,5.00,0.0500,true,1,115885
8024985002967,false,סמוזי בננה תרד אורגנ,,,סמוזי בננה תרד אורגנ,גרמים,100.00,100 גרם,false,,5.00,0.0500,true,1,116298
8024985003988,false,מחית תפוחים ובננה 10,,,מחית תפוחים ובננה 10,גרמים,100.00,100 גרם,false,,5.00,0.0500,true,1,96793
8024985005234,false,סמוצ'י אפרסק ומנגו א,,,סמוצ'י אפרסק ומנגו א,גרמים,100.00,100 גרם,false,,5.00,0.0500,true,1,102877
8024985008037,false,סמוצ'י תפוחים אורגני,,,סמוצ'י תפוחים אורגני,גרמים,100.00,100 גרם,false,,5.00,0.0500,true,1,69562
8024985008044,false,מחית אגסים אורגני 10,,,מחית אגסים אורגני 10,גרמים,100.00,100 גרם,false,,5.00,0.0500,true,1,69771
8024985008051,false,סמוצ'י פירות אדומים,,,סמוצ'י פירות אדומים,גרמים,100.00,100 גרם,false,,5.00,0.0500,true,1,69563
8024985011204,false,נטורה נובה סמוזי תפו,,,נטורה נובה סמוזי תפו,גרמים,100.00,100 גרם,false,,5.00,0.0500,true,1,126104
8032880800243,false,פיקניק הפתעה 50 גרם,,,פיקניק הפתעה 50 גרם,גרמים,50.00,100 גרם,false,,6.40,0.1280,true,1,42350
8076800195019,false,ספגטי מס'1 קפליני.,ברילה,,ספגטי מס'1 קפליני.,גרמים,500.00,100 גרם,false,,6.90,0.0138,false,1,8367
8076800195033,false,ברילה ספגטיני.,ברילה,,ברילה ספגטיני.,גרמים,500.00,100 גרם,false,,6.90,0.0138,false,1,8368
8076800195057,false,ספגטיני ברילה 5.,ברילה,,ספגטיני ברילה 5.,גרמים,500.00,100 גרם,false,,6.90,0.0138,false,1,8369
8076800195132,false,ברילה איטריות בבטה מ,ברילה,,ברילה איטריות בבטה מ,גרמים,500.00,100 גרם,false,,6.90,0.0138,false,1,8370
8076800315097,false,ברילה בוקטיני מס' 9,ברילה,,ברילה בוקטיני מס' 9,גרמים,500.00,100 גרם,false,,6.90,0.0138,false,1,8371
8076802085738,false,ברילה פנה רגטה מס' 7,ברילה,,ברילה פנה רגטה מס' 7,גרמים,500.00,100 גרם,false,,6.90,0.0138,false,1,8374
8076802085837,false,ברילה טורטליוני מס',ברילה,,ברילה טורטליוני מס',גרמים,500.00,100 גרם,false,,6.90,0.0138,false,1,8375
8076802085936,false,ברילה קונציליאה ריגא,ברילה,,ברילה קונציליאה ריגא,גרמים,500.00,100 גרם,false,,6.90,0.0138,false,1,8378
8076802085981,false,פוסילי ברילה 98.,ברילה,,פוסילי ברילה 98.,גרמים,500.00,100 גרם,false,,6.90,0.0138,false,1,8379
8076808050440,false,ברילה פליני מס' 44.,ברילה,,ברילה פליני מס' 44.,גרמים,500.00,100 גרם,false,,6.90,0.0138,false,1,8381
8076808060654,false,ברילה פרפלה.,ברילה,,ברילה פרפלה.,גרמים,500.00,100 גרם,false,,6.90,0.0138,false,1,8382
8076808070882,false,קנלוני ברילה,ברילה,,קנלוני ברילה,גרמים,500.00,100 גרם,false,,13.90,0.0278,true,1,8383
8076808150072,false,ברילה ספגטי מס' 7.,ברילה,,ברילה ספגטי מס' 7.,גרמים,500.00,100 גרם,false,,6.90,0.0138,false,1,8384
8076809501415,false,פסטה פנה טריקולור,ברילה,,פסטה פנה טריקולור,גרמים,500.00,100 גרם,false,,13.90,0.0278,true,1,8385
8076809512268,false,ברילה גירנדולה מס' 3,ברילה,,ברילה גירנדולה מס' 3,גרמים,500.00,100 גרם,false,,6.90,0.0138,false,1,8386
8076809513388,false,ברילה רוטב ארביאטה,ברילה,,ברילה רוטב ארביאטה,גרמים,400.00,100 גרם,false,,13.90,0.0348,false,1,8387
8076809513395,false,ברילה רוטב פומודורו,ברילה,,ברילה רוטב פומודורו,גרמים,400.00,100 גרם,false,,13.90,0.0348,true,1,8388
8076809513654,false,רוטב ברילה בסיס לבול,ברילה,,רוטב ברילה בסיס לבול,גרמים,400.00,100 גרם,false,,13.90,0.0348,true,1,8389
8076809513692,false,ברילה רוטב נפוליטנה,ברילה,,ברילה רוטב נפוליטנה,גרמים,400.00,100 גרם,false,,13.90,0.0348,true,1,8390
8076809513739,false,רוטב בזיליקום ברילה,ברילה,,רוטב בזיליקום ברילה,גרמים,400.00,100 גרם,false,,13.90,0.0348,true,1,22569
8076809514774,false,ברילה איטריות  פפרדל,ברילה,,ברילה איטריות  פפרדל,גרמים,250.00,100 גרם,false,,17.90,0.0716,true,1,8392
8076809523714,false,ברילה טליאטלה 500 גר,ברילה,,ברילה טליאטלה 500 גר,גרמים,500.00,100 גרם,false,,25.90,0.0518,true,1,8400
8076809523738,false,לזניה ברילה,ברילה,,לזניה ברילה,גרמים,500.00,100 גרם,false,,19.90,0.0398,true,1,8401
8076809529419,false,ספגטי ברילה מחיטה מל,ברילה,,ספגטי ברילה מחיטה מל,גרמים,500.00,100 גרם,false,,13.90,0.0278,true,1,23085
8076809529433,false,ברילה פנה רגטה מחיטה,ברילה,,ברילה פנה רגטה מחיטה,גרמים,500.00,100 גרם,false,,13.90,0.0278,true,1,23086
8076809545440,false,ברילה איטריות ללא גל,ברילה,,ברילה איטריות ללא גל,גרמים,400.00,100 גרם,false,,14.90,0.0373,false,1,97194
8076809545464,false,ברילה ללא גלוטן ספיר,ברילה,,ברילה ללא גלוטן ספיר,גרמים,400.00,100 גרם,false,,14.90,0.0373,true,1,97196
8076809547956,false,ברילה צ.ק קיפרי 500,,,ברילה צ.ק קיפרי 500,גרמים,500.00,100 גרם,false,,6.90,0.0138,true,1,119153
8076809576352,false,ברילה לזניה ללא גלוט,,,ברילה לזניה ללא גלוט,גרמים,250.00,100 גרם,false,,19.90,0.0796,true,1,125734
8076809578998,false,פסטה ברילה סטלינה,,,פסטה ברילה סטלינה,גרמים,500.00,100 גרם,false,,6.90,0.0138,true,1,125455
8358110076302,false,"כוסות ליין ח""פ 40 יח",הנמל,,"כוסות ליין ח""פ 40 יח",יחידה,0.00,יחידה,false,,6.50,0.0000,true,1,39381
8410001134888,false,זוג ספוגים עם ידית א,,,זוג ספוגים עם ידית א,יחידה,0.00,יחידה,false,,12.90,0.0000,true,1,126787
8410001134918,false,זוג ספוגים עם ידית א,,,זוג ספוגים עם ידית א,יחידה,0.00,יחידה,false,,12.90,0.0000,true,1,126788
8410076600622,false,נייטשר ואלי חמישייה,,,נייטשר ואלי חמישייה,גרמים,210.00,100 גרם,false,,19.00,0.0905,true,1,61434
8410076610379,false,נייטשר ואלי פרוטאין,,,נייטשר ואלי פרוטאין,גרמים,160.00,100 גרם,false,,22.90,0.1431,true,1,100036
8410076610386,false,חטיף נייטשר ואלי פרו,,,חטיף נייטשר ואלי פרו,גרמים,160.00,100 גרם,false,,22.90,0.1431,true,1,100037
8410076610492,false,נייטשר ואלי צ'ואי בו,,,נייטשר ואלי צ'ואי בו,גרמים,150.00,100 גרם,false,,19.00,0.1267,true,1,102305
8410076610508,false,נייטשר ואלי צ'ואי בו,,,נייטשר ואלי צ'ואי בו,גרמים,150.00,100 גרם,false,,19.00,0.1267,true,1,102306
8410076620354,false,חטיפי נייטשר ואלי שי,,,חטיפי נייטשר ואלי שי,גרמים,152.00,100 גרם,false,,19.00,0.1250,true,1,106547
8410076621009,false,חטיף פייבר 1 בטעם קר,,,חטיף פייבר 1 בטעם קר,גרמים,120.00,100 גרם,false,,14.90,0.1242,true,1,123035
8410076621047,false,חטיפי פייבר 1 בראוני,,,חטיפי פייבר 1 בראוני,גרמים,120.00,100 גרם,false,,14.90,0.1242,true,1,122941
8410104039134,false,פיניש מנקה ומחדש,פיניש,,פיניש מנקה ומחדש,מיליליטרים,250.00,"100 מ""ל",false,,14.90,0.0596,true,1,14665
8410104045111,false,פיניש מלח למדיח,פיניש,,פיניש מלח למדיח,קילוגרמים,2.00,"ק""ג",false,,14.90,7.4500,true,1,119241
8410104437268,false,פיניש ציטרו פרש,,,פיניש ציטרו פרש,גרמים,27.00,100 גרם,false,,14.90,0.5519,true,1,56303
8410104511340,false,ויט רצועות שעווה,ויט,,ויט רצועות שעווה,יחידה,0.00,יחידה,false,,19.90,0.0000,true,1,14680
8410128768324,false,ויוה סוי שקדים קרטונ,,,ויוה סוי שקדים קרטונ,ליטרים,1.00,ליטר,false,,12.90,12.9000,true,1,118758
8410128768355,false,ויוה סוי סויה קרטוני,,,ויוה סוי סויה קרטוני,ליטרים,1.00,ליטר,false,,11.90,11.9000,true,1,118759
8410179100043,false,שמן זית בורחס מעולה7,,,שמן זית בורחס מעולה7,יחידה,750.00,יחידה,false,,37.90,0.0505,true,1,24694
8410376009392,false,ביסקוויט מחיטה מלאה,,,ביסקוויט מחיטה מלאה,גרמים,170.00,100 גרם,false,,9.90,0.0582,true,1,34128
8410376009408,false,גולון דורדה ביסקוויט,,,גולון דורדה ביסקוויט,גרמים,330.00,100 גרם,false,,17.90,0.0542,true,1,31586
8410376010701,false,גולון ביסקוויט מרי ל,,,גולון ביסקוויט מרי ל,גרמים,400.00,100 גרם,false,,17.90,0.0447,true,1,31587
8410376023831,false,גולון ביסקוויט חיטה,,,גולון ביסקוויט חיטה,גרמים,400.00,100 גרם,false,,16.90,0.0422,true,1,33993
8410376029079,false,ביסקוויט ללא סוכר מצ,,,ביסקוויט ללא סוכר מצ,יחידה,186.00,יחידה,false,,16.90,0.0909,true,1,58450
8410376037784,false,גולון ביסקויט שוקו ל,,,גולון ביסקויט שוקו ל,גרמים,250.00,100 גרם,false,,13.50,0.0540,true,1,62512
8410376037883,false,עוגיות שוקו צ'יפס לל,,,עוגיות שוקו צ'יפס לל,גרמים,125.00,100 גרם,false,,13.50,0.1080,true,1,63791
8410376042481,false,גולון ביסקוויט קרם י,,,גולון ביסקוויט קרם י,גרמים,220.00,100 גרם,false,,15.90,0.0723,true,1,94317
8410376044393,false,גולון עוגיות סנדוויץ,,,גולון עוגיות סנדוויץ,גרמים,210.00,100 גרם,false,,18.90,0.0900,true,1,97672
8410376044959,false,גולון דיבוס בסקויט ל,,,גולון דיבוס בסקויט ל,גרמים,250.00,100 גרם,false,,18.90,0.0756,true,1,99293
8410376047509,false,גולון ביסקויט ללא סו,,,גולון ביסקויט ללא סו,גרמים,400.00,100 גרם,false,,15.90,0.0398,true,1,102666
8410376052633,false,גולון עוגיות שוקולד,,,גולון עוגיות שוקולד,גרמים,150.00,100 גרם,false,,12.90,0.0860,true,1,120146
8410376059380,false,גולון וופל וניל ללא,,,גולון וופל וניל ללא,גרמים,180.00,100 גרם,false,,15.90,0.0883,true,1,123598
8410376059397,false,גולון וופל שוקולד לל,,,גולון וופל שוקולד לל,גרמים,200.00,100 גרם,false,,15.90,0.0795,true,1,124734
8411277063049,false,קווה ג'אום סרה ברוט,,,קווה ג'אום סרה ברוט,מיליליטרים,750.00,"100 מ""ל",false,,29.90,0.0399,true,1,40791
8411712086435,false,"קערה 14 ס""מ",,,"קערה 14 ס""מ",יחידה,0.00,יחידה,false,,9.90,0.0000,true,1,118108
8411712086442,false,"קערה 17 ס""מ",,,"קערה 17 ס""מ",יחידה,0.00,יחידה,false,,13.90,0.0000,true,1,118109
8412497371129,false,צלחת פולי דגם אנגרי,,,צלחת פולי דגם אנגרי,יחידה,0.00,יחידה,false,,8.90,0.0000,true,1,119031
8412497473120,false,צלחת פולי דגם ספיידר,,,צלחת פולי דגם ספיידר,יחידה,0.00,יחידה,false,,8.90,0.0000,true,1,71198
8420822130600,false,סופר מסיר שומנים 750,,,סופר מסיר שומנים 750,מיליליטרים,750.00,"100 מ""ל",false,,14.90,0.0199,true,1,187315
8420822130624,false,סופר מסיר כתמים 750,,,סופר מסיר כתמים 750,מיליליטרים,750.00,"100 מ""ל",false,,17.90,0.0239,true,1,187314
8421401201209,false,פפריקה מתוקה מעושנת,,,פפריקה מתוקה מעושנת,גרמים,70.00,100 גרם,false,,14.90,0.2129,true,1,120320
8421401301206,false,פפריקה חריפה מעושנת,,,פפריקה חריפה מעושנת,גרמים,70.00,100 גרם,false,,14.90,0.2129,true,1,120321
8423207206488,false,חטיף דגנים מלאים מצו,,,חטיף דגנים מלאים מצו,יחידה,0.00,יחידה,false,,10.90,0.0000,true,1,59459
8423207206495,false,חטיף דגנים מלאים מצו,,,חטיף דגנים מלאים מצו,יחידה,0.00,יחידה,false,,10.90,0.0000,true,1,59460
8423207206501,false,מרבה סלים דליס חצי מ,,,מרבה סלים דליס חצי מ,יחידה,0.00,יחידה,false,,10.90,0.0000,true,1,59461
8423207207362,false,חטיף דגנים שוקולד לב,,,חטיף דגנים שוקולד לב,יחידה,0.00,יחידה,false,,10.90,0.0000,true,1,65343
8423207208680,false,סלים דליס לילדים עם,,,סלים דליס לילדים עם,יחידה,0.00,יחידה,false,,10.90,0.0000,true,1,97739
8423207208697,false,סלים דליס לילדים עם,,,סלים דליס לילדים עם,יחידה,0.00,יחידה,false,,10.90,0.0000,true,1,97740
8423207208703,false,סלים דליס לילדים עם,,,סלים דליס לילדים עם,יחידה,0.00,יחידה,false,,10.90,0.0000,true,1,97741
8423207210287,false,מרבה סלים דליס שוקול,,,מרבה סלים דליס שוקול,גרמים,120.00,100 גרם,false,,10.90,0.0908,true,1,111385
8424842050016,false,צ'יפס בטעם כמהין,,,צ'יפס בטעם כמהין,גרמים,130.00,100 גרם,false,,12.90,0.0992,true,1,124973
8424842050030,false,צ'יפס עם מלח הימלאי,,,צ'יפס עם מלח הימלאי,גרמים,125.00,100 גרם,false,,12.90,0.1032,true,1,124971
8424842201340,false,צ'יפס מסורתי פרימיום,,,צ'יפס מסורתי פרימיום,גרמים,130.00,100 גרם,false,,12.90,0.0992,true,1,124974
8435495805106,false,"ביומטפרש 5 ק""ג",ביומט,,"ביומטפרש 5 ק""ג",קילוגרמים,5.00,"100 ק""ג",false,,29.90,5.9800,true,1,107718
8435495805168,false,"תינוקלין 1.25 ק""ג",תינוקלין,,"תינוקלין 1.25 ק""ג",קילוגרמים,1.25,"ק""ג",false,,24.90,19.9200,true,1,109643
8435495805199,false,"תינוקלין 3 ק""ג",תינוקלין,,"תינוקלין 3 ק""ג",קילוגרמים,3.00,"ק""ג",false,,43.90,14.6333,true,1,109890
8435495807605,false,תינוקלין מרכך כביסה,תינוקלין,,תינוקלין מרכך כביסה,ליטרים,1.00,ליטר,false,,17.90,17.9000,false,1,112413
8435495807636,false,תינוקלין ג'ל כביסה 2,תינוקלין,,תינוקלין ג'ל כביסה 2,ליטרים,2.00,ליטר,false,,29.90,14.9500,true,1,113397
8436575292205,false,מאגדת חמושושים,נסטלה גלידות,,מאגדת חמושושים,גרמים,220.00,100 גרם,false,,19.50,0.0886,true,1,114517
8593868006014,false,בירה בלו מון פחית 50,,,בירה בלו מון פחית 50,מיליליטרים,500.00,"100 מ""ל",false,,11.90,0.0238,true,1,123381
8606018615827,false,גלידת וניל עם שברי ע,,,גלידת וניל עם שברי ע,גרמים,480.00,100 גרם,false,,17.90,0.0373,true,1,187689
8606018615841,false,גלידת וניל עם ליבת ש,,,גלידת וניל עם ליבת ש,גרמים,480.00,100 גרם,false,,17.90,0.0373,true,1,187690
8606018615865,false,גלידת קרמל,,,גלידת קרמל,גרמים,480.00,100 גרם,false,,17.90,0.0373,true,1,187691
8682139495388,false,צמר גפן מסיר איפור 5,,,צמר גפן מסיר איפור 5,יחידה,0.00,יחידה,false,,7.90,0.0000,true,1,189791
8683130008355,false,מיונז הלמנס שום לחיץ,הלמנ'ס,,מיונז הלמנס שום לחיץ,גרמים,400.00,100 גרם,false,,12.90,0.0323,true,1,186302
8683130008935,false,הלמנס קטשיונז 425 גר,הלמנ'ס,,הלמנס קטשיונז 425 גר,גרמים,425.00,100 גרם,false,,12.90,0.0304,true,1,187309
8683130025581,false,בדין אקסטרה ענבר 960,בדין,,בדין אקסטרה ענבר 960,מיליליטרים,960.00,"100 מ""ל",false,,14.90,0.0155,false,1,189639
8683323063024,false,יוגטה שטיחים תותי פר,,,יוגטה שטיחים תותי פר,גרמים,220.00,100 גרם,false,,10.90,0.0495,true,1,103007
8690504153740,false,שוקולד מריר עם גאנש,,,שוקולד מריר עם גאנש,גרמים,86.00,100 גרם,false,,13.90,0.1616,true,1,110539
8690572783931,false,פה ספריי אינביזיבל 2,,,פה ספריי אינביזיבל 2,מיליליטרים,200.00,"100 מ""ל",false,,10.00,0.0500,true,1,108867
8690637073373,false,תה ארל גריי סרוויס 2,ליפטון,,תה ארל גריי סרוויס 2,גרמים,50.00,100 גרם,false,,8.00,0.1600,true,1,31783
8690637073434,false,תה ארל גריי ליפטון 1,ליפטון,,תה ארל גריי ליפטון 1,גרמים,200.00,100 גרם,false,,27.90,0.1395,true,1,31784
8690637503856,false,ממרח הלמנס לחיץ 355,הלמנ'ס,,ממרח הלמנס לחיץ 355,גרמים,355.00,100 גרם,false,,12.90,0.0363,false,1,123082
8690637504426,false,סיף קרם לימון,סיף פנטסטיק,,סיף קרם לימון,מיליליטרים,500.00,"100 מ""ל",false,,9.90,0.0198,true,1,187109
8690637505607,false,בדין אקסטרה פינוק קל,בדין,,בדין אקסטרה פינוק קל,מיליליטרים,960.00,"100 מ""ל",false,,14.90,0.0155,false,1,126527
8690637505614,false,בדין אקסטרה פינוק קו,בדין,,בדין אקסטרה פינוק קו,מיליליטרים,960.00,"100 מ""ל",false,,14.90,0.0155,false,1,126528
8690637555084,false,בדין אקסטרא לבן 960מ,בדין,,בדין אקסטרא לבן 960מ,מיליליטרים,960.00,"100 מ""ל",false,,14.90,0.0155,false,1,36889
8690637704277,false,דאב שמפו יום יומי 2-,דאב,,דאב שמפו יום יומי 2-,מיליליטרים,600.00,"100 מ""ל",false,,14.90,0.0248,false,1,70663
8690637704291,false,"דאב שמפו משקם 600 מ""",דאב,,"דאב שמפו משקם 600 מ""",מיליליטרים,600.00,"100 מ""ל",false,,14.90,0.0248,false,1,70664
8690637704376,false,דאב שמפו יום יומי 60,דאב,,דאב שמפו יום יומי 60,מיליליטרים,600.00,"100 מ""ל",false,,14.90,0.0248,false,1,70665
8690637704390,false,דאב מרכך יום יומי 60,דאב,,דאב מרכך יום יומי 60,מיליליטרים,600.00,"100 מ""ל",false,,14.90,0.0248,false,1,70818
8690637704451,false,דאב מרכך שמני הזנה 6,דאב,,דאב מרכך שמני הזנה 6,מיליליטרים,600.00,"100 מ""ל",false,,14.90,0.0248,false,1,70827
8690637799594,false,תה ירוק נענע בסגנון,ליפטון,,תה ירוק נענע בסגנון,גרמים,36.00,100 גרם,false,,14.90,0.4139,true,1,101372
8690637835643,false,תה ירוק לואיזה ולימו,ליפטון,,תה ירוק לואיזה ולימו,גרמים,30.00,100 גרם,false,,14.90,0.4967,true,1,106150
8690637842399,false,מאגדת מיני מגנום דאב,,,מאגדת מיני מגנום דאב,יחידה,0.00,יחידה,false,,32.90,0.0000,true,1,108950
8690637858734,false,סיף ג'ל אקונומיקה לי,סיף פנטסטיק,,סיף ג'ל אקונומיקה לי,מיליליטרים,750.00,"100 מ""ל",false,,9.90,0.0132,true,1,110865
8690637866654,false,ליפטון תה ירוק קלאסי,ליפטון,,ליפטון תה ירוק קלאסי,יחידה,0.00,יחידה,false,,25.90,0.0000,true,1,111627
8690637866753,false,בדין אקסטרא סגול 960,בדין,,בדין אקסטרא סגול 960,מיליליטרים,960.00,"100 מ""ל",false,,14.90,0.0155,false,1,111096
8690637871047,false,דאב שמפו קוקוס 600 מ,דאב,,דאב שמפו קוקוס 600 מ,מיליליטרים,600.00,"100 מ""ל",false,,14.90,0.0248,true,1,111672
8690637871061,false,דאב שמפו עם שמן אבוק,דאב,,דאב שמפו עם שמן אבוק,מיליליטרים,600.00,"100 מ""ל",false,,14.90,0.0248,true,1,111673
8690637871108,false,הלמנס חרדל 250 גר',,,הלמנס חרדל 250 גר',גרמים,250.00,100 גרם,false,,12.90,0.0516,true,1,115660
8690637871245,false,הלמנס מיונז אמיתי לח,,,הלמנס מיונז אמיתי לח,גרמים,395.00,100 גרם,false,,12.90,0.0327,true,1,114718
8690637890666,false,מגנום דאבל פיסטוק מא,,,מגנום דאבל פיסטוק מא,גרמים,282.00,100 גרם,false,,32.90,0.1167,true,1,113584
8690637916977,false,דאב מרכך קוקוס 600 מ,דאב,,דאב מרכך קוקוס 600 מ,מיליליטרים,600.00,"100 מ""ל",false,,14.90,0.0248,false,1,115666
8690637916991,false,דאב מרכך אבוקדו 600,דאב,,דאב מרכך אבוקדו 600,מיליליטרים,600.00,"100 מ""ל",false,,14.90,0.0248,false,1,115312
8690637935701,false,בדין אקסטרה דובדבן ו,בדין,,בדין אקסטרה דובדבן ו,מיליליטרים,960.00,"100 מ""ל",false,,14.90,0.0155,false,1,118341
8690637946301,false,בדין אקסטרא בייבי כח,בדין,,בדין אקסטרא בייבי כח,מיליליטרים,960.00,"100 מ""ל",false,,14.90,0.0155,false,1,118990
8690637946318,false,בדין אקסטרה בייבי צה,בדין,,בדין אקסטרה בייבי צה,מיליליטרים,960.00,"100 מ""ל",false,,14.90,0.0155,false,1,121138
8690637971310,false,בדין אקסטרא יערת הדב,בדין,,בדין אקסטרא יערת הדב,מיליליטרים,960.00,"100 מ""ל",false,,14.90,0.0155,false,1,122850
8690637976995,false,בדין אקסטרה ורוד 960,בדין,,בדין אקסטרה ורוד 960,מיליליטרים,960.00,"100 מ""ל",false,,14.90,0.0155,false,1,123027
8690637987298,false,דומסטוס ספריי אלוורה,,,דומסטוס ספריי אלוורה,מיליליטרים,450.00,"100 מ""ל",false,,12.90,0.0287,true,1,124211
8690637989612,false,מגנום מיני דאבל דולצ,,,מגנום מיני דאבל דולצ,גרמים,246.00,100 גרם,false,,32.90,0.1337,true,1,124130
8690766156374,false,שוקולד מריר 72% גודי,,,שוקולד מריר 72% גודי,גרמים,90.00,100 גרם,false,,14.50,0.1611,true,1,120186
8690766156381,false,שוקולד מריר מעולה 90,,,שוקולד מריר מעולה 90,גרמים,90.00,100 גרם,false,,14.50,0.1611,true,1,118991
8690766156404,false,שוקולד מריר מעולה בט,,,שוקולד מריר מעולה בט,גרמים,90.00,100 גרם,false,,14.50,0.1611,true,1,118992
8690777203012,false,SERA פלפלים ירוקים כ,,,SERA פלפלים ירוקים כ,גרמים,600.00,100 גרם,false,,12.90,0.0215,true,1,33256
8690777204071,false,SERA פלפלים חריפים כ,,,SERA פלפלים חריפים כ,גרמים,640.00,100 גרם,false,,12.90,0.0202,true,1,32814
8690777221405,false,SERA פלפל אדום קלוי,וילי פוד,,SERA פלפל אדום קלוי,גרמים,650.00,100 גרם,false,,12.90,0.0198,true,1,32816
8690784516662,false,דאק נוזל ג'ל לניקוי,טואלט דאק (ג'ונסון),,דאק נוזל ג'ל לניקוי,מיליליטרים,750.00,"100 מ""ל",false,,12.90,0.0172,true,1,110265
8690784516778,false,דאק נוזל ג'ל לניקוי,טואלט דאק (ג'ונסון),,דאק נוזל ג'ל לניקוי,מיליליטרים,750.00,"100 מ""ל",false,,12.90,0.0172,true,1,110266
8690784614771,false,דאק סבון ניקוי אסלה,טואלט דאק (ג'ונסון),,דאק סבון ניקוי אסלה,גרמים,38.60,100 גרם,false,,9.90,0.2565,true,1,110736
8690784616775,false,דאק אקווה בלו,טואלט דאק (ג'ונסון),,דאק אקווה בלו,יחידה,0.00,יחידה,false,,9.90,0.0000,true,1,112514
8690784711777,false,דאק סבון אקטיבי לניק,טואלט דאק (ג'ונסון),,דאק סבון אקטיבי לניק,יחידה,0.00,יחידה,false,,9.90,0.0000,true,1,115251
8692952001406,false,סט כוסות תה טורקי,,,סט כוסות תה טורקי,יחידה,0.00,יחידה,false,,15.90,0.0000,true,1,119657
8692952104008,false,צנצנת אחסון עם מכסה,,,צנצנת אחסון עם מכסה,יחידה,0.00,יחידה,false,,19.90,0.0000,true,1,121573
8692952157165,false,מאג,,,מאג,יחידה,0.00,יחידה,false,,5.90,0.0000,true,1,122168
8693323085100,false,יוגטה שטיחים חמוצים,יוגטה,,יוגטה שטיחים חמוצים,גרמים,100.00,100 גרם,false,,8.00,0.0800,true,1,112168
8693323099107,false,יוגטה מרשמלו לבבות 1,יוגטה,,יוגטה מרשמלו לבבות 1,גרמים,150.00,100 גרם,false,,8.50,0.0567,true,1,107307
8693357092518,false,סט כוסות מים שישיה,,,סט כוסות מים שישיה,יחידה,0.00,יחידה,false,,11.90,0.0000,true,1,65776
8693357155763,false,סט קערת הגשה+קעריות,,,סט קערת הגשה+קעריות,יחידה,0.00,יחידה,false,,59.90,0.0000,true,1,190510
8693357158658,false,סט מאפרות עגול,,,סט מאפרות עגול,יחידה,0.00,יחידה,false,,5.90,0.0000,true,1,68899
8693357303713,false,"צנצנת זכוכית 300 מ""ל",,,"צנצנת זכוכית 300 מ""ל",יחידה,0.00,יחידה,false,,7.90,0.0000,true,1,109775
8693357339309,false,מאג קזבלנקה זוג,,,מאג קזבלנקה זוג,יחידה,0.00,יחידה,false,,8.90,0.0000,true,1,99541
8693357369740,false,צנצנת 1.5 ליטר זכוכי,,,צנצנת 1.5 ליטר זכוכי,יחידה,0.00,יחידה,false,,12.90,0.0000,true,1,190055
8693357472372,false,"סיר+מכסה 840 מ""ל זכו",,,"סיר+מכסה 840 מ""ל זכו",יחידה,0.00,יחידה,false,,31.90,0.0000,true,1,190503
8693495037853,false,קולגייט מברשת סלים ס,,,קולגייט מברשת סלים ס,יחידה,0.00,יחידה,false,,24.90,0.0000,true,1,62735
8693495041461,false,קולגייט מברשת סלים ס,,,קולגייט מברשת סלים ס,יחידה,0.00,יחידה,false,,24.90,0.0000,true,1,67743
8693495051002,false,קולגייט מברשת שיניים,,,קולגייט מברשת שיניים,יחידה,0.00,יחידה,false,,9.90,0.0000,true,1,105717
8693495051255,false,קולגייט מברשות שיניי,,,קולגייט מברשות שיניי,יחידה,0.00,יחידה,false,,29.90,0.0000,true,1,106409
8693495052177,false,פלמוליב זיתים 750 מ',,,פלמוליב זיתים 750 מ',מיליליטרים,750.00,"100 מ""ל",false,,19.90,0.0265,true,1,108065
8693495052191,false,פלמוליב אפרסק 750 מ',,,פלמוליב אפרסק 750 מ',מיליליטרים,750.00,"100 מ""ל",false,,19.90,0.0265,true,1,108066
8693495052931,false,קולגייט זוג מברשות 3,,,קולגייט זוג מברשות 3,יחידה,0.00,יחידה,false,,29.90,0.0000,true,1,114885
8693495054034,false,פלמוליב ג'ל רחצה לומ,,,פלמוליב ג'ל רחצה לומ,מיליליטרים,750.00,"100 מ""ל",false,,19.90,0.0265,true,1,186658
8693495054058,false,פלמוליב סבון לומינוס,,,פלמוליב סבון לומינוס,מיליליטרים,750.00,"100 מ""ל",false,,19.90,0.0265,true,1,187302
8696219358579,false,סט 3 יח' קופסאות איח,,,סט 3 יח' קופסאות איח,יחידה,0.00,יחידה,false,,27.90,0.0000,true,1,188245
8696219361302,false,סט 3 יח' קופסאות איח,,,סט 3 יח' קופסאות איח,יחידה,0.00,יחידה,false,,27.90,0.0000,true,1,188244
8696219363726,false,סט 4 יח' קופסאות איח,,,סט 4 יח' קופסאות איח,יחידה,0.00,יחידה,false,,27.90,0.0000,true,1,188243
8696219371752,false,סט 3 יח' קופסאות איח,,,סט 3 יח' קופסאות איח,יחידה,0.00,יחידה,false,,13.90,0.0000,true,1,188246
8696219371769,false,סט 3 יח' קופסאות איח,,,סט 3 יח' קופסאות איח,יחידה,0.00,יחידה,false,,16.90,0.0000,true,1,188247
8697040108982,false,אסותא שטיפה אינטימית,,,אסותא שטיפה אינטימית,מיליליטרים,400.00,"100 מ""ל",false,,15.90,0.0398,true,1,108053
8697040109323,false,סבון מוצק אסותא 100,,,סבון מוצק אסותא 100,גרמים,100.00,100 גרם,false,,5.90,0.0590,true,1,108439
8697431460064,false,קונפיטורה משמש,,,קונפיטורה משמש,גרמים,450.00,100 גרם,false,,12.00,0.0267,true,1,65014
8697431460378,false,קונפיטורה שזיפים,,,קונפיטורה שזיפים,גרמים,450.00,100 גרם,false,,12.00,0.0267,true,1,64599
8697431921701,false,פרופה-קונפיטורה תות,,,פרופה-קונפיטורה תות,גרמים,450.00,100 גרם,false,,12.00,0.0267,true,1,69256
8697431921718,false,פרופה-קונפיטורה דובד,,,פרופה-קונפיטורה דובד,גרמים,450.00,100 גרם,false,,12.00,0.0267,true,1,69257
8697431925143,false,קונפיטור 70% פרי-פיר,,,קונפיטור 70% פרי-פיר,גרמים,450.00,100 גרם,false,,12.00,0.0267,true,1,69860
8697437855864,false,כפיות שוקולד לבן תות,,,כפיות שוקולד לבן תות,גרמים,54.00,100 גרם,false,,12.90,0.2389,true,1,188676
8697530910743,false,פאל מאל כחול קצר מטא,,,פאל מאל כחול קצר מטא,יחידה,0.00,יחידה,false,,29.00,0.0000,false,1,28656
8697530910750,false,פאל מאל כחול ארוך מט,,,פאל מאל כחול ארוך מט,יחידה,0.00,יחידה,false,,29.00,0.0000,false,1,28618
8697530910781,false,פאל מאל אדום מטאליק,,,פאל מאל אדום מטאליק,יחידה,0.00,יחידה,false,,29.00,0.0000,false,1,30174
8697530911276,false,קנט קצר,,,קנט קצר,יחידה,0.00,יחידה,false,,36.00,0.0000,false,1,32692
8697530911313,false,פקט קנט קצר,,,פקט קנט קצר,יחידה,0.00,יחידה,false,,352.00,0.0000,false,1,32516
8697659233631,false,אל סבון נוזלי טום וג,,,אל סבון נוזלי טום וג,מיליליטרים,430.00,"100 מ""ל",false,,9.90,0.0230,true,1,188571
8697659234218,false,דיסני שמפו פרוזן 600,,,דיסני שמפו פרוזן 600,מיליליטרים,600.00,"100 מ""ל",false,,11.90,0.0198,true,1,119311
8697659238551,false,דיסני אל סבון נוזלי,,,דיסני אל סבון נוזלי,מיליליטרים,400.00,"100 מ""ל",false,,9.90,0.0248,true,1,119321
8697659244880,false,אל סבון נוזלי באטמן,,,אל סבון נוזלי באטמן,מיליליטרים,430.00,"100 מ""ל",false,,9.90,0.0230,true,1,188574
8710445585100,false,ביסקויט סנדוויץ' וני,,,ביסקויט סנדוויץ' וני,גרמים,300.00,100 גרם,false,,6.40,0.0213,true,1,29911
8710447320662,false,דאב ספריי אפרסק ללא,דאב,,דאב ספריי אפרסק ללא,מיליליטרים,150.00,"100 מ""ל",false,,14.90,0.0993,true,1,119141
8710552274614,false,וניש גולד לשטיחים,,,וניש גולד לשטיחים,מיליליטרים,600.00,"100 מ""ל",false,,24.90,0.0415,true,1,110973
8710676220122,true,סטרופ וופל חמאה 250,,,סטרופ וופל חמאה 250,,0.00,,false,,11.90,0.0000,true,1,123049
8710800027573,false,מיני מנטוס,פרפטי ואן מלה,,מיני מנטוס,גרמים,178.00,100 גרם,false,,12.50,0.0702,true,1,12932
8710800961310,false,מנטוס רביעיה,פרפטי ואן מלה,,מנטוס רביעיה,גרמים,150.00,100 גרם,false,,10.90,0.0727,false,1,12933
8710847860843,false,דאודורנט רקסונה רול-,רקסונה,,דאודורנט רקסונה רול-,מיליליטרים,50.00,"100 מ""ל",false,,13.90,0.2780,true,1,116775
8710847942679,false,טרזמה שמפו שמן המפ 4,,,טרזמה שמפו שמן המפ 4,מיליליטרים,400.00,"100 מ""ל",false,,17.90,0.0447,true,1,185731
8710847942693,false,טרזמה מרכך שמן המפ 4,,,טרזמה מרכך שמן המפ 4,מיליליטרים,400.00,"100 מ""ל",false,,17.90,0.0447,true,1,185732
8710847962592,false,אקס דאודורנט ספריי פ,אקס,,אקס דאודורנט ספריי פ,מיליליטרים,150.00,"100 מ""ל",false,,11.90,0.0793,false,1,119144
8710847973970,false,דאב תחליב רחצה אלוור,דאב,,דאב תחליב רחצה אלוור,מיליליטרים,750.00,"100 מ""ל",false,,17.90,0.0239,false,1,123492
8710860115197,false,שימורים לגור כלב רוק,,,שימורים לגור כלב רוק,גרמים,410.00,100 גרם,false,,4.50,0.0110,true,1,187653
8710862000231,false,שימורים לכלב רוקוס ח,,,שימורים לכלב רוקוס ח,גרמים,410.00,100 גרם,false,,4.50,0.0110,true,1,187655
8710862007223,false,שימורים לכלב רוקוס ח,,,שימורים לכלב רוקוס ח,גרמים,410.00,100 גרם,false,,4.50,0.0110,true,1,187657
8710862055453,false,שימורים לחתול מיקי ד,,,שימורים לחתול מיקי ד,גרמים,400.00,100 גרם,false,,4.50,0.0113,true,1,187650
8710862055460,false,שימורים לחתול מיקי ב,,,שימורים לחתול מיקי ב,גרמים,400.00,100 גרם,false,,4.50,0.0113,true,1,187651
8710862055477,false,שימורים לחתול מיקי ל,,,שימורים לחתול מיקי ל,גרמים,400.00,100 גרם,false,,4.50,0.0113,true,1,187652
8710862055705,false,שימורים לכלב רוקוס ח,,,שימורים לכלב רוקוס ח,גרמים,410.00,100 גרם,false,,4.50,0.0110,true,1,187656
8710862055767,false,שימורים לכלב רוקוס ח,,,שימורים לכלב רוקוס ח,גרמים,410.00,100 גרם,false,,4.50,0.0110,true,1,187658
8710862058065,false,שימורים לחתול רוקוס,,,שימורים לחתול רוקוס,גרמים,410.00,100 גרם,false,,4.50,0.0110,true,1,189996
8710908326691,false,תחליב רחצה דאב אדמונ,דאב,,תחליב רחצה דאב אדמונ,מיליליטרים,750.00,"100 מ""ל",false,,17.90,0.0239,false,1,100181
8710908404184,false,דאב ספריי אורגינל 0%,דאב,,דאב ספריי אורגינל 0%,מיליליטרים,150.00,"100 מ""ל",false,,14.90,0.0993,true,1,119142
8711000360606,false,לור קפסולות אספרסו ר,,,לור קפסולות אספרסו ר,יחידה,0.00,יחידה,false,,16.90,0.0000,true,1,121751
8711000362556,false,קפסולות קפה לור 8,,,קפסולות קפה לור 8,גרמים,52.00,100 גרם,false,,16.90,0.3250,true,1,111423
8711000362570,false,קפסולות קפה לור 9,,,קפסולות קפה לור 9,גרמים,52.00,100 גרם,false,,16.90,0.3250,true,1,111424
8711000362617,false,קפסולות קפה לור 8,,,קפסולות קפה לור 8,גרמים,52.00,100 גרם,false,,16.90,0.3250,true,1,111425
8711000362679,false,קפסולות קפה לור קולו,,,קפסולות קפה לור קולו,גרמים,52.00,100 גרם,false,,16.90,0.3250,true,1,115446
8711000362747,false,קפסולות קפה לור 11,,,קפסולות קפה לור 11,גרמים,52.00,100 גרם,false,,16.90,0.3250,true,1,111427
8711000397466,false,קפסולות קפה  לור נטו,,,קפסולות קפה  לור נטו,גרמים,52.00,100 גרם,false,,16.90,0.3250,true,1,187845
8711000431108,false,קפסולות קפה לור הודו,,,קפסולות קפה לור הודו,גרמים,52.00,100 גרם,false,,16.90,0.3250,true,1,115448
8711000471296,false,לור קפסולות אספרסו א,,,לור קפסולות אספרסו א,גרמים,52.00,100 גרם,false,,16.90,0.3250,true,1,120890
8711200443802,false,חרדל דיז'ון 235 גר ל,,,חרדל דיז'ון 235 גר ל,גרמים,235.00,100 גרם,false,,14.90,0.0634,true,1,114108
8711327475618,false,גלידת מגנום וניל קלא,מגנום- שטראוס,,גלידת מגנום וניל קלא,גרמים,260.00,100 גרם,false,,19.90,0.0765,true,1,123222
8711327475663,false,גלידת מגנום וניל שוק,מגנום- שטראוס,,גלידת מגנום וניל שוק,גרמים,260.00,100 גרם,false,,19.90,0.0765,true,1,123221
8711327475717,false,גלידת מגנום וניל שקד,מגנום- שטראוס,,גלידת מגנום וניל שקד,גרמים,260.00,100 גרם,false,,19.90,0.0765,true,1,123223
8711327475762,false,גלידת מגנום שוקולד ל,מגנום- שטראוס,,גלידת מגנום שוקולד ל,גרמים,260.00,100 גרם,false,,19.90,0.0765,true,1,123224
8711700665834,false,סבון דאב מוצק שישייה,דאב,,סבון דאב מוצק שישייה,גרמים,0.00,גרם,false,,17.90,0.0000,true,1,58649
8712000051099,false,הייניקן 0% שישייה 33,היינקן,,הייניקן 0% שישייה 33,מיליליטרים,1980.00,"100 מ""ל",false,,32.00,0.0162,false,1,112378
8712400802499,false,נוטרילון 1- 800גר,,,נוטרילון 1- 800גר,גרמים,800.00,100 גרם,false,,64.90,0.0811,false,1,56437
8712400802512,false,נוטרילון 2- 800גר,,,נוטרילון 2- 800גר,גרמים,800.00,100 גרם,false,,64.90,0.0811,false,1,56439
8712400802536,false,נוטרילון 3- 800גר,,,נוטרילון 3- 800גר,גרמים,800.00,100 גרם,false,,64.90,0.0811,false,1,56441
8712561594608,false,תחליב רחצה דאב 750,דאב,,תחליב רחצה דאב 750,מיליליטרים,750.00,"100 מ""ל",false,,17.90,0.0239,false,1,95599
8712561611411,false,תחליב רחצה דאב 750 מ,דאב,,תחליב רחצה דאב 750 מ,מיליליטרים,750.00,"100 מ""ל",false,,17.90,0.0239,false,1,95780
8712561626286,false,תחליב רחצה דאב 750 מ,דאב,,תחליב רחצה דאב 750 מ,מיליליטרים,750.00,"100 מ""ל",false,,17.90,0.0239,false,1,96185
8712561631570,false,תחליב רחצה דאב 750 מ,דאב,,תחליב רחצה דאב 750 מ,מיליליטרים,750.00,"100 מ""ל",false,,17.90,0.0239,false,1,95852
8712561646024,false,דאב תחליב רחצה פיסטו,דאב,,דאב תחליב רחצה פיסטו,מיליליטרים,750.00,"100 מ""ל",false,,17.90,0.0239,false,1,189131
8714599410530,false,ג'קובס שקית 200 גר,,,ג'קובס שקית 200 גר,גרמים,200.00,100 גרם,false,,19.90,0.0995,false,1,107995
8714599513781,false,קפה נמס ג'יקובס גולד,,,קפה נמס ג'יקובס גולד,גרמים,200.00,100 גרם,false,,24.90,0.1245,false,1,98529
8714599513835,false,ג'יקובס נטול קופאין,,,ג'יקובס נטול קופאין,גרמים,200.00,100 גרם,false,,32.90,0.1645,false,1,100804
8714599513866,false,ג'קובס קרוננג מיובש,,,ג'קובס קרוננג מיובש,גרמים,200.00,100 גרם,false,,24.90,0.1245,false,1,98870
8714789177229,false,רביעיה מברשות שיניים,קולגייט,,רביעיה מברשות שיניים,יח',4.00,יח',false,,9.90,2.4750,true,1,19384
8714789218465,false,זוג קולגייט 360 סופט,קולגייט,,זוג קולגייט 360 סופט,יחידה,0.00,יחידה,false,,24.90,0.0000,true,1,24466
8714789402918,false,אג'קס חגיגת פרחים 1.,אג'קס,,אג'קס חגיגת פרחים 1.,ליטרים,1.50,ליטר,false,,19.90,13.2667,true,1,32196
8714789402932,false,אג'קס חגיגת פרחים ור,אג'קס,,אג'קס חגיגת פרחים ור,ליטרים,1.50,ליטר,false,,19.90,13.2667,true,1,32203
8714789402970,false,אג'קס חגיגת פרחים 1.,אג'קס,,אג'קס חגיגת פרחים 1.,ליטרים,1.50,ליטר,false,,19.90,13.2667,true,1,32198
8714789450315,false,פלמוליב שקוף לכלים 1,פלמוליב,,פלמוליב שקוף לכלים 1,ליטרים,1.50,ליטר,false,,15.90,10.6000,false,1,71167
8714789797786,false,פלמוליב כלים שקוף 4,,,פלמוליב כלים שקוף 4,מיליליטרים,750.00,"100 מ""ל",false,,9.90,0.0132,false,1,60161
8714789831275,false,קולגייט מברשת 360 או,,,קולגייט מברשת 360 או,יחידה,0.00,יחידה,false,,24.90,0.0000,true,1,61156
8714789834467,false,פלמוליב כלים קלאסי 1,פלמוליב,,פלמוליב כלים קלאסי 1,ליטרים,1.50,ליטר,false,,15.90,10.6000,true,1,62854
8714789840291,false,משחת שיניים אלמקס סנ,,,משחת שיניים אלמקס סנ,מיליליטרים,75.00,"100 מ""ל",false,,18.90,0.2520,true,1,113630
8714789930848,false,קולגייט משחת אופטיק,,,קולגייט משחת אופטיק,מיליליטרים,75.00,"100 מ""ל",false,,16.90,0.2253,true,1,68060
8714789966403,false,ליידי ספיד סטיק פרו,,,ליידי ספיד סטיק פרו,גרמים,65.00,100 גרם,false,,19.90,0.3062,true,1,126610
8715700110141,false,מיונז היינץ 460 גר,,,מיונז היינץ 460 גר,גרמים,460.00,100 גרם,false,,9.90,0.0215,false,1,107644
8715700110158,false,מיונז  לייט צנצנת הי,,,מיונז  לייט צנצנת הי,גרמים,490.00,100 גרם,false,,9.90,0.0202,false,1,107645
8715700115641,false,ממרח היינץ 420 גר,,,ממרח היינץ 420 גר,גרמים,420.00,100 גרם,false,,14.90,0.0355,true,1,106592
8715700117805,false,קטשופ היינץ ללא תוספ,,,קטשופ היינץ ללא תוספ,מיליליטרים,400.00,"100 מ""ל",false,,9.90,0.0248,false,1,118977
8715700419732,false,קטשופ היינץ 700 גר,,,קטשופ היינץ 700 גר,גרמים,700.00,100 גרם,false,,9.90,0.0141,false,1,67810
8715700421322,false,רוטב ברבקיו בטעם צ'י,,,רוטב ברבקיו בטעם צ'י,גרמים,490.00,100 גרם,false,,15.90,0.0324,true,1,106794
8715700422473,false,ממרח היינץ 395 גר,,,ממרח היינץ 395 גר,גרמים,395.00,100 גרם,false,,14.90,0.0377,true,1,102574
8715700423906,false,מתבל עגבניות היינץ,,,מתבל עגבניות היינץ,גרמים,555.00,100 גרם,false,,9.90,0.0178,true,1,108591
8717163628355,false,טרזמה מרכך להחלקה וצ,,,טרזמה מרכך להחלקה וצ,מיליליטרים,400.00,"100 מ""ל",false,,19.90,0.0497,true,1,120201
8717163630105,false,טרזמה שמפו להחלקה וצ,,,טרזמה שמפו להחלקה וצ,מיליליטרים,400.00,"100 מ""ל",false,,19.90,0.0497,true,1,120202
8717163647196,false,אקס ספריי גוף אנרכי,אקס,,אקס ספריי גוף אנרכי,מיליליטרים,150.00,"100 מ""ל",false,,11.90,0.0793,false,1,114931
8717163647233,false,אקס בלק נייט פרש,אקס,,אקס בלק נייט פרש,מיליליטרים,150.00,"100 מ""ל",false,,11.90,0.0793,false,1,115113
8717163647240,false,דאודורנט אקס ספריי ג,אקס,,דאודורנט אקס ספריי ג,מיליליטרים,150.00,"100 מ""ל",false,,11.90,0.0793,false,1,114932
8717163647257,false,אקס דאודורנט ספריי ג,אקס,,אקס דאודורנט ספריי ג,מיליליטרים,150.00,"100 מ""ל",false,,11.90,0.0793,false,1,116263
8717163647264,false,אקס דאודורנט ספריי ג,אקס,,אקס דאודורנט ספריי ג,מיליליטרים,150.00,"100 מ""ל",false,,11.90,0.0793,false,1,114109
8717163648667,false,אקס ג'ל רחצה לגבר אי,אקס,,אקס ג'ל רחצה לגבר אי,מיליליטרים,400.00,"100 מ""ל",false,,15.00,0.0375,true,1,114112
8717163655825,false,דאודורנט רקסונה ספרי,רקסונה,,דאודורנט רקסונה ספרי,מיליליטרים,150.00,"100 מ""ל",false,,14.90,0.0993,true,1,116773
8717163666753,false,אקס ספריי אנטיפרספרנ,אקס,,אקס ספריי אנטיפרספרנ,מיליליטרים,150.00,"100 מ""ל",false,,14.90,0.0993,false,1,114160
8717163947692,false,אקס ג'ל רחצה פינק פפ,אקס,,אקס ג'ל רחצה פינק פפ,מיליליטרים,400.00,"100 מ""ל",false,,15.00,0.0375,true,1,119180
8717644390566,false,סבון דאב מוצק ירוק ר,דאב,,סבון דאב מוצק ירוק ר,גרמים,400.00,100 גרם,false,,12.90,0.0323,false,1,31547
8717677336593,false,טוניס שוקולד חלב,,,טוניס שוקולד חלב,גרמים,180.00,100 גרם,false,,18.90,0.1050,true,1,187487
8717677336616,false,טוניס שוקולד מריר עם,,,טוניס שוקולד מריר עם,גרמים,180.00,100 גרם,false,,18.90,0.1050,true,1,187488
8717677336630,false,טוניס שוקולד חלב עם,,,טוניס שוקולד חלב עם,גרמים,180.00,100 גרם,false,,18.90,0.1050,true,1,187489
8717677336654,false,טוניס שוקולד חלב עם,,,טוניס שוקולד חלב עם,גרמים,180.00,100 גרם,false,,18.90,0.1050,true,1,190020
8717677338436,false,טוניס שוקולד חלב עם,,,טוניס שוקולד חלב עם,גרמים,180.00,100 גרם,false,,18.90,0.1050,true,1,187491
8718114047249,false,שישיה סבון מוצק דאב,דאב,,שישיה סבון מוצק דאב,גרמים,600.00,100 גרם,false,,17.90,0.0298,true,1,36234
8718114734484,false,מיונז דיילי 320גר,,,מיונז דיילי 320גר,גרמים,320.00,100 גרם,false,,12.90,0.0403,true,1,85357
8718531580039,false,פטל אדום,,,פטל אדום,גרמים,125.00,100 גרם,false,,19.90,0.1592,true,1,190644
8718951030206,false,קולגייט סנסיטיב מולט,,,קולגייט סנסיטיב מולט,מיליליטרים,75.00,"100 מ""ל",false,,14.90,0.1987,true,1,119200
8718951044913,false,מרידול משחת שיניים ה,,,מרידול משחת שיניים ה,מיליליטרים,75.00,"100 מ""ל",false,,21.90,0.2920,true,1,95773
8718951048669,false,אג'קס ספריי לניקוי ח,,,אג'קס ספריי לניקוי ח,100 מל,750.00,100 מל,false,,14.90,0.0199,true,1,187887
8718951079205,false,קולגייט סנסיטיב פרו,,,קולגייט סנסיטיב פרו,מיליליטרים,75.00,"100 מ""ל",false,,19.90,0.2653,true,1,107342
8718951093331,false,זוג מברשות שיניים מר,,,זוג מברשות שיניים מר,יחידה,0.00,יחידה,false,,34.90,0.0000,true,1,98676
8718951144064,false,מברשות שיניים מרידול,,,מברשות שיניים מרידול,יחידה,0.00,יחידה,false,,34.90,0.0000,true,1,104455
8718951159808,false,מברשות קולגייט שלישי,,,מברשות קולגייט שלישי,יחידה,0.00,יחידה,false,,29.90,0.0000,true,1,105718
8718951160897,false,אג'קס עוצמת ה7 טריגר,,,אג'קס עוצמת ה7 טריגר,מיליליטרים,500.00,"100 מ""ל",false,,14.90,0.0298,true,1,105484
8718951166288,false,קולגייט משחת מקס ויי,,,קולגייט משחת מקס ויי,מיליליטרים,125.00,"100 מ""ל",false,,15.90,0.1272,true,1,111921
8718951166561,false,קולגייט משחת מקס פרש,,,קולגייט משחת מקס פרש,מיליליטרים,125.00,"100 מ""ל",false,,15.90,0.1272,true,1,111922
8718951167094,false,פלמוליב צילינדר תפוז,,,פלמוליב צילינדר תפוז,ליטרים,1.00,ליטר,false,,13.90,13.9000,false,1,107808
8718951176874,false,קולגייט מי פה מיניון,,,קולגייט מי פה מיניון,מיליליטרים,250.00,"100 מ""ל",false,,14.90,0.0596,true,1,126538
8718951187115,false,אלמקס מברשת שיניים י,,,אלמקס מברשת שיניים י,יחידה,0.00,יחידה,false,,24.90,0.0000,true,1,110747
8718951187122,false,אלמקס מברשת שיניים י,,,אלמקס מברשת שיניים י,יחידה,0.00,יחידה,false,,24.90,0.0000,true,1,110748
8718951236790,false,קולגייט טוטל קלין מי,,,קולגייט טוטל קלין מי,מיליליטרים,100.00,"100 מ""ל",false,,16.90,0.1690,true,1,112812
8718951236806,false,קולגייט טוטל הלבנה מ,,,קולגייט טוטל הלבנה מ,מיליליטרים,100.00,"100 מ""ל",false,,16.90,0.1690,true,1,112813
8718951236813,false,קולגייט טוטאל אדוונס,,,קולגייט טוטאל אדוונס,מיליליטרים,100.00,"100 מ""ל",false,,16.90,0.1690,true,1,115760
8718951240742,false,קולגייט טוטל פסים מר,,,קולגייט טוטל פסים מר,מיליליטרים,100.00,"100 מ""ל",false,,16.90,0.1690,true,1,112809
8718951254527,false,קולגייט סנסיטיב פרו,,,קולגייט סנסיטיב פרו,יחידה,0.00,יחידה,false,,19.90,0.0000,true,1,115533
8718951259409,false,פלמוליב נטורלס תחליב,,,פלמוליב נטורלס תחליב,מיליליטרים,750.00,"100 מ""ל",false,,19.90,0.0265,true,1,190409
8718951264618,false,קולגייט אופטיק וייט,,,קולגייט אופטיק וייט,מיליליטרים,75.00,"100 מ""ל",false,,25.90,0.3453,true,1,119006
8718951265103,false,קולגייט מברשת אולטרה,,,קולגייט מברשת אולטרה,יחידה,0.00,יחידה,false,,29.90,0.0000,true,1,115531
8718951281738,false,משחת שיניים אלמקס סנ,,,משחת שיניים אלמקס סנ,מיליליטרים,75.00,"100 מ""ל",false,,18.90,0.2520,true,1,119945
8718951286733,false,קולגייט אופטיק וויט,,,קולגייט אופטיק וויט,מיליליטרים,75.00,"100 מ""ל",false,,25.90,0.3453,true,1,185836
8718951288492,false,מרידול משחת שיניים ב,,,מרידול משחת שיניים ב,מיליליטרים,150.00,"100 מ""ל",false,,29.90,0.1993,true,1,118498
8718951289833,false,פלמוליב סבון מוצק לו,,,פלמוליב סבון מוצק לו,גרמים,360.00,100 גרם,false,,17.00,0.0472,true,1,117368
8718951313927,false,פלמוליב סבון ידיים ח,,,פלמוליב סבון ידיים ח,מיליליטרים,300.00,"100 מ""ל",false,,10.90,0.0363,true,1,121761
8718951314023,false,פלמוליב נטורלס תחליב,,,פלמוליב נטורלס תחליב,מיליליטרים,750.00,"100 מ""ל",false,,19.90,0.0265,true,1,189144
8718951315303,false,קולגייט אדומה ביטיוב,,,קולגייט אדומה ביטיוב,מיליליטרים,200.00,"100 מ""ל",false,,19.90,0.0995,true,1,120111
8718951320093,false,קולגייט זוג מברשות 3,,,קולגייט זוג מברשות 3,יחידה,0.00,יחידה,false,,29.90,0.0000,true,1,120226
8718951333048,false,פלמוליב סבון ידיים ל,,,פלמוליב סבון ידיים ל,מיליליטרים,300.00,"100 מ""ל",false,,10.90,0.0363,true,1,124214
8718951334151,false,סופלין מרכך כביסה מר,,,סופלין מרכך כביסה מר,מיליליטרים,650.00,"100 מ""ל",false,,9.90,0.0152,true,1,189216
8718951354807,false,אג'קס חגיגת הפרחים י,,,אג'קס חגיגת הפרחים י,מיליליטרים,1500.00,"100 מ""ל",false,,19.90,0.0133,true,1,122188
8718951365865,false,קולגייט מברשת עם סיב,,,קולגייט מברשת עם סיב,יחידה,0.00,יחידה,false,,33.90,0.0000,true,1,126311
8718951381292,false,קולגייט משחת מקס דיט,,,קולגייט משחת מקס דיט,מיליליטרים,125.00,"100 מ""ל",false,,15.90,0.1272,true,1,123660
8718951385290,false,אג'קס ניקוי כללי עוצ,,,אג'קס ניקוי כללי עוצ,ליטרים,2.00,ליטר,false,,22.90,11.4500,true,1,123893
8718951391284,false,אג'קס אנטי בקטריאלי,,,אג'קס אנטי בקטריאלי,ליטרים,1.50,ליטר,false,,21.90,14.6000,true,1,124356
8718951400597,false,פלמוליב תחליב רחצה ק,,,פלמוליב תחליב רחצה ק,מיליליטרים,750.00,"100 מ""ל",false,,19.90,0.0265,true,1,189431
8718951409798,false,קולגייט מברשת מקס וו,,,קולגייט מברשת מקס וו,יחידה,0.00,יחידה,false,,23.90,0.0000,true,1,125594
8718951412378,false,מרידול משחת שיניים נ,,,מרידול משחת שיניים נ,מיליליטרים,75.00,"100 מ""ל",false,,24.90,0.3320,true,1,189430
8718951428492,false,פלמוליב סבון רחצה לג,,,פלמוליב סבון רחצה לג,מיליליטרים,750.00,"100 מ""ל",false,,19.90,0.0265,true,1,187565
8718951428522,false,פלמוליב סבון רחצה לג,,,פלמוליב סבון רחצה לג,מיליליטרים,750.00,"100 מ""ל",false,,19.90,0.0265,true,1,186374
8718951433120,false,קולגייט טואל ג'וניור,,,קולגייט טואל ג'וניור,מיליליטרים,50.00,"100 מ""ל",false,,15.90,0.3180,true,1,189787
8718951446564,false,פלמוליב סבון גוף מומ,,,פלמוליב סבון גוף מומ,100 מל,500.00,100 מל,false,,14.90,0.0298,true,1,188580
8718951461413,false,קולגייט טוטאל *זוג*,,,קולגייט טוטאל *זוג*,גרמים,200.00,100 גרם,false,,29.90,0.1495,true,1,187902
8718951461444,false,קולגייט טוטאל הלבנה,,,קולגייט טוטאל הלבנה,גרמים,200.00,100 גרם,false,,29.90,0.1495,true,1,187903
8718951466371,false,מרידול משחת שיניים,,,מרידול משחת שיניים,מיליליטרים,75.00,"100 מ""ל",false,,19.90,0.2653,true,1,190296
8718951470323,false,קולגייט זוג מברשות ס,,,קולגייט זוג מברשות ס,יחידה,0.00,יחידה,false,,29.90,0.0000,true,1,189429
8718951470538,false,קולגייט משחת שיניים,,,קולגייט משחת שיניים,יחידה,0.00,יחידה,false,,29.90,0.0000,true,1,187905
8718951477384,false,משחת שיניים קולגייט,,,משחת שיניים קולגייט,מיליליטרים,75.00,"100 מ""ל",false,,19.90,0.2653,true,1,187406
8718951498754,false,קולגייט מברשת סופר פ,,,קולגייט מברשת סופר פ,יחידה,0.00,יחידה,false,,17.90,0.0000,true,1,189296
8718951509627,false,קולגייט אופטיק וויט,,,קולגייט אופטיק וויט,מיליליטרים,75.00,"100 מ""ל",false,,25.90,0.3453,true,1,188614
8719200997998,false,בלובנד עם מלח 200 גר,בלובנד,,בלובנד עם מלח 200 גר,גרמים,200.00,100 גרם,false,,4.50,0.0225,false,1,117116
8719200998001,false,בלובנד בלי מלח 200 ג,בלובנד,,בלובנד בלי מלח 200 ג,גרמים,200.00,100 גרם,false,,4.50,0.0225,false,1,117117
8719200998018,false,מחמאה ב.בנד 200 גרם,בלובנד,,מחמאה ב.בנד 200 גרם,גרמים,200.00,100 גרם,false,,4.60,0.0230,false,1,117142
8719200998032,false,מזולה גלורי טעם חמאה,מזולה,,מזולה גלורי טעם חמאה,גרמים,250.00,100 גרם,false,,9.90,0.0396,false,1,117132
8719200998049,false,מזולה גלורי רגיל 250,מזולה,,מזולה גלורי רגיל 250,גרמים,250.00,100 גרם,false,,9.50,0.0380,false,1,117133
8719200998094,false,מזולה לאפיה ללא מלח,מזולה,,מזולה לאפיה ללא מלח,גרמים,200.00,100 גרם,false,,6.50,0.0325,false,1,117140
8720181043093,false,אקס דאודורנט ספריי 1,אקס,,אקס דאודורנט ספריי 1,מיליליטרים,150.00,"100 מ""ל",false,,11.90,0.0793,false,1,189833
8720181045905,false,אקס דאודורנט ספריי א,אקס,,אקס דאודורנט ספריי א,מיליליטרים,150.00,"100 מ""ל",false,,14.90,0.0993,false,1,122039
8720181045912,false,אקס דאודורנט ספריי א,אקס,,אקס דאודורנט ספריי א,מיליליטרים,150.00,"100 מ""ל",false,,11.90,0.0793,true,1,122040
8720181046605,false,דאב דאודורנט ספריי א,דאב,,דאב דאודורנט ספריי א,מיליליטרים,150.00,"100 מ""ל",false,,14.90,0.0993,true,1,123000
8720181046612,false,דאב דאודורנט רולאון,דאב,,דאב דאודורנט רולאון,מיליליטרים,50.00,"100 מ""ל",false,,14.90,0.2980,true,1,126153
8720181074745,false,דאב דאודורנט ספריי א,דאב,,דאב דאודורנט ספריי א,מיליליטרים,150.00,"100 מ""ל",false,,14.90,0.0993,false,1,126647
8720181090219,false,דאב תחליב רחצה רימונ,דאב,,דאב תחליב רחצה רימונ,גרמים,750.00,100 גרם,false,,17.90,0.0239,false,1,126070
8721200060107,false,וופל הולנדי עם קרמל,,,וופל הולנדי עם קרמל,גרמים,260.00,100 גרם,false,,10.90,0.0419,true,1,32915
8723400756552,false,מנטוס ריינבואו רביעי,,,מנטוס ריינבואו רביעי,יחידה,0.00,יחידה,false,,10.90,0.0000,true,1,59895
8723400793922,false,מנטוס רביעיות דובדבן,,,מנטוס רביעיות דובדבן,גרמים,150.00,100 גרם,false,,10.90,0.0727,true,1,125473
8801055707966,false,טסטר צו'יס בריסטה 18,,,טסטר צו'יס בריסטה 18,גרמים,180.00,100 גרם,false,,31.90,0.1772,false,1,100059
8801055708772,false,מארז טסטר צו'יס   20,,,מארז טסטר צו'יס   20,גרמים,250.00,100 גרם,false,,29.90,0.1196,false,1,110669
8801055709427,false,קפה נמס טסטר צוייס א,,,קפה נמס טסטר צוייס א,גרמים,100.00,100 גרם,false,,24.90,0.2490,false,1,126574
8801055709434,false,קפה נמס טסטר צוייס ק,,,קפה נמס טסטר צוייס ק,גרמים,100.00,100 גרם,false,,24.90,0.2490,false,1,126575
8801055709441,false,קפה נמס טסטר צוייס ס,,,קפה נמס טסטר צוייס ס,גרמים,100.00,100 גרם,false,,24.90,0.2490,false,1,126576
8801055709458,false,נסקפה קפוצ'ינו בטעם,,,נסקפה קפוצ'ינו בטעם,גרמים,170.00,100 גרם,false,,19.00,0.1118,true,1,187588
8801055709465,false,נסקפה קפוצ'ינו בטעם,,,נסקפה קפוצ'ינו בטעם,גרמים,185.00,100 גרם,false,,19.00,0.1027,true,1,187589
8801055709472,false,נסקפה קפוצ'ינו קלאסי,,,נסקפה קפוצ'ינו קלאסי,גרמים,125.00,100 גרם,false,,19.00,0.1520,true,1,187590
8801055709489,false,נסקפה קפוצ'ינו בטעם,,,נסקפה קפוצ'ינו בטעם,גרמים,180.00,100 גרם,false,,19.00,0.1056,true,1,187591
8801055709526,false,נס קפה קפוצ'ינו שוקו,,,נס קפה קפוצ'ינו שוקו,גרמים,180.00,100 גרם,false,,19.00,0.1056,true,1,189297
8802241131664,false,חטיף אצות ים קלויות,,,חטיף אצות ים קלויות,גרמים,40.50,100 גרם,false,,22.90,0.5654,true,1,105857
8802241131671,false,חטיף אצות בטעם ווסאב,,,חטיף אצות בטעם ווסאב,יחידה,0.00,יחידה,false,,23.90,0.0000,true,1,117106
8850161166204,false,"קרם קוקוס 500 מ""ל",,,"קרם קוקוס 500 מ""ל",מיליליטרים,500.00,"100 מ""ל",false,,10.90,0.0218,true,1,114420
8850372000380,false,מקלוני שעועית,,,מקלוני שעועית,יחידה,400.00,יחידה,false,,18.90,0.0472,true,1,63953
8850389103111,false,משקה סאפה אלוורה ענב,,,משקה סאפה אלוורה ענב,מיליליטרים,300.00,"100 מ""ל",false,,7.00,0.0233,true,1,26730
8850389103128,false,משקה סאפה אלוורה תפו,,,משקה סאפה אלוורה תפו,מיליליטרים,300.00,"100 מ""ל",false,,7.00,0.0233,true,1,26731
8850389103159,false,מוגו מוגו ליצ'י עם ח,,,מוגו מוגו ליצ'י עם ח,מיליליטרים,320.00,"100 מ""ל",false,,6.90,0.0216,true,1,187641
8850389104637,false,סאפה אלוורה אפרסק,,,סאפה אלוורה אפרסק,מיליליטרים,300.00,"100 מ""ל",false,,7.00,0.0233,true,1,38173
8850389105825,false,סאפה אלוורה ענבים 1,,,סאפה אלוורה ענבים 1,ליטרים,1.00,ליטר,false,,12.90,12.9000,true,1,40970
8850389105832,false,סאפה אלוורה תפוח 1 ל,,,סאפה אלוורה תפוח 1 ל,ליטרים,1.00,ליטר,false,,12.90,12.9000,true,1,40971
8850389105849,false,סאפה אלוורה אפרסק 1,,,סאפה אלוורה אפרסק 1,ליטרים,1.00,ליטר,false,,12.90,12.9000,true,1,40972
8850389111352,false,מוגו מוגו מלון עם חת,,,מוגו מוגו מלון עם חת,מיליליטרים,320.00,"100 מ""ל",false,,6.90,0.0216,true,1,187642
8850389115312,false,סאפה אלוורה מלון,,,סאפה אלוורה מלון,מיליליטרים,300.00,"100 מ""ל",false,,7.00,0.0233,true,1,109290
8850389115336,false,סאפה מלון בקבוק ליטר,,,סאפה מלון בקבוק ליטר,ליטרים,1.00,ליטר,false,,12.50,12.5000,true,1,109151
8850632604259,false,יוגטה מקלות תות,,,יוגטה מקלות תות,גרמים,50.00,100 גרם,false,,4.50,0.0900,true,1,37177
8850632604266,false,יוגטה מקלות קולה,,,יוגטה מקלות קולה,גרמים,50.00,100 גרם,false,,4.50,0.0900,true,1,37108
8850632604372,false,יוגטה שטיח תות,,,יוגטה שטיח תות,גרמים,50.00,100 גרם,false,,4.50,0.0900,true,1,37111
8850632604402,false,יוגטה טעם מעורב בצור,,,יוגטה טעם מעורב בצור,גרמים,50.00,100 גרם,false,,4.50,0.0900,true,1,37227
8850632605201,false,יוגטה חיספוסים בצורת,,,יוגטה חיספוסים בצורת,גרמים,50.00,100 גרם,false,,4.50,0.0900,true,1,40717
8850632606390,false,יוגטה שטיח אבטיח,,,יוגטה שטיח אבטיח,גרמים,50.00,100 גרם,false,,4.50,0.0900,true,1,63389
8851613101385,false,"חלב קוקוס 500 מ""ל",,,"חלב קוקוס 500 מ""ל",מיליליטרים,500.00,"100 מ""ל",false,,12.90,0.0258,true,1,60204
8886303210504,false,"קרם קוקוס 500 מ""ל 24",,,"קרם קוקוס 500 מ""ל 24",מיליליטרים,500.00,"100 מ""ל",false,,13.90,0.0278,true,1,108462
8888021200256,false,סוללות ENERGIZER 1X8,אנרג'ייזר,,סוללות ENERGIZER 1X8,יחידה,0.00,יחידה,false,,27.90,0.0000,false,1,16718
8888021200720,false,סוללות ENERGIZER 1X8,אנרג'ייזר,,סוללות ENERGIZER 1X8,יחידה,0.00,יחידה,false,,27.90,0.0000,false,1,16719
8901483010505,false,מלפפון קורנישון בחומ,,,מלפפון קורנישון בחומ,גרמים,690.00,100 גרם,false,,9.90,0.0143,true,1,43242
8901537024014,false,אורז בסמטי מובחר 1 ק,וילי פוד,,אורז בסמטי מובחר 1 ק,קילוגרמים,1.00,"ק""ג",false,,11.90,11.9000,false,1,32521
9000100590693,false,סאיוס מוס לייצוב מקס,,,סאיוס מוס לייצוב מקס,מיליליטרים,250.00,"100 מ""ל",false,,24.90,0.0996,true,1,110065
9000100590938,false,סאיוס מוס ליצירת נפח,,,סאיוס מוס ליצירת נפח,מיליליטרים,250.00,"100 מ""ל",false,,24.90,0.0996,true,1,110066
9002859055560,false,ווגי-סוכריות דובדבן,,,ווגי-סוכריות דובדבן,גרמים,200.00,100 גרם,false,,8.90,0.0445,true,1,67069
9002859055591,false,ווגי-סוכריות לימון פ,,,ווגי-סוכריות לימון פ,גרמים,200.00,100 גרם,false,,8.90,0.0445,true,1,70149
9002859055614,false,WOOGIE-סוכרית פירות,,,WOOGIE-סוכרית פירות,גרמים,200.00,100 גרם,false,,8.90,0.0445,true,1,67070
9002859058172,false,בננות בציפוי שוקולד,,,בננות בציפוי שוקולד,גרמים,300.00,100 גרם,false,,15.90,0.0530,true,1,57209
9002859064104,false,WOOGIE-סוכרית מנטה ב,,,WOOGIE-סוכרית מנטה ב,גרמים,200.00,100 גרם,false,,8.90,0.0445,true,1,66043
9002859064708,false,בוגי סוכריות פירות ב,,,בוגי סוכריות פירות ב,גרמים,300.00,100 גרם,false,,17.90,0.0597,true,1,63757
9002859066047,false,בוגי סוכריות בפח קפה,,,בוגי סוכריות בפח קפה,גרמים,200.00,100 גרם,false,,8.90,0.0445,true,1,67071
9002859066894,false,מרציפן מצופה שוקולד,,,מרציפן מצופה שוקולד,גרמים,100.00,100 גרם,false,,8.00,0.0800,true,1,70717
9002859067570,false,גונץ דפדפי שוקולד תפ,,,גונץ דפדפי שוקולד תפ,גרמים,200.00,100 גרם,false,,14.90,0.0745,true,1,108316
9002859090516,false,סוכריות בפח תפוח,,,סוכריות בפח תפוח,גרמים,200.00,100 גרם,false,,8.90,0.0445,true,1,99692
9002859090530,false,סוכריות בפח תפוז,,,סוכריות בפח תפוז,גרמים,200.00,100 גרם,false,,8.90,0.0445,true,1,99693
9002859105630,false,גונץ חטיף בטעם מרציפ,,,גונץ חטיף בטעם מרציפ,גרמים,75.00,100 גרם,false,,8.00,0.1067,true,1,114962
9002975393812,false,סוכריות הריבו האפי צ,,,סוכריות הריבו האפי צ,גרמים,70.00,100 גרם,false,,6.90,0.0986,true,1,124919
9002975393829,false,סוכריות הריבו פיצ'ס,,,סוכריות הריבו פיצ'ס,גרמים,70.00,100 גרם,false,,6.90,0.0986,true,1,124921
9002975393836,false,סוכריות הריבו האפי ק,,,סוכריות הריבו האפי ק,גרמים,70.00,100 גרם,false,,6.90,0.0986,true,1,124920
9002975393843,false,סוכריות הריבו גולדבר,,,סוכריות הריבו גולדבר,גרמים,70.00,100 גרם,false,,6.90,0.0986,true,1,124918
9002975393850,false,סוכריות הריבו וורמס,,,סוכריות הריבו וורמס,גרמים,70.00,100 גרם,false,,6.90,0.0986,true,1,124922
9005835312602,false,קלרו טבליות למדיח כל,יעקובי,,קלרו טבליות למדיח כל,יחידה,0.00,יחידה,false,,26.90,0.0000,true,1,116439
9005835312640,false,קלרו 80 טבליות למדיח,יעקובי,,קלרו 80 טבליות למדיח,יחידה,0.00,יחידה,false,,64.90,0.0000,true,1,116455
9005835312718,false,קלרו פירמידה מלח אקו,יעקובי,,קלרו פירמידה מלח אקו,קילוגרמים,1.00,"ק""ג",false,,9.90,9.9000,true,1,116437
9005835312732,false,קלרו נוזל הברקה למדי,יעקובי,,קלרו נוזל הברקה למדי,מיליליטרים,500.00,"100 מ""ל",false,,9.90,0.0198,true,1,116438
9005835312756,false,קלרו נוזל לניקוי יסו,יעקובי,,קלרו נוזל לניקוי יסו,מיליליטרים,250.00,"100 מ""ל",false,,9.90,0.0396,true,1,116451
9005835313661,false,קלרו טבליות ניקוי וח,,,קלרו טבליות ניקוי וח,יחידה,0.00,יחידה,false,,29.90,0.0000,true,1,126848
9044400826861,true,סוכריות פז מילוי בננ,,,סוכריות פז מילוי בננ,,0.00,,false,,8.90,0.0000,true,1,123074
9310072028743,false,טים טם אוריגינל 200,,,טים טם אוריגינל 200,גרמים,200.00,100 גרם,false,,19.90,0.0995,true,1,99175
9310072028750,false,טים טם דאבל 200 גר',,,טים טם דאבל 200 גר',גרמים,200.00,100 גרם,false,,19.90,0.0995,true,1,99049
9310088007015,false,תחבושות פויז,,,תחבושות פויז,יחידה,0.00,יחידה,false,,18.90,0.0000,false,1,62477
9322969000015,false,פריכיות תירס - 150ג',,,פריכיות תירס - 150ג',גרמים,150.00,100 גרם,false,,14.90,0.0993,true,1,58641
9322969000022,false,פריכיות תירס - 150ג',,,פריכיות תירס - 150ג',גרמים,150.00,100 גרם,false,,14.90,0.0993,true,1,58642
9322969000039,false,פרכיות תירס עם ד,,,פרכיות תירס עם ד,גרמים,150.00,100 גרם,false,,14.90,0.0993,true,1,111090
9322969000046,false,פריכיות תירס אורגניו,,,פריכיות תירס אורגניו,גרמים,150.00,100 גרם,false,,13.90,0.0927,true,1,58643
9322969000053,false,פריכיות אורז חום,,,פריכיות אורז חום,גרמים,150.00,100 גרם,false,,14.90,0.0993,true,1,188004
9720107600019,false,כובע מצחיה,,,כובע מצחיה,יחידה,0.00,יחידה,false,,24.90,0.0000,true,1,65963
9720188060108,false,ממרח טופו טבעי,משק צוריאל,,ממרח טופו טבעי,גרמים,340.00,100 גרם,false,,19.90,0.0585,true,1,13044
9770793914006,false,עיתון ג'רוזלם פוסט,,,עיתון ג'רוזלם פוסט,יחידה,0.00,יחידה,false,,22.00,0.0000,false,1,14212
9771565025005,false,סופהשבוע,,,סופהשבוע,יחידה,0.00,יחידה,false,,10.00,0.0000,false,1,60713
9771565038319,false,עיתון ידיעות אחרונות,,,עיתון ידיעות אחרונות,יחידה,0.00,יחידה,false,,7.00,0.0000,false,1,13834
9771565038326,false,ידיעות יום ב,,,ידיעות יום ב,יחידה,0.00,יחידה,false,,7.00,0.0000,false,1,13835
9771565038333,false,ידיעות יום ג,,,ידיעות יום ג,יחידה,0.00,יחידה,false,,7.00,0.0000,false,1,13836
9771565038340,false,עיתון ידיעות אחר,,,עיתון ידיעות אחר,יחידה,0.00,יחידה,false,,7.00,0.0000,false,1,13837
9771565038357,false,ידיעות יום ה,,,ידיעות יום ה,יחידה,0.00,יחידה,false,,7.00,0.0000,false,1,13838
9771565039125,false,"""לאשה""",,,"""לאשה""",יחידה,0.00,יחידה,false,,21.90,0.0000,false,1,13840
9771565039156,false,לאישה,,,לאישה,יחידה,0.00,יחידה,false,,21.90,0.0000,false,1,43030
9771565051011,false,ידיעות שישי 85,,,ידיעות שישי 85,יחידה,0.00,יחידה,false,,20.00,0.0000,false,1,13845
9771565051066,false,"ידיעות אחרונות סופ""ש",,,"ידיעות אחרונות סופ""ש",יחידה,0.00,יחידה,false,,20.00,0.0000,false,1,13850
9771565165008,false,"נובוסטי סופ""ש",,,"נובוסטי סופ""ש",יחידה,0.00,יחידה,false,,14.00,0.0000,false,1,20572
9771565189004,false,סיקרט,,,סיקרט,יחידה,0.00,יחידה,false,,14.00,0.0000,false,1,20573
9771565190000,false,אכו,,,אכו,יחידה,0.00,יחידה,false,,14.00,0.0000,false,1,20574
9771565380005,false,לוץ',,,לוץ',יחידה,0.00,יחידה,false,,14.00,0.0000,false,1,20577
9771565641007,false,מגזין פנימה,,,מגזין פנימה,יחידה,0.00,יחידה,false,,39.00,0.0000,false,1,118148
