<?xml version="1.0" encoding="utf-8"?>
<Prices>
  <ChainID>7290875100001</ChainID>
  <SubChainID>001</SubChainID>
  <StoreID>002</StoreID>
  <BikoretNo>000</BikoretNo>
  <Products>
    <Product>
      <PriceUpdateDate>2022/08/29 10:42</PriceUpdateDate>
      <ItemCode>1</ItemCode>
      <ItemType>0</ItemType>
      <ItemName>אבוקדו</ItemName>
      <ManufactureName>ביכורי השדה הצפון בעמ` 1964</ManufactureName>
      <ManufactureCountry />
      <ManufactureItemDescription />
      <UnitQty>ק"ג</UnitQty>
      <Quantity>1</Quantity>
      <UnitMeasure />
      <BisWeighted>1</BisWeighted>
      <QtyInPackage>1</QtyInPackage>
      <ItemPrice>14.90</ItemPrice>
      <UnitOfMeasurePrice>14.90</UnitOfMeasurePrice>
      <AllowDiscount>0</AllowDiscount>
      <itemStatus>1</itemStatus>
      <LastUpdateDate />
      <LastUpdateTime />
    </Product>
    <Product>
      <PriceUpdateDate>2019/08/22 08:33</PriceUpdateDate>
      <ItemCode>2</ItemCode>
      <ItemType>0</ItemType>
      <ItemName>לוף</ItemName>
      <ManufactureName>ביכורי השדה הצפון בעמ` 1964</ManufactureName>
      <ManufactureCountry />
      <ManufactureItemDescription />
      <UnitQty>ק"ג</UnitQty>
      <Quantity>1</Quantity>
      <UnitMeasure />
      <BisWeighted>1</BisWeighted>
      <QtyInPackage>1</QtyInPackage>
      <ItemPrice>14.90</ItemPrice>
      <UnitOfMeasurePrice>14.90</UnitOfMeasurePrice>
      <AllowDiscount>0</AllowDiscount>
      <itemStatus>1</itemStatus>
      <LastUpdateDate />
      <LastUpdateTime />
    </Product>
    <Product>
      <PriceUpdateDate>2019/07/03 08:47</PriceUpdateDate>
      <ItemCode>3</ItemCode>
      <ItemType>0</ItemType>
      <ItemName>קישוא זוקיני</ItemName>
      <ManufactureName>ביכורי השדה הצפון בעמ` 1964</ManufactureName>
      <ManufactureCountry />
      <ManufactureItemDescription />
      <UnitQty>ק"ג</UnitQty>
      <Quantity>1</Quantity>
      <UnitMeasure />
      <BisWeighted>1</BisWeighted>
      <QtyInPackage>1</QtyInPackage>
      <ItemPrice>9.90</ItemPrice>
      <UnitOfMeasurePrice>9.90</UnitOfMeasurePrice>
      <AllowDiscount>0</AllowDiscount>
      <itemStatus>1</itemStatus>
      <LastUpdateDate />
      <LastUpdateTime />
    </Product>
    <Product>
      <PriceUpdateDate>2022/09/13 21:54</PriceUpdateDate>
      <ItemCode>5</ItemCode>
      <ItemType>0</ItemType>
      <ItemName>אבטיח</ItemName>
      <ManufactureName>ביכורי השדה הצפון בעמ` 1964</ManufactureName>
      <ManufactureCountry />
      <ManufactureItemDescription />
      <UnitQty>ק"ג</UnitQty>
      <Quantity>0</Quantity>
      <UnitMeasure>ל-100 מ"ל</UnitMeasure>
      <BisWeighted>1</BisWeighted>
      <QtyInPackage>1</QtyInPackage>
      <ItemPrice>7.90</ItemPrice>
      <UnitOfMeasurePrice>7.90</UnitOfMeasurePrice>
      <AllowDiscount>0</AllowDiscount>
      <itemStatus>1</itemStatus>
      <LastUpdateDate />
      <LastUpdateTime />
    </Product>
    <Product>
      <PriceUpdateDate>2022/06/09 10:11</PriceUpdateDate>
      <ItemCode>6</ItemCode>
      <ItemType>0</ItemType>
      <ItemName>קישואים</ItemName>
      <ManufactureName>ביכורי השדה הצפון בעמ` 1964</ManufactureName>
      <ManufactureCountry />
      <ManufactureItemDescription />
      <UnitQty>ק"ג</UnitQty>
      <Quantity>1</Quantity>
      <UnitMeasure />
      <BisWeighted>1</BisWeighted>
      <QtyInPackage>1</QtyInPackage>
      <ItemPrice>7.90</ItemPrice>
      <UnitOfMeasurePrice>7.90</UnitOfMeasurePrice>
      <AllowDiscount>0</AllowDiscount>
      <itemStatus>1</itemStatus>
      <LastUpdateDate />
      <LastUpdateTime />
    </Product>
    <Product>
      <PriceUpdateDate>2022/05/09 20:22</PriceUpdateDate>
      <ItemCode>7</ItemCode>
      <ItemType>0</ItemType>
      <ItemName>תירס ארוז</ItemName>
      <ManufactureName>ביכורי השדה הצפון בעמ` 1964</ManufactureName>
      <ManufactureCountry />
      <ManufactureItemDescription />
      <UnitQty>ק"ג</UnitQty>
      <Quantity>3.50</Quantity>
      <UnitMeasure>ל-100 גרם</UnitMeasure>
      <BisWeighted>1</BisWeighted>
      <QtyInPackage>1</QtyInPackage>
      <ItemPrice>9.90</ItemPrice>
      <UnitOfMeasurePrice>2.83</UnitOfMeasurePrice>
      <AllowDiscount>0</AllowDiscount>
      <itemStatus>1</itemStatus>
      <LastUpdateDate />
      <LastUpdateTime />
    </Product>
    <Product>
      <PriceUpdateDate>2019/12/10 20:00</PriceUpdateDate>
      <ItemCode>8</ItemCode>
      <ItemType>0</ItemType>
      <ItemName>שעועית ירוקה</ItemName>
      <ManufactureName>ביכורי השדה הצפון בעמ` 1964</ManufactureName>
      <ManufactureCountry />
      <ManufactureItemDescription />
      <UnitQty>ק"ג</UnitQty>
      <Quantity>0</Quantity>
      <UnitMeasure>ק"ג</UnitMeasure>
      <BisWeighted>1</BisWeighted>
      <QtyInPackage>1</QtyInPackage>
      <ItemPrice>19.90</ItemPrice>
      <UnitOfMeasurePrice>19.90</UnitOfMeasurePrice>
      <AllowDiscount>0</AllowDiscount>
      <itemStatus>1</itemStatus>
      <LastUpdateDate />
      <LastUpdateTime />
    </Product>
    <Product>
      <PriceUpdateDate>2021/09/26 16:12</PriceUpdateDate>
      <ItemCode>9</ItemCode>
      <ItemType>0</ItemType>
      <ItemName>אשכולית אדומה</ItemName>
      <ManufactureName>ביכורי השדה הצפון בעמ` 1964</ManufactureName>
      <ManufactureCountry />
      <ManufactureItemDescription />
      <UnitQty>ק"ג</UnitQty>
      <Quantity>1</Quantity>
      <UnitMeasure />
      <BisWeighted>1</BisWeighted>
      <QtyInPackage>1</QtyInPackage>
      <ItemPrice>7.90</ItemPrice>
      <UnitOfMeasurePrice>7.90</UnitOfMeasurePrice>
      <AllowDiscount>0</AllowDiscount>
      <itemStatus>1</itemStatus>
      <LastUpdateDate />
      <LastUpdateTime />
    </Product>
    <Product>
      <PriceUpdateDate>2021/12/19 13:06</PriceUpdateDate>
      <ItemCode>10</ItemCode>
      <ItemType>0</ItemType>
      <ItemName>אגס</ItemName>
      <ManufactureName>ביכורי השדה הצפון בעמ` 1964</ManufactureName>
      <ManufactureCountry />
      <ManufactureItemDescription />
      <UnitQty>ק"ג</UnitQty>
      <Quantity>7.50</Quantity>
      <UnitMeasure>ל-100 גרם</UnitMeasure>
      <BisWeighted>1</BisWeighted>
      <QtyInPackage>1</QtyInPackage>
      <ItemPrice>12.90</ItemPrice>
      <UnitOfMeasurePrice>1.72</UnitOfMeasurePrice>
      <AllowDiscount>0</AllowDiscount>
      <itemStatus>1</itemStatus>
      <LastUpdateDate />
      <LastUpdateTime />
    </Product>
    <Product>
      <PriceUpdateDate>2022/09/05 19:39</PriceUpdateDate>
      <ItemCode>11</ItemCode>
      <ItemType>0</ItemType>
      <ItemName>מנגו</ItemName>
      <ManufactureName>ביכורי השדה הצפון בעמ` 1964</ManufactureName>
      <ManufactureCountry />
      <ManufactureItemDescription />
      <UnitQty>ק"ג</UnitQty>
      <Quantity>1</Quantity>
      <UnitMeasure />
      <BisWeighted>1</BisWeighted>
      <QtyInPackage>1</QtyInPackage>
      <ItemPrice>12.90</ItemPrice>
      <UnitOfMeasurePrice>12.90</UnitOfMeasurePrice>
      <AllowDiscount>0</AllowDiscount>
      <itemStatus>1</itemStatus>
      <LastUpdateDate />
      <LastUpdateTime />
    </Product>
    <Product>
      <PriceUpdateDate>2019/11/25 17:54</PriceUpdateDate>
      <ItemCode>12</ItemCode>
      <ItemType>0</ItemType>
      <ItemName>פגויה</ItemName>
      <ManufactureName>ביכורי השדה הצפון בעמ` 1964</ManufactureName>
      <ManufactureCountry />
      <ManufactureItemDescription />
      <UnitQty>'יח</UnitQty>
      <Quantity>1</Quantity>
      <UnitMeasure />
      <BisWeighted>1</BisWeighted>
      <QtyInPackage>1</QtyInPackage>
      <ItemPrice>19.90</ItemPrice>
      <UnitOfMeasurePrice>19.90</UnitOfMeasurePrice>
      <AllowDiscount>0</AllowDiscount>
      <itemStatus>1</itemStatus>
      <LastUpdateDate />
      <LastUpdateTime />
    </Product>
    <Product>
      <PriceUpdateDate>2019/08/21 08:59</PriceUpdateDate>
      <ItemCode>13</ItemCode>
      <ItemType>0</ItemType>
      <ItemName>קסביה\תפו"א ירושלמי</ItemName>
      <ManufactureName>ביכורי השדה הצפון בעמ` 1964</ManufactureName>
      <ManufactureCountry />
      <ManufactureItemDescription />
      <UnitQty>'יח</UnitQty>
      <Quantity>1</Quantity>
      <UnitMeasure />
      <BisWeighted>1</BisWeighted>
      <QtyInPackage>1</QtyInPackage>
      <ItemPrice>14.90</ItemPrice>
      <UnitOfMeasurePrice>14.90</UnitOfMeasurePrice>
      <AllowDiscount>0</AllowDiscount>
      <itemStatus>1</itemStatus>
      <LastUpdateDate />
      <LastUpdateTime />
    </Product>
    <Product>
      <PriceUpdateDate>2021/10/12 06:35</PriceUpdateDate>
      <ItemCode>14</ItemCode>
      <ItemType>0</ItemType>
      <ItemName>אנונה</ItemName>
      <ManufactureName>ביכורי השדה הצפון בעמ` 1964</ManufactureName>
      <ManufactureCountry />
      <ManufactureItemDescription />
      <UnitQty>ק"ג</UnitQty>
      <Quantity>1</Quantity>
      <UnitMeasure />
      <BisWeighted>1</BisWeighted>
      <QtyInPackage>1</QtyInPackage>
      <ItemPrice>29.90</ItemPrice>
      <UnitOfMeasurePrice>29.90</UnitOfMeasurePrice>
      <AllowDiscount>0</AllowDiscount>
      <itemStatus>1</itemStatus>
      <LastUpdateDate />
      <LastUpdateTime />
    </Product>
    <Product>
      <PriceUpdateDate>2022/09/22 14:45</PriceUpdateDate>
      <ItemCode>15</ItemCode>
      <ItemType>0</ItemType>
      <ItemName>אבטיח אישי</ItemName>
      <ManufactureName>ביכורי השדה הצפון בעמ` 1964</ManufactureName>
      <ManufactureCountry />
      <ManufactureItemDescription />
      <UnitQty>ק"ג</UnitQty>
      <Quantity>1</Quantity>
      <UnitMeasure />
      <BisWeighted>1</BisWeighted>
      <QtyInPackage>1</QtyInPackage>
      <ItemPrice>6.90</ItemPrice>
      <UnitOfMeasurePrice>6.90</UnitOfMeasurePrice>
      <AllowDiscount>0</AllowDiscount>
      <itemStatus>1</itemStatus>
      <LastUpdateDate />
      <LastUpdateTime />
    </Product>
    <Product>
      <PriceUpdateDate>2019/09/02 19:55</PriceUpdateDate>
      <ItemCode>17</ItemCode>
      <ItemType>0</ItemType>
      <ItemName>תו זיכוי</ItemName>
      <ManufactureName>כללי</ManufactureName>
      <ManufactureCountry />
      <ManufactureItemDescription />
      <UnitQty>'יח</UnitQty>
      <Quantity>1</Quantity>
      <UnitMeasure />
      <BisWeighted>0</BisWeighted>
      <QtyInPackage>1</QtyInPackage>
      <ItemPrice>4.90</ItemPrice>
      <UnitOfMeasurePrice>4.90</UnitOfMeasurePrice>
      <AllowDiscount>0</AllowDiscount>
      <itemStatus>1</itemStatus>
      <LastUpdateDate />
      <LastUpdateTime />
    </Product>
    <Product>
      <PriceUpdateDate>2021/08/09 16:47</PriceUpdateDate>
      <ItemCode>20</ItemCode>
      <ItemType>0</ItemType>
      <ItemName>אננס</ItemName>
      <ManufactureName>ביכורי השדה הצפון בעמ` 1964</ManufactureName>
      <ManufactureCountry />
      <ManufactureItemDescription />
      <UnitQty>'יח</UnitQty>
      <Quantity>1</Quantity>
      <UnitMeasure />
      <BisWeighted>0</BisWeighted>
      <QtyInPackage>1</QtyInPackage>
      <ItemPrice>34.90</ItemPrice>
      <UnitOfMeasurePrice>34.90</UnitOfMeasurePrice>
      <AllowDiscount>0</AllowDiscount>
      <itemStatus>1</itemStatus>
      <LastUpdateDate />
      <LastUpdateTime />
    </Product>
    <Product>
      <PriceUpdateDate>2021/10/05 15:24</PriceUpdateDate>
      <ItemCode>21</ItemCode>
      <ItemType>0</ItemType>
      <ItemName>פיטיה</ItemName>
      <ManufactureName>ביכורי השדה הצפון בעמ` 1964</ManufactureName>
      <ManufactureCountry />
      <ManufactureItemDescription />
      <UnitQty>'יח</UnitQty>
      <Quantity>1</Quantity>
      <UnitMeasure />
      <BisWeighted>0</BisWeighted>
      <QtyInPackage>1</QtyInPackage>
      <ItemPrice>29.90</ItemPrice>
      <UnitOfMeasurePrice>29.90</UnitOfMeasurePrice>
      <AllowDiscount>0</AllowDiscount>
      <itemStatus>1</itemStatus>
      <LastUpdateDate />
      <LastUpdateTime />
    </Product>
    <Product>
      <PriceUpdateDate>2020/08/30 13:46</PriceUpdateDate>
      <ItemCode>22</ItemCode>
      <ItemType>0</ItemType>
      <ItemName>גינגר</ItemName>
      <ManufactureName>ביכורי השדה הצפון בעמ` 1964</ManufactureName>
      <ManufactureCountry />
      <ManufactureItemDescription />
      <UnitQty>'יח</UnitQty>
      <Quantity>1</Quantity>
      <UnitMeasure />
      <BisWeighted>1</BisWeighted>
      <QtyInPackage>1</QtyInPackage>
      <ItemPrice>29.90</ItemPrice>
      <UnitOfMeasurePrice>29.90</UnitOfMeasurePrice>
      <AllowDiscount>0</AllowDiscount>
      <itemStatus>1</itemStatus>
      <LastUpdateDate />
      <LastUpdateTime />
    </Product>
    <Product>
      <PriceUpdateDate>2022/03/07 15:34</PriceUpdateDate>
      <ItemCode>30</ItemCode>
      <ItemType>0</ItemType>
      <ItemName>אפרסמון</ItemName>
      <ManufactureName>ביכורי השדה הצפון בעמ` 1964</ManufactureName>
      <ManufactureCountry />
      <ManufactureItemDescription />
      <UnitQty>ק"ג</UnitQty>
      <Quantity>1</Quantity>
      <UnitMeasure />
      <BisWeighted>1</BisWeighted>
      <QtyInPackage>1</QtyInPackage>
      <ItemPrice>14.90</ItemPrice>
      <UnitOfMeasurePrice>14.90</UnitOfMeasurePrice>
      <AllowDiscount>0</AllowDiscount>
      <itemStatus>1</itemStatus>
      <LastUpdateDate />
      <LastUpdateTime />
    </Product>
    <Product>
      <PriceUpdateDate>2019/01/16 14:36</PriceUpdateDate>
      <ItemCode>33</ItemCode>
      <ItemType>0</ItemType>
      <ItemName>שקית</ItemName>
      <ManufactureName>רזפול בע`מ</ManufactureName>
      <ManufactureCountry />
      <ManufactureItemDescription />
      <UnitQty>'יח</UnitQty>
      <Quantity>1</Quantity>
      <UnitMeasure />
      <BisWeighted>0</BisWeighted>
      <QtyInPackage>1</QtyInPackage>
      <ItemPrice>0.10</ItemPrice>
      <UnitOfMeasurePrice>0.10</UnitOfMeasurePrice>
      <AllowDiscount>0</AllowDiscount>
      <itemStatus>1</itemStatus>
      <LastUpdateDate />
      <LastUpdateTime />
    </Product>
    <Product>
      <PriceUpdateDate>2022/10/26 10:30</PriceUpdateDate>
      <ItemCode>35</ItemCode>
      <ItemType>0</ItemType>
      <ItemName>ארטישוק</ItemName>
      <ManufactureName>ביכורי השדה הצפון בעמ` 1964</ManufactureName>
      <ManufactureCountry />
      <ManufactureItemDescription />
      <UnitQty>ק"ג</UnitQty>
      <Quantity>1</Quantity>
      <UnitMeasure />
      <BisWeighted>1</BisWeighted>
      <QtyInPackage>1</QtyInPackage>
      <ItemPrice>19.90</ItemPrice>
      <UnitOfMeasurePrice>19.90</UnitOfMeasurePrice>
      <AllowDiscount>0</AllowDiscount>
      <itemStatus>1</itemStatus>
      <LastUpdateDate />
      <LastUpdateTime />
    </Product>
    <Product>
      <PriceUpdateDate>2019/01/16 14:36</PriceUpdateDate>
      <ItemCode>40</ItemCode>
      <ItemType>0</ItemType>
      <ItemName>אשכולית צהובה</ItemName>
      <ManufactureName>ביכורי השדה הצפון בעמ` 1964</ManufactureName>
      <ManufactureCountry />
      <ManufactureItemDescription />
      <UnitQty>ק"ג</UnitQty>
      <Quantity>1</Quantity>
      <UnitMeasure />
      <BisWeighted>1</BisWeighted>
      <QtyInPackage>1</QtyInPackage>
      <ItemPrice>6.90</ItemPrice>
      <UnitOfMeasurePrice>6.90</UnitOfMeasurePrice>
      <AllowDiscount>0</AllowDiscount>
      <itemStatus>1</itemStatus>
      <LastUpdateDate />
      <LastUpdateTime />
    </Product>
    <Product>
      <PriceUpdateDate>2022/06/01 10:59</PriceUpdateDate>
      <ItemCode>45</ItemCode>
      <ItemType>0</ItemType>
      <ItemName>אפרסק</ItemName>
      <ManufactureName>ביכורי השדה הצפון בעמ` 1964</ManufactureName>
      <ManufactureCountry />
      <ManufactureItemDescription />
      <UnitQty>ק"ג</UnitQty>
      <Quantity>1</Quantity>
      <UnitMeasure />
      <BisWeighted>1</BisWeighted>
      <QtyInPackage>1</QtyInPackage>
      <ItemPrice>12.90</ItemPrice>
      <UnitOfMeasurePrice>12.90</UnitOfMeasurePrice>
      <AllowDiscount>0</AllowDiscount>
      <itemStatus>1</itemStatus>
      <LastUpdateDate />
      <LastUpdateTime />
    </Product>
    <Product>
      <PriceUpdateDate>2022/07/13 15:24</PriceUpdateDate>
      <ItemCode>55</ItemCode>
      <ItemType>0</ItemType>
      <ItemName>בננה</ItemName>
      <ManufactureName>ביכורי השדה הצפון בעמ` 1964</ManufactureName>
      <ManufactureCountry />
      <ManufactureItemDescription />
      <UnitQty>ק"ג</UnitQty>
      <Quantity>1</Quantity>
      <UnitMeasure />
      <BisWeighted>1</BisWeighted>
      <QtyInPackage>1</QtyInPackage>
      <ItemPrice>9.90</ItemPrice>
      <UnitOfMeasurePrice>9.90</UnitOfMeasurePrice>
      <AllowDiscount>0</AllowDiscount>
      <itemStatus>1</itemStatus>
      <LastUpdateDate />
      <LastUpdateTime />
    </Product>
    <Product>
      <PriceUpdateDate>2020/07/27 07:26</PriceUpdateDate>
      <ItemCode>60</ItemCode>
      <ItemType>0</ItemType>
      <ItemName>בצל יבש</ItemName>
      <ManufactureName>ביכורי השדה הצפון בעמ` 1964</ManufactureName>
      <ManufactureCountry />
      <ManufactureItemDescription />
      <UnitQty>ק"ג</UnitQty>
      <Quantity>1</Quantity>
      <UnitMeasure />
      <BisWeighted>1</BisWeighted>
      <QtyInPackage>1</QtyInPackage>
      <ItemPrice>4.90</ItemPrice>
      <UnitOfMeasurePrice>4.90</UnitOfMeasurePrice>
      <AllowDiscount>0</AllowDiscount>
      <itemStatus>1</itemStatus>
      <LastUpdateDate />
      <LastUpdateTime />
    </Product>
    <Product>
      <PriceUpdateDate>2020/03/25 15:05</PriceUpdateDate>
      <ItemCode>61</ItemCode>
      <ItemType>0</ItemType>
      <ItemName>בצל יבש סגול</ItemName>
      <ManufactureName>ביכורי השדה הצפון בעמ` 1964</ManufactureName>
      <ManufactureCountry />
      <ManufactureItemDescription />
      <UnitQty>ק"ג</UnitQty>
      <Quantity>1</Quantity>
      <UnitMeasure />
      <BisWeighted>1</BisWeighted>
      <QtyInPackage>1</QtyInPackage>
      <ItemPrice>6.90</ItemPrice>
      <UnitOfMeasurePrice>6.90</UnitOfMeasurePrice>
      <AllowDiscount>0</AllowDiscount>
      <itemStatus>1</itemStatus>
      <LastUpdateDate />
      <LastUpdateTime />
    </Product>
    <Product>
      <PriceUpdateDate>2020/12/23 15:22</PriceUpdateDate>
      <ItemCode>62</ItemCode>
      <ItemType>0</ItemType>
      <ItemName>ערמונים</ItemName>
      <ManufactureName>ביכורי השדה הצפון בעמ` 1964</ManufactureName>
      <ManufactureCountry />
      <ManufactureItemDescription />
      <UnitQty>'יח</UnitQty>
      <Quantity>1</Quantity>
      <UnitMeasure />
      <BisWeighted>1</BisWeighted>
      <QtyInPackage>1</QtyInPackage>
      <ItemPrice>17.90</ItemPrice>
      <UnitOfMeasurePrice>17.90</UnitOfMeasurePrice>
      <AllowDiscount>0</AllowDiscount>
      <itemStatus>1</itemStatus>
      <LastUpdateDate />
      <LastUpdateTime />
    </Product>
    <Product>
      <PriceUpdateDate>2021/05/23 13:18</PriceUpdateDate>
      <ItemCode>75</ItemCode>
      <ItemType>0</ItemType>
      <ItemName>בטטה</ItemName>
      <ManufactureName>ביכורי השדה הצפון בעמ` 1964</ManufactureName>
      <ManufactureCountry />
      <ManufactureItemDescription />
      <UnitQty>ק"ג</UnitQty>
      <Quantity>1</Quantity>
      <UnitMeasure />
      <BisWeighted>1</BisWeighted>
      <QtyInPackage>1</QtyInPackage>
      <ItemPrice>9.90</ItemPrice>
      <UnitOfMeasurePrice>9.90</UnitOfMeasurePrice>
      <AllowDiscount>0</AllowDiscount>
      <itemStatus>1</itemStatus>
      <LastUpdateDate />
      <LastUpdateTime />
    </Product>
    <Product>
      <PriceUpdateDate>2022/10/26 10:30</PriceUpdateDate>
      <ItemCode>80</ItemCode>
      <ItemType>0</ItemType>
      <ItemName>גואיבה</ItemName>
      <ManufactureName>ביכורי השדה הצפון בעמ` 1964</ManufactureName>
      <ManufactureCountry />
      <ManufactureItemDescription />
      <UnitQty>ק"ג</UnitQty>
      <Quantity>1</Quantity>
      <UnitMeasure />
      <BisWeighted>1</BisWeighted>
      <QtyInPackage>1</QtyInPackage>
      <ItemPrice>15.90</ItemPrice>
      <UnitOfMeasurePrice>15.90</UnitOfMeasurePrice>
      <AllowDiscount>0</AllowDiscount>
      <itemStatus>1</itemStatus>
      <LastUpdateDate />
      <LastUpdateTime />
    </Product>
    <Product>
      <PriceUpdateDate>2021/08/15 15:31</PriceUpdateDate>
      <ItemCode>85</ItemCode>
      <ItemType>0</ItemType>
      <ItemName>גזר ארוז</ItemName>
      <ManufactureName>ביכורי השדה הצפון בעמ` 1964</ManufactureName>
      <ManufactureCountry />
      <ManufactureItemDescription />
      <UnitQty>ק"ג</UnitQty>
      <Quantity>1</Quantity>
      <UnitMeasure />
      <BisWeighted>1</BisWeighted>
      <QtyInPackage>1</QtyInPackage>
      <ItemPrice>4.90</ItemPrice>
      <UnitOfMeasurePrice>4.90</UnitOfMeasurePrice>
      <AllowDiscount>0</AllowDiscount>
      <itemStatus>1</itemStatus>
      <LastUpdateDate />
      <LastUpdateTime />
    </Product>
    <Product>
      <PriceUpdateDate>2021/03/30 06:35</PriceUpdateDate>
      <ItemCode>95</ItemCode>
      <ItemType>0</ItemType>
      <ItemName>דלעת</ItemName>
      <ManufactureName>ביכורי השדה הצפון בעמ` 1964</ManufactureName>
      <ManufactureCountry />
      <ManufactureItemDescription />
      <UnitQty>ק"ג</UnitQty>
      <Quantity>1</Quantity>
      <UnitMeasure />
      <BisWeighted>1</BisWeighted>
      <QtyInPackage>1</QtyInPackage>
      <ItemPrice>10.90</ItemPrice>
      <UnitOfMeasurePrice>10.90</UnitOfMeasurePrice>
      <AllowDiscount>0</AllowDiscount>
      <itemStatus>1</itemStatus>
      <LastUpdateDate />
      <LastUpdateTime />
    </Product>
    <Product>
      <PriceUpdateDate>2019/12/29 11:04</PriceUpdateDate>
      <ItemCode>100</ItemCode>
      <ItemType>0</ItemType>
      <ItemName>דלורית</ItemName>
      <ManufactureName>ביכורי השדה הצפון בעמ` 1964</ManufactureName>
      <ManufactureCountry />
      <ManufactureItemDescription />
      <UnitQty>ק"ג</UnitQty>
      <Quantity>1</Quantity>
      <UnitMeasure />
      <BisWeighted>1</BisWeighted>
      <QtyInPackage>1</QtyInPackage>
      <ItemPrice>5.90</ItemPrice>
      <UnitOfMeasurePrice>5.90</UnitOfMeasurePrice>
      <AllowDiscount>0</AllowDiscount>
      <itemStatus>1</itemStatus>
      <LastUpdateDate />
      <LastUpdateTime />
    </Product>
    <Product>
      <PriceUpdateDate>2019/01/16 14:36</PriceUpdateDate>
      <ItemCode>111</ItemCode>
      <ItemType>0</ItemType>
      <ItemName>פקדון בקבוק חוזר</ItemName>
      <ManufactureName>טמפו משקאות בע`מ</ManufactureName>
      <ManufactureCountry />
      <ManufactureItemDescription />
      <UnitQty>'יח</UnitQty>
      <Quantity>1</Quantity>
      <UnitMeasure />
      <BisWeighted>0</BisWeighted>
      <QtyInPackage>1</QtyInPackage>
      <ItemPrice>1.20</ItemPrice>
      <UnitOfMeasurePrice>1.20</UnitOfMeasurePrice>
      <AllowDiscount>0</AllowDiscount>
      <itemStatus>1</itemStatus>
      <LastUpdateDate />
      <LastUpdateTime />
    </Product>
    <Product>
      <PriceUpdateDate>2022/10/26 10:30</PriceUpdateDate>
      <ItemCode>112</ItemCode>
      <ItemType>0</ItemType>
      <ItemName>חצילים</ItemName>
      <ManufactureName>ביכורי השדה הצפון בעמ` 1964</ManufactureName>
      <ManufactureCountry />
      <ManufactureItemDescription />
      <UnitQty>ק"ג</UnitQty>
      <Quantity>1</Quantity>
      <UnitMeasure />
      <BisWeighted>1</BisWeighted>
      <QtyInPackage>1</QtyInPackage>
      <ItemPrice>7.90</ItemPrice>
      <UnitOfMeasurePrice>7.90</UnitOfMeasurePrice>
      <AllowDiscount>0</AllowDiscount>
      <itemStatus>1</itemStatus>
      <LastUpdateDate />
      <LastUpdateTime />
    </Product>
    <Product>
      <PriceUpdateDate>2022/10/26 10:30</PriceUpdateDate>
      <ItemCode>115</ItemCode>
      <ItemType>0</ItemType>
      <ItemName>חסה ערבית</ItemName>
      <ManufactureName>ביכורי השדה הצפון בעמ` 1964</ManufactureName>
      <ManufactureCountry />
      <ManufactureItemDescription />
      <UnitQty>'יח</UnitQty>
      <Quantity>1</Quantity>
      <UnitMeasure />
      <BisWeighted>0</BisWeighted>
      <QtyInPackage>1</QtyInPackage>
      <ItemPrice>5.90</ItemPrice>
      <UnitOfMeasurePrice>5.90</UnitOfMeasurePrice>
      <AllowDiscount>0</AllowDiscount>
      <itemStatus>1</itemStatus>
      <LastUpdateDate />
      <LastUpdateTime />
    </Product>
    <Product>
      <PriceUpdateDate>2021/03/30 06:35</PriceUpdateDate>
      <ItemCode>117</ItemCode>
      <ItemType>0</ItemType>
      <ItemName>חסה עגולה</ItemName>
      <ManufactureName>ביכורי השדה הצפון בעמ` 1964</ManufactureName>
      <ManufactureCountry />
      <ManufactureItemDescription />
      <UnitQty>'יח</UnitQty>
      <Quantity>1</Quantity>
      <UnitMeasure />
      <BisWeighted>0</BisWeighted>
      <QtyInPackage>1</QtyInPackage>
      <ItemPrice>6.90</ItemPrice>
      <UnitOfMeasurePrice>6.90</UnitOfMeasurePrice>
      <AllowDiscount>0</AllowDiscount>
      <itemStatus>1</itemStatus>
      <LastUpdateDate />
      <LastUpdateTime />
    </Product>
    <Product>
      <PriceUpdateDate>2020/10/04 13:29</PriceUpdateDate>
      <ItemCode>120</ItemCode>
      <ItemType>0</ItemType>
      <ItemName>כרוב אדום</ItemName>
      <ManufactureName>ביכורי השדה הצפון בעמ` 1964</ManufactureName>
      <ManufactureCountry />
      <ManufactureItemDescription />
      <UnitQty>ק"ג</UnitQty>
      <Quantity>1</Quantity>
      <UnitMeasure />
      <BisWeighted>1</BisWeighted>
      <QtyInPackage>1</QtyInPackage>
      <ItemPrice>5.90</ItemPrice>
      <UnitOfMeasurePrice>5.90</UnitOfMeasurePrice>
      <AllowDiscount>0</AllowDiscount>
      <itemStatus>1</itemStatus>
      <LastUpdateDate />
      <LastUpdateTime />
    </Product>
    <Product>
      <PriceUpdateDate>2022/06/09 10:11</PriceUpdateDate>
      <ItemCode>121</ItemCode>
      <ItemType>0</ItemType>
      <ItemName>כרוב לבן</ItemName>
      <ManufactureName>ביכורי השדה הצפון בעמ` 1964</ManufactureName>
      <ManufactureCountry />
      <ManufactureItemDescription />
      <UnitQty>ק"ג</UnitQty>
      <Quantity>1</Quantity>
      <UnitMeasure />
      <BisWeighted>1</BisWeighted>
      <QtyInPackage>1</QtyInPackage>
      <ItemPrice>4.90</ItemPrice>
      <UnitOfMeasurePrice>4.90</UnitOfMeasurePrice>
      <AllowDiscount>0</AllowDiscount>
      <itemStatus>1</itemStatus>
      <LastUpdateDate />
      <LastUpdateTime />
    </Product>
    <Product>
      <PriceUpdateDate>2022/03/03 15:40</PriceUpdateDate>
      <ItemCode>130</ItemCode>
      <ItemType>0</ItemType>
      <ItemName>כרובית</ItemName>
      <ManufactureName>ביכורי השדה הצפון בעמ` 1964</ManufactureName>
      <ManufactureCountry />
      <ManufactureItemDescription />
      <UnitQty>ק"ג</UnitQty>
      <Quantity>1</Quantity>
      <UnitMeasure />
      <BisWeighted>1</BisWeighted>
      <QtyInPackage>1</QtyInPackage>
      <ItemPrice>9.90</ItemPrice>
      <UnitOfMeasurePrice>9.90</UnitOfMeasurePrice>
      <AllowDiscount>0</AllowDiscount>
      <itemStatus>1</itemStatus>
      <LastUpdateDate />
      <LastUpdateTime />
    </Product>
    <Product>
      <PriceUpdateDate>2022/06/26 12:32</PriceUpdateDate>
      <ItemCode>135</ItemCode>
      <ItemType>0</ItemType>
      <ItemName>לימון</ItemName>
      <ManufactureName>ביכורי השדה הצפון בעמ` 1964</ManufactureName>
      <ManufactureCountry />
      <ManufactureItemDescription />
      <UnitQty>ק"ג</UnitQty>
      <Quantity>1</Quantity>
      <UnitMeasure />
      <BisWeighted>1</BisWeighted>
      <QtyInPackage>1</QtyInPackage>
      <ItemPrice>7.90</ItemPrice>
      <UnitOfMeasurePrice>7.90</UnitOfMeasurePrice>
      <AllowDiscount>0</AllowDiscount>
      <itemStatus>1</itemStatus>
      <LastUpdateDate />
      <LastUpdateTime />
    </Product>
    <Product>
      <PriceUpdateDate>2019/01/16 14:36</PriceUpdateDate>
      <ItemCode>138</ItemCode>
      <ItemType>0</ItemType>
      <ItemName>ברוקולי ארוז</ItemName>
      <ManufactureName>ביכורי השדה הצפון בעמ` 1964</ManufactureName>
      <ManufactureCountry />
      <ManufactureItemDescription />
      <UnitQty>'יח</UnitQty>
      <Quantity>1</Quantity>
      <UnitMeasure />
      <BisWeighted>0</BisWeighted>
      <QtyInPackage>1</QtyInPackage>
      <ItemPrice>9.90</ItemPrice>
      <UnitOfMeasurePrice>9.90</UnitOfMeasurePrice>
      <AllowDiscount>0</AllowDiscount>
      <itemStatus>1</itemStatus>
      <LastUpdateDate />
      <LastUpdateTime />
    </Product>
    <Product>
      <PriceUpdateDate>2022/10/26 10:30</PriceUpdateDate>
      <ItemCode>150</ItemCode>
      <ItemType>0</ItemType>
      <ItemName>מלון</ItemName>
      <ManufactureName>ביכורי השדה הצפון בעמ` 1964</ManufactureName>
      <ManufactureCountry />
      <ManufactureItemDescription />
      <UnitQty>ק"ג</UnitQty>
      <Quantity>1</Quantity>
      <UnitMeasure />
      <BisWeighted>1</BisWeighted>
      <QtyInPackage>1</QtyInPackage>
      <ItemPrice>7.90</ItemPrice>
      <UnitOfMeasurePrice>7.90</UnitOfMeasurePrice>
      <AllowDiscount>0</AllowDiscount>
      <itemStatus>1</itemStatus>
      <LastUpdateDate />
      <LastUpdateTime />
    </Product>
    <Product>
      <PriceUpdateDate>2022/06/14 15:45</PriceUpdateDate>
      <ItemCode>155</ItemCode>
      <ItemType>0</ItemType>
      <ItemName>מלפפון</ItemName>
      <ManufactureName>ביכורי השדה הצפון בעמ` 1964</ManufactureName>
      <ManufactureCountry />
      <ManufactureItemDescription />
      <UnitQty>ק"ג</UnitQty>
      <Quantity>1</Quantity>
      <UnitMeasure />
      <BisWeighted>1</BisWeighted>
      <QtyInPackage>1</QtyInPackage>
      <ItemPrice>5.90</ItemPrice>
      <UnitOfMeasurePrice>5.90</UnitOfMeasurePrice>
      <AllowDiscount>0</AllowDiscount>
      <itemStatus>1</itemStatus>
      <LastUpdateDate />
      <LastUpdateTime />
    </Product>
    <Product>
      <PriceUpdateDate>2022/07/07 16:25</PriceUpdateDate>
      <ItemCode>185</ItemCode>
      <ItemType>0</ItemType>
      <ItemName>נקטרינה</ItemName>
      <ManufactureName>ביכורי השדה הצפון בעמ` 1964</ManufactureName>
      <ManufactureCountry />
      <ManufactureItemDescription />
      <UnitQty>ק"ג</UnitQty>
      <Quantity>1</Quantity>
      <UnitMeasure />
      <BisWeighted>1</BisWeighted>
      <QtyInPackage>1</QtyInPackage>
      <ItemPrice>12.90</ItemPrice>
      <UnitOfMeasurePrice>12.90</UnitOfMeasurePrice>
      <AllowDiscount>0</AllowDiscount>
      <itemStatus>1</itemStatus>
      <LastUpdateDate />
      <LastUpdateTime />
    </Product>
    <Product>
      <PriceUpdateDate>2022/06/09 10:11</PriceUpdateDate>
      <ItemCode>205</ItemCode>
      <ItemType>0</ItemType>
      <ItemName>סלק אדום</ItemName>
      <ManufactureName>ביכורי השדה הצפון בעמ` 1964</ManufactureName>
      <ManufactureCountry />
      <ManufactureItemDescription />
      <UnitQty>ק"ג</UnitQty>
      <Quantity>1</Quantity>
      <UnitMeasure />
      <BisWeighted>1</BisWeighted>
      <QtyInPackage>1</QtyInPackage>
      <ItemPrice>5.90</ItemPrice>
      <UnitOfMeasurePrice>5.90</UnitOfMeasurePrice>
      <AllowDiscount>0</AllowDiscount>
      <itemStatus>1</itemStatus>
      <LastUpdateDate />
      <LastUpdateTime />
    </Product>
    <Product>
      <PriceUpdateDate>2022/06/14 15:45</PriceUpdateDate>
      <ItemCode>215</ItemCode>
      <ItemType>0</ItemType>
      <ItemName>עגבניות</ItemName>
      <ManufactureName>ביכורי השדה הצפון בעמ` 1964</ManufactureName>
      <ManufactureCountry />
      <ManufactureItemDescription />
      <UnitQty>ק"ג</UnitQty>
      <Quantity>1</Quantity>
      <UnitMeasure>ק"ג</UnitMeasure>
      <BisWeighted>1</BisWeighted>
      <QtyInPackage>1</QtyInPackage>
      <ItemPrice>5.90</ItemPrice>
      <UnitOfMeasurePrice>5.90</UnitOfMeasurePrice>
      <AllowDiscount>0</AllowDiscount>
      <itemStatus>1</itemStatus>
      <LastUpdateDate />
      <LastUpdateTime />
    </Product>
    <Product>
      <PriceUpdateDate>2021/05/23 13:18</PriceUpdateDate>
      <ItemCode>217</ItemCode>
      <ItemType>0</ItemType>
      <ItemName>שום טרי ירוק</ItemName>
      <ManufactureName>ביכורי השדה הצפון בעמ` 1964</ManufactureName>
      <ManufactureCountry />
      <ManufactureItemDescription />
      <UnitQty>ק"ג</UnitQty>
      <Quantity>1</Quantity>
      <UnitMeasure />
      <BisWeighted>1</BisWeighted>
      <QtyInPackage>1</QtyInPackage>
      <ItemPrice>19.90</ItemPrice>
      <UnitOfMeasurePrice>19.90</UnitOfMeasurePrice>
      <AllowDiscount>0</AllowDiscount>
      <itemStatus>1</itemStatus>
      <LastUpdateDate />
      <LastUpdateTime />
    </Product>
    <Product>
      <PriceUpdateDate>2019/01/16 14:36</PriceUpdateDate>
      <ItemCode>222</ItemCode>
      <ItemType>0</ItemType>
      <ItemName>פקדון בקבוק</ItemName>
      <ManufactureName>החברה המרכזית להפצת משקאות בע`</ManufactureName>
      <ManufactureCountry />
      <ManufactureItemDescription />
      <UnitQty>'יח</UnitQty>
      <Quantity>1</Quantity>
      <UnitMeasure />
      <BisWeighted>0</BisWeighted>
      <QtyInPackage>1</QtyInPackage>
      <ItemPrice>0.30</ItemPrice>
      <UnitOfMeasurePrice>0.30</UnitOfMeasurePrice>
      <AllowDiscount>0</AllowDiscount>
      <itemStatus>1</itemStatus>
      <LastUpdateDate />
      <LastUpdateTime />
    </Product>
    <Product>
      <PriceUpdateDate>2022/06/29 08:48</PriceUpdateDate>
      <ItemCode>231</ItemCode>
      <ItemType>0</ItemType>
      <ItemName>ענב שחור</ItemName>
      <ManufactureName>ביכורי השדה הצפון בעמ` 1964</ManufactureName>
      <ManufactureCountry />
      <ManufactureItemDescription />
      <UnitQty>ק"ג</UnitQty>
      <Quantity>10</Quantity>
      <UnitMeasure>ל-100 גרם</UnitMeasure>
      <BisWeighted>1</BisWeighted>
      <QtyInPackage>1</QtyInPackage>
      <ItemPrice>24.90</ItemPrice>
      <UnitOfMeasurePrice>2.49</UnitOfMeasurePrice>
      <AllowDiscount>0</AllowDiscount>
      <itemStatus>1</itemStatus>
      <LastUpdateDate />
      <LastUpdateTime />
    </Product>
    <Product>
      <PriceUpdateDate>2019/01/16 14:36</PriceUpdateDate>
      <ItemCode>234</ItemCode>
      <ItemType>0</ItemType>
      <ItemName>סל רב פעמי סופר ברקת</ItemName>
      <ManufactureName>סימה</ManufactureName>
      <ManufactureCountry />
      <ManufactureItemDescription />
      <UnitQty>'יח</UnitQty>
      <Quantity>10</Quantity>
      <UnitMeasure>ל-100 גרם</UnitMeasure>
      <BisWeighted>0</BisWeighted>
      <QtyInPackage>1</QtyInPackage>
      <ItemPrice>3.90</ItemPrice>
      <UnitOfMeasurePrice>0.39</UnitOfMeasurePrice>
      <AllowDiscount>1</AllowDiscount>
      <itemStatus>1</itemStatus>
      <LastUpdateDate />
      <LastUpdateTime />
    </Product>
    <Product>
      <PriceUpdateDate>2021/09/26 16:12</PriceUpdateDate>
      <ItemCode>245</ItemCode>
      <ItemType>0</ItemType>
      <ItemName>פומלית</ItemName>
      <ManufactureName>ביכורי השדה הצפון בעמ` 1964</ManufactureName>
      <ManufactureCountry />
      <ManufactureItemDescription />
      <UnitQty>ק"ג</UnitQty>
      <Quantity>10</Quantity>
      <UnitMeasure>ל-100 גרם</UnitMeasure>
      <BisWeighted>1</BisWeighted>
      <QtyInPackage>1</QtyInPackage>
      <ItemPrice>7.90</ItemPrice>
      <UnitOfMeasurePrice>0.79</UnitOfMeasurePrice>
      <AllowDiscount>0</AllowDiscount>
      <itemStatus>1</itemStatus>
      <LastUpdateDate />
      <LastUpdateTime />
    </Product>
    <Product>
      <PriceUpdateDate>2020/11/20 06:49</PriceUpdateDate>
      <ItemCode>250</ItemCode>
      <ItemType>0</ItemType>
      <ItemName>פומלה</ItemName>
      <ManufactureName>ביכורי השדה הצפון בעמ` 1964</ManufactureName>
      <ManufactureCountry />
      <ManufactureItemDescription />
      <UnitQty>ק"ג</UnitQty>
      <Quantity>1</Quantity>
      <UnitMeasure />
      <BisWeighted>1</BisWeighted>
      <QtyInPackage>1</QtyInPackage>
      <ItemPrice>7.90</ItemPrice>
      <UnitOfMeasurePrice>7.90</UnitOfMeasurePrice>
      <AllowDiscount>0</AllowDiscount>
      <itemStatus>1</itemStatus>
      <LastUpdateDate />
      <LastUpdateTime />
    </Product>
    <Product>
      <PriceUpdateDate>2022/10/24 12:33</PriceUpdateDate>
      <ItemCode>260</ItemCode>
      <ItemType>0</ItemType>
      <ItemName>לימון ברשת</ItemName>
      <ManufactureName>ביכורי השדה הצפון בעמ` 1964</ManufactureName>
      <ManufactureCountry />
      <ManufactureItemDescription />
      <UnitQty>ק"ג</UnitQty>
      <Quantity>1</Quantity>
      <UnitMeasure>ק"ג</UnitMeasure>
      <BisWeighted>1</BisWeighted>
      <QtyInPackage>1</QtyInPackage>
      <ItemPrice>5.90</ItemPrice>
      <UnitOfMeasurePrice>5.90</UnitOfMeasurePrice>
      <AllowDiscount>0</AllowDiscount>
      <itemStatus>1</itemStatus>
      <LastUpdateDate />
      <LastUpdateTime />
    </Product>
    <Product>
      <PriceUpdateDate>2022/07/24 14:41</PriceUpdateDate>
      <ItemCode>269</ItemCode>
      <ItemType>0</ItemType>
      <ItemName>עגבניה מגי</ItemName>
      <ManufactureName>ביכורי השדה הצפון בעמ` 1964</ManufactureName>
      <ManufactureCountry />
      <ManufactureItemDescription />
      <UnitQty>'יח</UnitQty>
      <Quantity>1</Quantity>
      <UnitMeasure />
      <BisWeighted>0</BisWeighted>
      <QtyInPackage>1</QtyInPackage>
      <ItemPrice>16.90</ItemPrice>
      <UnitOfMeasurePrice>16.90</UnitOfMeasurePrice>
      <AllowDiscount>0</AllowDiscount>
      <itemStatus>1</itemStatus>
      <LastUpdateDate />
      <LastUpdateTime />
    </Product>
    <Product>
      <PriceUpdateDate>2022/07/06 10:35</PriceUpdateDate>
      <ItemCode>285</ItemCode>
      <ItemType>0</ItemType>
      <ItemName>פלפל אדום</ItemName>
      <ManufactureName>ביכורי השדה הצפון בעמ` 1964</ManufactureName>
      <ManufactureCountry />
      <ManufactureItemDescription />
      <UnitQty>ק"ג</UnitQty>
      <Quantity>1</Quantity>
      <UnitMeasure />
      <BisWeighted>1</BisWeighted>
      <QtyInPackage>1</QtyInPackage>
      <ItemPrice>9.90</ItemPrice>
      <UnitOfMeasurePrice>9.90</UnitOfMeasurePrice>
      <AllowDiscount>0</AllowDiscount>
      <itemStatus>1</itemStatus>
      <LastUpdateDate />
      <LastUpdateTime />
    </Product>
    <Product>
      <PriceUpdateDate>2022/03/31 18:40</PriceUpdateDate>
      <ItemCode>290</ItemCode>
      <ItemType>0</ItemType>
      <ItemName>פלפל ירוק כהה</ItemName>
      <ManufactureName>ביכורי השדה הצפון בעמ` 1964</ManufactureName>
      <ManufactureCountry />
      <ManufactureItemDescription />
      <UnitQty>ק"ג</UnitQty>
      <Quantity>1</Quantity>
      <UnitMeasure />
      <BisWeighted>1</BisWeighted>
      <QtyInPackage>1</QtyInPackage>
      <ItemPrice>7.90</ItemPrice>
      <UnitOfMeasurePrice>7.90</UnitOfMeasurePrice>
      <AllowDiscount>0</AllowDiscount>
      <itemStatus>1</itemStatus>
      <LastUpdateDate />
      <LastUpdateTime />
    </Product>
    <Product>
      <PriceUpdateDate>2022/04/17 13:29</PriceUpdateDate>
      <ItemCode>295</ItemCode>
      <ItemType>0</ItemType>
      <ItemName>פלפל צהוב</ItemName>
      <ManufactureName>ביכורי השדה הצפון בעמ` 1964</ManufactureName>
      <ManufactureCountry />
      <ManufactureItemDescription />
      <UnitQty>ק"ג</UnitQty>
      <Quantity>1</Quantity>
      <UnitMeasure />
      <BisWeighted>1</BisWeighted>
      <QtyInPackage>1</QtyInPackage>
      <ItemPrice>9.90</ItemPrice>
      <UnitOfMeasurePrice>9.90</UnitOfMeasurePrice>
      <AllowDiscount>0</AllowDiscount>
      <itemStatus>1</itemStatus>
      <LastUpdateDate />
      <LastUpdateTime />
    </Product>
    <Product>
      <PriceUpdateDate>2022/02/13 15:07</PriceUpdateDate>
      <ItemCode>300</ItemCode>
      <ItemType>0</ItemType>
      <ItemName>פלפל כתום</ItemName>
      <ManufactureName>ביכורי השדה הצפון בעמ` 1964</ManufactureName>
      <ManufactureCountry />
      <ManufactureItemDescription />
      <UnitQty>ק"ג</UnitQty>
      <Quantity>1</Quantity>
      <UnitMeasure />
      <BisWeighted>1</BisWeighted>
      <QtyInPackage>1</QtyInPackage>
      <ItemPrice>9.90</ItemPrice>
      <UnitOfMeasurePrice>9.90</UnitOfMeasurePrice>
      <AllowDiscount>0</AllowDiscount>
      <itemStatus>1</itemStatus>
      <LastUpdateDate />
      <LastUpdateTime />
    </Product>
    <Product>
      <PriceUpdateDate>2022/09/12 13:52</PriceUpdateDate>
      <ItemCode>301</ItemCode>
      <ItemType>0</ItemType>
      <ItemName>חבושים</ItemName>
      <ManufactureName>ביכורי השדה הצפון בעמ` 1964</ManufactureName>
      <ManufactureCountry />
      <ManufactureItemDescription />
      <UnitQty>ק"ג</UnitQty>
      <Quantity>1</Quantity>
      <UnitMeasure />
      <BisWeighted>1</BisWeighted>
      <QtyInPackage>1</QtyInPackage>
      <ItemPrice>15.90</ItemPrice>
      <UnitOfMeasurePrice>15.90</UnitOfMeasurePrice>
      <AllowDiscount>0</AllowDiscount>
      <itemStatus>1</itemStatus>
      <LastUpdateDate />
      <LastUpdateTime />
    </Product>
    <Product>
      <PriceUpdateDate>2022/02/06 14:02</PriceUpdateDate>
      <ItemCode>305</ItemCode>
      <ItemType>0</ItemType>
      <ItemName>פלפל בהיר</ItemName>
      <ManufactureName>ביכורי השדה הצפון בעמ` 1964</ManufactureName>
      <ManufactureCountry />
      <ManufactureItemDescription />
      <UnitQty>ק"ג</UnitQty>
      <Quantity>1</Quantity>
      <UnitMeasure />
      <BisWeighted>1</BisWeighted>
      <QtyInPackage>1</QtyInPackage>
      <ItemPrice>8.90</ItemPrice>
      <UnitOfMeasurePrice>8.90</UnitOfMeasurePrice>
      <AllowDiscount>0</AllowDiscount>
      <itemStatus>1</itemStatus>
      <LastUpdateDate />
      <LastUpdateTime />
    </Product>
    <Product>
      <PriceUpdateDate>2022/05/09 09:06</PriceUpdateDate>
      <ItemCode>310</ItemCode>
      <ItemType>0</ItemType>
      <ItemName>פלפל חריף ירוק</ItemName>
      <ManufactureName>ביכורי השדה הצפון בעמ` 1964</ManufactureName>
      <ManufactureCountry />
      <ManufactureItemDescription />
      <UnitQty>ק"ג</UnitQty>
      <Quantity>1</Quantity>
      <UnitMeasure />
      <BisWeighted>1</BisWeighted>
      <QtyInPackage>1</QtyInPackage>
      <ItemPrice>9.90</ItemPrice>
      <UnitOfMeasurePrice>9.90</UnitOfMeasurePrice>
      <AllowDiscount>0</AllowDiscount>
      <itemStatus>1</itemStatus>
      <LastUpdateDate />
      <LastUpdateTime />
    </Product>
    <Product>
      <PriceUpdateDate>2019/06/02 09:10</PriceUpdateDate>
      <ItemCode>333</ItemCode>
      <ItemType>0</ItemType>
      <ItemName>פיקדון שישייה</ItemName>
      <ManufactureName>יפאורה - שותפות מוגבלת לשיווק</ManufactureName>
      <ManufactureCountry />
      <ManufactureItemDescription />
      <UnitQty>'יח</UnitQty>
      <Quantity>0</Quantity>
      <UnitMeasure>'יח</UnitMeasure>
      <BisWeighted>0</BisWeighted>
      <QtyInPackage>1</QtyInPackage>
      <ItemPrice>1.80</ItemPrice>
      <UnitOfMeasurePrice>1.80</UnitOfMeasurePrice>
      <AllowDiscount>0</AllowDiscount>
      <itemStatus>1</itemStatus>
      <LastUpdateDate />
      <LastUpdateTime />
    </Product>
    <Product>
      <PriceUpdateDate>2022/05/09 09:06</PriceUpdateDate>
      <ItemCode>335</ItemCode>
      <ItemType>0</ItemType>
      <ItemName>קולורבי</ItemName>
      <ManufactureName>ביכורי השדה הצפון בעמ` 1964</ManufactureName>
      <ManufactureCountry />
      <ManufactureItemDescription />
      <UnitQty>ק"ג</UnitQty>
      <Quantity>1</Quantity>
      <UnitMeasure />
      <BisWeighted>1</BisWeighted>
      <QtyInPackage>1</QtyInPackage>
      <ItemPrice>6.90</ItemPrice>
      <UnitOfMeasurePrice>6.90</UnitOfMeasurePrice>
      <AllowDiscount>0</AllowDiscount>
      <itemStatus>1</itemStatus>
      <LastUpdateDate />
      <LastUpdateTime />
    </Product>
    <Product>
      <PriceUpdateDate>2020/09/30 10:13</PriceUpdateDate>
      <ItemCode>344</ItemCode>
      <ItemType>0</ItemType>
      <ItemName>גזר בתפזורת</ItemName>
      <ManufactureName>ביכורי השדה הצפון בעמ` 1964</ManufactureName>
      <ManufactureCountry />
      <ManufactureItemDescription />
      <UnitQty>ק"ג</UnitQty>
      <Quantity>1</Quantity>
      <UnitMeasure />
      <BisWeighted>1</BisWeighted>
      <QtyInPackage>1</QtyInPackage>
      <ItemPrice>5.90</ItemPrice>
      <UnitOfMeasurePrice>5.90</UnitOfMeasurePrice>
      <AllowDiscount>0</AllowDiscount>
      <itemStatus>1</itemStatus>
      <LastUpdateDate />
      <LastUpdateTime />
    </Product>
    <Product>
      <PriceUpdateDate>2022/10/26 10:30</PriceUpdateDate>
      <ItemCode>345</ItemCode>
      <ItemType>0</ItemType>
      <ItemName>קיווי</ItemName>
      <ManufactureName>ביכורי השדה הצפון בעמ` 1964</ManufactureName>
      <ManufactureCountry />
      <ManufactureItemDescription />
      <UnitQty>ק"ג</UnitQty>
      <Quantity>1</Quantity>
      <UnitMeasure />
      <BisWeighted>1</BisWeighted>
      <QtyInPackage>1</QtyInPackage>
      <ItemPrice>15.90</ItemPrice>
      <UnitOfMeasurePrice>15.90</UnitOfMeasurePrice>
      <AllowDiscount>0</AllowDiscount>
      <itemStatus>1</itemStatus>
      <LastUpdateDate />
      <LastUpdateTime />
    </Product>
    <Product>
      <PriceUpdateDate>2019/01/16 14:36</PriceUpdateDate>
      <ItemCode>350</ItemCode>
      <ItemType>0</ItemType>
      <ItemName>סלק עלים</ItemName>
      <ManufactureName>ביכורי השדה הצפון בעמ` 1964</ManufactureName>
      <ManufactureCountry />
      <ManufactureItemDescription />
      <UnitQty>'יח</UnitQty>
      <Quantity>1</Quantity>
      <UnitMeasure />
      <BisWeighted>0</BisWeighted>
      <QtyInPackage>1</QtyInPackage>
      <ItemPrice>6.90</ItemPrice>
      <UnitOfMeasurePrice>6.90</UnitOfMeasurePrice>
      <AllowDiscount>0</AllowDiscount>
      <itemStatus>1</itemStatus>
      <LastUpdateDate />
      <LastUpdateTime />
    </Product>
    <Product>
      <PriceUpdateDate>2021/08/23 14:07</PriceUpdateDate>
      <ItemCode>360</ItemCode>
      <ItemType>0</ItemType>
      <ItemName>קלמנטינה</ItemName>
      <ManufactureName>ביכורי השדה הצפון בעמ` 1964</ManufactureName>
      <ManufactureCountry />
      <ManufactureItemDescription />
      <UnitQty>ק"ג</UnitQty>
      <Quantity>1</Quantity>
      <UnitMeasure />
      <BisWeighted>1</BisWeighted>
      <QtyInPackage>1</QtyInPackage>
      <ItemPrice>7.90</ItemPrice>
      <UnitOfMeasurePrice>7.90</UnitOfMeasurePrice>
      <AllowDiscount>0</AllowDiscount>
      <itemStatus>1</itemStatus>
      <LastUpdateDate />
      <LastUpdateTime />
    </Product>
    <Product>
      <PriceUpdateDate>2022/10/26 10:30</PriceUpdateDate>
      <ItemCode>365</ItemCode>
      <ItemType>0</ItemType>
      <ItemName>רימון</ItemName>
      <ManufactureName>ביכורי השדה הצפון בעמ` 1964</ManufactureName>
      <ManufactureCountry />
      <ManufactureItemDescription />
      <UnitQty>ק"ג</UnitQty>
      <Quantity>1</Quantity>
      <UnitMeasure />
      <BisWeighted>1</BisWeighted>
      <QtyInPackage>1</QtyInPackage>
      <ItemPrice>8.90</ItemPrice>
      <UnitOfMeasurePrice>8.90</UnitOfMeasurePrice>
      <AllowDiscount>0</AllowDiscount>
      <itemStatus>1</itemStatus>
      <LastUpdateDate />
      <LastUpdateTime />
    </Product>
    <Product>
      <PriceUpdateDate>2022/08/24 12:39</PriceUpdateDate>
      <ItemCode>374</ItemCode>
      <ItemType>0</ItemType>
      <ItemName>פטריות שמפניון</ItemName>
      <ManufactureName>ביכורי השדה הצפון בעמ` 1964</ManufactureName>
      <ManufactureCountry />
      <ManufactureItemDescription />
      <UnitQty>'יח</UnitQty>
      <Quantity>1</Quantity>
      <UnitMeasure />
      <BisWeighted>0</BisWeighted>
      <QtyInPackage>1</QtyInPackage>
      <ItemPrice>9.90</ItemPrice>
      <UnitOfMeasurePrice>9.90</UnitOfMeasurePrice>
      <AllowDiscount>0</AllowDiscount>
      <itemStatus>1</itemStatus>
      <LastUpdateDate />
      <LastUpdateTime />
    </Product>
    <Product>
      <PriceUpdateDate>2022/07/17 20:59</PriceUpdateDate>
      <ItemCode>375</ItemCode>
      <ItemType>0</ItemType>
      <ItemName>שום יבש</ItemName>
      <ManufactureName>ביכורי השדה הצפון בעמ` 1964</ManufactureName>
      <ManufactureCountry />
      <ManufactureItemDescription />
      <UnitQty>'יח</UnitQty>
      <Quantity>1</Quantity>
      <UnitMeasure />
      <BisWeighted>0</BisWeighted>
      <QtyInPackage>1</QtyInPackage>
      <ItemPrice>5.90</ItemPrice>
      <UnitOfMeasurePrice>5.90</UnitOfMeasurePrice>
      <AllowDiscount>0</AllowDiscount>
      <itemStatus>1</itemStatus>
      <LastUpdateDate />
      <LastUpdateTime />
    </Product>
    <Product>
      <PriceUpdateDate>2022/08/10 20:24</PriceUpdateDate>
      <ItemCode>380</ItemCode>
      <ItemType>0</ItemType>
      <ItemName>שומר</ItemName>
      <ManufactureName>ביכורי השדה הצפון בעמ` 1964</ManufactureName>
      <ManufactureCountry />
      <ManufactureItemDescription />
      <UnitQty>ק"ג</UnitQty>
      <Quantity>1</Quantity>
      <UnitMeasure />
      <BisWeighted>1</BisWeighted>
      <QtyInPackage>1</QtyInPackage>
      <ItemPrice>9.90</ItemPrice>
      <UnitOfMeasurePrice>9.90</UnitOfMeasurePrice>
      <AllowDiscount>0</AllowDiscount>
      <itemStatus>1</itemStatus>
      <LastUpdateDate />
      <LastUpdateTime />
    </Product>
    <Product>
      <PriceUpdateDate>2022/10/31 14:55</PriceUpdateDate>
      <ItemCode>396</ItemCode>
      <ItemType>0</ItemType>
      <ItemName>אוכמניות</ItemName>
      <ManufactureName>ביכורי השדה הצפון בעמ` 1964</ManufactureName>
      <ManufactureCountry />
      <ManufactureItemDescription />
      <UnitQty>ק"ג</UnitQty>
      <Quantity>1</Quantity>
      <UnitMeasure />
      <BisWeighted>0</BisWeighted>
      <QtyInPackage>1</QtyInPackage>
      <ItemPrice>13.90</ItemPrice>
      <UnitOfMeasurePrice>13.90</UnitOfMeasurePrice>
      <AllowDiscount>1</AllowDiscount>
      <itemStatus>1</itemStatus>
      <LastUpdateDate />
      <LastUpdateTime />
    </Product>
    <Product>
      <PriceUpdateDate>2022/06/20 21:03</PriceUpdateDate>
      <ItemCode>415</ItemCode>
      <ItemType>0</ItemType>
      <ItemName>שזיף אדום</ItemName>
      <ManufactureName>ביכורי השדה הצפון בעמ` 1964</ManufactureName>
      <ManufactureCountry />
      <ManufactureItemDescription />
      <UnitQty>ק"ג</UnitQty>
      <Quantity>1</Quantity>
      <UnitMeasure />
      <BisWeighted>1</BisWeighted>
      <QtyInPackage>1</QtyInPackage>
      <ItemPrice>19.90</ItemPrice>
      <UnitOfMeasurePrice>19.90</UnitOfMeasurePrice>
      <AllowDiscount>0</AllowDiscount>
      <itemStatus>1</itemStatus>
      <LastUpdateDate />
      <LastUpdateTime />
    </Product>
    <Product>
      <PriceUpdateDate>2019/01/16 14:36</PriceUpdateDate>
      <ItemCode>416</ItemCode>
      <ItemType>0</ItemType>
      <ItemName>ארגז</ItemName>
      <ManufactureName>החברה המרכזית להפצת משקאות בע`</ManufactureName>
      <ManufactureCountry />
      <ManufactureItemDescription />
      <UnitQty>'יח</UnitQty>
      <Quantity>1</Quantity>
      <UnitMeasure />
      <BisWeighted>0</BisWeighted>
      <QtyInPackage>1</QtyInPackage>
      <ItemPrice>19.90</ItemPrice>
      <UnitOfMeasurePrice>19.90</UnitOfMeasurePrice>
      <AllowDiscount>0</AllowDiscount>
      <itemStatus>1</itemStatus>
      <LastUpdateDate />
      <LastUpdateTime />
    </Product>
    <Product>
      <PriceUpdateDate>2021/09/09 09:22</PriceUpdateDate>
      <ItemCode>430</ItemCode>
      <ItemType>0</ItemType>
      <ItemName>עגבניה שרי תפזורת מנומר</ItemName>
      <ManufactureName>ביכורי השדה הצפון בעמ` 1964</ManufactureName>
      <ManufactureCountry />
      <ManufactureItemDescription />
      <UnitQty>ק"ג</UnitQty>
      <Quantity>1</Quantity>
      <UnitMeasure />
      <BisWeighted>1</BisWeighted>
      <QtyInPackage>1</QtyInPackage>
      <ItemPrice>19.90</ItemPrice>
      <UnitOfMeasurePrice>19.90</UnitOfMeasurePrice>
      <AllowDiscount>0</AllowDiscount>
      <itemStatus>1</itemStatus>
      <LastUpdateDate />
      <LastUpdateTime />
    </Product>
    <Product>
      <PriceUpdateDate>2022/01/16 16:30</PriceUpdateDate>
      <ItemCode>431</ItemCode>
      <ItemType>0</ItemType>
      <ItemName>עגבניות שרי תמר תפזורת</ItemName>
      <ManufactureName>ביכורי השדה הצפון בעמ` 1964</ManufactureName>
      <ManufactureCountry />
      <ManufactureItemDescription />
      <UnitQty>ק"ג</UnitQty>
      <Quantity>1</Quantity>
      <UnitMeasure />
      <BisWeighted>1</BisWeighted>
      <QtyInPackage>1</QtyInPackage>
      <ItemPrice>19.90</ItemPrice>
      <UnitOfMeasurePrice>19.90</UnitOfMeasurePrice>
      <AllowDiscount>0</AllowDiscount>
      <itemStatus>1</itemStatus>
      <LastUpdateDate />
      <LastUpdateTime />
    </Product>
    <Product>
      <PriceUpdateDate>2019/01/16 14:36</PriceUpdateDate>
      <ItemCode>435</ItemCode>
      <ItemType>0</ItemType>
      <ItemName>סלרי עלים</ItemName>
      <ManufactureName>ביכורי השדה הצפון בעמ` 1964</ManufactureName>
      <ManufactureCountry />
      <ManufactureItemDescription />
      <UnitQty>'יח</UnitQty>
      <Quantity>1</Quantity>
      <UnitMeasure />
      <BisWeighted>0</BisWeighted>
      <QtyInPackage>1</QtyInPackage>
      <ItemPrice>4.90</ItemPrice>
      <UnitOfMeasurePrice>4.90</UnitOfMeasurePrice>
      <AllowDiscount>0</AllowDiscount>
      <itemStatus>1</itemStatus>
      <LastUpdateDate />
      <LastUpdateTime />
    </Product>
    <Product>
      <PriceUpdateDate>2022/01/26 12:18</PriceUpdateDate>
      <ItemCode>443</ItemCode>
      <ItemType>0</ItemType>
      <ItemName>תפוח עץ גלה</ItemName>
      <ManufactureName>ביכורי השדה הצפון בעמ` 1964</ManufactureName>
      <ManufactureCountry />
      <ManufactureItemDescription />
      <UnitQty>ק"ג</UnitQty>
      <Quantity>1</Quantity>
      <UnitMeasure />
      <BisWeighted>1</BisWeighted>
      <QtyInPackage>1</QtyInPackage>
      <ItemPrice>10.90</ItemPrice>
      <UnitOfMeasurePrice>10.90</UnitOfMeasurePrice>
      <AllowDiscount>0</AllowDiscount>
      <itemStatus>1</itemStatus>
      <LastUpdateDate />
      <LastUpdateTime />
    </Product>
    <Product>
      <PriceUpdateDate>2021/11/04 10:29</PriceUpdateDate>
      <ItemCode>450</ItemCode>
      <ItemType>0</ItemType>
      <ItemName>תפוזים</ItemName>
      <ManufactureName>ביכורי השדה הצפון בעמ` 1964</ManufactureName>
      <ManufactureCountry />
      <ManufactureItemDescription />
      <UnitQty>ק"ג</UnitQty>
      <Quantity>1</Quantity>
      <UnitMeasure />
      <BisWeighted>1</BisWeighted>
      <QtyInPackage>1</QtyInPackage>
      <ItemPrice>6.90</ItemPrice>
      <UnitOfMeasurePrice>6.90</UnitOfMeasurePrice>
      <AllowDiscount>0</AllowDiscount>
      <itemStatus>1</itemStatus>
      <LastUpdateDate />
      <LastUpdateTime />
    </Product>
    <Product>
      <PriceUpdateDate>2022/03/14 10:40</PriceUpdateDate>
      <ItemCode>451</ItemCode>
      <ItemType>0</ItemType>
      <ItemName>ת. עץ פינק קריספי</ItemName>
      <ManufactureName>ביכורי השדה הצפון בעמ` 1964</ManufactureName>
      <ManufactureCountry />
      <ManufactureItemDescription />
      <UnitQty>ק"ג</UnitQty>
      <Quantity>1</Quantity>
      <UnitMeasure />
      <BisWeighted>1</BisWeighted>
      <QtyInPackage>1</QtyInPackage>
      <ItemPrice>16.90</ItemPrice>
      <UnitOfMeasurePrice>16.90</UnitOfMeasurePrice>
      <AllowDiscount>0</AllowDiscount>
      <itemStatus>1</itemStatus>
      <LastUpdateDate />
      <LastUpdateTime />
    </Product>
    <Product>
      <PriceUpdateDate>2021/03/30 06:35</PriceUpdateDate>
      <ItemCode>466</ItemCode>
      <ItemType>0</ItemType>
      <ItemName>בצל ירוק</ItemName>
      <ManufactureName>ביכורי השדה הצפון בעמ` 1964</ManufactureName>
      <ManufactureCountry />
      <ManufactureItemDescription />
      <UnitQty>'יח</UnitQty>
      <Quantity>1</Quantity>
      <UnitMeasure />
      <BisWeighted>0</BisWeighted>
      <QtyInPackage>1</QtyInPackage>
      <ItemPrice>5.90</ItemPrice>
      <UnitOfMeasurePrice>5.90</UnitOfMeasurePrice>
      <AllowDiscount>0</AllowDiscount>
      <itemStatus>1</itemStatus>
      <LastUpdateDate />
      <LastUpdateTime />
    </Product>
    <Product>
      <PriceUpdateDate>2021/05/23 13:18</PriceUpdateDate>
      <ItemCode>471</ItemCode>
      <ItemType>0</ItemType>
      <ItemName>תפוח אדמה אדום ארוז</ItemName>
      <ManufactureName>ביכורי השדה הצפון בעמ` 1964</ManufactureName>
      <ManufactureCountry />
      <ManufactureItemDescription />
      <UnitQty>ק"ג</UnitQty>
      <Quantity>1</Quantity>
      <UnitMeasure />
      <BisWeighted>1</BisWeighted>
      <QtyInPackage>1</QtyInPackage>
      <ItemPrice>5.90</ItemPrice>
      <UnitOfMeasurePrice>5.90</UnitOfMeasurePrice>
      <AllowDiscount>0</AllowDiscount>
      <itemStatus>1</itemStatus>
      <LastUpdateDate />
      <LastUpdateTime />
    </Product>
    <Product>
      <PriceUpdateDate>2022/05/24 07:30</PriceUpdateDate>
      <ItemCode>472</ItemCode>
      <ItemType>0</ItemType>
      <ItemName>תפוח אדמה לבן</ItemName>
      <ManufactureName>ביכורי השדה הצפון בעמ` 1964</ManufactureName>
      <ManufactureCountry />
      <ManufactureItemDescription />
      <UnitQty>ק"ג</UnitQty>
      <Quantity>1</Quantity>
      <UnitMeasure />
      <BisWeighted>1</BisWeighted>
      <QtyInPackage>1</QtyInPackage>
      <ItemPrice>3.90</ItemPrice>
      <UnitOfMeasurePrice>3.90</UnitOfMeasurePrice>
      <AllowDiscount>0</AllowDiscount>
      <itemStatus>1</itemStatus>
      <LastUpdateDate />
      <LastUpdateTime />
    </Product>
    <Product>
      <PriceUpdateDate>2021/08/09 16:47</PriceUpdateDate>
      <ItemCode>490</ItemCode>
      <ItemType>0</ItemType>
      <ItemName>ת.עץ סמיט</ItemName>
      <ManufactureName>ביכורי השדה הצפון בעמ` 1964</ManufactureName>
      <ManufactureCountry />
      <ManufactureItemDescription />
      <UnitQty>ק"ג</UnitQty>
      <Quantity>1</Quantity>
      <UnitMeasure />
      <BisWeighted>1</BisWeighted>
      <QtyInPackage>1</QtyInPackage>
      <ItemPrice>10.90</ItemPrice>
      <UnitOfMeasurePrice>10.90</UnitOfMeasurePrice>
      <AllowDiscount>0</AllowDiscount>
      <itemStatus>1</itemStatus>
      <LastUpdateDate />
      <LastUpdateTime />
    </Product>
    <Product>
      <PriceUpdateDate>2020/03/19 12:46</PriceUpdateDate>
      <ItemCode>491</ItemCode>
      <ItemType>0</ItemType>
      <ItemName>ת.עץ זהוב</ItemName>
      <ManufactureName>ביכורי השדה הצפון בעמ` 1964</ManufactureName>
      <ManufactureCountry />
      <ManufactureItemDescription />
      <UnitQty>ק"ג</UnitQty>
      <Quantity>1</Quantity>
      <UnitMeasure />
      <BisWeighted>1</BisWeighted>
      <QtyInPackage>1</QtyInPackage>
      <ItemPrice>9.90</ItemPrice>
      <UnitOfMeasurePrice>9.90</UnitOfMeasurePrice>
      <AllowDiscount>0</AllowDiscount>
      <itemStatus>1</itemStatus>
      <LastUpdateDate />
      <LastUpdateTime />
    </Product>
    <Product>
      <PriceUpdateDate>2021/10/04 13:20</PriceUpdateDate>
      <ItemCode>492</ItemCode>
      <ItemType>0</ItemType>
      <ItemName>ת.עץ חרמון</ItemName>
      <ManufactureName>ביכורי השדה הצפון בעמ` 1964</ManufactureName>
      <ManufactureCountry />
      <ManufactureItemDescription />
      <UnitQty>ק"ג</UnitQty>
      <Quantity>1</Quantity>
      <UnitMeasure />
      <BisWeighted>1</BisWeighted>
      <QtyInPackage>1</QtyInPackage>
      <ItemPrice>10.90</ItemPrice>
      <UnitOfMeasurePrice>10.90</UnitOfMeasurePrice>
      <AllowDiscount>0</AllowDiscount>
      <itemStatus>1</itemStatus>
      <LastUpdateDate />
      <LastUpdateTime />
    </Product>
    <Product>
      <PriceUpdateDate>2019/06/05 16:06</PriceUpdateDate>
      <ItemCode>555</ItemCode>
      <ItemType>0</ItemType>
      <ItemName>פיקדון רביעייה</ItemName>
      <ManufactureName>ברקת</ManufactureName>
      <ManufactureCountry />
      <ManufactureItemDescription />
      <UnitQty>'יח</UnitQty>
      <Quantity>1</Quantity>
      <UnitMeasure />
      <BisWeighted>0</BisWeighted>
      <QtyInPackage>1</QtyInPackage>
      <ItemPrice>1.20</ItemPrice>
      <UnitOfMeasurePrice>1.20</UnitOfMeasurePrice>
      <AllowDiscount>0</AllowDiscount>
      <itemStatus>1</itemStatus>
      <LastUpdateDate />
      <LastUpdateTime />
    </Product>
    <Product>
      <PriceUpdateDate>2019/01/16 14:36</PriceUpdateDate>
      <ItemCode>580</ItemCode>
      <ItemType>0</ItemType>
      <ItemName>חלה רגילה</ItemName>
      <ManufactureName>מאפיית י.את א. ברמן בעמ</ManufactureName>
      <ManufactureCountry />
      <ManufactureItemDescription />
      <UnitQty>'יח</UnitQty>
      <Quantity>5</Quantity>
      <UnitMeasure>ל-100 גרם</UnitMeasure>
      <BisWeighted>0</BisWeighted>
      <QtyInPackage>1</QtyInPackage>
      <ItemPrice>4.90</ItemPrice>
      <UnitOfMeasurePrice>0.98</UnitOfMeasurePrice>
      <AllowDiscount>0</AllowDiscount>
      <itemStatus>1</itemStatus>
      <LastUpdateDate />
      <LastUpdateTime />
    </Product>
    <Product>
      <PriceUpdateDate>2022/08/04 07:36</PriceUpdateDate>
      <ItemCode>588</ItemCode>
      <ItemType>0</ItemType>
      <ItemName>חלה מתוקה</ItemName>
      <ManufactureName>אסול אוכל איכותי בעמ</ManufactureName>
      <ManufactureCountry />
      <ManufactureItemDescription />
      <UnitQty>'יח</UnitQty>
      <Quantity>5</Quantity>
      <UnitMeasure>ל-100 גרם</UnitMeasure>
      <BisWeighted>0</BisWeighted>
      <QtyInPackage>1</QtyInPackage>
      <ItemPrice>14.40</ItemPrice>
      <UnitOfMeasurePrice>2.88</UnitOfMeasurePrice>
      <AllowDiscount>0</AllowDiscount>
      <itemStatus>1</itemStatus>
      <LastUpdateDate />
      <LastUpdateTime />
    </Product>
    <Product>
      <PriceUpdateDate>2020/10/26 07:36</PriceUpdateDate>
      <ItemCode>666</ItemCode>
      <ItemType>0</ItemType>
      <ItemName>פקדון 12 יח`</ItemName>
      <ManufactureName>ארגמן מיחזור בקבוקים בעמ`</ManufactureName>
      <ManufactureCountry />
      <ManufactureItemDescription />
      <UnitQty>'יח</UnitQty>
      <Quantity>1</Quantity>
      <UnitMeasure />
      <BisWeighted>0</BisWeighted>
      <QtyInPackage>1</QtyInPackage>
      <ItemPrice>3.60</ItemPrice>
      <UnitOfMeasurePrice>3.60</UnitOfMeasurePrice>
      <AllowDiscount>0</AllowDiscount>
      <itemStatus>1</itemStatus>
      <LastUpdateDate />
      <LastUpdateTime />
    </Product>
    <Product>
      <PriceUpdateDate>2019/07/03 08:47</PriceUpdateDate>
      <ItemCode>777</ItemCode>
      <ItemType>0</ItemType>
      <ItemName>זיכוי אריזה</ItemName>
      <ManufactureName>ברקת</ManufactureName>
      <ManufactureCountry />
      <ManufactureItemDescription />
      <UnitQty>'יח</UnitQty>
      <Quantity>1</Quantity>
      <UnitMeasure />
      <BisWeighted>1</BisWeighted>
      <QtyInPackage>1</QtyInPackage>
      <ItemPrice>0.01</ItemPrice>
      <UnitOfMeasurePrice>0.01</UnitOfMeasurePrice>
      <AllowDiscount>0</AllowDiscount>
      <itemStatus>1</itemStatus>
      <LastUpdateDate />
      <LastUpdateTime />
    </Product>
    <Product>
      <PriceUpdateDate>2022/03/22 14:04</PriceUpdateDate>
      <ItemCode>888</ItemCode>
      <ItemType>0</ItemType>
      <ItemName>פיקדון 30  אג` 12 יח`</ItemName>
      <ManufactureName>ברקת</ManufactureName>
      <ManufactureCountry />
      <ManufactureItemDescription />
      <UnitQty>'יח</UnitQty>
      <Quantity>1</Quantity>
      <UnitMeasure />
      <BisWeighted>0</BisWeighted>
      <QtyInPackage>1</QtyInPackage>
      <ItemPrice>3.60</ItemPrice>
      <UnitOfMeasurePrice>3.60</UnitOfMeasurePrice>
      <AllowDiscount>0</AllowDiscount>
      <itemStatus>1</itemStatus>
      <LastUpdateDate />
      <LastUpdateTime />
    </Product>
    <Product>
      <PriceUpdateDate>2022/01/05 14:44</PriceUpdateDate>
      <ItemCode>1010</ItemCode>
      <ItemType>0</ItemType>
      <ItemName>פיקדון 30  אג`זיכוי לקוח</ItemName>
      <ManufactureName>ברקת</ManufactureName>
      <ManufactureCountry />
      <ManufactureItemDescription />
      <UnitQty>'יח</UnitQty>
      <Quantity>1</Quantity>
      <UnitMeasure />
      <BisWeighted>0</BisWeighted>
      <QtyInPackage>1</QtyInPackage>
      <ItemPrice>0.30</ItemPrice>
      <UnitOfMeasurePrice>0.30</UnitOfMeasurePrice>
      <AllowDiscount>0</AllowDiscount>
      <itemStatus>1</itemStatus>
      <LastUpdateDate />
      <LastUpdateTime />
    </Product>
    <Product>
      <PriceUpdateDate>2022/01/05 14:44</PriceUpdateDate>
      <ItemCode>1020</ItemCode>
      <ItemType>0</ItemType>
      <ItemName>פיקדון 1.2 זיכוי לקוח</ItemName>
      <ManufactureName>ברקת</ManufactureName>
      <ManufactureCountry />
      <ManufactureItemDescription />
      <UnitQty>'יח</UnitQty>
      <Quantity>1</Quantity>
      <UnitMeasure />
      <BisWeighted>0</BisWeighted>
      <QtyInPackage>1</QtyInPackage>
      <ItemPrice>1.20</ItemPrice>
      <UnitOfMeasurePrice>1.20</UnitOfMeasurePrice>
      <AllowDiscount>0</AllowDiscount>
      <itemStatus>1</itemStatus>
      <LastUpdateDate />
      <LastUpdateTime />
    </Product>
    <Product>
      <PriceUpdateDate>2020/09/30 10:13</PriceUpdateDate>
      <ItemCode>1104</ItemCode>
      <ItemType>0</ItemType>
      <ItemName>פטריות חורש</ItemName>
      <ManufactureName>ביכורי השדה הצפון בעמ` 1964</ManufactureName>
      <ManufactureCountry />
      <ManufactureItemDescription />
      <UnitQty>'יח</UnitQty>
      <Quantity>1</Quantity>
      <UnitMeasure />
      <BisWeighted>0</BisWeighted>
      <QtyInPackage>1</QtyInPackage>
      <ItemPrice>8.90</ItemPrice>
      <UnitOfMeasurePrice>8.90</UnitOfMeasurePrice>
      <AllowDiscount>0</AllowDiscount>
      <itemStatus>1</itemStatus>
      <LastUpdateDate />
      <LastUpdateTime />
    </Product>
    <Product>
      <PriceUpdateDate>2019/05/26 21:24</PriceUpdateDate>
      <ItemCode>3343</ItemCode>
      <ItemType>0</ItemType>
      <ItemName>משלוח</ItemName>
      <ManufactureName>ברקת</ManufactureName>
      <ManufactureCountry />
      <ManufactureItemDescription />
      <UnitQty>'יח</UnitQty>
      <Quantity>1</Quantity>
      <UnitMeasure />
      <BisWeighted>0</BisWeighted>
      <QtyInPackage>1</QtyInPackage>
      <ItemPrice>30</ItemPrice>
      <UnitOfMeasurePrice>30</UnitOfMeasurePrice>
      <AllowDiscount>1</AllowDiscount>
      <itemStatus>1</itemStatus>
      <LastUpdateDate />
      <LastUpdateTime />
    </Product>
    <Product>
      <PriceUpdateDate>2022/09/05 13:53</PriceUpdateDate>
      <ItemCode>4545</ItemCode>
      <ItemType>0</ItemType>
      <ItemName>מגבת גוף</ItemName>
      <ManufactureName>הום פרפקט ק.ד.מ בעמ</ManufactureName>
      <ManufactureCountry />
      <ManufactureItemDescription />
      <UnitQty>'יח</UnitQty>
      <Quantity>1</Quantity>
      <UnitMeasure />
      <BisWeighted>0</BisWeighted>
      <QtyInPackage>1</QtyInPackage>
      <ItemPrice>29</ItemPrice>
      <UnitOfMeasurePrice>29</UnitOfMeasurePrice>
      <AllowDiscount>1</AllowDiscount>
      <itemStatus>1</itemStatus>
      <LastUpdateDate />
      <LastUpdateTime />
    </Product>
    <Product>
      <PriceUpdateDate>2022/08/04 07:36</PriceUpdateDate>
      <ItemCode>6767</ItemCode>
      <ItemType>0</ItemType>
      <ItemName>חלות מאפית ברקת</ItemName>
      <ManufactureName>אסול אוכל איכותי בעמ</ManufactureName>
      <ManufactureCountry />
      <ManufactureItemDescription />
      <UnitQty>'יח</UnitQty>
      <Quantity>1</Quantity>
      <UnitMeasure />
      <BisWeighted>0</BisWeighted>
      <QtyInPackage>1</QtyInPackage>
      <ItemPrice>11.10</ItemPrice>
      <UnitOfMeasurePrice>11.10</UnitOfMeasurePrice>
      <AllowDiscount>1</AllowDiscount>
      <itemStatus>1</itemStatus>
      <LastUpdateDate />
      <LastUpdateTime />
    </Product>
    <Product>
      <PriceUpdateDate>2019/01/16 14:36</PriceUpdateDate>
      <ItemCode>7958</ItemCode>
      <ItemType>0</ItemType>
      <ItemName> בולגרית%5 מעודנת</ItemName>
      <ManufactureName>החברה המרכזית להפצה</ManufactureName>
      <ManufactureCountry />
      <ManufactureItemDescription />
      <UnitQty>ק"ג</UnitQty>
      <Quantity>1</Quantity>
      <UnitMeasure />
      <BisWeighted>1</BisWeighted>
      <QtyInPackage>1</QtyInPackage>
      <ItemPrice>59.90</ItemPrice>
      <UnitOfMeasurePrice>59.90</UnitOfMeasurePrice>
      <AllowDiscount>0</AllowDiscount>
      <itemStatus>1</itemStatus>
      <LastUpdateDate />
      <LastUpdateTime />
    </Product>
    <Product>
      <PriceUpdateDate>2022/08/04 07:36</PriceUpdateDate>
      <ItemCode>7993</ItemCode>
      <ItemType>0</ItemType>
      <ItemName>מארז 5 לחמניות</ItemName>
      <ManufactureName>אסול אוכל איכותי בעמ</ManufactureName>
      <ManufactureCountry />
      <ManufactureItemDescription />
      <UnitQty>'יח</UnitQty>
      <Quantity>1</Quantity>
      <UnitMeasure />
      <BisWeighted>0</BisWeighted>
      <QtyInPackage>1</QtyInPackage>
      <ItemPrice>14.40</ItemPrice>
      <UnitOfMeasurePrice>14.40</UnitOfMeasurePrice>
      <AllowDiscount>0</AllowDiscount>
      <itemStatus>1</itemStatus>
      <LastUpdateDate />
      <LastUpdateTime />
    </Product>
    <Product>
      <PriceUpdateDate>2021/11/25 13:09</PriceUpdateDate>
      <ItemCode>8888</ItemCode>
      <ItemType>0</ItemType>
      <ItemName>זיכוי אריזה דגים</ItemName>
      <ManufactureName>ב.ס דוקטור דג בעמ</ManufactureName>
      <ManufactureCountry />
      <ManufactureItemDescription />
      <UnitQty>'יח</UnitQty>
      <Quantity>1</Quantity>
      <UnitMeasure />
      <BisWeighted>1</BisWeighted>
      <QtyInPackage>1</QtyInPackage>
      <ItemPrice>0.01</ItemPrice>
      <UnitOfMeasurePrice>0.01</UnitOfMeasurePrice>
      <AllowDiscount>0</AllowDiscount>
      <itemStatus>1</itemStatus>
      <LastUpdateDate />
      <LastUpdateTime />
    </Product>
    <Product>
      <PriceUpdateDate>2022/08/04 07:36</PriceUpdateDate>
      <ItemCode>10013</ItemCode>
      <ItemType>0</ItemType>
      <ItemName>בגט לבן ארוך</ItemName>
      <ManufactureName>אסול אוכל איכותי בעמ</ManufactureName>
      <ManufactureCountry />
      <ManufactureItemDescription />
      <UnitQty>'יח</UnitQty>
      <Quantity>1</Quantity>
      <UnitMeasure />
      <BisWeighted>0</BisWeighted>
      <QtyInPackage>1</QtyInPackage>
      <ItemPrice>6.20</ItemPrice>
      <UnitOfMeasurePrice>6.20</UnitOfMeasurePrice>
      <AllowDiscount>1</AllowDiscount>
      <itemStatus>1</itemStatus>
      <LastUpdateDate />
      <LastUpdateTime />
    </Product>
    <Product>
      <PriceUpdateDate>2022/10/27 19:12</PriceUpdateDate>
      <ItemCode>11229</ItemCode>
      <ItemType>0</ItemType>
      <ItemName>בולגרית מעודנת 5% ו %16המושבה</ItemName>
      <ManufactureName>מחלבת המושבה בעמ`</ManufactureName>
      <ManufactureCountry />
      <ManufactureItemDescription />
      <UnitQty>ק"ג</UnitQty>
      <Quantity>10</Quantity>
      <UnitMeasure>ל-100 גרם</UnitMeasure>
      <BisWeighted>1</BisWeighted>
      <QtyInPackage>1</QtyInPackage>
      <ItemPrice>50</ItemPrice>
      <UnitOfMeasurePrice>5</UnitOfMeasurePrice>
      <AllowDiscount>0</AllowDiscount>
      <itemStatus>1</itemStatus>
      <LastUpdateDate />
      <LastUpdateTime />
    </Product>
    <Product>
      <PriceUpdateDate>2022/10/27 19:12</PriceUpdateDate>
      <ItemCode>7290002511243</ItemCode>
      <ItemType>1</ItemType>
      <ItemName>גבינה בולגרית 16% 5% המושבה</ItemName>
      <ManufactureName>מחלבת המושבה בעמ`</ManufactureName>
      <ManufactureCountry />
      <ManufactureItemDescription />
      <UnitQty>ק"ג</UnitQty>
      <Quantity>1</Quantity>
      <UnitMeasure />
      <BisWeighted>1</BisWeighted>
      <QtyInPackage>1</QtyInPackage>
      <ItemPrice>50</ItemPrice>
      <UnitOfMeasurePrice>50</UnitOfMeasurePrice>
      <AllowDiscount>0</AllowDiscount>
      <itemStatus>1</itemStatus>
      <LastUpdateDate />
      <LastUpdateTime />
    </Product>
    <Product>
      <PriceUpdateDate>2022/10/27 19:12</PriceUpdateDate>
      <ItemCode>11281</ItemCode>
      <ItemType>0</ItemType>
      <ItemName>גבינה ברינזה צאן המושבה</ItemName>
      <ManufactureName>מחלבת המושבה בעמ`</ManufactureName>
      <ManufactureCountry />
      <ManufactureItemDescription />
      <UnitQty>ק"ג</UnitQty>
      <Quantity>1</Quantity>
      <UnitMeasure />
      <BisWeighted>1</BisWeighted>
      <QtyInPackage>1</QtyInPackage>
      <ItemPrice>85</ItemPrice>
      <UnitOfMeasurePrice>85</UnitOfMeasurePrice>
      <AllowDiscount>0</AllowDiscount>
      <itemStatus>1</itemStatus>
      <LastUpdateDate />
      <LastUpdateTime />
    </Product>
    <Product>
      <PriceUpdateDate>2022/10/27 19:12</PriceUpdateDate>
      <ItemCode>11311</ItemCode>
      <ItemType>0</ItemType>
      <ItemName>גבינה פיקרנו כבשים המושבה</ItemName>
      <ManufactureName>מחלבת המושבה בעמ`</ManufactureName>
      <ManufactureCountry />
      <ManufactureItemDescription />
      <UnitQty>ק"ג</UnitQty>
      <Quantity>1</Quantity>
      <UnitMeasure />
      <BisWeighted>1</BisWeighted>
      <QtyInPackage>1</QtyInPackage>
      <ItemPrice>150</ItemPrice>
      <UnitOfMeasurePrice>150</UnitOfMeasurePrice>
      <AllowDiscount>0</AllowDiscount>
      <itemStatus>1</itemStatus>
      <LastUpdateDate />
      <LastUpdateTime />
    </Product>
    <Product>
      <PriceUpdateDate>2022/10/27 19:12</PriceUpdateDate>
      <ItemCode>11335</ItemCode>
      <ItemType>0</ItemType>
      <ItemName>גבינה תום כבשים המושבה</ItemName>
      <ManufactureName>מחלבת המושבה בעמ`</ManufactureName>
      <ManufactureCountry />
      <ManufactureItemDescription />
      <UnitQty>ק"ג</UnitQty>
      <Quantity>2</Quantity>
      <UnitMeasure>ל-100 גרם</UnitMeasure>
      <BisWeighted>1</BisWeighted>
      <QtyInPackage>1</QtyInPackage>
      <ItemPrice>150</ItemPrice>
      <UnitOfMeasurePrice>75</UnitOfMeasurePrice>
      <AllowDiscount>0</AllowDiscount>
      <itemStatus>1</itemStatus>
      <LastUpdateDate />
      <LastUpdateTime />
    </Product>
    <Product>
      <PriceUpdateDate>2022/10/27 19:12</PriceUpdateDate>
      <ItemCode>11359</ItemCode>
      <ItemType>0</ItemType>
      <ItemName>גאודה עיזים המושבה</ItemName>
      <ManufactureName>מחלבת המושבה בעמ`</ManufactureName>
      <ManufactureCountry />
      <ManufactureItemDescription />
      <UnitQty>ק"ג</UnitQty>
      <Quantity>1</Quantity>
      <UnitMeasure />
      <BisWeighted>1</BisWeighted>
      <QtyInPackage>1</QtyInPackage>
      <ItemPrice>160</ItemPrice>
      <UnitOfMeasurePrice>160</UnitOfMeasurePrice>
      <AllowDiscount>0</AllowDiscount>
      <itemStatus>1</itemStatus>
      <LastUpdateDate />
      <LastUpdateTime />
    </Product>
    <Product>
      <PriceUpdateDate>2022/10/27 19:12</PriceUpdateDate>
      <ItemCode>11427</ItemCode>
      <ItemType>0</ItemType>
      <ItemName>אצבעות שוקולד בטעמים המושבה</ItemName>
      <ManufactureName>מחלבת המושבה בעמ`</ManufactureName>
      <ManufactureCountry />
      <ManufactureItemDescription />
      <UnitQty>ק"ג</UnitQty>
      <Quantity>10</Quantity>
      <UnitMeasure>ל-100 גרם</UnitMeasure>
      <BisWeighted>1</BisWeighted>
      <QtyInPackage>1</QtyInPackage>
      <ItemPrice>65</ItemPrice>
      <UnitOfMeasurePrice>6.50</UnitOfMeasurePrice>
      <AllowDiscount>0</AllowDiscount>
      <itemStatus>1</itemStatus>
      <LastUpdateDate />
      <LastUpdateTime />
    </Product>
    <Product>
      <PriceUpdateDate>2022/10/27 19:12</PriceUpdateDate>
      <ItemCode>11496</ItemCode>
      <ItemType>0</ItemType>
      <ItemName>גבינה בולגרית קוביות 5% המושבה</ItemName>
      <ManufactureName>מחלבת המושבה בעמ`</ManufactureName>
      <ManufactureCountry />
      <ManufactureItemDescription />
      <UnitQty>ק"ג</UnitQty>
      <Quantity>10</Quantity>
      <UnitMeasure>ל-100 גרם</UnitMeasure>
      <BisWeighted>1</BisWeighted>
      <QtyInPackage>1</QtyInPackage>
      <ItemPrice>50</ItemPrice>
      <UnitOfMeasurePrice>5</UnitOfMeasurePrice>
      <AllowDiscount>0</AllowDiscount>
      <itemStatus>1</itemStatus>
      <LastUpdateDate />
      <LastUpdateTime />
    </Product>
    <Product>
      <PriceUpdateDate>2022/10/27 19:12</PriceUpdateDate>
      <ItemCode>11663</ItemCode>
      <ItemType>0</ItemType>
      <ItemName>גבינה צ`דר שכבות צאן המושבה</ItemName>
      <ManufactureName>מחלבת המושבה בעמ`</ManufactureName>
      <ManufactureCountry />
      <ManufactureItemDescription />
      <UnitQty>ק"ג</UnitQty>
      <Quantity>1</Quantity>
      <UnitMeasure />
      <BisWeighted>1</BisWeighted>
      <QtyInPackage>1</QtyInPackage>
      <ItemPrice>150</ItemPrice>
      <UnitOfMeasurePrice>150</UnitOfMeasurePrice>
      <AllowDiscount>0</AllowDiscount>
      <itemStatus>1</itemStatus>
      <LastUpdateDate />
      <LastUpdateTime />
    </Product>
    <Product>
      <PriceUpdateDate>2022/10/23 18:37</PriceUpdateDate>
      <ItemCode>7290000023083</ItemCode>
      <ItemType>1</ItemType>
      <ItemName>ערק אשקלון 40%</ItemName>
      <ManufactureName>טמפו משקאות בע`מ</ManufactureName>
      <ManufactureCountry />
      <ManufactureItemDescription />
      <UnitQty>'יח</UnitQty>
      <Quantity>7</Quantity>
      <UnitMeasure>ל-100 מ"ל</UnitMeasure>
      <BisWeighted>0</BisWeighted>
      <QtyInPackage>1</QtyInPackage>
      <ItemPrice>54.90</ItemPrice>
      <UnitOfMeasurePrice>7.80</UnitOfMeasurePrice>
      <AllowDiscount>1</AllowDiscount>
      <itemStatus>1</itemStatus>
      <LastUpdateDate />
      <LastUpdateTime />
    </Product>
    <Product>
      <PriceUpdateDate>2022/07/18 16:59</PriceUpdateDate>
      <ItemCode>23809</ItemCode>
      <ItemType>0</ItemType>
      <ItemName>יין קלאסיק קברנה סובניון</ItemName>
      <ManufactureName>טמפו משקאות בע`מ</ManufactureName>
      <ManufactureCountry />
      <ManufactureItemDescription />
      <UnitQty>'יח</UnitQty>
      <Quantity>7.50</Quantity>
      <UnitMeasure>ל-100 מ"ל</UnitMeasure>
      <BisWeighted>0</BisWeighted>
      <QtyInPackage>1</QtyInPackage>
      <ItemPrice>31.90</ItemPrice>
      <UnitOfMeasurePrice>4.21</UnitOfMeasurePrice>
      <AllowDiscount>1</AllowDiscount>
      <itemStatus>1</itemStatus>
      <LastUpdateDate />
      <LastUpdateTime />
    </Product>
    <Product>
      <PriceUpdateDate>2022/07/18 16:59</PriceUpdateDate>
      <ItemCode>7290000023977</ItemCode>
      <ItemType>1</ItemType>
      <ItemName>.מרלו קלאסיק</ItemName>
      <ManufactureName>טמפו משקאות בע`מ</ManufactureName>
      <ManufactureCountry />
      <ManufactureItemDescription />
      <UnitQty>'יח</UnitQty>
      <Quantity>7.50</Quantity>
      <UnitMeasure>ל-100 מ"ל</UnitMeasure>
      <BisWeighted>0</BisWeighted>
      <QtyInPackage>1</QtyInPackage>
      <ItemPrice>31.90</ItemPrice>
      <UnitOfMeasurePrice>4.21</UnitOfMeasurePrice>
      <AllowDiscount>1</AllowDiscount>
      <itemStatus>1</itemStatus>
      <LastUpdateDate />
      <LastUpdateTime />
    </Product>
    <Product>
      <PriceUpdateDate>2020/10/18 12:22</PriceUpdateDate>
      <ItemCode>7290000024219</ItemCode>
      <ItemType>1</ItemType>
      <ItemName>רזרב אמרלד ריזילינג 750 מל`</ItemName>
      <ManufactureName>טמפו משקאות בע`מ</ManufactureName>
      <ManufactureCountry />
      <ManufactureItemDescription />
      <UnitQty>'יח</UnitQty>
      <Quantity>7.50</Quantity>
      <UnitMeasure>ל-100 מ"ל</UnitMeasure>
      <BisWeighted>0</BisWeighted>
      <QtyInPackage>1</QtyInPackage>
      <ItemPrice>39.90</ItemPrice>
      <UnitOfMeasurePrice>5.28</UnitOfMeasurePrice>
      <AllowDiscount>1</AllowDiscount>
      <itemStatus>1</itemStatus>
      <LastUpdateDate />
      <LastUpdateTime />
    </Product>
    <Product>
      <PriceUpdateDate>2020/10/18 12:22</PriceUpdateDate>
      <ItemCode>7290000024240</ItemCode>
      <ItemType>1</ItemType>
      <ItemName>רזרב שרדונה 750 מל`</ItemName>
      <ManufactureName>טמפו משקאות בע`מ</ManufactureName>
      <ManufactureCountry />
      <ManufactureItemDescription />
      <UnitQty>'יח</UnitQty>
      <Quantity>7.50</Quantity>
      <UnitMeasure>ל-100 מ"ל</UnitMeasure>
      <BisWeighted>0</BisWeighted>
      <QtyInPackage>1</QtyInPackage>
      <ItemPrice>39.90</ItemPrice>
      <UnitOfMeasurePrice>5.28</UnitOfMeasurePrice>
      <AllowDiscount>1</AllowDiscount>
      <itemStatus>1</itemStatus>
      <LastUpdateDate />
      <LastUpdateTime />
    </Product>
    <Product>
      <PriceUpdateDate>2020/10/18 12:22</PriceUpdateDate>
      <ItemCode>7290000024264</ItemCode>
      <ItemType>1</ItemType>
      <ItemName>רזרב מרלו 750 מל`</ItemName>
      <ManufactureName>טמפו משקאות בע`מ</ManufactureName>
      <ManufactureCountry />
      <ManufactureItemDescription />
      <UnitQty>'יח</UnitQty>
      <Quantity>7.50</Quantity>
      <UnitMeasure>ל-100 מ"ל</UnitMeasure>
      <BisWeighted>0</BisWeighted>
      <QtyInPackage>1</QtyInPackage>
      <ItemPrice>39.90</ItemPrice>
      <UnitOfMeasurePrice>5.28</UnitOfMeasurePrice>
      <AllowDiscount>1</AllowDiscount>
      <itemStatus>1</itemStatus>
      <LastUpdateDate />
      <LastUpdateTime />
    </Product>
    <Product>
      <PriceUpdateDate>2022/07/07 19:37</PriceUpdateDate>
      <ItemCode>24523</ItemCode>
      <ItemType>0</ItemType>
      <ItemName>מיץ ענבים תירוש של סגל 1 ליטר</ItemName>
      <ManufactureName>טמפו משקאות בע`מ</ManufactureName>
      <ManufactureCountry />
      <ManufactureItemDescription />
      <UnitQty>'יח</UnitQty>
      <Quantity>10</Quantity>
      <UnitMeasure>ל-100 מ"ל</UnitMeasure>
      <BisWeighted>0</BisWeighted>
      <QtyInPackage>1</QtyInPackage>
      <ItemPrice>14.90</ItemPrice>
      <UnitOfMeasurePrice>1.46</UnitOfMeasurePrice>
      <AllowDiscount>0</AllowDiscount>
      <itemStatus>1</itemStatus>
      <LastUpdateDate />
      <LastUpdateTime />
    </Product>
    <Product>
      <PriceUpdateDate>2022/07/07 19:37</PriceUpdateDate>
      <ItemCode>24530</ItemCode>
      <ItemType>0</ItemType>
      <ItemName>יין אדום מתוק לקידוש[סגל]</ItemName>
      <ManufactureName>טמפו משקאות בע`מ</ManufactureName>
      <ManufactureCountry />
      <ManufactureItemDescription />
      <UnitQty>'יח</UnitQty>
      <Quantity>7.50</Quantity>
      <UnitMeasure>ל-100 מ"ל</UnitMeasure>
      <BisWeighted>0</BisWeighted>
      <QtyInPackage>1</QtyInPackage>
      <ItemPrice>15.90</ItemPrice>
      <UnitOfMeasurePrice>2.08</UnitOfMeasurePrice>
      <AllowDiscount>0</AllowDiscount>
      <itemStatus>1</itemStatus>
      <LastUpdateDate />
      <LastUpdateTime />
    </Product>
    <Product>
      <PriceUpdateDate>2022/03/08 10:17</PriceUpdateDate>
      <ItemCode>35485</ItemCode>
      <ItemType>0</ItemType>
      <ItemName>רבע כבש טרי</ItemName>
      <ManufactureName>באסם דבאח בעמ</ManufactureName>
      <ManufactureCountry />
      <ManufactureItemDescription />
      <UnitQty>ק"ג</UnitQty>
      <Quantity>1</Quantity>
      <UnitMeasure />
      <BisWeighted>1</BisWeighted>
      <QtyInPackage>1</QtyInPackage>
      <ItemPrice>99.90</ItemPrice>
      <UnitOfMeasurePrice>99.90</UnitOfMeasurePrice>
      <AllowDiscount>0</AllowDiscount>
      <itemStatus>1</itemStatus>
      <LastUpdateDate />
      <LastUpdateTime />
    </Product>
    <Product>
      <PriceUpdateDate>2019/01/16 14:36</PriceUpdateDate>
      <ItemCode>7290000040042</ItemCode>
      <ItemType>1</ItemType>
      <ItemName>יופלה תות 3%</ItemName>
      <ManufactureName>תנובה חלב</ManufactureName>
      <ManufactureCountry />
      <ManufactureItemDescription />
      <UnitQty>'יח</UnitQty>
      <Quantity>1.50</Quantity>
      <UnitMeasure>ל-100 מ"ל</UnitMeasure>
      <BisWeighted>0</BisWeighted>
      <QtyInPackage>1</QtyInPackage>
      <ItemPrice>5.20</ItemPrice>
      <UnitOfMeasurePrice>3.47</UnitOfMeasurePrice>
      <AllowDiscount>0</AllowDiscount>
      <itemStatus>1</itemStatus>
      <LastUpdateDate />
      <LastUpdateTime />
    </Product>
    <Product>
      <PriceUpdateDate>2019/01/16 14:36</PriceUpdateDate>
      <ItemCode>7290000040066</ItemCode>
      <ItemType>1</ItemType>
      <ItemName>יופלה דודבן 3%</ItemName>
      <ManufactureName>תנובה חלב</ManufactureName>
      <ManufactureCountry />
      <ManufactureItemDescription />
      <UnitQty>'יח</UnitQty>
      <Quantity>1.50</Quantity>
      <UnitMeasure>ל-100 מ"ל</UnitMeasure>
      <BisWeighted>0</BisWeighted>
      <QtyInPackage>1</QtyInPackage>
      <ItemPrice>5.20</ItemPrice>
      <UnitOfMeasurePrice>3.47</UnitOfMeasurePrice>
      <AllowDiscount>0</AllowDiscount>
      <itemStatus>1</itemStatus>
      <LastUpdateDate />
      <LastUpdateTime />
    </Product>
    <Product>
      <PriceUpdateDate>2019/01/16 14:36</PriceUpdateDate>
      <ItemCode>7290000040080</ItemCode>
      <ItemType>1</ItemType>
      <ItemName>יופלה אפרסק 3%</ItemName>
      <ManufactureName>תנובה חלב</ManufactureName>
      <ManufactureCountry />
      <ManufactureItemDescription />
      <UnitQty>'יח</UnitQty>
      <Quantity>1.50</Quantity>
      <UnitMeasure>ל-100 מ"ל</UnitMeasure>
      <BisWeighted>0</BisWeighted>
      <QtyInPackage>1</QtyInPackage>
      <ItemPrice>5.20</ItemPrice>
      <UnitOfMeasurePrice>3.47</UnitOfMeasurePrice>
      <AllowDiscount>0</AllowDiscount>
      <itemStatus>1</itemStatus>
      <LastUpdateDate />
      <LastUpdateTime />
    </Product>
    <Product>
      <PriceUpdateDate>2019/01/16 14:36</PriceUpdateDate>
      <ItemCode>40974</ItemCode>
      <ItemType>0</ItemType>
      <ItemName>חלב מפוסטר דל לקטוז 2%</ItemName>
      <ManufactureName>תנובה חלב</ManufactureName>
      <ManufactureCountry />
      <ManufactureItemDescription />
      <UnitQty>'יח</UnitQty>
      <Quantity>10</Quantity>
      <UnitMeasure>ל-100 מ"ל</UnitMeasure>
      <BisWeighted>0</BisWeighted>
      <QtyInPackage>1</QtyInPackage>
      <ItemPrice>6.90</ItemPrice>
      <UnitOfMeasurePrice>0.69</UnitOfMeasurePrice>
      <AllowDiscount>0</AllowDiscount>
      <itemStatus>1</itemStatus>
      <LastUpdateDate />
      <LastUpdateTime />
    </Product>
    <Product>
      <PriceUpdateDate>2019/01/16 14:36</PriceUpdateDate>
      <ItemCode>7290000041865</ItemCode>
      <ItemType>1</ItemType>
      <ItemName>אשל 4.5% מעושר</ItemName>
      <ManufactureName>שטראוס גרופ בע`מ</ManufactureName>
      <ManufactureCountry />
      <ManufactureItemDescription />
      <UnitQty>'יח</UnitQty>
      <Quantity>2</Quantity>
      <UnitMeasure>ל-100 מ"ל</UnitMeasure>
      <BisWeighted>0</BisWeighted>
      <QtyInPackage>20</QtyInPackage>
      <ItemPrice>2.20</ItemPrice>
      <UnitOfMeasurePrice>1.10</UnitOfMeasurePrice>
      <AllowDiscount>0</AllowDiscount>
      <itemStatus>1</itemStatus>
      <LastUpdateDate />
      <LastUpdateTime />
    </Product>
    <Product>
      <PriceUpdateDate>2019/01/16 14:36</PriceUpdateDate>
      <ItemCode>7290000041872</ItemCode>
      <ItemType>1</ItemType>
      <ItemName>לבן מעושר 3%</ItemName>
      <ManufactureName>שטראוס גרופ בע`מ</ManufactureName>
      <ManufactureCountry />
      <ManufactureItemDescription />
      <UnitQty>'יח</UnitQty>
      <Quantity>2</Quantity>
      <UnitMeasure>ל-100 מ"ל</UnitMeasure>
      <BisWeighted>0</BisWeighted>
      <QtyInPackage>20</QtyInPackage>
      <ItemPrice>2.20</ItemPrice>
      <UnitOfMeasurePrice>1.10</UnitOfMeasurePrice>
      <AllowDiscount>0</AllowDiscount>
      <itemStatus>1</itemStatus>
      <LastUpdateDate />
      <LastUpdateTime />
    </Product>
    <Product>
      <PriceUpdateDate>2022/09/08 16:49</PriceUpdateDate>
      <ItemCode>42015</ItemCode>
      <ItemType>0</ItemType>
      <ItemName>חלב 3% שקית מהדרין</ItemName>
      <ManufactureName>תנובה חלב</ManufactureName>
      <ManufactureCountry />
      <ManufactureItemDescription />
      <UnitQty>'יח</UnitQty>
      <Quantity>10</Quantity>
      <UnitMeasure>ל-100 מ"ל</UnitMeasure>
      <BisWeighted>0</BisWeighted>
      <QtyInPackage>1</QtyInPackage>
      <ItemPrice>5.43</ItemPrice>
      <UnitOfMeasurePrice>0.54</UnitOfMeasurePrice>
      <AllowDiscount>0</AllowDiscount>
      <itemStatus>1</itemStatus>
      <LastUpdateDate />
      <LastUpdateTime />
    </Product>
    <Product>
      <PriceUpdateDate>2022/09/08 16:49</PriceUpdateDate>
      <ItemCode>7290000042435</ItemCode>
      <ItemType>1</ItemType>
      <ItemName>חלב דל שומן+פקק 1% מהדרין</ItemName>
      <ManufactureName>תנובה חלב</ManufactureName>
      <ManufactureCountry />
      <ManufactureItemDescription />
      <UnitQty>'יח</UnitQty>
      <Quantity>10</Quantity>
      <UnitMeasure>ל-100 מ"ל</UnitMeasure>
      <BisWeighted>0</BisWeighted>
      <QtyInPackage>1</QtyInPackage>
      <ItemPrice>5.86</ItemPrice>
      <UnitOfMeasurePrice>0.59</UnitOfMeasurePrice>
      <AllowDiscount>0</AllowDiscount>
      <itemStatus>1</itemStatus>
      <LastUpdateDate />
      <LastUpdateTime />
    </Product>
    <Product>
      <PriceUpdateDate>2019/01/16 14:36</PriceUpdateDate>
      <ItemCode>7290000042640</ItemCode>
      <ItemType>1</ItemType>
      <ItemName>חלב עמיד 3%</ItemName>
      <ManufactureName>תנובה חלב</ManufactureName>
      <ManufactureCountry />
      <ManufactureItemDescription />
      <UnitQty>'יח</UnitQty>
      <Quantity>2.50</Quantity>
      <UnitMeasure>ל-100 מ"ל</UnitMeasure>
      <BisWeighted>0</BisWeighted>
      <QtyInPackage>1</QtyInPackage>
      <ItemPrice>2.90</ItemPrice>
      <UnitOfMeasurePrice>1.16</UnitOfMeasurePrice>
      <AllowDiscount>0</AllowDiscount>
      <itemStatus>1</itemStatus>
      <LastUpdateDate />
      <LastUpdateTime />
    </Product>
    <Product>
      <PriceUpdateDate>2019/10/18 09:44</PriceUpdateDate>
      <ItemCode>7290000042855</ItemCode>
      <ItemType>1</ItemType>
      <ItemName>שוקו בשקית</ItemName>
      <ManufactureName>שטראוס גרופ בע`מ</ManufactureName>
      <ManufactureCountry />
      <ManufactureItemDescription />
      <UnitQty>'יח</UnitQty>
      <Quantity>2.25</Quantity>
      <UnitMeasure>ל-100 מ"ל</UnitMeasure>
      <BisWeighted>0</BisWeighted>
      <QtyInPackage>1</QtyInPackage>
      <ItemPrice>2.50</ItemPrice>
      <UnitOfMeasurePrice>1.11</UnitOfMeasurePrice>
      <AllowDiscount>0</AllowDiscount>
      <itemStatus>1</itemStatus>
      <LastUpdateDate />
      <LastUpdateTime />
    </Product>
    <Product>
      <PriceUpdateDate>2022/03/13 06:59</PriceUpdateDate>
      <ItemCode>43111</ItemCode>
      <ItemType>0</ItemType>
      <ItemName>חמאה מפוסטרת 200 גרם</ItemName>
      <ManufactureName>תנובה חלב</ManufactureName>
      <ManufactureCountry />
      <ManufactureItemDescription />
      <UnitQty>'יח</UnitQty>
      <Quantity>2</Quantity>
      <UnitMeasure>ל-100 גרם</UnitMeasure>
      <BisWeighted>0</BisWeighted>
      <QtyInPackage>1</QtyInPackage>
      <ItemPrice>7.90</ItemPrice>
      <UnitOfMeasurePrice>3.95</UnitOfMeasurePrice>
      <AllowDiscount>0</AllowDiscount>
      <itemStatus>1</itemStatus>
      <LastUpdateDate />
      <LastUpdateTime />
    </Product>
    <Product>
      <PriceUpdateDate>2022/09/08 16:49</PriceUpdateDate>
      <ItemCode>7290000043814</ItemCode>
      <ItemType>1</ItemType>
      <ItemName>שמנת עמידה  לקצפת%38</ItemName>
      <ManufactureName>תנובה חלב</ManufactureName>
      <ManufactureCountry />
      <ManufactureItemDescription />
      <UnitQty>'יח</UnitQty>
      <Quantity>2.50</Quantity>
      <UnitMeasure>ל-100 מ"ל</UnitMeasure>
      <BisWeighted>0</BisWeighted>
      <QtyInPackage>1</QtyInPackage>
      <ItemPrice>6.47</ItemPrice>
      <UnitOfMeasurePrice>2.59</UnitOfMeasurePrice>
      <AllowDiscount>0</AllowDiscount>
      <itemStatus>1</itemStatus>
      <LastUpdateDate />
      <LastUpdateTime />
    </Product>
    <Product>
      <PriceUpdateDate>2019/10/16 13:11</PriceUpdateDate>
      <ItemCode>7290000043890</ItemCode>
      <ItemType>1</ItemType>
      <ItemName>שלי רוויון 1 ליטר</ItemName>
      <ManufactureName>תנובה חלב</ManufactureName>
      <ManufactureCountry />
      <ManufactureItemDescription />
      <UnitQty>'יח</UnitQty>
      <Quantity>10</Quantity>
      <UnitMeasure>ל-100 מ"ל</UnitMeasure>
      <BisWeighted>0</BisWeighted>
      <QtyInPackage>1</QtyInPackage>
      <ItemPrice>11.30</ItemPrice>
      <UnitOfMeasurePrice>1.13</UnitOfMeasurePrice>
      <AllowDiscount>0</AllowDiscount>
      <itemStatus>1</itemStatus>
      <LastUpdateDate />
      <LastUpdateTime />
    </Product>
    <Product>
      <PriceUpdateDate>2019/01/16 14:36</PriceUpdateDate>
      <ItemCode>7290000044712</ItemCode>
      <ItemType>1</ItemType>
      <ItemName>פרילי גדול</ItemName>
      <ManufactureName>תנובה חלב</ManufactureName>
      <ManufactureCountry />
      <ManufactureItemDescription />
      <UnitQty>'יח</UnitQty>
      <Quantity>5</Quantity>
      <UnitMeasure>ל-100 מ"ל</UnitMeasure>
      <BisWeighted>0</BisWeighted>
      <QtyInPackage>1</QtyInPackage>
      <ItemPrice>11.10</ItemPrice>
      <UnitOfMeasurePrice>2.22</UnitOfMeasurePrice>
      <AllowDiscount>0</AllowDiscount>
      <itemStatus>1</itemStatus>
      <LastUpdateDate />
      <LastUpdateTime />
    </Product>
    <Product>
      <PriceUpdateDate>2019/01/16 14:36</PriceUpdateDate>
      <ItemCode>7290000044880</ItemCode>
      <ItemType>1</ItemType>
      <ItemName>באדי יוגורט 500  מל`3%</ItemName>
      <ManufactureName>תנובה חלב</ManufactureName>
      <ManufactureCountry />
      <ManufactureItemDescription />
      <UnitQty>'יח</UnitQty>
      <Quantity>5</Quantity>
      <UnitMeasure>ל-100 מ"ל</UnitMeasure>
      <BisWeighted>0</BisWeighted>
      <QtyInPackage>1</QtyInPackage>
      <ItemPrice>9.50</ItemPrice>
      <UnitOfMeasurePrice>1.90</UnitOfMeasurePrice>
      <AllowDiscount>0</AllowDiscount>
      <itemStatus>1</itemStatus>
      <LastUpdateDate />
      <LastUpdateTime />
    </Product>
    <Product>
      <PriceUpdateDate>2019/01/16 14:36</PriceUpdateDate>
      <ItemCode>7290000045573</ItemCode>
      <ItemType>1</ItemType>
      <ItemName>נעמה 200 גרם</ItemName>
      <ManufactureName>תנובה חלב</ManufactureName>
      <ManufactureCountry />
      <ManufactureItemDescription />
      <UnitQty>'יח</UnitQty>
      <Quantity>2</Quantity>
      <UnitMeasure>ל-100 גרם</UnitMeasure>
      <BisWeighted>0</BisWeighted>
      <QtyInPackage>1</QtyInPackage>
      <ItemPrice>14.70</ItemPrice>
      <UnitOfMeasurePrice>7.35</UnitOfMeasurePrice>
      <AllowDiscount>0</AllowDiscount>
      <itemStatus>1</itemStatus>
      <LastUpdateDate />
      <LastUpdateTime />
    </Product>
    <Product>
      <PriceUpdateDate>2019/01/16 14:36</PriceUpdateDate>
      <ItemCode>7290000045580</ItemCode>
      <ItemType>1</ItemType>
      <ItemName>חורש 240 גרם</ItemName>
      <ManufactureName>תנובה חלב</ManufactureName>
      <ManufactureCountry />
      <ManufactureItemDescription />
      <UnitQty>'יח</UnitQty>
      <Quantity>2.40</Quantity>
      <UnitMeasure>ל-100 גרם</UnitMeasure>
      <BisWeighted>0</BisWeighted>
      <QtyInPackage>1</QtyInPackage>
      <ItemPrice>17.60</ItemPrice>
      <UnitOfMeasurePrice>7.33</UnitOfMeasurePrice>
      <AllowDiscount>0</AllowDiscount>
      <itemStatus>1</itemStatus>
      <LastUpdateDate />
      <LastUpdateTime />
    </Product>
    <Product>
      <PriceUpdateDate>2019/10/16 13:11</PriceUpdateDate>
      <ItemCode>46327</ItemCode>
      <ItemType>0</ItemType>
      <ItemName>גבינה צהובה גלבוע פרוס 200 גר`</ItemName>
      <ManufactureName>תנובה חלב</ManufactureName>
      <ManufactureCountry />
      <ManufactureItemDescription />
      <UnitQty>'יח</UnitQty>
      <Quantity>2</Quantity>
      <UnitMeasure>ל-100 גרם</UnitMeasure>
      <BisWeighted>0</BisWeighted>
      <QtyInPackage>1</QtyInPackage>
      <ItemPrice>12.90</ItemPrice>
      <UnitOfMeasurePrice>6.45</UnitOfMeasurePrice>
      <AllowDiscount>0</AllowDiscount>
      <itemStatus>1</itemStatus>
      <LastUpdateDate />
      <LastUpdateTime />
    </Product>
    <Product>
      <PriceUpdateDate>2022/09/08 16:49</PriceUpdateDate>
      <ItemCode>7290000048185</ItemCode>
      <ItemType>1</ItemType>
      <ItemName>גבינה לבנה  5% 250 גר`</ItemName>
      <ManufactureName>תנובה חלב</ManufactureName>
      <ManufactureCountry />
      <ManufactureItemDescription />
      <UnitQty>'יח</UnitQty>
      <Quantity>2.50</Quantity>
      <UnitMeasure>ל-100 גרם</UnitMeasure>
      <BisWeighted>0</BisWeighted>
      <QtyInPackage>1</QtyInPackage>
      <ItemPrice>4.98</ItemPrice>
      <UnitOfMeasurePrice>1.99</UnitOfMeasurePrice>
      <AllowDiscount>0</AllowDiscount>
      <itemStatus>1</itemStatus>
      <LastUpdateDate />
      <LastUpdateTime />
    </Product>
    <Product>
      <PriceUpdateDate>2022/09/08 16:49</PriceUpdateDate>
      <ItemCode>7290000048192</ItemCode>
      <ItemType>1</ItemType>
      <ItemName>גבינה לבנה 9% 250 גר`</ItemName>
      <ManufactureName>תנובה חלב</ManufactureName>
      <ManufactureCountry />
      <ManufactureItemDescription />
      <UnitQty>'יח</UnitQty>
      <Quantity>2.50</Quantity>
      <UnitMeasure>ל-100 גרם</UnitMeasure>
      <BisWeighted>0</BisWeighted>
      <QtyInPackage>1</QtyInPackage>
      <ItemPrice>5</ItemPrice>
      <UnitOfMeasurePrice>2</UnitOfMeasurePrice>
      <AllowDiscount>0</AllowDiscount>
      <itemStatus>1</itemStatus>
      <LastUpdateDate />
      <LastUpdateTime />
    </Product>
    <Product>
      <PriceUpdateDate>2019/01/16 14:36</PriceUpdateDate>
      <ItemCode>7290000048437</ItemCode>
      <ItemType>1</ItemType>
      <ItemName>פיראוס צפתית 5%</ItemName>
      <ManufactureName>תנובה חלב</ManufactureName>
      <ManufactureCountry />
      <ManufactureItemDescription />
      <UnitQty>'יח</UnitQty>
      <Quantity>2</Quantity>
      <UnitMeasure>ל-100 גרם</UnitMeasure>
      <BisWeighted>0</BisWeighted>
      <QtyInPackage>1</QtyInPackage>
      <ItemPrice>16</ItemPrice>
      <UnitOfMeasurePrice>8</UnitOfMeasurePrice>
      <AllowDiscount>0</AllowDiscount>
      <itemStatus>1</itemStatus>
      <LastUpdateDate />
      <LastUpdateTime />
    </Product>
    <Product>
      <PriceUpdateDate>2019/01/16 14:36</PriceUpdateDate>
      <ItemCode>7290000049458</ItemCode>
      <ItemType>1</ItemType>
      <ItemName>פיראוס עזים 250 גר`</ItemName>
      <ManufactureName>תנובה חלב</ManufactureName>
      <ManufactureCountry />
      <ManufactureItemDescription />
      <UnitQty>'יח</UnitQty>
      <Quantity>2.50</Quantity>
      <UnitMeasure>ל-100 גרם</UnitMeasure>
      <BisWeighted>0</BisWeighted>
      <QtyInPackage>1</QtyInPackage>
      <ItemPrice>29.90</ItemPrice>
      <UnitOfMeasurePrice>11.96</UnitOfMeasurePrice>
      <AllowDiscount>0</AllowDiscount>
      <itemStatus>1</itemStatus>
      <LastUpdateDate />
      <LastUpdateTime />
    </Product>
    <Product>
      <PriceUpdateDate>2019/01/16 14:36</PriceUpdateDate>
      <ItemCode>50447</ItemCode>
      <ItemType>0</ItemType>
      <ItemName>יופלה תות 3%</ItemName>
      <ManufactureName>תנובה חלב</ManufactureName>
      <ManufactureCountry />
      <ManufactureItemDescription />
      <UnitQty>'יח</UnitQty>
      <Quantity>5</Quantity>
      <UnitMeasure>ל-100 מ"ל</UnitMeasure>
      <BisWeighted>0</BisWeighted>
      <QtyInPackage>1</QtyInPackage>
      <ItemPrice>13.70</ItemPrice>
      <UnitOfMeasurePrice>2.74</UnitOfMeasurePrice>
      <AllowDiscount>0</AllowDiscount>
      <itemStatus>1</itemStatus>
      <LastUpdateDate />
      <LastUpdateTime />
    </Product>
    <Product>
      <PriceUpdateDate>2019/01/16 14:36</PriceUpdateDate>
      <ItemCode>7290000051307</ItemCode>
      <ItemType>1</ItemType>
      <ItemName>הפסקת אוכל דגנים עוגי</ItemName>
      <ManufactureName>תנובה חלב</ManufactureName>
      <ManufactureCountry />
      <ManufactureItemDescription />
      <UnitQty>'יח</UnitQty>
      <Quantity>1.50</Quantity>
      <UnitMeasure>ל-100 גרם</UnitMeasure>
      <BisWeighted>0</BisWeighted>
      <QtyInPackage>1</QtyInPackage>
      <ItemPrice>9.10</ItemPrice>
      <UnitOfMeasurePrice>6.07</UnitOfMeasurePrice>
      <AllowDiscount>0</AllowDiscount>
      <itemStatus>1</itemStatus>
      <LastUpdateDate />
      <LastUpdateTime />
    </Product>
    <Product>
      <PriceUpdateDate>2019/01/16 14:36</PriceUpdateDate>
      <ItemCode>7290000051376</ItemCode>
      <ItemType>1</ItemType>
      <ItemName>יופלה דיאט אננס 0%</ItemName>
      <ManufactureName>תנובה חלב</ManufactureName>
      <ManufactureCountry />
      <ManufactureItemDescription />
      <UnitQty>'יח</UnitQty>
      <Quantity>1.50</Quantity>
      <UnitMeasure>ל-100 מ"ל</UnitMeasure>
      <BisWeighted>0</BisWeighted>
      <QtyInPackage>24</QtyInPackage>
      <ItemPrice>5.20</ItemPrice>
      <UnitOfMeasurePrice>3.47</UnitOfMeasurePrice>
      <AllowDiscount>0</AllowDiscount>
      <itemStatus>1</itemStatus>
      <LastUpdateDate />
      <LastUpdateTime />
    </Product>
    <Product>
      <PriceUpdateDate>2019/10/18 09:44</PriceUpdateDate>
      <ItemCode>7290000052311</ItemCode>
      <ItemType>1</ItemType>
      <ItemName>עמק פרוס בקופסא 15% גרם</ItemName>
      <ManufactureName>תנובה חלב</ManufactureName>
      <ManufactureCountry />
      <ManufactureItemDescription />
      <UnitQty>'יח</UnitQty>
      <Quantity>2</Quantity>
      <UnitMeasure>ל-100 גרם</UnitMeasure>
      <BisWeighted>0</BisWeighted>
      <QtyInPackage>1</QtyInPackage>
      <ItemPrice>15.90</ItemPrice>
      <UnitOfMeasurePrice>7.95</UnitOfMeasurePrice>
      <AllowDiscount>0</AllowDiscount>
      <itemStatus>1</itemStatus>
      <LastUpdateDate />
      <LastUpdateTime />
    </Product>
    <Product>
      <PriceUpdateDate>2019/01/16 14:36</PriceUpdateDate>
      <ItemCode>7290000052649</ItemCode>
      <ItemType>1</ItemType>
      <ItemName>פיראוס לבנה 5%</ItemName>
      <ManufactureName>תנובה חלב</ManufactureName>
      <ManufactureCountry />
      <ManufactureItemDescription />
      <UnitQty>'יח</UnitQty>
      <Quantity>5</Quantity>
      <UnitMeasure>ל-100 גרם</UnitMeasure>
      <BisWeighted>0</BisWeighted>
      <QtyInPackage>1</QtyInPackage>
      <ItemPrice>19.80</ItemPrice>
      <UnitOfMeasurePrice>3.96</UnitOfMeasurePrice>
      <AllowDiscount>0</AllowDiscount>
      <itemStatus>1</itemStatus>
      <LastUpdateDate />
      <LastUpdateTime />
    </Product>
    <Product>
      <PriceUpdateDate>2019/01/16 14:36</PriceUpdateDate>
      <ItemCode>7290000055206</ItemCode>
      <ItemType>1</ItemType>
      <ItemName>גבינה לבנה טעם בצל 5%</ItemName>
      <ManufactureName>תנובה חלב</ManufactureName>
      <ManufactureCountry />
      <ManufactureItemDescription />
      <UnitQty>'יח</UnitQty>
      <Quantity>2.50</Quantity>
      <UnitMeasure>ל-100 גרם</UnitMeasure>
      <BisWeighted>0</BisWeighted>
      <QtyInPackage>1</QtyInPackage>
      <ItemPrice>5.90</ItemPrice>
      <UnitOfMeasurePrice>2.36</UnitOfMeasurePrice>
      <AllowDiscount>0</AllowDiscount>
      <itemStatus>1</itemStatus>
      <LastUpdateDate />
      <LastUpdateTime />
    </Product>
    <Product>
      <PriceUpdateDate>2019/01/16 14:36</PriceUpdateDate>
      <ItemCode>7290000055329</ItemCode>
      <ItemType>1</ItemType>
      <ItemName>יופלה משקה יוגורט</ItemName>
      <ManufactureName>תנובה חלב</ManufactureName>
      <ManufactureCountry />
      <ManufactureItemDescription />
      <UnitQty>'יח</UnitQty>
      <Quantity>2.50</Quantity>
      <UnitMeasure>ל-100 מ"ל</UnitMeasure>
      <BisWeighted>0</BisWeighted>
      <QtyInPackage>1</QtyInPackage>
      <ItemPrice>5.60</ItemPrice>
      <UnitOfMeasurePrice>2.24</UnitOfMeasurePrice>
      <AllowDiscount>0</AllowDiscount>
      <itemStatus>1</itemStatus>
      <LastUpdateDate />
      <LastUpdateTime />
    </Product>
    <Product>
      <PriceUpdateDate>2019/01/16 14:36</PriceUpdateDate>
      <ItemCode>7290000055336</ItemCode>
      <ItemType>1</ItemType>
      <ItemName>יופלה משקה יוגורט</ItemName>
      <ManufactureName>תנובה חלב</ManufactureName>
      <ManufactureCountry />
      <ManufactureItemDescription />
      <UnitQty>'יח</UnitQty>
      <Quantity>2.50</Quantity>
      <UnitMeasure>ל-100 מ"ל</UnitMeasure>
      <BisWeighted>0</BisWeighted>
      <QtyInPackage>1</QtyInPackage>
      <ItemPrice>5.60</ItemPrice>
      <UnitOfMeasurePrice>2.24</UnitOfMeasurePrice>
      <AllowDiscount>0</AllowDiscount>
      <itemStatus>1</itemStatus>
      <LastUpdateDate />
      <LastUpdateTime />
    </Product>
    <Product>
      <PriceUpdateDate>2022/09/08 16:49</PriceUpdateDate>
      <ItemCode>7290000056845</ItemCode>
      <ItemType>1</ItemType>
      <ItemName>חלב טרי הומגני 3% 1.5 ליטר</ItemName>
      <ManufactureName>תנובה חלב</ManufactureName>
      <ManufactureCountry />
      <ManufactureItemDescription />
      <UnitQty>'יח</UnitQty>
      <Quantity>1.50</Quantity>
      <UnitMeasure>ל-100 מ"ל</UnitMeasure>
      <BisWeighted>0</BisWeighted>
      <QtyInPackage>1</QtyInPackage>
      <ItemPrice>9.30</ItemPrice>
      <UnitOfMeasurePrice>6.20</UnitOfMeasurePrice>
      <AllowDiscount>0</AllowDiscount>
      <itemStatus>1</itemStatus>
      <LastUpdateDate />
      <LastUpdateTime />
    </Product>
    <Product>
      <PriceUpdateDate>2019/01/16 14:36</PriceUpdateDate>
      <ItemCode>56883</ItemCode>
      <ItemType>0</ItemType>
      <ItemName>יופלה דיאט מארז 6+2</ItemName>
      <ManufactureName>תנובה חלב</ManufactureName>
      <ManufactureCountry />
      <ManufactureItemDescription />
      <UnitQty>'יח</UnitQty>
      <Quantity>8</Quantity>
      <UnitMeasure>ל-100 מ"ל</UnitMeasure>
      <BisWeighted>0</BisWeighted>
      <QtyInPackage>1</QtyInPackage>
      <ItemPrice>31</ItemPrice>
      <UnitOfMeasurePrice>3.88</UnitOfMeasurePrice>
      <AllowDiscount>0</AllowDiscount>
      <itemStatus>1</itemStatus>
      <LastUpdateDate />
      <LastUpdateTime />
    </Product>
    <Product>
      <PriceUpdateDate>2019/01/16 14:36</PriceUpdateDate>
      <ItemCode>7290000056890</ItemCode>
      <ItemType>1</ItemType>
      <ItemName>יופלה דיאט מארז 6+2</ItemName>
      <ManufactureName>תנובה חלב</ManufactureName>
      <ManufactureCountry />
      <ManufactureItemDescription />
      <UnitQty>'יח</UnitQty>
      <Quantity>1.20</Quantity>
      <UnitMeasure>ל-100 מ"ל</UnitMeasure>
      <BisWeighted>0</BisWeighted>
      <QtyInPackage>1</QtyInPackage>
      <ItemPrice>31</ItemPrice>
      <UnitOfMeasurePrice>25.83</UnitOfMeasurePrice>
      <AllowDiscount>0</AllowDiscount>
      <itemStatus>1</itemStatus>
      <LastUpdateDate />
      <LastUpdateTime />
    </Product>
    <Product>
      <PriceUpdateDate>2022/06/23 12:04</PriceUpdateDate>
      <ItemCode>7290000056906</ItemCode>
      <ItemType>1</ItemType>
      <ItemName>יופלה דיאט מארז</ItemName>
      <ManufactureName>תנובה חלב</ManufactureName>
      <ManufactureCountry />
      <ManufactureItemDescription />
      <UnitQty>'יח</UnitQty>
      <Quantity>8</Quantity>
      <UnitMeasure>ל-100 מ"ל</UnitMeasure>
      <BisWeighted>0</BisWeighted>
      <QtyInPackage>1</QtyInPackage>
      <ItemPrice>16.90</ItemPrice>
      <UnitOfMeasurePrice>2.11</UnitOfMeasurePrice>
      <AllowDiscount>0</AllowDiscount>
      <itemStatus>1</itemStatus>
      <LastUpdateDate />
      <LastUpdateTime />
    </Product>
    <Product>
      <PriceUpdateDate>2019/10/16 13:11</PriceUpdateDate>
      <ItemCode>7290000057088</ItemCode>
      <ItemType>1</ItemType>
      <ItemName>עמק דק 200 גר`</ItemName>
      <ManufactureName>תנובה חלב</ManufactureName>
      <ManufactureCountry />
      <ManufactureItemDescription />
      <UnitQty>'יח</UnitQty>
      <Quantity>2</Quantity>
      <UnitMeasure>ל-100 גרם</UnitMeasure>
      <BisWeighted>0</BisWeighted>
      <QtyInPackage>1</QtyInPackage>
      <ItemPrice>15.90</ItemPrice>
      <UnitOfMeasurePrice>7.95</UnitOfMeasurePrice>
      <AllowDiscount>0</AllowDiscount>
      <itemStatus>1</itemStatus>
      <LastUpdateDate />
      <LastUpdateTime />
    </Product>
    <Product>
      <PriceUpdateDate>2019/07/03 08:47</PriceUpdateDate>
      <ItemCode>7290000057118</ItemCode>
      <ItemType>1</ItemType>
      <ItemName>גבינה סמי עמק 400 גר`</ItemName>
      <ManufactureName>תנובה חלב</ManufactureName>
      <ManufactureCountry />
      <ManufactureItemDescription />
      <UnitQty>'יח</UnitQty>
      <Quantity>4</Quantity>
      <UnitMeasure>ל-100 גרם</UnitMeasure>
      <BisWeighted>0</BisWeighted>
      <QtyInPackage>1</QtyInPackage>
      <ItemPrice>20.90</ItemPrice>
      <UnitOfMeasurePrice>5.23</UnitOfMeasurePrice>
      <AllowDiscount>0</AllowDiscount>
      <itemStatus>1</itemStatus>
      <LastUpdateDate />
      <LastUpdateTime />
    </Product>
    <Product>
      <PriceUpdateDate>2019/10/18 09:44</PriceUpdateDate>
      <ItemCode>7290000057149</ItemCode>
      <ItemType>1</ItemType>
      <ItemName>יוגורט. לבן 3%</ItemName>
      <ManufactureName>תנובה חלב</ManufactureName>
      <ManufactureCountry />
      <ManufactureItemDescription />
      <UnitQty>'יח</UnitQty>
      <Quantity>2</Quantity>
      <UnitMeasure>ל-100 מ"ל</UnitMeasure>
      <BisWeighted>0</BisWeighted>
      <QtyInPackage>1</QtyInPackage>
      <ItemPrice>3.20</ItemPrice>
      <UnitOfMeasurePrice>1.60</UnitOfMeasurePrice>
      <AllowDiscount>0</AllowDiscount>
      <itemStatus>1</itemStatus>
      <LastUpdateDate />
      <LastUpdateTime />
    </Product>
    <Product>
      <PriceUpdateDate>2019/01/16 14:36</PriceUpdateDate>
      <ItemCode>7290000057552</ItemCode>
      <ItemType>1</ItemType>
      <ItemName>יופלה דיאט עוגת גבינה ותות</ItemName>
      <ManufactureName>תנובה חלב</ManufactureName>
      <ManufactureCountry />
      <ManufactureItemDescription />
      <UnitQty>'יח</UnitQty>
      <Quantity>1.50</Quantity>
      <UnitMeasure>ל-100 מ"ל</UnitMeasure>
      <BisWeighted>0</BisWeighted>
      <QtyInPackage>1</QtyInPackage>
      <ItemPrice>5.20</ItemPrice>
      <UnitOfMeasurePrice>3.47</UnitOfMeasurePrice>
      <AllowDiscount>0</AllowDiscount>
      <itemStatus>1</itemStatus>
      <LastUpdateDate />
      <LastUpdateTime />
    </Product>
    <Product>
      <PriceUpdateDate>2019/01/16 14:36</PriceUpdateDate>
      <ItemCode>7290000058030</ItemCode>
      <ItemType>1</ItemType>
      <ItemName>יופלה שטוזים משקה יוגורט</ItemName>
      <ManufactureName>תנובה חלב</ManufactureName>
      <ManufactureCountry />
      <ManufactureItemDescription />
      <UnitQty>'יח</UnitQty>
      <Quantity>8</Quantity>
      <UnitMeasure>ל-100 מ"ל</UnitMeasure>
      <BisWeighted>0</BisWeighted>
      <QtyInPackage>1</QtyInPackage>
      <ItemPrice>21.40</ItemPrice>
      <UnitOfMeasurePrice>2.68</UnitOfMeasurePrice>
      <AllowDiscount>0</AllowDiscount>
      <itemStatus>1</itemStatus>
      <LastUpdateDate />
      <LastUpdateTime />
    </Product>
    <Product>
      <PriceUpdateDate>2021/08/05 16:09</PriceUpdateDate>
      <ItemCode>7290000060071</ItemCode>
      <ItemType>1</ItemType>
      <ItemName>חטיפי פריכונים מלוח עדין`</ItemName>
      <ManufactureName>קבוצת אסם סחר</ManufactureName>
      <ManufactureCountry />
      <ManufactureItemDescription />
      <UnitQty>'יח</UnitQty>
      <Quantity>1</Quantity>
      <UnitMeasure>ל-100 גרם</UnitMeasure>
      <BisWeighted>0</BisWeighted>
      <QtyInPackage>1</QtyInPackage>
      <ItemPrice>6.90</ItemPrice>
      <UnitOfMeasurePrice>6.90</UnitOfMeasurePrice>
      <AllowDiscount>0</AllowDiscount>
      <itemStatus>1</itemStatus>
      <LastUpdateDate />
      <LastUpdateTime />
    </Product>
    <Product>
      <PriceUpdateDate>2019/12/24 08:42</PriceUpdateDate>
      <ItemCode>7290000060088</ItemCode>
      <ItemType>1</ItemType>
      <ItemName>מקלות בייגלה</ItemName>
      <ManufactureName>קבוצת אסם סחר</ManufactureName>
      <ManufactureCountry />
      <ManufactureItemDescription />
      <UnitQty>'יח</UnitQty>
      <Quantity>4</Quantity>
      <UnitMeasure>ל-100 גרם</UnitMeasure>
      <BisWeighted>0</BisWeighted>
      <QtyInPackage>1</QtyInPackage>
      <ItemPrice>9.90</ItemPrice>
      <UnitOfMeasurePrice>2.48</UnitOfMeasurePrice>
      <AllowDiscount>1</AllowDiscount>
      <itemStatus>1</itemStatus>
      <LastUpdateDate />
      <LastUpdateTime />
    </Product>
    <Product>
      <PriceUpdateDate>2022/09/08 16:51</PriceUpdateDate>
      <ItemCode>7290000060156</ItemCode>
      <ItemType>1</ItemType>
      <ItemName>איטריות דקיקות ביצים 200 גרם</ItemName>
      <ManufactureName>קבוצת אסם סחר</ManufactureName>
      <ManufactureCountry />
      <ManufactureItemDescription />
      <UnitQty>'יח</UnitQty>
      <Quantity>2</Quantity>
      <UnitMeasure>ל-100 גרם</UnitMeasure>
      <BisWeighted>0</BisWeighted>
      <QtyInPackage>1</QtyInPackage>
      <ItemPrice>7.90</ItemPrice>
      <UnitOfMeasurePrice>3.95</UnitOfMeasurePrice>
      <AllowDiscount>1</AllowDiscount>
      <itemStatus>1</itemStatus>
      <LastUpdateDate />
      <LastUpdateTime />
    </Product>
    <Product>
      <PriceUpdateDate>2019/11/11 12:25</PriceUpdateDate>
      <ItemCode>7290000060200</ItemCode>
      <ItemType>1</ItemType>
      <ItemName>פתיתים אפויים קוסקוס</ItemName>
      <ManufactureName>קבוצת אסם סחר</ManufactureName>
      <ManufactureCountry />
      <ManufactureItemDescription />
      <UnitQty>'יח</UnitQty>
      <Quantity>5</Quantity>
      <UnitMeasure>ל-100 גרם</UnitMeasure>
      <BisWeighted>0</BisWeighted>
      <QtyInPackage>1</QtyInPackage>
      <ItemPrice>6.90</ItemPrice>
      <UnitOfMeasurePrice>1.38</UnitOfMeasurePrice>
      <AllowDiscount>1</AllowDiscount>
      <itemStatus>1</itemStatus>
      <LastUpdateDate />
      <LastUpdateTime />
    </Product>
    <Product>
      <PriceUpdateDate>2019/01/16 14:36</PriceUpdateDate>
      <ItemCode>7290000060217</ItemCode>
      <ItemType>1</ItemType>
      <ItemName>אסם מקרוני 7 500 גרם</ItemName>
      <ManufactureName>קבוצת אסם סחר</ManufactureName>
      <ManufactureCountry />
      <ManufactureItemDescription />
      <UnitQty>'יח</UnitQty>
      <Quantity>5</Quantity>
      <UnitMeasure>ל-100 גרם</UnitMeasure>
      <BisWeighted>0</BisWeighted>
      <QtyInPackage>1</QtyInPackage>
      <ItemPrice>5.90</ItemPrice>
      <UnitOfMeasurePrice>1.18</UnitOfMeasurePrice>
      <AllowDiscount>1</AllowDiscount>
      <itemStatus>1</itemStatus>
      <LastUpdateDate />
      <LastUpdateTime />
    </Product>
    <Product>
      <PriceUpdateDate>2019/01/16 14:36</PriceUpdateDate>
      <ItemCode>7290000060248</ItemCode>
      <ItemType>1</ItemType>
      <ItemName>אסם-תלתלים 61 500 גרם</ItemName>
      <ManufactureName>קבוצת אסם סחר</ManufactureName>
      <ManufactureCountry />
      <ManufactureItemDescription />
      <UnitQty>'יח</UnitQty>
      <Quantity>5</Quantity>
      <UnitMeasure>ל-100 גרם</UnitMeasure>
      <BisWeighted>0</BisWeighted>
      <QtyInPackage>1</QtyInPackage>
      <ItemPrice>5.90</ItemPrice>
      <UnitOfMeasurePrice>1.18</UnitOfMeasurePrice>
      <AllowDiscount>1</AllowDiscount>
      <itemStatus>1</itemStatus>
      <LastUpdateDate />
      <LastUpdateTime />
    </Product>
    <Product>
      <PriceUpdateDate>2019/07/03 08:47</PriceUpdateDate>
      <ItemCode>7290000060316</ItemCode>
      <ItemType>1</ItemType>
      <ItemName>לה פסטה ספגטי 3</ItemName>
      <ManufactureName>קבוצת אסם סחר</ManufactureName>
      <ManufactureCountry />
      <ManufactureItemDescription />
      <UnitQty>'יח</UnitQty>
      <Quantity>5</Quantity>
      <UnitMeasure>ל-100 גרם</UnitMeasure>
      <BisWeighted>0</BisWeighted>
      <QtyInPackage>1</QtyInPackage>
      <ItemPrice>6.90</ItemPrice>
      <UnitOfMeasurePrice>1.38</UnitOfMeasurePrice>
      <AllowDiscount>1</AllowDiscount>
      <itemStatus>1</itemStatus>
      <LastUpdateDate />
      <LastUpdateTime />
    </Product>
    <Product>
      <PriceUpdateDate>2019/07/03 08:47</PriceUpdateDate>
      <ItemCode>7290000060330</ItemCode>
      <ItemType>1</ItemType>
      <ItemName>פרפקטו ספירלי 57</ItemName>
      <ManufactureName>קבוצת אסם סחר</ManufactureName>
      <ManufactureCountry />
      <ManufactureItemDescription />
      <UnitQty>'יח</UnitQty>
      <Quantity>5</Quantity>
      <UnitMeasure>ל-100 גרם</UnitMeasure>
      <BisWeighted>0</BisWeighted>
      <QtyInPackage>1</QtyInPackage>
      <ItemPrice>6.90</ItemPrice>
      <UnitOfMeasurePrice>1.38</UnitOfMeasurePrice>
      <AllowDiscount>1</AllowDiscount>
      <itemStatus>1</itemStatus>
      <LastUpdateDate />
      <LastUpdateTime />
    </Product>
    <Product>
      <PriceUpdateDate>2021/12/05 15:42</PriceUpdateDate>
      <ItemCode>7290000060408</ItemCode>
      <ItemType>1</ItemType>
      <ItemName>פתיתים אפויים טבעות</ItemName>
      <ManufactureName>קבוצת אסם סחר</ManufactureName>
      <ManufactureCountry />
      <ManufactureItemDescription />
      <UnitQty>'יח</UnitQty>
      <Quantity>5</Quantity>
      <UnitMeasure>ל-100 גרם</UnitMeasure>
      <BisWeighted>0</BisWeighted>
      <QtyInPackage>1</QtyInPackage>
      <ItemPrice>6.90</ItemPrice>
      <UnitOfMeasurePrice>1.38</UnitOfMeasurePrice>
      <AllowDiscount>1</AllowDiscount>
      <itemStatus>1</itemStatus>
      <LastUpdateDate />
      <LastUpdateTime />
    </Product>
    <Product>
      <PriceUpdateDate>2019/01/16 14:36</PriceUpdateDate>
      <ItemCode>7290000060415</ItemCode>
      <ItemType>1</ItemType>
      <ItemName>לה פסטה לזאנה 500 גרם</ItemName>
      <ManufactureName>קבוצת אסם סחר</ManufactureName>
      <ManufactureCountry />
      <ManufactureItemDescription />
      <UnitQty>'יח</UnitQty>
      <Quantity>5</Quantity>
      <UnitMeasure>ל-100 גרם</UnitMeasure>
      <BisWeighted>0</BisWeighted>
      <QtyInPackage>1</QtyInPackage>
      <ItemPrice>14.90</ItemPrice>
      <UnitOfMeasurePrice>2.98</UnitOfMeasurePrice>
      <AllowDiscount>1</AllowDiscount>
      <itemStatus>1</itemStatus>
      <LastUpdateDate />
      <LastUpdateTime />
    </Product>
    <Product>
      <PriceUpdateDate>2019/07/03 08:47</PriceUpdateDate>
      <ItemCode>7290000060576</ItemCode>
      <ItemType>1</ItemType>
      <ItemName>פתיתים אפויים כוכבים</ItemName>
      <ManufactureName>קבוצת אסם סחר</ManufactureName>
      <ManufactureCountry />
      <ManufactureItemDescription />
      <UnitQty>'יח</UnitQty>
      <Quantity>5</Quantity>
      <UnitMeasure>ל-100 גרם</UnitMeasure>
      <BisWeighted>0</BisWeighted>
      <QtyInPackage>1</QtyInPackage>
      <ItemPrice>6.90</ItemPrice>
      <UnitOfMeasurePrice>1.38</UnitOfMeasurePrice>
      <AllowDiscount>1</AllowDiscount>
      <itemStatus>1</itemStatus>
      <LastUpdateDate />
      <LastUpdateTime />
    </Product>
    <Product>
      <PriceUpdateDate>2019/01/16 14:36</PriceUpdateDate>
      <ItemCode>60781</ItemCode>
      <ItemType>0</ItemType>
      <ItemName>פסטה מסולסלים 500 גרם</ItemName>
      <ManufactureName>קבוצת אסם סחר</ManufactureName>
      <ManufactureCountry />
      <ManufactureItemDescription />
      <UnitQty>'יח</UnitQty>
      <Quantity>5</Quantity>
      <UnitMeasure>ל-100 גרם</UnitMeasure>
      <BisWeighted>0</BisWeighted>
      <QtyInPackage>1</QtyInPackage>
      <ItemPrice>5.90</ItemPrice>
      <UnitOfMeasurePrice>1.18</UnitOfMeasurePrice>
      <AllowDiscount>1</AllowDiscount>
      <itemStatus>1</itemStatus>
      <LastUpdateDate />
      <LastUpdateTime />
    </Product>
    <Product>
      <PriceUpdateDate>2019/01/16 14:36</PriceUpdateDate>
      <ItemCode>7290000060828</ItemCode>
      <ItemType>1</ItemType>
      <ItemName>אסם-קרניים בינוניות 55 500 גרם</ItemName>
      <ManufactureName>קבוצת אסם סחר</ManufactureName>
      <ManufactureCountry />
      <ManufactureItemDescription />
      <UnitQty>'יח</UnitQty>
      <Quantity>5</Quantity>
      <UnitMeasure>ל-100 גרם</UnitMeasure>
      <BisWeighted>0</BisWeighted>
      <QtyInPackage>1</QtyInPackage>
      <ItemPrice>5.90</ItemPrice>
      <UnitOfMeasurePrice>1.18</UnitOfMeasurePrice>
      <AllowDiscount>1</AllowDiscount>
      <itemStatus>1</itemStatus>
      <LastUpdateDate />
      <LastUpdateTime />
    </Product>
    <Product>
      <PriceUpdateDate>2019/01/16 14:36</PriceUpdateDate>
      <ItemCode>60880</ItemCode>
      <ItemType>0</ItemType>
      <ItemName>פסטה ספגטי 8 500 גרם</ItemName>
      <ManufactureName>קבוצת אסם סחר</ManufactureName>
      <ManufactureCountry />
      <ManufactureItemDescription />
      <UnitQty>'יח</UnitQty>
      <Quantity>5</Quantity>
      <UnitMeasure>ל-100 גרם</UnitMeasure>
      <BisWeighted>0</BisWeighted>
      <QtyInPackage>1</QtyInPackage>
      <ItemPrice>5.90</ItemPrice>
      <UnitOfMeasurePrice>1.18</UnitOfMeasurePrice>
      <AllowDiscount>1</AllowDiscount>
      <itemStatus>1</itemStatus>
      <LastUpdateDate />
      <LastUpdateTime />
    </Product>
    <Product>
      <PriceUpdateDate>2019/10/18 09:44</PriceUpdateDate>
      <ItemCode>7290000060903</ItemCode>
      <ItemType>1</ItemType>
      <ItemName>פתיתים אפויים אורז</ItemName>
      <ManufactureName>קבוצת אסם סחר</ManufactureName>
      <ManufactureCountry />
      <ManufactureItemDescription />
      <UnitQty>'יח</UnitQty>
      <Quantity>5</Quantity>
      <UnitMeasure>ל-100 גרם</UnitMeasure>
      <BisWeighted>0</BisWeighted>
      <QtyInPackage>1</QtyInPackage>
      <ItemPrice>6.90</ItemPrice>
      <UnitOfMeasurePrice>1.38</UnitOfMeasurePrice>
      <AllowDiscount>1</AllowDiscount>
      <itemStatus>1</itemStatus>
      <LastUpdateDate />
      <LastUpdateTime />
    </Product>
    <Product>
      <PriceUpdateDate>2019/07/03 08:47</PriceUpdateDate>
      <ItemCode>60958</ItemCode>
      <ItemType>0</ItemType>
      <ItemName>איטריות בינוניות 400 גר`</ItemName>
      <ManufactureName>קבוצת אסם סחר</ManufactureName>
      <ManufactureCountry />
      <ManufactureItemDescription />
      <UnitQty>'יח</UnitQty>
      <Quantity>4</Quantity>
      <UnitMeasure>ל-100 גרם</UnitMeasure>
      <BisWeighted>0</BisWeighted>
      <QtyInPackage>1</QtyInPackage>
      <ItemPrice>6.90</ItemPrice>
      <UnitOfMeasurePrice>1.73</UnitOfMeasurePrice>
      <AllowDiscount>1</AllowDiscount>
      <itemStatus>1</itemStatus>
      <LastUpdateDate />
      <LastUpdateTime />
    </Product>
    <Product>
      <PriceUpdateDate>2019/07/03 08:47</PriceUpdateDate>
      <ItemCode>7290000060965</ItemCode>
      <ItemType>1</ItemType>
      <ItemName>איטריות רחבות</ItemName>
      <ManufactureName>קבוצת אסם סחר</ManufactureName>
      <ManufactureCountry />
      <ManufactureItemDescription />
      <UnitQty>'יח</UnitQty>
      <Quantity>4</Quantity>
      <UnitMeasure>ל-100 גרם</UnitMeasure>
      <BisWeighted>0</BisWeighted>
      <QtyInPackage>1</QtyInPackage>
      <ItemPrice>6.90</ItemPrice>
      <UnitOfMeasurePrice>1.73</UnitOfMeasurePrice>
      <AllowDiscount>1</AllowDiscount>
      <itemStatus>1</itemStatus>
      <LastUpdateDate />
      <LastUpdateTime />
    </Product>
    <Product>
      <PriceUpdateDate>2022/10/27 19:12</PriceUpdateDate>
      <ItemCode>61025</ItemCode>
      <ItemType>0</ItemType>
      <ItemName>גבינה בולגרית 5% המושבה</ItemName>
      <ManufactureName>מחלבת המושבה בעמ`</ManufactureName>
      <ManufactureCountry />
      <ManufactureItemDescription />
      <UnitQty>ק"ג</UnitQty>
      <Quantity>10</Quantity>
      <UnitMeasure>ל-100 גרם</UnitMeasure>
      <BisWeighted>1</BisWeighted>
      <QtyInPackage>1</QtyInPackage>
      <ItemPrice>50</ItemPrice>
      <UnitOfMeasurePrice>5</UnitOfMeasurePrice>
      <AllowDiscount>0</AllowDiscount>
      <itemStatus>1</itemStatus>
      <LastUpdateDate />
      <LastUpdateTime />
    </Product>
    <Product>
      <PriceUpdateDate>2022/10/27 19:12</PriceUpdateDate>
      <ItemCode>61056</ItemCode>
      <ItemType>0</ItemType>
      <ItemName>צפתית פרח 5%</ItemName>
      <ManufactureName>מחלבת המושבה בעמ`</ManufactureName>
      <ManufactureCountry />
      <ManufactureItemDescription />
      <UnitQty>ק"ג</UnitQty>
      <Quantity>10</Quantity>
      <UnitMeasure>ל-100 גרם</UnitMeasure>
      <BisWeighted>1</BisWeighted>
      <QtyInPackage>1</QtyInPackage>
      <ItemPrice>45</ItemPrice>
      <UnitOfMeasurePrice>4.50</UnitOfMeasurePrice>
      <AllowDiscount>0</AllowDiscount>
      <itemStatus>1</itemStatus>
      <LastUpdateDate />
      <LastUpdateTime />
    </Product>
    <Product>
      <PriceUpdateDate>2022/07/24 18:01</PriceUpdateDate>
      <ItemCode>7290000061061</ItemCode>
      <ItemType>1</ItemType>
      <ItemName>קרקר בצל</ItemName>
      <ManufactureName>קבוצת אסם סחר</ManufactureName>
      <ManufactureCountry />
      <ManufactureItemDescription />
      <UnitQty>'יח</UnitQty>
      <Quantity>2.50</Quantity>
      <UnitMeasure>ל-100 גרם</UnitMeasure>
      <BisWeighted>0</BisWeighted>
      <QtyInPackage>1</QtyInPackage>
      <ItemPrice>9.90</ItemPrice>
      <UnitOfMeasurePrice>3.96</UnitOfMeasurePrice>
      <AllowDiscount>1</AllowDiscount>
      <itemStatus>1</itemStatus>
      <LastUpdateDate />
      <LastUpdateTime />
    </Product>
    <Product>
      <PriceUpdateDate>2022/10/27 19:12</PriceUpdateDate>
      <ItemCode>7290004861063</ItemCode>
      <ItemType>1</ItemType>
      <ItemName>גבינה קש המושבה</ItemName>
      <ManufactureName>מחלבת המושבה בעמ`</ManufactureName>
      <ManufactureCountry />
      <ManufactureItemDescription />
      <UnitQty>ק"ג</UnitQty>
      <Quantity>10</Quantity>
      <UnitMeasure>ל-100 גרם</UnitMeasure>
      <BisWeighted>1</BisWeighted>
      <QtyInPackage>1</QtyInPackage>
      <ItemPrice>45</ItemPrice>
      <UnitOfMeasurePrice>4.50</UnitOfMeasurePrice>
      <AllowDiscount>0</AllowDiscount>
      <itemStatus>1</itemStatus>
      <LastUpdateDate />
      <LastUpdateTime />
    </Product>
    <Product>
      <PriceUpdateDate>2022/10/27 19:12</PriceUpdateDate>
      <ItemCode>7290004861070</ItemCode>
      <ItemType>1</ItemType>
      <ItemName>גבינה צפתית קשה 24%</ItemName>
      <ManufactureName>מחלבת המושבה בעמ`</ManufactureName>
      <ManufactureCountry />
      <ManufactureItemDescription />
      <UnitQty>ק"ג</UnitQty>
      <Quantity>1</Quantity>
      <UnitMeasure />
      <BisWeighted>1</BisWeighted>
      <QtyInPackage>1</QtyInPackage>
      <ItemPrice>85</ItemPrice>
      <UnitOfMeasurePrice>85</UnitOfMeasurePrice>
      <AllowDiscount>0</AllowDiscount>
      <itemStatus>1</itemStatus>
      <LastUpdateDate />
      <LastUpdateTime />
    </Product>
    <Product>
      <PriceUpdateDate>2022/07/24 18:01</PriceUpdateDate>
      <ItemCode>7290000061085</ItemCode>
      <ItemType>1</ItemType>
      <ItemName>רוטב צילי מתוק 290 מ"ל</ItemName>
      <ManufactureName>קבוצת אסם סחר</ManufactureName>
      <ManufactureCountry />
      <ManufactureItemDescription />
      <UnitQty>'יח</UnitQty>
      <Quantity>2.90</Quantity>
      <UnitMeasure>ל-100 מ"ל</UnitMeasure>
      <BisWeighted>0</BisWeighted>
      <QtyInPackage>1</QtyInPackage>
      <ItemPrice>12.90</ItemPrice>
      <UnitOfMeasurePrice>4.45</UnitOfMeasurePrice>
      <AllowDiscount>1</AllowDiscount>
      <itemStatus>1</itemStatus>
      <LastUpdateDate />
      <LastUpdateTime />
    </Product>
    <Product>
      <PriceUpdateDate>2020/11/10 20:13</PriceUpdateDate>
      <ItemCode>7290000061245</ItemCode>
      <ItemType>1</ItemType>
      <ItemName>עוגה שוקוציפס</ItemName>
      <ManufactureName>קבוצת אסם סחר</ManufactureName>
      <ManufactureCountry />
      <ManufactureItemDescription />
      <UnitQty>'יח</UnitQty>
      <Quantity>2.20</Quantity>
      <UnitMeasure>ל-100 גרם</UnitMeasure>
      <BisWeighted>0</BisWeighted>
      <QtyInPackage>1</QtyInPackage>
      <ItemPrice>9.90</ItemPrice>
      <UnitOfMeasurePrice>4.50</UnitOfMeasurePrice>
      <AllowDiscount>1</AllowDiscount>
      <itemStatus>1</itemStatus>
      <LastUpdateDate />
      <LastUpdateTime />
    </Product>
    <Product>
      <PriceUpdateDate>2022/10/27 19:12</PriceUpdateDate>
      <ItemCode>7290004861261</ItemCode>
      <ItemType>1</ItemType>
      <ItemName>גבינה טובורג צימוקים/דובדבן/אוכמניות</ItemName>
      <ManufactureName>מחלבת המושבה בעמ`</ManufactureName>
      <ManufactureCountry />
      <ManufactureItemDescription />
      <UnitQty>ק"ג</UnitQty>
      <Quantity>10</Quantity>
      <UnitMeasure>ל-100 גרם</UnitMeasure>
      <BisWeighted>1</BisWeighted>
      <QtyInPackage>1</QtyInPackage>
      <ItemPrice>35</ItemPrice>
      <UnitOfMeasurePrice>3.50</UnitOfMeasurePrice>
      <AllowDiscount>0</AllowDiscount>
      <itemStatus>1</itemStatus>
      <LastUpdateDate />
      <LastUpdateTime />
    </Product>
    <Product>
      <PriceUpdateDate>2022/10/27 19:12</PriceUpdateDate>
      <ItemCode>61278</ItemCode>
      <ItemType>0</ItemType>
      <ItemName>גבינת שמנת 30% המושבה</ItemName>
      <ManufactureName>מחלבת המושבה בעמ`</ManufactureName>
      <ManufactureCountry />
      <ManufactureItemDescription />
      <UnitQty>ק"ג</UnitQty>
      <Quantity>10</Quantity>
      <UnitMeasure>ל-100 גרם</UnitMeasure>
      <BisWeighted>1</BisWeighted>
      <QtyInPackage>1</QtyInPackage>
      <ItemPrice>45</ItemPrice>
      <UnitOfMeasurePrice>4.50</UnitOfMeasurePrice>
      <AllowDiscount>0</AllowDiscount>
      <itemStatus>1</itemStatus>
      <LastUpdateDate />
      <LastUpdateTime />
    </Product>
    <Product>
      <PriceUpdateDate>2022/10/27 19:12</PriceUpdateDate>
      <ItemCode>7290004861285</ItemCode>
      <ItemType>1</ItemType>
      <ItemName>גבינה טובורג 9%</ItemName>
      <ManufactureName>מחלבת המושבה בעמ`</ManufactureName>
      <ManufactureCountry />
      <ManufactureItemDescription />
      <UnitQty>ק"ג</UnitQty>
      <Quantity>10</Quantity>
      <UnitMeasure>ל-100 גרם</UnitMeasure>
      <BisWeighted>1</BisWeighted>
      <QtyInPackage>1</QtyInPackage>
      <ItemPrice>35</ItemPrice>
      <UnitOfMeasurePrice>3.50</UnitOfMeasurePrice>
      <AllowDiscount>0</AllowDiscount>
      <itemStatus>1</itemStatus>
      <LastUpdateDate />
      <LastUpdateTime />
    </Product>
    <Product>
      <PriceUpdateDate>2022/10/27 19:12</PriceUpdateDate>
      <ItemCode>7290004861315</ItemCode>
      <ItemType>1</ItemType>
      <ItemName>גבינת לבנה 5% המושבה</ItemName>
      <ManufactureName>מחלבת המושבה בעמ`</ManufactureName>
      <ManufactureCountry />
      <ManufactureItemDescription />
      <UnitQty>ק"ג</UnitQty>
      <Quantity>10</Quantity>
      <UnitMeasure>ל-100 גרם</UnitMeasure>
      <BisWeighted>1</BisWeighted>
      <QtyInPackage>1</QtyInPackage>
      <ItemPrice>34.90</ItemPrice>
      <UnitOfMeasurePrice>3.49</UnitOfMeasurePrice>
      <AllowDiscount>0</AllowDiscount>
      <itemStatus>1</itemStatus>
      <LastUpdateDate />
      <LastUpdateTime />
    </Product>
    <Product>
      <PriceUpdateDate>2022/10/27 19:12</PriceUpdateDate>
      <ItemCode>61360</ItemCode>
      <ItemType>0</ItemType>
      <ItemName>צפתית שום שמיר-קצח</ItemName>
      <ManufactureName>מחלבת המושבה בעמ`</ManufactureName>
      <ManufactureCountry />
      <ManufactureItemDescription />
      <UnitQty>ק"ג</UnitQty>
      <Quantity>10</Quantity>
      <UnitMeasure>ל-100 גרם</UnitMeasure>
      <BisWeighted>1</BisWeighted>
      <QtyInPackage>1</QtyInPackage>
      <ItemPrice>45</ItemPrice>
      <UnitOfMeasurePrice>4.50</UnitOfMeasurePrice>
      <AllowDiscount>0</AllowDiscount>
      <itemStatus>1</itemStatus>
      <LastUpdateDate />
      <LastUpdateTime />
    </Product>
    <Product>
      <PriceUpdateDate>2022/10/27 19:12</PriceUpdateDate>
      <ItemCode>7290004861377</ItemCode>
      <ItemType>1</ItemType>
      <ItemName>גבינה בולגרית למריחה המושבה</ItemName>
      <ManufactureName>מחלבת המושבה בעמ`</ManufactureName>
      <ManufactureCountry />
      <ManufactureItemDescription />
      <UnitQty>ק"ג</UnitQty>
      <Quantity>1</Quantity>
      <UnitMeasure />
      <BisWeighted>1</BisWeighted>
      <QtyInPackage>1</QtyInPackage>
      <ItemPrice>50</ItemPrice>
      <UnitOfMeasurePrice>50</UnitOfMeasurePrice>
      <AllowDiscount>0</AllowDiscount>
      <itemStatus>1</itemStatus>
      <LastUpdateDate />
      <LastUpdateTime />
    </Product>
    <Product>
      <PriceUpdateDate>2022/10/27 19:12</PriceUpdateDate>
      <ItemCode>7290004861384</ItemCode>
      <ItemType>1</ItemType>
      <ItemName>גבינה אורדה המושבה</ItemName>
      <ManufactureName>מחלבת המושבה בעמ`</ManufactureName>
      <ManufactureCountry />
      <ManufactureItemDescription />
      <UnitQty>ק"ג</UnitQty>
      <Quantity>1</Quantity>
      <UnitMeasure />
      <BisWeighted>1</BisWeighted>
      <QtyInPackage>1</QtyInPackage>
      <ItemPrice>45</ItemPrice>
      <UnitOfMeasurePrice>45</UnitOfMeasurePrice>
      <AllowDiscount>0</AllowDiscount>
      <itemStatus>1</itemStatus>
      <LastUpdateDate />
      <LastUpdateTime />
    </Product>
    <Product>
      <PriceUpdateDate>2022/10/27 19:12</PriceUpdateDate>
      <ItemCode>7290004861407</ItemCode>
      <ItemType>1</ItemType>
      <ItemName>גבינה מוצרלה 22% המושבה</ItemName>
      <ManufactureName>מחלבת המושבה בעמ`</ManufactureName>
      <ManufactureCountry />
      <ManufactureItemDescription />
      <UnitQty>ק"ג</UnitQty>
      <Quantity>1</Quantity>
      <UnitMeasure />
      <BisWeighted>1</BisWeighted>
      <QtyInPackage>1</QtyInPackage>
      <ItemPrice>85</ItemPrice>
      <UnitOfMeasurePrice>85</UnitOfMeasurePrice>
      <AllowDiscount>0</AllowDiscount>
      <itemStatus>1</itemStatus>
      <LastUpdateDate />
      <LastUpdateTime />
    </Product>
    <Product>
      <PriceUpdateDate>2022/10/27 19:12</PriceUpdateDate>
      <ItemCode>7290004861421</ItemCode>
      <ItemType>1</ItemType>
      <ItemName>גבינה חלומי 24% המושבה</ItemName>
      <ManufactureName>מחלבת המושבה בעמ`</ManufactureName>
      <ManufactureCountry />
      <ManufactureItemDescription />
      <UnitQty>ק"ג</UnitQty>
      <Quantity>10</Quantity>
      <UnitMeasure>ל-100 גרם</UnitMeasure>
      <BisWeighted>1</BisWeighted>
      <QtyInPackage>1</QtyInPackage>
      <ItemPrice>80</ItemPrice>
      <UnitOfMeasurePrice>8</UnitOfMeasurePrice>
      <AllowDiscount>0</AllowDiscount>
      <itemStatus>1</itemStatus>
      <LastUpdateDate />
      <LastUpdateTime />
    </Product>
    <Product>
      <PriceUpdateDate>2022/10/27 19:12</PriceUpdateDate>
      <ItemCode>61445</ItemCode>
      <ItemType>0</ItemType>
      <ItemName>כדורי לבנה בשמן זית 9% המושבה</ItemName>
      <ManufactureName>מחלבת המושבה בעמ`</ManufactureName>
      <ManufactureCountry />
      <ManufactureItemDescription />
      <UnitQty>ק"ג</UnitQty>
      <Quantity>10</Quantity>
      <UnitMeasure>ל-100 גרם</UnitMeasure>
      <BisWeighted>1</BisWeighted>
      <QtyInPackage>1</QtyInPackage>
      <ItemPrice>140</ItemPrice>
      <UnitOfMeasurePrice>14</UnitOfMeasurePrice>
      <AllowDiscount>0</AllowDiscount>
      <itemStatus>1</itemStatus>
      <LastUpdateDate />
      <LastUpdateTime />
    </Product>
    <Product>
      <PriceUpdateDate>2022/10/27 19:12</PriceUpdateDate>
      <ItemCode>7290004861520</ItemCode>
      <ItemType>1</ItemType>
      <ItemName>גבינת קרם שמנת 5% המושבה</ItemName>
      <ManufactureName>מחלבת המושבה בעמ`</ManufactureName>
      <ManufactureCountry />
      <ManufactureItemDescription />
      <UnitQty>ק"ג</UnitQty>
      <Quantity>10</Quantity>
      <UnitMeasure>ל-100 גרם</UnitMeasure>
      <BisWeighted>1</BisWeighted>
      <QtyInPackage>1</QtyInPackage>
      <ItemPrice>32.90</ItemPrice>
      <UnitOfMeasurePrice>3.29</UnitOfMeasurePrice>
      <AllowDiscount>0</AllowDiscount>
      <itemStatus>1</itemStatus>
      <LastUpdateDate />
      <LastUpdateTime />
    </Product>
    <Product>
      <PriceUpdateDate>2019/12/24 08:42</PriceUpdateDate>
      <ItemCode>61764</ItemCode>
      <ItemType>0</ItemType>
      <ItemName>נסקפה רד מאג 200 גרם</ItemName>
      <ManufactureName>קבוצת אסם סחר</ManufactureName>
      <ManufactureCountry />
      <ManufactureItemDescription />
      <UnitQty>'יח</UnitQty>
      <Quantity>2</Quantity>
      <UnitMeasure>ל-100 גרם</UnitMeasure>
      <BisWeighted>0</BisWeighted>
      <QtyInPackage>1</QtyInPackage>
      <ItemPrice>19.90</ItemPrice>
      <UnitOfMeasurePrice>9.95</UnitOfMeasurePrice>
      <AllowDiscount>1</AllowDiscount>
      <itemStatus>1</itemStatus>
      <LastUpdateDate />
      <LastUpdateTime />
    </Product>
    <Product>
      <PriceUpdateDate>2022/03/16 09:02</PriceUpdateDate>
      <ItemCode>7290000062952</ItemCode>
      <ItemType>1</ItemType>
      <ItemName>מיני קרוטונים 250גר</ItemName>
      <ManufactureName>קבוצת אסם סחר</ManufactureName>
      <ManufactureCountry />
      <ManufactureItemDescription />
      <UnitQty>'יח</UnitQty>
      <Quantity>2.50</Quantity>
      <UnitMeasure>ל-100 גרם</UnitMeasure>
      <BisWeighted>0</BisWeighted>
      <QtyInPackage>1</QtyInPackage>
      <ItemPrice>14.90</ItemPrice>
      <UnitOfMeasurePrice>5.96</UnitOfMeasurePrice>
      <AllowDiscount>0</AllowDiscount>
      <itemStatus>1</itemStatus>
      <LastUpdateDate />
      <LastUpdateTime />
    </Product>
    <Product>
      <PriceUpdateDate>2019/01/16 14:36</PriceUpdateDate>
      <ItemCode>7290000063102</ItemCode>
      <ItemType>1</ItemType>
      <ItemName>קמח עוגה תופח 350 גר`</ItemName>
      <ManufactureName>קבוצת אסם סחר</ManufactureName>
      <ManufactureCountry />
      <ManufactureItemDescription />
      <UnitQty>'יח</UnitQty>
      <Quantity>3.50</Quantity>
      <UnitMeasure>ל-100 גרם</UnitMeasure>
      <BisWeighted>0</BisWeighted>
      <QtyInPackage>1</QtyInPackage>
      <ItemPrice>4.20</ItemPrice>
      <UnitOfMeasurePrice>1.20</UnitOfMeasurePrice>
      <AllowDiscount>0</AllowDiscount>
      <itemStatus>1</itemStatus>
      <LastUpdateDate />
      <LastUpdateTime />
    </Product>
    <Product>
      <PriceUpdateDate>2019/01/16 14:36</PriceUpdateDate>
      <ItemCode>7290000063133</ItemCode>
      <ItemType>1</ItemType>
      <ItemName>שקדי מרק 100 גרם</ItemName>
      <ManufactureName>קבוצת אסם סחר</ManufactureName>
      <ManufactureCountry />
      <ManufactureItemDescription />
      <UnitQty>'יח</UnitQty>
      <Quantity>1</Quantity>
      <UnitMeasure />
      <BisWeighted>0</BisWeighted>
      <QtyInPackage>1</QtyInPackage>
      <ItemPrice>4.50</ItemPrice>
      <UnitOfMeasurePrice>4.50</UnitOfMeasurePrice>
      <AllowDiscount>0</AllowDiscount>
      <itemStatus>1</itemStatus>
      <LastUpdateDate />
      <LastUpdateTime />
    </Product>
    <Product>
      <PriceUpdateDate>2020/11/23 15:14</PriceUpdateDate>
      <ItemCode>7290000063140</ItemCode>
      <ItemType>1</ItemType>
      <ItemName>שקדי מרק 400 גרם</ItemName>
      <ManufactureName>קבוצת אסם סחר</ManufactureName>
      <ManufactureCountry />
      <ManufactureItemDescription />
      <UnitQty>'יח</UnitQty>
      <Quantity>4</Quantity>
      <UnitMeasure>ל-100 גרם</UnitMeasure>
      <BisWeighted>0</BisWeighted>
      <QtyInPackage>1</QtyInPackage>
      <ItemPrice>11.90</ItemPrice>
      <UnitOfMeasurePrice>2.98</UnitOfMeasurePrice>
      <AllowDiscount>1</AllowDiscount>
      <itemStatus>1</itemStatus>
      <LastUpdateDate />
      <LastUpdateTime />
    </Product>
    <Product>
      <PriceUpdateDate>2022/08/25 18:19</PriceUpdateDate>
      <ItemCode>7290000063157</ItemCode>
      <ItemType>1</ItemType>
      <ItemName>קמח עוגה תופח 1 ק"ג</ItemName>
      <ManufactureName>קבוצת אסם סחר</ManufactureName>
      <ManufactureCountry />
      <ManufactureItemDescription />
      <UnitQty>'יח</UnitQty>
      <Quantity>10</Quantity>
      <UnitMeasure>ל-100 גרם</UnitMeasure>
      <BisWeighted>0</BisWeighted>
      <QtyInPackage>1</QtyInPackage>
      <ItemPrice>9.90</ItemPrice>
      <UnitOfMeasurePrice>0.99</UnitOfMeasurePrice>
      <AllowDiscount>1</AllowDiscount>
      <itemStatus>1</itemStatus>
      <LastUpdateDate />
      <LastUpdateTime />
    </Product>
    <Product>
      <PriceUpdateDate>2022/07/07 13:35</PriceUpdateDate>
      <ItemCode>64496</ItemCode>
      <ItemType>0</ItemType>
      <ItemName>פילה קדמי חווה</ItemName>
      <ManufactureName>תדמיר עד הבית בעמ</ManufactureName>
      <ManufactureCountry />
      <ManufactureItemDescription />
      <UnitQty>ק"ג</UnitQty>
      <Quantity>0</Quantity>
      <UnitMeasure>ק"ג</UnitMeasure>
      <BisWeighted>1</BisWeighted>
      <QtyInPackage>1</QtyInPackage>
      <ItemPrice>220</ItemPrice>
      <UnitOfMeasurePrice>220</UnitOfMeasurePrice>
      <AllowDiscount>0</AllowDiscount>
      <itemStatus>1</itemStatus>
      <LastUpdateDate />
      <LastUpdateTime />
    </Product>
    <Product>
      <PriceUpdateDate>2019/01/16 14:36</PriceUpdateDate>
      <ItemCode>7290000064758</ItemCode>
      <ItemType>1</ItemType>
      <ItemName>קוסקוס אמיתי בשקית</ItemName>
      <ManufactureName>קבוצת אסם סחר</ManufactureName>
      <ManufactureCountry />
      <ManufactureItemDescription />
      <UnitQty>'יח</UnitQty>
      <Quantity>3.50</Quantity>
      <UnitMeasure>ל-100 גרם</UnitMeasure>
      <BisWeighted>0</BisWeighted>
      <QtyInPackage>1</QtyInPackage>
      <ItemPrice>7.30</ItemPrice>
      <UnitOfMeasurePrice>2.09</UnitOfMeasurePrice>
      <AllowDiscount>0</AllowDiscount>
      <itemStatus>1</itemStatus>
      <LastUpdateDate />
      <LastUpdateTime />
    </Product>
    <Product>
      <PriceUpdateDate>2019/01/16 14:36</PriceUpdateDate>
      <ItemCode>7290000064871</ItemCode>
      <ItemType>1</ItemType>
      <ItemName>מנה חמה פירה תפא ובצל</ItemName>
      <ManufactureName>קבוצת אסם סחר</ManufactureName>
      <ManufactureCountry />
      <ManufactureItemDescription />
      <UnitQty>'יח</UnitQty>
      <Quantity>56</Quantity>
      <UnitMeasure>ל-100 גרם</UnitMeasure>
      <BisWeighted>0</BisWeighted>
      <QtyInPackage>1</QtyInPackage>
      <ItemPrice>6.90</ItemPrice>
      <UnitOfMeasurePrice>0.12</UnitOfMeasurePrice>
      <AllowDiscount>1</AllowDiscount>
      <itemStatus>1</itemStatus>
      <LastUpdateDate />
      <LastUpdateTime />
    </Product>
    <Product>
      <PriceUpdateDate>2022/03/16 09:02</PriceUpdateDate>
      <ItemCode>7290000065090</ItemCode>
      <ItemType>1</ItemType>
      <ItemName>מיני קרוטונים למרק</ItemName>
      <ManufactureName>קבוצת אסם סחר</ManufactureName>
      <ManufactureCountry />
      <ManufactureItemDescription />
      <UnitQty>'יח</UnitQty>
      <Quantity>4</Quantity>
      <UnitMeasure>ל-100 גרם</UnitMeasure>
      <BisWeighted>0</BisWeighted>
      <QtyInPackage>1</QtyInPackage>
      <ItemPrice>23.90</ItemPrice>
      <UnitOfMeasurePrice>5.98</UnitOfMeasurePrice>
      <AllowDiscount>0</AllowDiscount>
      <itemStatus>1</itemStatus>
      <LastUpdateDate />
      <LastUpdateTime />
    </Product>
    <Product>
      <PriceUpdateDate>2019/01/16 14:36</PriceUpdateDate>
      <ItemCode>7290000065335</ItemCode>
      <ItemType>1</ItemType>
      <ItemName>מנה חמה פירה תפוא עם ירקות 55 גרם</ItemName>
      <ManufactureName>קבוצת אסם סחר</ManufactureName>
      <ManufactureCountry />
      <ManufactureItemDescription />
      <UnitQty>'יח</UnitQty>
      <Quantity>5.50</Quantity>
      <UnitMeasure>ל-100 גרם</UnitMeasure>
      <BisWeighted>0</BisWeighted>
      <QtyInPackage>1</QtyInPackage>
      <ItemPrice>6.90</ItemPrice>
      <UnitOfMeasurePrice>1.25</UnitOfMeasurePrice>
      <AllowDiscount>1</AllowDiscount>
      <itemStatus>1</itemStatus>
      <LastUpdateDate />
      <LastUpdateTime />
    </Product>
    <Product>
      <PriceUpdateDate>2019/01/16 14:36</PriceUpdateDate>
      <ItemCode>65557</ItemCode>
      <ItemType>0</ItemType>
      <ItemName>מנה חמה קוסקוס 84 גרם</ItemName>
      <ManufactureName>קבוצת אסם סחר</ManufactureName>
      <ManufactureCountry />
      <ManufactureItemDescription />
      <UnitQty>'יח</UnitQty>
      <Quantity>8.40</Quantity>
      <UnitMeasure>ל-100 גרם</UnitMeasure>
      <BisWeighted>0</BisWeighted>
      <QtyInPackage>1</QtyInPackage>
      <ItemPrice>6.90</ItemPrice>
      <UnitOfMeasurePrice>0.82</UnitOfMeasurePrice>
      <AllowDiscount>1</AllowDiscount>
      <itemStatus>1</itemStatus>
      <LastUpdateDate />
      <LastUpdateTime />
    </Product>
    <Product>
      <PriceUpdateDate>2021/08/05 16:09</PriceUpdateDate>
      <ItemCode>7290000065977</ItemCode>
      <ItemType>1</ItemType>
      <ItemName>חטיפי פריכונים תירס שומשום</ItemName>
      <ManufactureName>קבוצת אסם סחר</ManufactureName>
      <ManufactureCountry />
      <ManufactureItemDescription />
      <UnitQty>'יח</UnitQty>
      <Quantity>1</Quantity>
      <UnitMeasure>ל-100 גרם</UnitMeasure>
      <BisWeighted>0</BisWeighted>
      <QtyInPackage>1</QtyInPackage>
      <ItemPrice>6.90</ItemPrice>
      <UnitOfMeasurePrice>6.90</UnitOfMeasurePrice>
      <AllowDiscount>0</AllowDiscount>
      <itemStatus>1</itemStatus>
      <LastUpdateDate />
      <LastUpdateTime />
    </Product>
    <Product>
      <PriceUpdateDate>2021/12/23 15:45</PriceUpdateDate>
      <ItemCode>7290000066196</ItemCode>
      <ItemType>1</ItemType>
      <ItemName>ביסלי גריל גדול</ItemName>
      <ManufactureName>קבוצת אסם סחר</ManufactureName>
      <ManufactureCountry />
      <ManufactureItemDescription />
      <UnitQty>'יח</UnitQty>
      <Quantity>2</Quantity>
      <UnitMeasure>ל-100 גרם</UnitMeasure>
      <BisWeighted>0</BisWeighted>
      <QtyInPackage>1</QtyInPackage>
      <ItemPrice>7.90</ItemPrice>
      <UnitOfMeasurePrice>3.95</UnitOfMeasurePrice>
      <AllowDiscount>1</AllowDiscount>
      <itemStatus>1</itemStatus>
      <LastUpdateDate />
      <LastUpdateTime />
    </Product>
    <Product>
      <PriceUpdateDate>2022/02/21 20:23</PriceUpdateDate>
      <ItemCode>7290000066226</ItemCode>
      <ItemType>1</ItemType>
      <ItemName>ביסלי פיצה גדול</ItemName>
      <ManufactureName>קבוצת אסם סחר</ManufactureName>
      <ManufactureCountry />
      <ManufactureItemDescription />
      <UnitQty>'יח</UnitQty>
      <Quantity>2</Quantity>
      <UnitMeasure>ל-100 גרם</UnitMeasure>
      <BisWeighted>0</BisWeighted>
      <QtyInPackage>1</QtyInPackage>
      <ItemPrice>7.90</ItemPrice>
      <UnitOfMeasurePrice>3.95</UnitOfMeasurePrice>
      <AllowDiscount>1</AllowDiscount>
      <itemStatus>1</itemStatus>
      <LastUpdateDate />
      <LastUpdateTime />
    </Product>
    <Product>
      <PriceUpdateDate>2022/07/24 18:01</PriceUpdateDate>
      <ItemCode>7290000066264</ItemCode>
      <ItemType>1</ItemType>
      <ItemName>חטיף דובונים</ItemName>
      <ManufactureName>קבוצת אסם סחר</ManufactureName>
      <ManufactureCountry />
      <ManufactureItemDescription />
      <UnitQty>'יח</UnitQty>
      <Quantity>0.40</Quantity>
      <UnitMeasure>ל-100 גרם</UnitMeasure>
      <BisWeighted>0</BisWeighted>
      <QtyInPackage>1</QtyInPackage>
      <ItemPrice>3.90</ItemPrice>
      <UnitOfMeasurePrice>9.75</UnitOfMeasurePrice>
      <AllowDiscount>1</AllowDiscount>
      <itemStatus>1</itemStatus>
      <LastUpdateDate />
      <LastUpdateTime />
    </Product>
    <Product>
      <PriceUpdateDate>2019/01/16 14:36</PriceUpdateDate>
      <ItemCode>7290000066295</ItemCode>
      <ItemType>1</ItemType>
      <ItemName>במבה מתוקה</ItemName>
      <ManufactureName>קבוצת אסם סחר</ManufactureName>
      <ManufactureCountry />
      <ManufactureItemDescription />
      <UnitQty>'יח</UnitQty>
      <Quantity>0.30</Quantity>
      <UnitMeasure>ל-100 גרם</UnitMeasure>
      <BisWeighted>0</BisWeighted>
      <QtyInPackage>1</QtyInPackage>
      <ItemPrice>2.70</ItemPrice>
      <UnitOfMeasurePrice>9</UnitOfMeasurePrice>
      <AllowDiscount>0</AllowDiscount>
      <itemStatus>1</itemStatus>
      <LastUpdateDate />
      <LastUpdateTime />
    </Product>
    <Product>
      <PriceUpdateDate>2022/07/24 18:01</PriceUpdateDate>
      <ItemCode>7290000066332</ItemCode>
      <ItemType>1</ItemType>
      <ItemName>אפרופו 50 גר`</ItemName>
      <ManufactureName>קבוצת אסם סחר</ManufactureName>
      <ManufactureCountry />
      <ManufactureItemDescription />
      <UnitQty>'יח</UnitQty>
      <Quantity>0.50</Quantity>
      <UnitMeasure>ל-100 גרם</UnitMeasure>
      <BisWeighted>0</BisWeighted>
      <QtyInPackage>1</QtyInPackage>
      <ItemPrice>3.90</ItemPrice>
      <UnitOfMeasurePrice>7.80</UnitOfMeasurePrice>
      <AllowDiscount>1</AllowDiscount>
      <itemStatus>1</itemStatus>
      <LastUpdateDate />
      <LastUpdateTime />
    </Product>
    <Product>
      <PriceUpdateDate>2019/01/16 14:36</PriceUpdateDate>
      <ItemCode>7290000066349</ItemCode>
      <ItemType>1</ItemType>
      <ItemName>אפרופו 100 גרם</ItemName>
      <ManufactureName>קבוצת אסם סחר</ManufactureName>
      <ManufactureCountry />
      <ManufactureItemDescription />
      <UnitQty>'יח</UnitQty>
      <Quantity>1</Quantity>
      <UnitMeasure>ל-100 גרם</UnitMeasure>
      <BisWeighted>0</BisWeighted>
      <QtyInPackage>1</QtyInPackage>
      <ItemPrice>7.90</ItemPrice>
      <UnitOfMeasurePrice>7.90</UnitOfMeasurePrice>
      <AllowDiscount>1</AllowDiscount>
      <itemStatus>1</itemStatus>
      <LastUpdateDate />
      <LastUpdateTime />
    </Product>
    <Product>
      <PriceUpdateDate>2022/07/24 18:01</PriceUpdateDate>
      <ItemCode>66431</ItemCode>
      <ItemType>0</ItemType>
      <ItemName>פופקו חטיף תירס 80 גרם</ItemName>
      <ManufactureName>קבוצת אסם סחר</ManufactureName>
      <ManufactureCountry />
      <ManufactureItemDescription />
      <UnitQty>'יח</UnitQty>
      <Quantity>0.80</Quantity>
      <UnitMeasure>ל-100 גרם</UnitMeasure>
      <BisWeighted>0</BisWeighted>
      <QtyInPackage>1</QtyInPackage>
      <ItemPrice>3.90</ItemPrice>
      <UnitOfMeasurePrice>4.88</UnitOfMeasurePrice>
      <AllowDiscount>1</AllowDiscount>
      <itemStatus>1</itemStatus>
      <LastUpdateDate />
      <LastUpdateTime />
    </Product>
    <Product>
      <PriceUpdateDate>2019/12/24 08:42</PriceUpdateDate>
      <ItemCode>7290000068138</ItemCode>
      <ItemType>1</ItemType>
      <ItemName>אינסטנט פודינג וניל 80 גרם</ItemName>
      <ManufactureName>קבוצת אסם סחר</ManufactureName>
      <ManufactureCountry />
      <ManufactureItemDescription />
      <UnitQty>'יח</UnitQty>
      <Quantity>8</Quantity>
      <UnitMeasure>ל-100 גרם</UnitMeasure>
      <BisWeighted>0</BisWeighted>
      <QtyInPackage>1</QtyInPackage>
      <ItemPrice>5.90</ItemPrice>
      <UnitOfMeasurePrice>0.74</UnitOfMeasurePrice>
      <AllowDiscount>1</AllowDiscount>
      <itemStatus>1</itemStatus>
      <LastUpdateDate />
      <LastUpdateTime />
    </Product>
    <Product>
      <PriceUpdateDate>2019/01/16 14:36</PriceUpdateDate>
      <ItemCode>7290000068190</ItemCode>
      <ItemType>1</ItemType>
      <ItemName>גלי תות שדה  90 גרם כשל"פ</ItemName>
      <ManufactureName>קבוצת אסם סחר</ManufactureName>
      <ManufactureCountry />
      <ManufactureItemDescription />
      <UnitQty>'יח</UnitQty>
      <Quantity>9</Quantity>
      <UnitMeasure>ל-100 גרם</UnitMeasure>
      <BisWeighted>0</BisWeighted>
      <QtyInPackage>1</QtyInPackage>
      <ItemPrice>6.90</ItemPrice>
      <UnitOfMeasurePrice>0.77</UnitOfMeasurePrice>
      <AllowDiscount>0</AllowDiscount>
      <itemStatus>1</itemStatus>
      <LastUpdateDate />
      <LastUpdateTime />
    </Product>
    <Product>
      <PriceUpdateDate>2019/01/16 14:36</PriceUpdateDate>
      <ItemCode>7290000068237</ItemCode>
      <ItemType>1</ItemType>
      <ItemName>ג`לי פטל  90 גרם כשל"פ</ItemName>
      <ManufactureName>קבוצת אסם סחר</ManufactureName>
      <ManufactureCountry />
      <ManufactureItemDescription />
      <UnitQty>'יח</UnitQty>
      <Quantity>9</Quantity>
      <UnitMeasure>ל-100 גרם</UnitMeasure>
      <BisWeighted>0</BisWeighted>
      <QtyInPackage>1</QtyInPackage>
      <ItemPrice>6.90</ItemPrice>
      <UnitOfMeasurePrice>0.77</UnitOfMeasurePrice>
      <AllowDiscount>0</AllowDiscount>
      <itemStatus>1</itemStatus>
      <LastUpdateDate />
      <LastUpdateTime />
    </Product>
    <Product>
      <PriceUpdateDate>2019/01/16 14:36</PriceUpdateDate>
      <ItemCode>68343</ItemCode>
      <ItemType>0</ItemType>
      <ItemName>פרכיות אורז</ItemName>
      <ManufactureName>קבוצת אסם סחר</ManufactureName>
      <ManufactureCountry />
      <ManufactureItemDescription />
      <UnitQty>'יח</UnitQty>
      <Quantity>1.40</Quantity>
      <UnitMeasure>ל-100 גרם</UnitMeasure>
      <BisWeighted>0</BisWeighted>
      <QtyInPackage>1</QtyInPackage>
      <ItemPrice>7.90</ItemPrice>
      <UnitOfMeasurePrice>5.64</UnitOfMeasurePrice>
      <AllowDiscount>0</AllowDiscount>
      <itemStatus>1</itemStatus>
      <LastUpdateDate />
      <LastUpdateTime />
    </Product>
    <Product>
      <PriceUpdateDate>2019/01/16 14:36</PriceUpdateDate>
      <ItemCode>69364</ItemCode>
      <ItemType>0</ItemType>
      <ItemName>פירכונים אורז</ItemName>
      <ManufactureName>קבוצת אסם סחר</ManufactureName>
      <ManufactureCountry />
      <ManufactureItemDescription />
      <UnitQty>'יח</UnitQty>
      <Quantity>1.40</Quantity>
      <UnitMeasure>ל-100 גרם</UnitMeasure>
      <BisWeighted>0</BisWeighted>
      <QtyInPackage>1</QtyInPackage>
      <ItemPrice>7.90</ItemPrice>
      <UnitOfMeasurePrice>5.64</UnitOfMeasurePrice>
      <AllowDiscount>0</AllowDiscount>
      <itemStatus>1</itemStatus>
      <LastUpdateDate />
      <LastUpdateTime />
    </Product>
    <Product>
      <PriceUpdateDate>2019/01/16 14:36</PriceUpdateDate>
      <ItemCode>69715</ItemCode>
      <ItemType>0</ItemType>
      <ItemName>חטיפי קרקר מלוח</ItemName>
      <ManufactureName>קבוצת אסם סחר</ManufactureName>
      <ManufactureCountry />
      <ManufactureItemDescription />
      <UnitQty>'יח</UnitQty>
      <Quantity>3</Quantity>
      <UnitMeasure>ל-100 גרם</UnitMeasure>
      <BisWeighted>0</BisWeighted>
      <QtyInPackage>1</QtyInPackage>
      <ItemPrice>11.90</ItemPrice>
      <UnitOfMeasurePrice>3.97</UnitOfMeasurePrice>
      <AllowDiscount>1</AllowDiscount>
      <itemStatus>1</itemStatus>
      <LastUpdateDate />
      <LastUpdateTime />
    </Product>
    <Product>
      <PriceUpdateDate>2019/07/03 08:47</PriceUpdateDate>
      <ItemCode>7290000070308</ItemCode>
      <ItemType>1</ItemType>
      <ItemName>מרק עוף אמיתי 400 גרם</ItemName>
      <ManufactureName>קבוצת אסם סחר</ManufactureName>
      <ManufactureCountry />
      <ManufactureItemDescription />
      <UnitQty>'יח</UnitQty>
      <Quantity>4</Quantity>
      <UnitMeasure>ל-100 גרם</UnitMeasure>
      <BisWeighted>0</BisWeighted>
      <QtyInPackage>1</QtyInPackage>
      <ItemPrice>19.90</ItemPrice>
      <UnitOfMeasurePrice>4.98</UnitOfMeasurePrice>
      <AllowDiscount>1</AllowDiscount>
      <itemStatus>1</itemStatus>
      <LastUpdateDate />
      <LastUpdateTime />
    </Product>
    <Product>
      <PriceUpdateDate>2019/07/03 08:47</PriceUpdateDate>
      <ItemCode>7290000070353</ItemCode>
      <ItemType>1</ItemType>
      <ItemName>אבקת מרק בצל 400 גרם</ItemName>
      <ManufactureName>קבוצת אסם סחר</ManufactureName>
      <ManufactureCountry />
      <ManufactureItemDescription />
      <UnitQty>'יח</UnitQty>
      <Quantity>4</Quantity>
      <UnitMeasure>ל-100 גרם</UnitMeasure>
      <BisWeighted>0</BisWeighted>
      <QtyInPackage>1</QtyInPackage>
      <ItemPrice>25.90</ItemPrice>
      <UnitOfMeasurePrice>6.48</UnitOfMeasurePrice>
      <AllowDiscount>1</AllowDiscount>
      <itemStatus>1</itemStatus>
      <LastUpdateDate />
      <LastUpdateTime />
    </Product>
    <Product>
      <PriceUpdateDate>2019/01/16 14:36</PriceUpdateDate>
      <ItemCode>7290000071008</ItemCode>
      <ItemType>1</ItemType>
      <ItemName>בייגלה שטוחים 60 גר`</ItemName>
      <ManufactureName>קבוצת אסם סחר</ManufactureName>
      <ManufactureCountry />
      <ManufactureItemDescription />
      <UnitQty>'יח</UnitQty>
      <Quantity>0.60</Quantity>
      <UnitMeasure>ל-100 גרם</UnitMeasure>
      <BisWeighted>0</BisWeighted>
      <QtyInPackage>1</QtyInPackage>
      <ItemPrice>3.10</ItemPrice>
      <UnitOfMeasurePrice>5.17</UnitOfMeasurePrice>
      <AllowDiscount>0</AllowDiscount>
      <itemStatus>1</itemStatus>
      <LastUpdateDate />
      <LastUpdateTime />
    </Product>
    <Product>
      <PriceUpdateDate>2022/07/24 18:01</PriceUpdateDate>
      <ItemCode>7290000072067</ItemCode>
      <ItemType>1</ItemType>
      <ItemName>במבה במילוי קרם חלבה</ItemName>
      <ManufactureName>קבוצת אסם סחר</ManufactureName>
      <ManufactureCountry />
      <ManufactureItemDescription />
      <UnitQty>'יח</UnitQty>
      <Quantity>0.60</Quantity>
      <UnitMeasure>ל-100 גרם</UnitMeasure>
      <BisWeighted>0</BisWeighted>
      <QtyInPackage>1</QtyInPackage>
      <ItemPrice>3.90</ItemPrice>
      <UnitOfMeasurePrice>6.50</UnitOfMeasurePrice>
      <AllowDiscount>1</AllowDiscount>
      <itemStatus>1</itemStatus>
      <LastUpdateDate />
      <LastUpdateTime />
    </Product>
    <Product>
      <PriceUpdateDate>2022/07/24 18:01</PriceUpdateDate>
      <ItemCode>72623</ItemCode>
      <ItemType>0</ItemType>
      <ItemName>קטשופ אסם 750 מ"ל</ItemName>
      <ManufactureName>קבוצת אסם סחר</ManufactureName>
      <ManufactureCountry />
      <ManufactureItemDescription />
      <UnitQty>'יח</UnitQty>
      <Quantity>7.50</Quantity>
      <UnitMeasure>ל-100 גרם</UnitMeasure>
      <BisWeighted>0</BisWeighted>
      <QtyInPackage>1</QtyInPackage>
      <ItemPrice>11.90</ItemPrice>
      <UnitOfMeasurePrice>1.59</UnitOfMeasurePrice>
      <AllowDiscount>1</AllowDiscount>
      <itemStatus>1</itemStatus>
      <LastUpdateDate />
      <LastUpdateTime />
    </Product>
    <Product>
      <PriceUpdateDate>2021/03/09 16:41</PriceUpdateDate>
      <ItemCode>72753</ItemCode>
      <ItemType>0</ItemType>
      <ItemName>טסטר ציויס 200 גרם</ItemName>
      <ManufactureName>קבוצת אסם סחר</ManufactureName>
      <ManufactureCountry />
      <ManufactureItemDescription />
      <UnitQty>'יח</UnitQty>
      <Quantity>2</Quantity>
      <UnitMeasure>ל-100 גרם</UnitMeasure>
      <BisWeighted>0</BisWeighted>
      <QtyInPackage>1</QtyInPackage>
      <ItemPrice>29.90</ItemPrice>
      <UnitOfMeasurePrice>14.95</UnitOfMeasurePrice>
      <AllowDiscount>0</AllowDiscount>
      <itemStatus>1</itemStatus>
      <LastUpdateDate />
      <LastUpdateTime />
    </Product>
    <Product>
      <PriceUpdateDate>2022/07/24 18:01</PriceUpdateDate>
      <ItemCode>72968</ItemCode>
      <ItemType>0</ItemType>
      <ItemName>סיני מיניס מפלצות 500 גר`</ItemName>
      <ManufactureName>קבוצת אסם סחר</ManufactureName>
      <ManufactureCountry />
      <ManufactureItemDescription />
      <UnitQty>'יח</UnitQty>
      <Quantity>5</Quantity>
      <UnitMeasure>ל-100 גרם</UnitMeasure>
      <BisWeighted>0</BisWeighted>
      <QtyInPackage>1</QtyInPackage>
      <ItemPrice>19.90</ItemPrice>
      <UnitOfMeasurePrice>3.98</UnitOfMeasurePrice>
      <AllowDiscount>1</AllowDiscount>
      <itemStatus>1</itemStatus>
      <LastUpdateDate />
      <LastUpdateTime />
    </Product>
    <Product>
      <PriceUpdateDate>2019/01/16 14:36</PriceUpdateDate>
      <ItemCode>7290000073415</ItemCode>
      <ItemType>1</ItemType>
      <ItemName>מנה חמה פסטה ברוטב פיצה</ItemName>
      <ManufactureName>קבוצת אסם סחר</ManufactureName>
      <ManufactureCountry />
      <ManufactureItemDescription />
      <UnitQty>'יח</UnitQty>
      <Quantity>6.10</Quantity>
      <UnitMeasure>ל-100 גרם</UnitMeasure>
      <BisWeighted>0</BisWeighted>
      <QtyInPackage>1</QtyInPackage>
      <ItemPrice>6.90</ItemPrice>
      <UnitOfMeasurePrice>1.13</UnitOfMeasurePrice>
      <AllowDiscount>1</AllowDiscount>
      <itemStatus>1</itemStatus>
      <LastUpdateDate />
      <LastUpdateTime />
    </Product>
    <Product>
      <PriceUpdateDate>2019/01/16 14:36</PriceUpdateDate>
      <ItemCode>7290000073767</ItemCode>
      <ItemType>1</ItemType>
      <ItemName>מנה חמה נודלסאטריות +ירקות טעם</ItemName>
      <ManufactureName>קבוצת אסם סחר</ManufactureName>
      <ManufactureCountry />
      <ManufactureItemDescription />
      <UnitQty>'יח</UnitQty>
      <Quantity>7</Quantity>
      <UnitMeasure>ל-100 גרם</UnitMeasure>
      <BisWeighted>0</BisWeighted>
      <QtyInPackage>1</QtyInPackage>
      <ItemPrice>6.90</ItemPrice>
      <UnitOfMeasurePrice>0.99</UnitOfMeasurePrice>
      <AllowDiscount>1</AllowDiscount>
      <itemStatus>1</itemStatus>
      <LastUpdateDate />
      <LastUpdateTime />
    </Product>
    <Product>
      <PriceUpdateDate>2019/01/16 14:36</PriceUpdateDate>
      <ItemCode>7290000073774</ItemCode>
      <ItemType>1</ItemType>
      <ItemName>מנה חמה נודלס אטריות+ירקות טעם 71 גרם</ItemName>
      <ManufactureName>קבוצת אסם סחר</ManufactureName>
      <ManufactureCountry />
      <ManufactureItemDescription />
      <UnitQty>'יח</UnitQty>
      <Quantity>7.10</Quantity>
      <UnitMeasure>ל-100 גרם</UnitMeasure>
      <BisWeighted>0</BisWeighted>
      <QtyInPackage>1</QtyInPackage>
      <ItemPrice>6.90</ItemPrice>
      <UnitOfMeasurePrice>0.97</UnitOfMeasurePrice>
      <AllowDiscount>1</AllowDiscount>
      <itemStatus>1</itemStatus>
      <LastUpdateDate />
      <LastUpdateTime />
    </Product>
    <Product>
      <PriceUpdateDate>2020/02/19 08:44</PriceUpdateDate>
      <ItemCode>7290000074153</ItemCode>
      <ItemType>1</ItemType>
      <ItemName>פתי בר-שוקו 500 גר`</ItemName>
      <ManufactureName>קבוצת אסם סחר</ManufactureName>
      <ManufactureCountry />
      <ManufactureItemDescription />
      <UnitQty>'יח</UnitQty>
      <Quantity>5</Quantity>
      <UnitMeasure>ל-100 גרם</UnitMeasure>
      <BisWeighted>0</BisWeighted>
      <QtyInPackage>1</QtyInPackage>
      <ItemPrice>11.90</ItemPrice>
      <UnitOfMeasurePrice>2.38</UnitOfMeasurePrice>
      <AllowDiscount>1</AllowDiscount>
      <itemStatus>1</itemStatus>
      <LastUpdateDate />
      <LastUpdateTime />
    </Product>
    <Product>
      <PriceUpdateDate>2020/11/25 12:59</PriceUpdateDate>
      <ItemCode>7290000074184</ItemCode>
      <ItemType>1</ItemType>
      <ItemName>פתי בר קלאסי 500 גרם</ItemName>
      <ManufactureName>קבוצת אסם סחר</ManufactureName>
      <ManufactureCountry />
      <ManufactureItemDescription />
      <UnitQty>'יח</UnitQty>
      <Quantity>5</Quantity>
      <UnitMeasure>ל-100 גרם</UnitMeasure>
      <BisWeighted>0</BisWeighted>
      <QtyInPackage>1</QtyInPackage>
      <ItemPrice>10.90</ItemPrice>
      <UnitOfMeasurePrice>2.18</UnitOfMeasurePrice>
      <AllowDiscount>1</AllowDiscount>
      <itemStatus>1</itemStatus>
      <LastUpdateDate />
      <LastUpdateTime />
    </Product>
    <Product>
      <PriceUpdateDate>2022/07/24 18:01</PriceUpdateDate>
      <ItemCode>7290000074252</ItemCode>
      <ItemType>1</ItemType>
      <ItemName>קרקר שומשום 250 גר`</ItemName>
      <ManufactureName>קבוצת אסם סחר</ManufactureName>
      <ManufactureCountry />
      <ManufactureItemDescription />
      <UnitQty>'יח</UnitQty>
      <Quantity>2.50</Quantity>
      <UnitMeasure>ל-100 גרם</UnitMeasure>
      <BisWeighted>0</BisWeighted>
      <QtyInPackage>1</QtyInPackage>
      <ItemPrice>9.90</ItemPrice>
      <UnitOfMeasurePrice>3.96</UnitOfMeasurePrice>
      <AllowDiscount>1</AllowDiscount>
      <itemStatus>1</itemStatus>
      <LastUpdateDate />
      <LastUpdateTime />
    </Product>
    <Product>
      <PriceUpdateDate>2022/07/24 18:01</PriceUpdateDate>
      <ItemCode>7290000074276</ItemCode>
      <ItemType>1</ItemType>
      <ItemName>טבעון קרקר</ItemName>
      <ManufactureName>קבוצת אסם סחר</ManufactureName>
      <ManufactureCountry />
      <ManufactureItemDescription />
      <UnitQty>'יח</UnitQty>
      <Quantity>2.50</Quantity>
      <UnitMeasure>ל-100 גרם</UnitMeasure>
      <BisWeighted>0</BisWeighted>
      <QtyInPackage>1</QtyInPackage>
      <ItemPrice>9.90</ItemPrice>
      <UnitOfMeasurePrice>3.96</UnitOfMeasurePrice>
      <AllowDiscount>1</AllowDiscount>
      <itemStatus>1</itemStatus>
      <LastUpdateDate />
      <LastUpdateTime />
    </Product>
    <Product>
      <PriceUpdateDate>2022/07/24 18:01</PriceUpdateDate>
      <ItemCode>7290000074375</ItemCode>
      <ItemType>1</ItemType>
      <ItemName>קרקר זהב 150 גרם</ItemName>
      <ManufactureName>קבוצת אסם סחר</ManufactureName>
      <ManufactureCountry />
      <ManufactureItemDescription />
      <UnitQty>'יח</UnitQty>
      <Quantity>1.50</Quantity>
      <UnitMeasure>ל-100 גרם</UnitMeasure>
      <BisWeighted>0</BisWeighted>
      <QtyInPackage>1</QtyInPackage>
      <ItemPrice>9.90</ItemPrice>
      <UnitOfMeasurePrice>6.60</UnitOfMeasurePrice>
      <AllowDiscount>1</AllowDiscount>
      <itemStatus>1</itemStatus>
      <LastUpdateDate />
      <LastUpdateTime />
    </Product>
    <Product>
      <PriceUpdateDate>2019/01/16 14:36</PriceUpdateDate>
      <ItemCode>7290000074481</ItemCode>
      <ItemType>1</ItemType>
      <ItemName>לחמית אגוזים 160 גר`</ItemName>
      <ManufactureName>קבוצת אסם סחר</ManufactureName>
      <ManufactureCountry />
      <ManufactureItemDescription />
      <UnitQty>'יח</UnitQty>
      <Quantity>1.60</Quantity>
      <UnitMeasure>ל-100 גרם</UnitMeasure>
      <BisWeighted>0</BisWeighted>
      <QtyInPackage>1</QtyInPackage>
      <ItemPrice>9.90</ItemPrice>
      <UnitOfMeasurePrice>6.19</UnitOfMeasurePrice>
      <AllowDiscount>1</AllowDiscount>
      <itemStatus>1</itemStatus>
      <LastUpdateDate />
      <LastUpdateTime />
    </Product>
    <Product>
      <PriceUpdateDate>2020/08/20 08:07</PriceUpdateDate>
      <ItemCode>7290000074696</ItemCode>
      <ItemType>1</ItemType>
      <ItemName>קרם קרקר 1 קג</ItemName>
      <ManufactureName>קבוצת אסם סחר</ManufactureName>
      <ManufactureCountry />
      <ManufactureItemDescription />
      <UnitQty>'יח</UnitQty>
      <Quantity>10</Quantity>
      <UnitMeasure>ל-100 גרם</UnitMeasure>
      <BisWeighted>0</BisWeighted>
      <QtyInPackage>1</QtyInPackage>
      <ItemPrice>24.90</ItemPrice>
      <UnitOfMeasurePrice>2.49</UnitOfMeasurePrice>
      <AllowDiscount>1</AllowDiscount>
      <itemStatus>1</itemStatus>
      <LastUpdateDate />
      <LastUpdateTime />
    </Product>
    <Product>
      <PriceUpdateDate>2019/07/03 08:47</PriceUpdateDate>
      <ItemCode>7290000074764</ItemCode>
      <ItemType>1</ItemType>
      <ItemName>קרקר זהב 150*6</ItemName>
      <ManufactureName>קבוצת אסם סחר</ManufactureName>
      <ManufactureCountry />
      <ManufactureItemDescription />
      <UnitQty>'יח</UnitQty>
      <Quantity>9</Quantity>
      <UnitMeasure>ל-100 גרם</UnitMeasure>
      <BisWeighted>0</BisWeighted>
      <QtyInPackage>1</QtyInPackage>
      <ItemPrice>27.90</ItemPrice>
      <UnitOfMeasurePrice>3.10</UnitOfMeasurePrice>
      <AllowDiscount>1</AllowDiscount>
      <itemStatus>1</itemStatus>
      <LastUpdateDate />
      <LastUpdateTime />
    </Product>
    <Product>
      <PriceUpdateDate>2022/07/24 18:01</PriceUpdateDate>
      <ItemCode>7290000075204</ItemCode>
      <ItemType>1</ItemType>
      <ItemName>לחמית קרקר חיטה מלאה</ItemName>
      <ManufactureName>קבוצת אסם סחר</ManufactureName>
      <ManufactureCountry />
      <ManufactureItemDescription />
      <UnitQty>'יח</UnitQty>
      <Quantity>2.50</Quantity>
      <UnitMeasure>ל-100 גרם</UnitMeasure>
      <BisWeighted>0</BisWeighted>
      <QtyInPackage>1</QtyInPackage>
      <ItemPrice>9.90</ItemPrice>
      <UnitOfMeasurePrice>3.96</UnitOfMeasurePrice>
      <AllowDiscount>1</AllowDiscount>
      <itemStatus>1</itemStatus>
      <LastUpdateDate />
      <LastUpdateTime />
    </Product>
    <Product>
      <PriceUpdateDate>2019/07/03 08:47</PriceUpdateDate>
      <ItemCode>7290000075693</ItemCode>
      <ItemType>1</ItemType>
      <ItemName>עוגת בריוש שוקלד</ItemName>
      <ManufactureName>קבוצת אסם סחר</ManufactureName>
      <ManufactureCountry />
      <ManufactureItemDescription />
      <UnitQty>'יח</UnitQty>
      <Quantity>3.60</Quantity>
      <UnitMeasure>ל-100 גרם</UnitMeasure>
      <BisWeighted>0</BisWeighted>
      <QtyInPackage>1</QtyInPackage>
      <ItemPrice>16.90</ItemPrice>
      <UnitOfMeasurePrice>4.69</UnitOfMeasurePrice>
      <AllowDiscount>0</AllowDiscount>
      <itemStatus>1</itemStatus>
      <LastUpdateDate />
      <LastUpdateTime />
    </Product>
    <Product>
      <PriceUpdateDate>2019/07/03 08:47</PriceUpdateDate>
      <ItemCode>7290000076126</ItemCode>
      <ItemType>1</ItemType>
      <ItemName>בייגלה שמניות 80 גר`</ItemName>
      <ManufactureName>קבוצת אסם סחר</ManufactureName>
      <ManufactureCountry />
      <ManufactureItemDescription />
      <UnitQty>'יח</UnitQty>
      <Quantity>0.80</Quantity>
      <UnitMeasure>ל-100 גרם</UnitMeasure>
      <BisWeighted>0</BisWeighted>
      <QtyInPackage>1</QtyInPackage>
      <ItemPrice>2.90</ItemPrice>
      <UnitOfMeasurePrice>3.63</UnitOfMeasurePrice>
      <AllowDiscount>0</AllowDiscount>
      <itemStatus>1</itemStatus>
      <LastUpdateDate />
      <LastUpdateTime />
    </Product>
    <Product>
      <PriceUpdateDate>2019/12/24 08:42</PriceUpdateDate>
      <ItemCode>7290000076133</ItemCode>
      <ItemType>1</ItemType>
      <ItemName>בייגלה שמניות</ItemName>
      <ManufactureName>קבוצת אסם סחר</ManufactureName>
      <ManufactureCountry />
      <ManufactureItemDescription />
      <UnitQty>'יח</UnitQty>
      <Quantity>4</Quantity>
      <UnitMeasure>ל-100 גרם</UnitMeasure>
      <BisWeighted>0</BisWeighted>
      <QtyInPackage>1</QtyInPackage>
      <ItemPrice>9.90</ItemPrice>
      <UnitOfMeasurePrice>2.48</UnitOfMeasurePrice>
      <AllowDiscount>1</AllowDiscount>
      <itemStatus>1</itemStatus>
      <LastUpdateDate />
      <LastUpdateTime />
    </Product>
    <Product>
      <PriceUpdateDate>2019/01/16 14:36</PriceUpdateDate>
      <ItemCode>7290000077253</ItemCode>
      <ItemType>1</ItemType>
      <ItemName>לחמית כפרית 190 גרם</ItemName>
      <ManufactureName>קבוצת אסם סחר</ManufactureName>
      <ManufactureCountry />
      <ManufactureItemDescription />
      <UnitQty>'יח</UnitQty>
      <Quantity>1.90</Quantity>
      <UnitMeasure>ל-100 גרם</UnitMeasure>
      <BisWeighted>0</BisWeighted>
      <QtyInPackage>1</QtyInPackage>
      <ItemPrice>9.90</ItemPrice>
      <UnitOfMeasurePrice>5.21</UnitOfMeasurePrice>
      <AllowDiscount>1</AllowDiscount>
      <itemStatus>1</itemStatus>
      <LastUpdateDate />
      <LastUpdateTime />
    </Product>
    <Product>
      <PriceUpdateDate>2022/07/24 18:01</PriceUpdateDate>
      <ItemCode>7290000077925</ItemCode>
      <ItemType>1</ItemType>
      <ItemName>טוסטעים צנימים</ItemName>
      <ManufactureName>קבוצת אסם סחר</ManufactureName>
      <ManufactureCountry />
      <ManufactureItemDescription />
      <UnitQty>'יח</UnitQty>
      <Quantity>1</Quantity>
      <UnitMeasure>ל-100 גרם</UnitMeasure>
      <BisWeighted>0</BisWeighted>
      <QtyInPackage>1</QtyInPackage>
      <ItemPrice>9.90</ItemPrice>
      <UnitOfMeasurePrice>9.90</UnitOfMeasurePrice>
      <AllowDiscount>1</AllowDiscount>
      <itemStatus>1</itemStatus>
      <LastUpdateDate />
      <LastUpdateTime />
    </Product>
    <Product>
      <PriceUpdateDate>2022/03/16 09:02</PriceUpdateDate>
      <ItemCode>7290000078212</ItemCode>
      <ItemType>1</ItemType>
      <ItemName>קרטונים מתובלים</ItemName>
      <ManufactureName>קבוצת אסם סחר</ManufactureName>
      <ManufactureCountry />
      <ManufactureItemDescription />
      <UnitQty>'יח</UnitQty>
      <Quantity>2.50</Quantity>
      <UnitMeasure>ל-100 גרם</UnitMeasure>
      <BisWeighted>0</BisWeighted>
      <QtyInPackage>1</QtyInPackage>
      <ItemPrice>13.90</ItemPrice>
      <UnitOfMeasurePrice>5.56</UnitOfMeasurePrice>
      <AllowDiscount>0</AllowDiscount>
      <itemStatus>1</itemStatus>
      <LastUpdateDate />
      <LastUpdateTime />
    </Product>
    <Product>
      <PriceUpdateDate>2021/08/05 16:09</PriceUpdateDate>
      <ItemCode>78762</ItemCode>
      <ItemType>0</ItemType>
      <ItemName>חטיפי פרכונים מאורז מלא דבש</ItemName>
      <ManufactureName>קבוצת אסם סחר</ManufactureName>
      <ManufactureCountry />
      <ManufactureItemDescription />
      <UnitQty>'יח</UnitQty>
      <Quantity>1</Quantity>
      <UnitMeasure>ל-100 גרם</UnitMeasure>
      <BisWeighted>0</BisWeighted>
      <QtyInPackage>1</QtyInPackage>
      <ItemPrice>6.90</ItemPrice>
      <UnitOfMeasurePrice>6.90</UnitOfMeasurePrice>
      <AllowDiscount>0</AllowDiscount>
      <itemStatus>1</itemStatus>
      <LastUpdateDate />
      <LastUpdateTime />
    </Product>
    <Product>
      <PriceUpdateDate>2022/07/24 18:01</PriceUpdateDate>
      <ItemCode>7290000080765</ItemCode>
      <ItemType>1</ItemType>
      <ItemName>טוסטעים פת שומשו</ItemName>
      <ManufactureName>קבוצת אסם סחר</ManufactureName>
      <ManufactureCountry />
      <ManufactureItemDescription />
      <UnitQty>'יח</UnitQty>
      <Quantity>1</Quantity>
      <UnitMeasure>ל-100 גרם</UnitMeasure>
      <BisWeighted>0</BisWeighted>
      <QtyInPackage>1</QtyInPackage>
      <ItemPrice>9.90</ItemPrice>
      <UnitOfMeasurePrice>9.90</UnitOfMeasurePrice>
      <AllowDiscount>1</AllowDiscount>
      <itemStatus>1</itemStatus>
      <LastUpdateDate />
      <LastUpdateTime />
    </Product>
    <Product>
      <PriceUpdateDate>2019/12/24 08:42</PriceUpdateDate>
      <ItemCode>7290000081663</ItemCode>
      <ItemType>1</ItemType>
      <ItemName>בייגלה טבעות</ItemName>
      <ManufactureName>קבוצת אסם סחר</ManufactureName>
      <ManufactureCountry />
      <ManufactureItemDescription />
      <UnitQty>'יח</UnitQty>
      <Quantity>3</Quantity>
      <UnitMeasure>ל-100 גרם</UnitMeasure>
      <BisWeighted>0</BisWeighted>
      <QtyInPackage>1</QtyInPackage>
      <ItemPrice>9.90</ItemPrice>
      <UnitOfMeasurePrice>3.30</UnitOfMeasurePrice>
      <AllowDiscount>1</AllowDiscount>
      <itemStatus>1</itemStatus>
      <LastUpdateDate />
      <LastUpdateTime />
    </Product>
    <Product>
      <PriceUpdateDate>2019/06/12 08:19</PriceUpdateDate>
      <ItemCode>85166</ItemCode>
      <ItemType>0</ItemType>
      <ItemName>גטניו פתי בר וניל 400 גר`</ItemName>
      <ManufactureName>מ.ד אטיאס סוכנויות מזון בע`מ</ManufactureName>
      <ManufactureCountry />
      <ManufactureItemDescription />
      <UnitQty>'יח</UnitQty>
      <Quantity>4</Quantity>
      <UnitMeasure>ל-100 גרם</UnitMeasure>
      <BisWeighted>0</BisWeighted>
      <QtyInPackage>1</QtyInPackage>
      <ItemPrice>7.90</ItemPrice>
      <UnitOfMeasurePrice>1.98</UnitOfMeasurePrice>
      <AllowDiscount>0</AllowDiscount>
      <itemStatus>1</itemStatus>
      <LastUpdateDate />
      <LastUpdateTime />
    </Product>
    <Product>
      <PriceUpdateDate>2019/07/03 08:47</PriceUpdateDate>
      <ItemCode>85173</ItemCode>
      <ItemType>0</ItemType>
      <ItemName>גטניו בר שוקו 400 גר`</ItemName>
      <ManufactureName>מ.ד אטיאס סוכנויות מזון בע`מ</ManufactureName>
      <ManufactureCountry />
      <ManufactureItemDescription />
      <UnitQty>'יח</UnitQty>
      <Quantity>4</Quantity>
      <UnitMeasure>ל-100 גרם</UnitMeasure>
      <BisWeighted>0</BisWeighted>
      <QtyInPackage>1</QtyInPackage>
      <ItemPrice>7.90</ItemPrice>
      <UnitOfMeasurePrice>1.98</UnitOfMeasurePrice>
      <AllowDiscount>0</AllowDiscount>
      <itemStatus>1</itemStatus>
      <LastUpdateDate />
      <LastUpdateTime />
    </Product>
    <Product>
      <PriceUpdateDate>2019/01/16 14:36</PriceUpdateDate>
      <ItemCode>100128</ItemCode>
      <ItemType>0</ItemType>
      <ItemName>מיקס פירות קפואים</ItemName>
      <ManufactureName>תנובה מרכז שיתופי לשיווק תוצרת</ManufactureName>
      <ManufactureCountry />
      <ManufactureItemDescription />
      <UnitQty>'יח</UnitQty>
      <Quantity>3</Quantity>
      <UnitMeasure>ל-100 גרם</UnitMeasure>
      <BisWeighted>0</BisWeighted>
      <QtyInPackage>1</QtyInPackage>
      <ItemPrice>16.90</ItemPrice>
      <UnitOfMeasurePrice>5.63</UnitOfMeasurePrice>
      <AllowDiscount>1</AllowDiscount>
      <itemStatus>1</itemStatus>
      <LastUpdateDate />
      <LastUpdateTime />
    </Product>
    <Product>
      <PriceUpdateDate>2019/01/16 14:36</PriceUpdateDate>
      <ItemCode>101927</ItemCode>
      <ItemType>0</ItemType>
      <ItemName>אוכמניות כחולות מוקפא</ItemName>
      <ManufactureName>תנובה מרכז שיתופי לשיווק תוצרת</ManufactureName>
      <ManufactureCountry />
      <ManufactureItemDescription />
      <UnitQty>'יח</UnitQty>
      <Quantity>3</Quantity>
      <UnitMeasure>ל-100 גרם</UnitMeasure>
      <BisWeighted>0</BisWeighted>
      <QtyInPackage>1</QtyInPackage>
      <ItemPrice>16.90</ItemPrice>
      <UnitOfMeasurePrice>5.63</UnitOfMeasurePrice>
      <AllowDiscount>1</AllowDiscount>
      <itemStatus>1</itemStatus>
      <LastUpdateDate />
      <LastUpdateTime />
    </Product>
    <Product>
      <PriceUpdateDate>2020/10/18 13:03</PriceUpdateDate>
      <ItemCode>7290000103365</ItemCode>
      <ItemType>1</ItemType>
      <ItemName>מרק ירקות 550 גרם</ItemName>
      <ManufactureName>תנובה מרכז שיתופי לשיווק תוצרת</ManufactureName>
      <ManufactureCountry />
      <ManufactureItemDescription />
      <UnitQty>'יח</UnitQty>
      <Quantity>5.50</Quantity>
      <UnitMeasure>ל-100 גרם</UnitMeasure>
      <BisWeighted>0</BisWeighted>
      <QtyInPackage>1</QtyInPackage>
      <ItemPrice>17.90</ItemPrice>
      <UnitOfMeasurePrice>3.25</UnitOfMeasurePrice>
      <AllowDiscount>0</AllowDiscount>
      <itemStatus>1</itemStatus>
      <LastUpdateDate />
      <LastUpdateTime />
    </Product>
    <Product>
      <PriceUpdateDate>2019/01/16 14:36</PriceUpdateDate>
      <ItemCode>7290000103433</ItemCode>
      <ItemType>1</ItemType>
      <ItemName>לקט ירקות לתנור 800 גרם</ItemName>
      <ManufactureName>תנובה מרכז שיתופי לשיווק תוצרת</ManufactureName>
      <ManufactureCountry />
      <ManufactureItemDescription />
      <UnitQty>'יח</UnitQty>
      <Quantity>8</Quantity>
      <UnitMeasure>ל-100 גרם</UnitMeasure>
      <BisWeighted>0</BisWeighted>
      <QtyInPackage>1</QtyInPackage>
      <ItemPrice>24.50</ItemPrice>
      <UnitOfMeasurePrice>3.06</UnitOfMeasurePrice>
      <AllowDiscount>1</AllowDiscount>
      <itemStatus>1</itemStatus>
      <LastUpdateDate />
      <LastUpdateTime />
    </Product>
    <Product>
      <PriceUpdateDate>2022/01/31 13:59</PriceUpdateDate>
      <ItemCode>7290000103488</ItemCode>
      <ItemType>1</ItemType>
      <ItemName>ארטישוק ירושלמי 400 גרם</ItemName>
      <ManufactureName>תנובה מרכז שיתופי לשיווק תוצרת</ManufactureName>
      <ManufactureCountry />
      <ManufactureItemDescription />
      <UnitQty>'יח</UnitQty>
      <Quantity>4</Quantity>
      <UnitMeasure>ל-100 גרם</UnitMeasure>
      <BisWeighted>0</BisWeighted>
      <QtyInPackage>1</QtyInPackage>
      <ItemPrice>19.90</ItemPrice>
      <UnitOfMeasurePrice>4.98</UnitOfMeasurePrice>
      <AllowDiscount>1</AllowDiscount>
      <itemStatus>1</itemStatus>
      <LastUpdateDate />
      <LastUpdateTime />
    </Product>
    <Product>
      <PriceUpdateDate>2020/11/10 20:13</PriceUpdateDate>
      <ItemCode>7290000103815</ItemCode>
      <ItemType>1</ItemType>
      <ItemName>לקט להקפצה תאילנדי 800 גרם</ItemName>
      <ManufactureName>תנובה מרכז שיתופי לשיווק תוצרת</ManufactureName>
      <ManufactureCountry />
      <ManufactureItemDescription />
      <UnitQty>'יח</UnitQty>
      <Quantity>8</Quantity>
      <UnitMeasure>ל-100 גרם</UnitMeasure>
      <BisWeighted>0</BisWeighted>
      <QtyInPackage>1</QtyInPackage>
      <ItemPrice>21.90</ItemPrice>
      <UnitOfMeasurePrice>2.74</UnitOfMeasurePrice>
      <AllowDiscount>1</AllowDiscount>
      <itemStatus>1</itemStatus>
      <LastUpdateDate />
      <LastUpdateTime />
    </Product>
    <Product>
      <PriceUpdateDate>2019/07/03 08:47</PriceUpdateDate>
      <ItemCode>7290000103839</ItemCode>
      <ItemType>1</ItemType>
      <ItemName>מרק כתום 570 גרם</ItemName>
      <ManufactureName>תנובה מרכז שיתופי לשיווק תוצרת</ManufactureName>
      <ManufactureCountry />
      <ManufactureItemDescription />
      <UnitQty>'יח</UnitQty>
      <Quantity>5.70</Quantity>
      <UnitMeasure>ל-100 גרם</UnitMeasure>
      <BisWeighted>0</BisWeighted>
      <QtyInPackage>1</QtyInPackage>
      <ItemPrice>17.90</ItemPrice>
      <UnitOfMeasurePrice>3.14</UnitOfMeasurePrice>
      <AllowDiscount>0</AllowDiscount>
      <itemStatus>1</itemStatus>
      <LastUpdateDate />
      <LastUpdateTime />
    </Product>
    <Product>
      <PriceUpdateDate>2019/07/03 08:47</PriceUpdateDate>
      <ItemCode>7290000103846</ItemCode>
      <ItemType>1</ItemType>
      <ItemName>מרק אפונה 570 גרם</ItemName>
      <ManufactureName>תנובה מרכז שיתופי לשיווק תוצרת</ManufactureName>
      <ManufactureCountry />
      <ManufactureItemDescription />
      <UnitQty>'יח</UnitQty>
      <Quantity>5.70</Quantity>
      <UnitMeasure>ל-100 גרם</UnitMeasure>
      <BisWeighted>0</BisWeighted>
      <QtyInPackage>1</QtyInPackage>
      <ItemPrice>17.90</ItemPrice>
      <UnitOfMeasurePrice>3.14</UnitOfMeasurePrice>
      <AllowDiscount>0</AllowDiscount>
      <itemStatus>1</itemStatus>
      <LastUpdateDate />
      <LastUpdateTime />
    </Product>
    <Product>
      <PriceUpdateDate>2019/07/03 08:47</PriceUpdateDate>
      <ItemCode>7290000103860</ItemCode>
      <ItemType>1</ItemType>
      <ItemName>מרק עדשים 570 גרם</ItemName>
      <ManufactureName>תנובה מרכז שיתופי לשיווק תוצרת</ManufactureName>
      <ManufactureCountry />
      <ManufactureItemDescription />
      <UnitQty>'יח</UnitQty>
      <Quantity>5.70</Quantity>
      <UnitMeasure>ל-100 גרם</UnitMeasure>
      <BisWeighted>0</BisWeighted>
      <QtyInPackage>1</QtyInPackage>
      <ItemPrice>17.90</ItemPrice>
      <UnitOfMeasurePrice>3.14</UnitOfMeasurePrice>
      <AllowDiscount>0</AllowDiscount>
      <itemStatus>1</itemStatus>
      <LastUpdateDate />
      <LastUpdateTime />
    </Product>
    <Product>
      <PriceUpdateDate>2019/10/16 13:11</PriceUpdateDate>
      <ItemCode>104201</ItemCode>
      <ItemType>0</ItemType>
      <ItemName>אפונה עדינה קפואה 600 גרם</ItemName>
      <ManufactureName>תנובה מרכז שיתופי לשיווק תוצרת</ManufactureName>
      <ManufactureCountry />
      <ManufactureItemDescription />
      <UnitQty>'יח</UnitQty>
      <Quantity>6</Quantity>
      <UnitMeasure>ל-100 גרם</UnitMeasure>
      <BisWeighted>0</BisWeighted>
      <QtyInPackage>1</QtyInPackage>
      <ItemPrice>17.90</ItemPrice>
      <UnitOfMeasurePrice>2.98</UnitOfMeasurePrice>
      <AllowDiscount>1</AllowDiscount>
      <itemStatus>1</itemStatus>
      <LastUpdateDate />
      <LastUpdateTime />
    </Product>
    <Product>
      <PriceUpdateDate>2022/01/31 13:59</PriceUpdateDate>
      <ItemCode>7290000104218</ItemCode>
      <ItemType>1</ItemType>
      <ItemName>במיה 600 גרם</ItemName>
      <ManufactureName>תנובה מרכז שיתופי לשיווק תוצרת</ManufactureName>
      <ManufactureCountry />
      <ManufactureItemDescription />
      <UnitQty>'יח</UnitQty>
      <Quantity>6</Quantity>
      <UnitMeasure>ל-100 גרם</UnitMeasure>
      <BisWeighted>0</BisWeighted>
      <QtyInPackage>1</QtyInPackage>
      <ItemPrice>15.90</ItemPrice>
      <UnitOfMeasurePrice>2.65</UnitOfMeasurePrice>
      <AllowDiscount>1</AllowDiscount>
      <itemStatus>1</itemStatus>
      <LastUpdateDate />
      <LastUpdateTime />
    </Product>
    <Product>
      <PriceUpdateDate>2019/07/03 08:47</PriceUpdateDate>
      <ItemCode>7290000104676</ItemCode>
      <ItemType>1</ItemType>
      <ItemName>אפונת גינה מוקפאת 800 גרם</ItemName>
      <ManufactureName>תנובה מרכז שיתופי לשיווק תוצרת</ManufactureName>
      <ManufactureCountry />
      <ManufactureItemDescription />
      <UnitQty>'יח</UnitQty>
      <Quantity>8</Quantity>
      <UnitMeasure>ל-100 גרם</UnitMeasure>
      <BisWeighted>0</BisWeighted>
      <QtyInPackage>1</QtyInPackage>
      <ItemPrice>16.90</ItemPrice>
      <UnitOfMeasurePrice>2.11</UnitOfMeasurePrice>
      <AllowDiscount>1</AllowDiscount>
      <itemStatus>1</itemStatus>
      <LastUpdateDate />
      <LastUpdateTime />
    </Product>
    <Product>
      <PriceUpdateDate>2019/06/26 16:33</PriceUpdateDate>
      <ItemCode>7290000104683</ItemCode>
      <ItemType>1</ItemType>
      <ItemName>שעועית ירוקה שלמה מוקפאת 800 גרם</ItemName>
      <ManufactureName>תנובה מרכז שיתופי לשיווק תוצרת</ManufactureName>
      <ManufactureCountry />
      <ManufactureItemDescription />
      <UnitQty>'יח</UnitQty>
      <Quantity>8</Quantity>
      <UnitMeasure>ל-100 גרם</UnitMeasure>
      <BisWeighted>0</BisWeighted>
      <QtyInPackage>1</QtyInPackage>
      <ItemPrice>19.90</ItemPrice>
      <UnitOfMeasurePrice>2.49</UnitOfMeasurePrice>
      <AllowDiscount>1</AllowDiscount>
      <itemStatus>1</itemStatus>
      <LastUpdateDate />
      <LastUpdateTime />
    </Product>
    <Product>
      <PriceUpdateDate>2019/06/26 16:33</PriceUpdateDate>
      <ItemCode>7290000104690</ItemCode>
      <ItemType>1</ItemType>
      <ItemName>גרעיני תירס מוקפאים 800 גרם</ItemName>
      <ManufactureName>תנובה מרכז שיתופי לשיווק תוצרת</ManufactureName>
      <ManufactureCountry />
      <ManufactureItemDescription />
      <UnitQty>'יח</UnitQty>
      <Quantity>8</Quantity>
      <UnitMeasure>ל-100 גרם</UnitMeasure>
      <BisWeighted>0</BisWeighted>
      <QtyInPackage>1</QtyInPackage>
      <ItemPrice>17.90</ItemPrice>
      <UnitOfMeasurePrice>2.24</UnitOfMeasurePrice>
      <AllowDiscount>1</AllowDiscount>
      <itemStatus>1</itemStatus>
      <LastUpdateDate />
      <LastUpdateTime />
    </Product>
    <Product>
      <PriceUpdateDate>2019/07/03 08:47</PriceUpdateDate>
      <ItemCode>7290000104706</ItemCode>
      <ItemType>1</ItemType>
      <ItemName>גזר גמדי מוקפא 800 גרם</ItemName>
      <ManufactureName>תנובה מרכז שיתופי לשיווק תוצרת</ManufactureName>
      <ManufactureCountry />
      <ManufactureItemDescription />
      <UnitQty>'יח</UnitQty>
      <Quantity>8</Quantity>
      <UnitMeasure>ל-100 גרם</UnitMeasure>
      <BisWeighted>0</BisWeighted>
      <QtyInPackage>1</QtyInPackage>
      <ItemPrice>17.90</ItemPrice>
      <UnitOfMeasurePrice>2.24</UnitOfMeasurePrice>
      <AllowDiscount>1</AllowDiscount>
      <itemStatus>1</itemStatus>
      <LastUpdateDate />
      <LastUpdateTime />
    </Product>
    <Product>
      <PriceUpdateDate>2019/07/03 08:47</PriceUpdateDate>
      <ItemCode>7290000104720</ItemCode>
      <ItemType>1</ItemType>
      <ItemName>שעועית ירוקה חתוכה מוקפאת 800 גרם</ItemName>
      <ManufactureName>תנובה מרכז שיתופי לשיווק תוצרת</ManufactureName>
      <ManufactureCountry />
      <ManufactureItemDescription />
      <UnitQty>'יח</UnitQty>
      <Quantity>8</Quantity>
      <UnitMeasure>ל-100 גרם</UnitMeasure>
      <BisWeighted>0</BisWeighted>
      <QtyInPackage>1</QtyInPackage>
      <ItemPrice>18.90</ItemPrice>
      <UnitOfMeasurePrice>2.36</UnitOfMeasurePrice>
      <AllowDiscount>1</AllowDiscount>
      <itemStatus>1</itemStatus>
      <LastUpdateDate />
      <LastUpdateTime />
    </Product>
    <Product>
      <PriceUpdateDate>2019/07/03 08:47</PriceUpdateDate>
      <ItemCode>7290000104744</ItemCode>
      <ItemType>1</ItemType>
      <ItemName>כרובית מוקפאת 800 גרם</ItemName>
      <ManufactureName>תנובה מרכז שיתופי לשיווק תוצרת</ManufactureName>
      <ManufactureCountry />
      <ManufactureItemDescription />
      <UnitQty>'יח</UnitQty>
      <Quantity>8</Quantity>
      <UnitMeasure>ל-100 גרם</UnitMeasure>
      <BisWeighted>0</BisWeighted>
      <QtyInPackage>1</QtyInPackage>
      <ItemPrice>24.90</ItemPrice>
      <UnitOfMeasurePrice>3.11</UnitOfMeasurePrice>
      <AllowDiscount>1</AllowDiscount>
      <itemStatus>1</itemStatus>
      <LastUpdateDate />
      <LastUpdateTime />
    </Product>
    <Product>
      <PriceUpdateDate>2022/01/31 13:59</PriceUpdateDate>
      <ItemCode>7290000104768</ItemCode>
      <ItemType>1</ItemType>
      <ItemName>תרד עלים מוקפא 800 גרם</ItemName>
      <ManufactureName>תנובה מרכז שיתופי לשיווק תוצרת</ManufactureName>
      <ManufactureCountry />
      <ManufactureItemDescription />
      <UnitQty>'יח</UnitQty>
      <Quantity>8</Quantity>
      <UnitMeasure>ל-100 גרם</UnitMeasure>
      <BisWeighted>0</BisWeighted>
      <QtyInPackage>1</QtyInPackage>
      <ItemPrice>22.90</ItemPrice>
      <UnitOfMeasurePrice>2.86</UnitOfMeasurePrice>
      <AllowDiscount>1</AllowDiscount>
      <itemStatus>1</itemStatus>
      <LastUpdateDate />
      <LastUpdateTime />
    </Product>
    <Product>
      <PriceUpdateDate>2022/01/31 13:59</PriceUpdateDate>
      <ItemCode>7290000104775</ItemCode>
      <ItemType>1</ItemType>
      <ItemName>מדליוני תרד מוקפאים 800 גרם</ItemName>
      <ManufactureName>תנובה מרכז שיתופי לשיווק תוצרת</ManufactureName>
      <ManufactureCountry />
      <ManufactureItemDescription />
      <UnitQty>'יח</UnitQty>
      <Quantity>8</Quantity>
      <UnitMeasure>ל-100 גרם</UnitMeasure>
      <BisWeighted>0</BisWeighted>
      <QtyInPackage>1</QtyInPackage>
      <ItemPrice>23.90</ItemPrice>
      <UnitOfMeasurePrice>2.99</UnitOfMeasurePrice>
      <AllowDiscount>1</AllowDiscount>
      <itemStatus>1</itemStatus>
      <LastUpdateDate />
      <LastUpdateTime />
    </Product>
    <Product>
      <PriceUpdateDate>2019/07/03 08:47</PriceUpdateDate>
      <ItemCode>7290000104799</ItemCode>
      <ItemType>1</ItemType>
      <ItemName>שעועית לבנה מבושלת 800 גרם</ItemName>
      <ManufactureName>תנובה מרכז שיתופי לשיווק תוצרת</ManufactureName>
      <ManufactureCountry />
      <ManufactureItemDescription />
      <UnitQty>'יח</UnitQty>
      <Quantity>8</Quantity>
      <UnitMeasure>ל-100 גרם</UnitMeasure>
      <BisWeighted>0</BisWeighted>
      <QtyInPackage>1</QtyInPackage>
      <ItemPrice>19.90</ItemPrice>
      <UnitOfMeasurePrice>2.49</UnitOfMeasurePrice>
      <AllowDiscount>1</AllowDiscount>
      <itemStatus>1</itemStatus>
      <LastUpdateDate />
      <LastUpdateTime />
    </Product>
    <Product>
      <PriceUpdateDate>2019/06/26 16:33</PriceUpdateDate>
      <ItemCode>7290000104805</ItemCode>
      <ItemType>1</ItemType>
      <ItemName>גרגירי חומוס מבושלים 800 גרם</ItemName>
      <ManufactureName>תנובה מרכז שיתופי לשיווק תוצרת</ManufactureName>
      <ManufactureCountry />
      <ManufactureItemDescription />
      <UnitQty>'יח</UnitQty>
      <Quantity>8</Quantity>
      <UnitMeasure>ל-100 גרם</UnitMeasure>
      <BisWeighted>0</BisWeighted>
      <QtyInPackage>1</QtyInPackage>
      <ItemPrice>19.90</ItemPrice>
      <UnitOfMeasurePrice>2.49</UnitOfMeasurePrice>
      <AllowDiscount>1</AllowDiscount>
      <itemStatus>1</itemStatus>
      <LastUpdateDate />
      <LastUpdateTime />
    </Product>
    <Product>
      <PriceUpdateDate>2019/10/10 09:24</PriceUpdateDate>
      <ItemCode>7290000104836</ItemCode>
      <ItemType>1</ItemType>
      <ItemName>שעועית עדינה ירוקה שלמה 600 גרם</ItemName>
      <ManufactureName>תנובה מרכז שיתופי לשיווק תוצרת</ManufactureName>
      <ManufactureCountry />
      <ManufactureItemDescription />
      <UnitQty>'יח</UnitQty>
      <Quantity>6</Quantity>
      <UnitMeasure>ל-100 גרם</UnitMeasure>
      <BisWeighted>0</BisWeighted>
      <QtyInPackage>1</QtyInPackage>
      <ItemPrice>21.90</ItemPrice>
      <UnitOfMeasurePrice>3.65</UnitOfMeasurePrice>
      <AllowDiscount>1</AllowDiscount>
      <itemStatus>1</itemStatus>
      <LastUpdateDate />
      <LastUpdateTime />
    </Product>
    <Product>
      <PriceUpdateDate>2022/03/07 19:59</PriceUpdateDate>
      <ItemCode>7290000104881</ItemCode>
      <ItemType>1</ItemType>
      <ItemName>אפונה וגזר 800 גרם</ItemName>
      <ManufactureName>תנובה מרכז שיתופי לשיווק תוצרת</ManufactureName>
      <ManufactureCountry />
      <ManufactureItemDescription />
      <UnitQty>'יח</UnitQty>
      <Quantity>8</Quantity>
      <UnitMeasure>ל-100 גרם</UnitMeasure>
      <BisWeighted>0</BisWeighted>
      <QtyInPackage>1</QtyInPackage>
      <ItemPrice>16.90</ItemPrice>
      <UnitOfMeasurePrice>2.11</UnitOfMeasurePrice>
      <AllowDiscount>1</AllowDiscount>
      <itemStatus>1</itemStatus>
      <LastUpdateDate />
      <LastUpdateTime />
    </Product>
    <Product>
      <PriceUpdateDate>2019/01/16 14:36</PriceUpdateDate>
      <ItemCode>7290000104904</ItemCode>
      <ItemType>1</ItemType>
      <ItemName>לקט ירקות מעורבים 800 גרם</ItemName>
      <ManufactureName>תנובה מרכז שיתופי לשיווק תוצרת</ManufactureName>
      <ManufactureCountry />
      <ManufactureItemDescription />
      <UnitQty>'יח</UnitQty>
      <Quantity>8</Quantity>
      <UnitMeasure>ל-100 גרם</UnitMeasure>
      <BisWeighted>0</BisWeighted>
      <QtyInPackage>1</QtyInPackage>
      <ItemPrice>23.50</ItemPrice>
      <UnitOfMeasurePrice>2.94</UnitOfMeasurePrice>
      <AllowDiscount>1</AllowDiscount>
      <itemStatus>1</itemStatus>
      <LastUpdateDate />
      <LastUpdateTime />
    </Product>
    <Product>
      <PriceUpdateDate>2019/01/16 14:36</PriceUpdateDate>
      <ItemCode>7290000104911</ItemCode>
      <ItemType>1</ItemType>
      <ItemName>לקט נורמנדי 800 גרם</ItemName>
      <ManufactureName>תנובה מרכז שיתופי לשיווק תוצרת</ManufactureName>
      <ManufactureCountry />
      <ManufactureItemDescription />
      <UnitQty>'יח</UnitQty>
      <Quantity>8</Quantity>
      <UnitMeasure>ל-100 גרם</UnitMeasure>
      <BisWeighted>0</BisWeighted>
      <QtyInPackage>1</QtyInPackage>
      <ItemPrice>23.50</ItemPrice>
      <UnitOfMeasurePrice>2.94</UnitOfMeasurePrice>
      <AllowDiscount>1</AllowDiscount>
      <itemStatus>1</itemStatus>
      <LastUpdateDate />
      <LastUpdateTime />
    </Product>
    <Product>
      <PriceUpdateDate>2019/07/09 09:52</PriceUpdateDate>
      <ItemCode>106526</ItemCode>
      <ItemType>0</ItemType>
      <ItemName>לקט לחגיגה ירוקה להקפצה 800 גר`</ItemName>
      <ManufactureName>תנובה מרכז שיתופי לשיווק תוצרת</ManufactureName>
      <ManufactureCountry />
      <ManufactureItemDescription />
      <UnitQty>'יח</UnitQty>
      <Quantity>8</Quantity>
      <UnitMeasure>ל-100 גרם</UnitMeasure>
      <BisWeighted>0</BisWeighted>
      <QtyInPackage>1</QtyInPackage>
      <ItemPrice>24.50</ItemPrice>
      <UnitOfMeasurePrice>3.06</UnitOfMeasurePrice>
      <AllowDiscount>1</AllowDiscount>
      <itemStatus>1</itemStatus>
      <LastUpdateDate />
      <LastUpdateTime />
    </Product>
    <Product>
      <PriceUpdateDate>2019/01/16 14:36</PriceUpdateDate>
      <ItemCode>7290000107165</ItemCode>
      <ItemType>1</ItemType>
      <ItemName>מאנצו חטיף סויה קפוא 400 גרם</ItemName>
      <ManufactureName>תנובה מרכז שיתופי לשיווק תוצרת</ManufactureName>
      <ManufactureCountry />
      <ManufactureItemDescription />
      <UnitQty>'יח</UnitQty>
      <Quantity>4</Quantity>
      <UnitMeasure>ל-100 גרם</UnitMeasure>
      <BisWeighted>0</BisWeighted>
      <QtyInPackage>1</QtyInPackage>
      <ItemPrice>14.90</ItemPrice>
      <UnitOfMeasurePrice>3.73</UnitOfMeasurePrice>
      <AllowDiscount>1</AllowDiscount>
      <itemStatus>1</itemStatus>
      <LastUpdateDate />
      <LastUpdateTime />
    </Product>
    <Product>
      <PriceUpdateDate>2022/01/31 13:59</PriceUpdateDate>
      <ItemCode>7290000107189</ItemCode>
      <ItemType>1</ItemType>
      <ItemName>ארטישוק תחתיות קפואים 400 גרם</ItemName>
      <ManufactureName>תנובה מרכז שיתופי לשיווק תוצרת</ManufactureName>
      <ManufactureCountry />
      <ManufactureItemDescription />
      <UnitQty>'יח</UnitQty>
      <Quantity>4</Quantity>
      <UnitMeasure>ל-100 גרם</UnitMeasure>
      <BisWeighted>0</BisWeighted>
      <QtyInPackage>1</QtyInPackage>
      <ItemPrice>20.90</ItemPrice>
      <UnitOfMeasurePrice>5.23</UnitOfMeasurePrice>
      <AllowDiscount>1</AllowDiscount>
      <itemStatus>1</itemStatus>
      <LastUpdateDate />
      <LastUpdateTime />
    </Product>
    <Product>
      <PriceUpdateDate>2019/10/10 09:24</PriceUpdateDate>
      <ItemCode>7290000107295</ItemCode>
      <ItemType>1</ItemType>
      <ItemName>תפרחות ברוקולי מוקפאות 800 גרם</ItemName>
      <ManufactureName>תנובה מרכז שיתופי לשיווק תוצרת</ManufactureName>
      <ManufactureCountry />
      <ManufactureItemDescription />
      <UnitQty>'יח</UnitQty>
      <Quantity>8</Quantity>
      <UnitMeasure>ל-100 גרם</UnitMeasure>
      <BisWeighted>0</BisWeighted>
      <QtyInPackage>1</QtyInPackage>
      <ItemPrice>24.90</ItemPrice>
      <UnitOfMeasurePrice>3.11</UnitOfMeasurePrice>
      <AllowDiscount>1</AllowDiscount>
      <itemStatus>1</itemStatus>
      <LastUpdateDate />
      <LastUpdateTime />
    </Product>
    <Product>
      <PriceUpdateDate>2022/01/31 13:59</PriceUpdateDate>
      <ItemCode>7290000107677</ItemCode>
      <ItemType>1</ItemType>
      <ItemName>שעועית עדינה צהובה שלמה 600 גרם</ItemName>
      <ManufactureName>תנובה מרכז שיתופי לשיווק תוצרת</ManufactureName>
      <ManufactureCountry />
      <ManufactureItemDescription />
      <UnitQty>'יח</UnitQty>
      <Quantity>6</Quantity>
      <UnitMeasure>ל-100 גרם</UnitMeasure>
      <BisWeighted>0</BisWeighted>
      <QtyInPackage>1</QtyInPackage>
      <ItemPrice>21.90</ItemPrice>
      <UnitOfMeasurePrice>3.65</UnitOfMeasurePrice>
      <AllowDiscount>1</AllowDiscount>
      <itemStatus>1</itemStatus>
      <LastUpdateDate />
      <LastUpdateTime />
    </Product>
    <Product>
      <PriceUpdateDate>2019/01/16 14:36</PriceUpdateDate>
      <ItemCode>7290000110844</ItemCode>
      <ItemType>1</ItemType>
      <ItemName>כיפלי בטעם גריל בד`צ 70 גרם    .</ItemName>
      <ManufactureName>יוניליוור ישראל שיווק בע`מ</ManufactureName>
      <ManufactureCountry />
      <ManufactureItemDescription />
      <UnitQty>'יח</UnitQty>
      <Quantity>0.70</Quantity>
      <UnitMeasure>ל-100 גרם</UnitMeasure>
      <BisWeighted>0</BisWeighted>
      <QtyInPackage>1</QtyInPackage>
      <ItemPrice>5.30</ItemPrice>
      <UnitOfMeasurePrice>7.57</UnitOfMeasurePrice>
      <AllowDiscount>0</AllowDiscount>
      <itemStatus>1</itemStatus>
      <LastUpdateDate />
      <LastUpdateTime />
    </Product>
    <Product>
      <PriceUpdateDate>2019/01/16 14:36</PriceUpdateDate>
      <ItemCode>7290000110851</ItemCode>
      <ItemType>1</ItemType>
      <ItemName>כיפלי בטעם בצל בד`צ 70 גרם</ItemName>
      <ManufactureName>יוניליוור ישראל שיווק בע`מ</ManufactureName>
      <ManufactureCountry />
      <ManufactureItemDescription />
      <UnitQty>'יח</UnitQty>
      <Quantity>0.70</Quantity>
      <UnitMeasure>ל-100 גרם</UnitMeasure>
      <BisWeighted>0</BisWeighted>
      <QtyInPackage>1</QtyInPackage>
      <ItemPrice>5.30</ItemPrice>
      <UnitOfMeasurePrice>7.57</UnitOfMeasurePrice>
      <AllowDiscount>0</AllowDiscount>
      <itemStatus>1</itemStatus>
      <LastUpdateDate />
      <LastUpdateTime />
    </Product>
    <Product>
      <PriceUpdateDate>2019/07/03 08:47</PriceUpdateDate>
      <ItemCode>7290000111117</ItemCode>
      <ItemType>1</ItemType>
      <ItemName>בדין מרכך כביסה לבן 4 ליטר</ItemName>
      <ManufactureName>יוניליוור ישראל שיווק בע`מ</ManufactureName>
      <ManufactureCountry />
      <ManufactureItemDescription />
      <UnitQty>'יח</UnitQty>
      <Quantity>40</Quantity>
      <UnitMeasure>ל-100 מ"ל</UnitMeasure>
      <BisWeighted>0</BisWeighted>
      <QtyInPackage>1</QtyInPackage>
      <ItemPrice>19.90</ItemPrice>
      <UnitOfMeasurePrice>0.50</UnitOfMeasurePrice>
      <AllowDiscount>0</AllowDiscount>
      <itemStatus>1</itemStatus>
      <LastUpdateDate />
      <LastUpdateTime />
    </Product>
    <Product>
      <PriceUpdateDate>2022/06/23 12:04</PriceUpdateDate>
      <ItemCode>111186</ItemCode>
      <ItemType>0</ItemType>
      <ItemName>מיונז אמיתי תלמה 500 גרם</ItemName>
      <ManufactureName>יוניליוור ישראל שיווק בע`מ</ManufactureName>
      <ManufactureCountry />
      <ManufactureItemDescription />
      <UnitQty>'יח</UnitQty>
      <Quantity>5</Quantity>
      <UnitMeasure>ל-100 גרם</UnitMeasure>
      <BisWeighted>0</BisWeighted>
      <QtyInPackage>1</QtyInPackage>
      <ItemPrice>9.90</ItemPrice>
      <UnitOfMeasurePrice>1.98</UnitOfMeasurePrice>
      <AllowDiscount>0</AllowDiscount>
      <itemStatus>1</itemStatus>
      <LastUpdateDate />
      <LastUpdateTime />
    </Product>
    <Product>
      <PriceUpdateDate>2019/07/03 08:47</PriceUpdateDate>
      <ItemCode>111353</ItemCode>
      <ItemType>0</ItemType>
      <ItemName>מיונז צנצנת 1 קג`</ItemName>
      <ManufactureName>יוניליוור ישראל שיווק בע`מ</ManufactureName>
      <ManufactureCountry />
      <ManufactureItemDescription />
      <UnitQty>'יח</UnitQty>
      <Quantity>10</Quantity>
      <UnitMeasure>ל-100 גרם</UnitMeasure>
      <BisWeighted>0</BisWeighted>
      <QtyInPackage>1</QtyInPackage>
      <ItemPrice>16.90</ItemPrice>
      <UnitOfMeasurePrice>1.69</UnitOfMeasurePrice>
      <AllowDiscount>0</AllowDiscount>
      <itemStatus>1</itemStatus>
      <LastUpdateDate />
      <LastUpdateTime />
    </Product>
    <Product>
      <PriceUpdateDate>2022/07/24 18:01</PriceUpdateDate>
      <ItemCode>112220</ItemCode>
      <ItemType>0</ItemType>
      <ItemName>בארכה טחינה שומשום טהור 100% 500 גרם</ItemName>
      <ManufactureName>קבוצת אסם סחר</ManufactureName>
      <ManufactureCountry />
      <ManufactureItemDescription />
      <UnitQty>'יח</UnitQty>
      <Quantity>5</Quantity>
      <UnitMeasure>ל-100 גרם</UnitMeasure>
      <BisWeighted>0</BisWeighted>
      <QtyInPackage>1</QtyInPackage>
      <ItemPrice>14.90</ItemPrice>
      <UnitOfMeasurePrice>2.98</UnitOfMeasurePrice>
      <AllowDiscount>0</AllowDiscount>
      <itemStatus>1</itemStatus>
      <LastUpdateDate />
      <LastUpdateTime />
    </Product>
    <Product>
      <PriceUpdateDate>2019/07/03 08:47</PriceUpdateDate>
      <ItemCode>7290000112619</ItemCode>
      <ItemType>1</ItemType>
      <ItemName>קנור מרק עוף אמיתי 400 גרם כשלפ</ItemName>
      <ManufactureName>יוניליוור ישראל שיווק בע`מ</ManufactureName>
      <ManufactureCountry />
      <ManufactureItemDescription />
      <UnitQty>'יח</UnitQty>
      <Quantity>4</Quantity>
      <UnitMeasure>ל-100 גרם</UnitMeasure>
      <BisWeighted>0</BisWeighted>
      <QtyInPackage>1</QtyInPackage>
      <ItemPrice>21.90</ItemPrice>
      <UnitOfMeasurePrice>5.48</UnitOfMeasurePrice>
      <AllowDiscount>1</AllowDiscount>
      <itemStatus>1</itemStatus>
      <LastUpdateDate />
      <LastUpdateTime />
    </Product>
    <Product>
      <PriceUpdateDate>2019/01/16 14:36</PriceUpdateDate>
      <ItemCode>7290000113180</ItemCode>
      <ItemType>1</ItemType>
      <ItemName>כיפלי צ`יפס בד`צ 50 גרם</ItemName>
      <ManufactureName>יוניליוור ישראל שיווק בע`מ</ManufactureName>
      <ManufactureCountry />
      <ManufactureItemDescription />
      <UnitQty>'יח</UnitQty>
      <Quantity>0.50</Quantity>
      <UnitMeasure>ל-100 גרם</UnitMeasure>
      <BisWeighted>0</BisWeighted>
      <QtyInPackage>1</QtyInPackage>
      <ItemPrice>5</ItemPrice>
      <UnitOfMeasurePrice>10</UnitOfMeasurePrice>
      <AllowDiscount>0</AllowDiscount>
      <itemStatus>1</itemStatus>
      <LastUpdateDate />
      <LastUpdateTime />
    </Product>
    <Product>
      <PriceUpdateDate>2019/01/16 14:36</PriceUpdateDate>
      <ItemCode>7290000114187</ItemCode>
      <ItemType>1</ItemType>
      <ItemName>פנטסטיק סיף לניקוי כללי ריח אורנים 4ל</ItemName>
      <ManufactureName>יוניליוור ישראל שיווק בע`מ</ManufactureName>
      <ManufactureCountry />
      <ManufactureItemDescription />
      <UnitQty>'יח</UnitQty>
      <Quantity>4</Quantity>
      <UnitMeasure>לליטר</UnitMeasure>
      <BisWeighted>0</BisWeighted>
      <QtyInPackage>1</QtyInPackage>
      <ItemPrice>22.90</ItemPrice>
      <UnitOfMeasurePrice>5.73</UnitOfMeasurePrice>
      <AllowDiscount>0</AllowDiscount>
      <itemStatus>1</itemStatus>
      <LastUpdateDate />
      <LastUpdateTime />
    </Product>
    <Product>
      <PriceUpdateDate>2019/07/03 08:47</PriceUpdateDate>
      <ItemCode>116204</ItemCode>
      <ItemType>0</ItemType>
      <ItemName>קנור מרק דגש זך בשקית 1 קג</ItemName>
      <ManufactureName>יוניליוור ישראל שיווק בע`מ</ManufactureName>
      <ManufactureCountry />
      <ManufactureItemDescription />
      <UnitQty>'יח</UnitQty>
      <Quantity>10</Quantity>
      <UnitMeasure>ל-100 גרם</UnitMeasure>
      <BisWeighted>0</BisWeighted>
      <QtyInPackage>1</QtyInPackage>
      <ItemPrice>19.90</ItemPrice>
      <UnitOfMeasurePrice>1.99</UnitOfMeasurePrice>
      <AllowDiscount>1</AllowDiscount>
      <itemStatus>1</itemStatus>
      <LastUpdateDate />
      <LastUpdateTime />
    </Product>
    <Product>
      <PriceUpdateDate>2022/04/05 16:05</PriceUpdateDate>
      <ItemCode>7290000116884</ItemCode>
      <ItemType>1</ItemType>
      <ItemName>קנור רוטב ברביקיו 300 מ"ל כשלפ</ItemName>
      <ManufactureName>יוניליוור ישראל שיווק בע`מ</ManufactureName>
      <ManufactureCountry />
      <ManufactureItemDescription />
      <UnitQty>'יח</UnitQty>
      <Quantity>3</Quantity>
      <UnitMeasure>ל-100 מ"ל</UnitMeasure>
      <BisWeighted>0</BisWeighted>
      <QtyInPackage>1</QtyInPackage>
      <ItemPrice>12.90</ItemPrice>
      <UnitOfMeasurePrice>4.30</UnitOfMeasurePrice>
      <AllowDiscount>1</AllowDiscount>
      <itemStatus>1</itemStatus>
      <LastUpdateDate />
      <LastUpdateTime />
    </Product>
    <Product>
      <PriceUpdateDate>2022/04/05 16:05</PriceUpdateDate>
      <ItemCode>7290000116921</ItemCode>
      <ItemType>1</ItemType>
      <ItemName>קנור רוטב צילי מתוק 300 מ"ל כשלפ</ItemName>
      <ManufactureName>יוניליוור ישראל שיווק בע`מ</ManufactureName>
      <ManufactureCountry />
      <ManufactureItemDescription />
      <UnitQty>'יח</UnitQty>
      <Quantity>3</Quantity>
      <UnitMeasure>ל-100 מ"ל</UnitMeasure>
      <BisWeighted>0</BisWeighted>
      <QtyInPackage>1</QtyInPackage>
      <ItemPrice>12.90</ItemPrice>
      <UnitOfMeasurePrice>4.30</UnitOfMeasurePrice>
      <AllowDiscount>1</AllowDiscount>
      <itemStatus>1</itemStatus>
      <LastUpdateDate />
      <LastUpdateTime />
    </Product>
    <Product>
      <PriceUpdateDate>2022/04/05 16:05</PriceUpdateDate>
      <ItemCode>7290000116945</ItemCode>
      <ItemType>1</ItemType>
      <ItemName>קנור רוטב סויה 300 מ"ל</ItemName>
      <ManufactureName>יוניליוור ישראל שיווק בע`מ</ManufactureName>
      <ManufactureCountry />
      <ManufactureItemDescription />
      <UnitQty>'יח</UnitQty>
      <Quantity>3</Quantity>
      <UnitMeasure>ל-100 מ"ל</UnitMeasure>
      <BisWeighted>0</BisWeighted>
      <QtyInPackage>1</QtyInPackage>
      <ItemPrice>12.90</ItemPrice>
      <UnitOfMeasurePrice>4.30</UnitOfMeasurePrice>
      <AllowDiscount>1</AllowDiscount>
      <itemStatus>1</itemStatus>
      <LastUpdateDate />
      <LastUpdateTime />
    </Product>
    <Product>
      <PriceUpdateDate>2019/07/03 08:47</PriceUpdateDate>
      <ItemCode>7290000117171</ItemCode>
      <ItemType>1</ItemType>
      <ItemName>נמס בכוס טעם עוף 10*10גר</ItemName>
      <ManufactureName>יוניליוור ישראל שיווק בע`מ</ManufactureName>
      <ManufactureCountry />
      <ManufactureItemDescription />
      <UnitQty>'יח</UnitQty>
      <Quantity>0.48</Quantity>
      <UnitMeasure>ל-100 גרם</UnitMeasure>
      <BisWeighted>0</BisWeighted>
      <QtyInPackage>1</QtyInPackage>
      <ItemPrice>6.90</ItemPrice>
      <UnitOfMeasurePrice>14.38</UnitOfMeasurePrice>
      <AllowDiscount>1</AllowDiscount>
      <itemStatus>1</itemStatus>
      <LastUpdateDate />
      <LastUpdateTime />
    </Product>
    <Product>
      <PriceUpdateDate>2019/07/03 08:47</PriceUpdateDate>
      <ItemCode>118277</ItemCode>
      <ItemType>0</ItemType>
      <ItemName>קניידל אבקה להכנת כופתאות מצה 130גר כש</ItemName>
      <ManufactureName>יוניליוור ישראל שיווק בע`מ</ManufactureName>
      <ManufactureCountry />
      <ManufactureItemDescription />
      <UnitQty>'יח</UnitQty>
      <Quantity>1.30</Quantity>
      <UnitMeasure>ל-100 גרם</UnitMeasure>
      <BisWeighted>0</BisWeighted>
      <QtyInPackage>1</QtyInPackage>
      <ItemPrice>11.90</ItemPrice>
      <UnitOfMeasurePrice>9.15</UnitOfMeasurePrice>
      <AllowDiscount>0</AllowDiscount>
      <itemStatus>1</itemStatus>
      <LastUpdateDate />
      <LastUpdateTime />
    </Product>
    <Product>
      <PriceUpdateDate>2019/01/16 14:36</PriceUpdateDate>
      <ItemCode>120836</ItemCode>
      <ItemType>0</ItemType>
      <ItemName>מיונז הלמנס אמיתי צנצנת 394 גרם</ItemName>
      <ManufactureName>יוניליוור ישראל שיווק בע`מ</ManufactureName>
      <ManufactureCountry />
      <ManufactureItemDescription />
      <UnitQty>'יח</UnitQty>
      <Quantity>3.94</Quantity>
      <UnitMeasure>ל-100 גרם</UnitMeasure>
      <BisWeighted>0</BisWeighted>
      <QtyInPackage>1</QtyInPackage>
      <ItemPrice>11.90</ItemPrice>
      <UnitOfMeasurePrice>3.02</UnitOfMeasurePrice>
      <AllowDiscount>1</AllowDiscount>
      <itemStatus>1</itemStatus>
      <LastUpdateDate />
      <LastUpdateTime />
    </Product>
    <Product>
      <PriceUpdateDate>2019/01/16 14:36</PriceUpdateDate>
      <ItemCode>120874</ItemCode>
      <ItemType>0</ItemType>
      <ItemName>מיונז הלמנס מופחת קלוריות 424 גרם</ItemName>
      <ManufactureName>יוניליוור ישראל שיווק בע`מ</ManufactureName>
      <ManufactureCountry />
      <ManufactureItemDescription />
      <UnitQty>'יח</UnitQty>
      <Quantity>4.24</Quantity>
      <UnitMeasure>ל-100 גרם</UnitMeasure>
      <BisWeighted>0</BisWeighted>
      <QtyInPackage>1</QtyInPackage>
      <ItemPrice>11.90</ItemPrice>
      <UnitOfMeasurePrice>2.81</UnitOfMeasurePrice>
      <AllowDiscount>1</AllowDiscount>
      <itemStatus>1</itemStatus>
      <LastUpdateDate />
      <LastUpdateTime />
    </Product>
    <Product>
      <PriceUpdateDate>2020/05/22 07:51</PriceUpdateDate>
      <ItemCode>7290000122830</ItemCode>
      <ItemType>1</ItemType>
      <ItemName>קנור רוטב סצואן סיני 300 מל</ItemName>
      <ManufactureName>יוניליוור ישראל שיווק בע`מ</ManufactureName>
      <ManufactureCountry />
      <ManufactureItemDescription />
      <UnitQty>'יח</UnitQty>
      <Quantity>3</Quantity>
      <UnitMeasure>ל-100 מ"ל</UnitMeasure>
      <BisWeighted>0</BisWeighted>
      <QtyInPackage>1</QtyInPackage>
      <ItemPrice>11.90</ItemPrice>
      <UnitOfMeasurePrice>3.97</UnitOfMeasurePrice>
      <AllowDiscount>1</AllowDiscount>
      <itemStatus>1</itemStatus>
      <LastUpdateDate />
      <LastUpdateTime />
    </Product>
    <Product>
      <PriceUpdateDate>2019/01/16 14:36</PriceUpdateDate>
      <ItemCode>7290000129457</ItemCode>
      <ItemType>1</ItemType>
      <ItemName>קנור רוטב פטריות 28 גרם</ItemName>
      <ManufactureName>יוניליוור ישראל שיווק בע`מ</ManufactureName>
      <ManufactureCountry />
      <ManufactureItemDescription />
      <UnitQty>'יח</UnitQty>
      <Quantity>0.28</Quantity>
      <UnitMeasure>ל-100 גרם</UnitMeasure>
      <BisWeighted>0</BisWeighted>
      <QtyInPackage>1</QtyInPackage>
      <ItemPrice>4.20</ItemPrice>
      <UnitOfMeasurePrice>15</UnitOfMeasurePrice>
      <AllowDiscount>0</AllowDiscount>
      <itemStatus>1</itemStatus>
      <LastUpdateDate />
      <LastUpdateTime />
    </Product>
    <Product>
      <PriceUpdateDate>2019/01/16 14:36</PriceUpdateDate>
      <ItemCode>7290000131009</ItemCode>
      <ItemType>1</ItemType>
      <ItemName>בצק פילו שחף 500 גרם קפוא</ItemName>
      <ManufactureName>מאפית אריאל שיווק והפצה</ManufactureName>
      <ManufactureCountry />
      <ManufactureItemDescription />
      <UnitQty>'יח</UnitQty>
      <Quantity>5</Quantity>
      <UnitMeasure>ל-100 גרם</UnitMeasure>
      <BisWeighted>0</BisWeighted>
      <QtyInPackage>1</QtyInPackage>
      <ItemPrice>14.90</ItemPrice>
      <UnitOfMeasurePrice>2.98</UnitOfMeasurePrice>
      <AllowDiscount>0</AllowDiscount>
      <itemStatus>1</itemStatus>
      <LastUpdateDate />
      <LastUpdateTime />
    </Product>
    <Product>
      <PriceUpdateDate>2021/12/30 18:57</PriceUpdateDate>
      <ItemCode>7290000133645</ItemCode>
      <ItemType>1</ItemType>
      <ItemName>משחת שיניים אורביטול סודה 3*145 גרם</ItemName>
      <ManufactureName>החב. הדרומית לשיווק</ManufactureName>
      <ManufactureCountry />
      <ManufactureItemDescription />
      <UnitQty>'יח</UnitQty>
      <Quantity>4.29</Quantity>
      <UnitMeasure>ל-100 גרם</UnitMeasure>
      <BisWeighted>0</BisWeighted>
      <QtyInPackage>8</QtyInPackage>
      <ItemPrice>17.90</ItemPrice>
      <UnitOfMeasurePrice>4.17</UnitOfMeasurePrice>
      <AllowDiscount>0</AllowDiscount>
      <itemStatus>1</itemStatus>
      <LastUpdateDate />
      <LastUpdateTime />
    </Product>
    <Product>
      <PriceUpdateDate>2019/07/03 08:47</PriceUpdateDate>
      <ItemCode>134147</ItemCode>
      <ItemType>0</ItemType>
      <ItemName>מוסקט טחון</ItemName>
      <ManufactureName>תבליני טעם וריח</ManufactureName>
      <ManufactureCountry />
      <ManufactureItemDescription />
      <UnitQty>'יח</UnitQty>
      <Quantity>1</Quantity>
      <UnitMeasure />
      <BisWeighted>0</BisWeighted>
      <QtyInPackage>1</QtyInPackage>
      <ItemPrice>13.90</ItemPrice>
      <UnitOfMeasurePrice>13.90</UnitOfMeasurePrice>
      <AllowDiscount>0</AllowDiscount>
      <itemStatus>1</itemStatus>
      <LastUpdateDate />
      <LastUpdateTime />
    </Product>
    <Product>
      <PriceUpdateDate>2019/07/03 08:47</PriceUpdateDate>
      <ItemCode>7290000134307</ItemCode>
      <ItemType>1</ItemType>
      <ItemName>קינמון טחון שקית</ItemName>
      <ManufactureName>תבליני טעם וריח</ManufactureName>
      <ManufactureCountry />
      <ManufactureItemDescription />
      <UnitQty>'יח</UnitQty>
      <Quantity>1</Quantity>
      <UnitMeasure />
      <BisWeighted>0</BisWeighted>
      <QtyInPackage>1</QtyInPackage>
      <ItemPrice>5.90</ItemPrice>
      <UnitOfMeasurePrice>5.90</UnitOfMeasurePrice>
      <AllowDiscount>0</AllowDiscount>
      <itemStatus>1</itemStatus>
      <LastUpdateDate />
      <LastUpdateTime />
    </Product>
    <Product>
      <PriceUpdateDate>2019/07/03 08:47</PriceUpdateDate>
      <ItemCode>7290000134338</ItemCode>
      <ItemType>1</ItemType>
      <ItemName>שום אבקה</ItemName>
      <ManufactureName>תבליני טעם וריח</ManufactureName>
      <ManufactureCountry />
      <ManufactureItemDescription />
      <UnitQty>'יח</UnitQty>
      <Quantity>1</Quantity>
      <UnitMeasure />
      <BisWeighted>0</BisWeighted>
      <QtyInPackage>1</QtyInPackage>
      <ItemPrice>9.90</ItemPrice>
      <UnitOfMeasurePrice>9.90</UnitOfMeasurePrice>
      <AllowDiscount>1</AllowDiscount>
      <itemStatus>1</itemStatus>
      <LastUpdateDate />
      <LastUpdateTime />
    </Product>
    <Product>
      <PriceUpdateDate>2019/07/03 08:47</PriceUpdateDate>
      <ItemCode>134352</ItemCode>
      <ItemType>0</ItemType>
      <ItemName>קינמון טחון</ItemName>
      <ManufactureName>תבליני טעם וריח</ManufactureName>
      <ManufactureCountry />
      <ManufactureItemDescription />
      <UnitQty>'יח</UnitQty>
      <Quantity>1</Quantity>
      <UnitMeasure />
      <BisWeighted>0</BisWeighted>
      <QtyInPackage>1</QtyInPackage>
      <ItemPrice>9.90</ItemPrice>
      <UnitOfMeasurePrice>9.90</UnitOfMeasurePrice>
      <AllowDiscount>1</AllowDiscount>
      <itemStatus>1</itemStatus>
      <LastUpdateDate />
      <LastUpdateTime />
    </Product>
    <Product>
      <PriceUpdateDate>2019/07/03 08:47</PriceUpdateDate>
      <ItemCode>134376</ItemCode>
      <ItemType>0</ItemType>
      <ItemName>פפריקה בשמן</ItemName>
      <ManufactureName>תבליני טעם וריח</ManufactureName>
      <ManufactureCountry />
      <ManufactureItemDescription />
      <UnitQty>'יח</UnitQty>
      <Quantity>1</Quantity>
      <UnitMeasure />
      <BisWeighted>0</BisWeighted>
      <QtyInPackage>1</QtyInPackage>
      <ItemPrice>9.90</ItemPrice>
      <UnitOfMeasurePrice>9.90</UnitOfMeasurePrice>
      <AllowDiscount>1</AllowDiscount>
      <itemStatus>1</itemStatus>
      <LastUpdateDate />
      <LastUpdateTime />
    </Product>
    <Product>
      <PriceUpdateDate>2019/07/03 08:47</PriceUpdateDate>
      <ItemCode>7290000134550</ItemCode>
      <ItemType>1</ItemType>
      <ItemName>עלי דפנה שקית</ItemName>
      <ManufactureName>תבליני טעם וריח</ManufactureName>
      <ManufactureCountry />
      <ManufactureItemDescription />
      <UnitQty>'יח</UnitQty>
      <Quantity>1</Quantity>
      <UnitMeasure />
      <BisWeighted>0</BisWeighted>
      <QtyInPackage>1</QtyInPackage>
      <ItemPrice>5.90</ItemPrice>
      <UnitOfMeasurePrice>5.90</UnitOfMeasurePrice>
      <AllowDiscount>0</AllowDiscount>
      <itemStatus>1</itemStatus>
      <LastUpdateDate />
      <LastUpdateTime />
    </Product>
    <Product>
      <PriceUpdateDate>2022/02/02 14:32</PriceUpdateDate>
      <ItemCode>134680</ItemCode>
      <ItemType>0</ItemType>
      <ItemName>קימל שלם</ItemName>
      <ManufactureName>תבליני טעם וריח</ManufactureName>
      <ManufactureCountry />
      <ManufactureItemDescription />
      <UnitQty>'יח</UnitQty>
      <Quantity>1</Quantity>
      <UnitMeasure />
      <BisWeighted>0</BisWeighted>
      <QtyInPackage>1</QtyInPackage>
      <ItemPrice>6.90</ItemPrice>
      <UnitOfMeasurePrice>6.90</UnitOfMeasurePrice>
      <AllowDiscount>0</AllowDiscount>
      <itemStatus>1</itemStatus>
      <LastUpdateDate />
      <LastUpdateTime />
    </Product>
    <Product>
      <PriceUpdateDate>2019/07/03 08:47</PriceUpdateDate>
      <ItemCode>134758</ItemCode>
      <ItemType>0</ItemType>
      <ItemName>תיבול לתפו`א</ItemName>
      <ManufactureName>תבליני טעם וריח</ManufactureName>
      <ManufactureCountry />
      <ManufactureItemDescription />
      <UnitQty>'יח</UnitQty>
      <Quantity>1</Quantity>
      <UnitMeasure />
      <BisWeighted>0</BisWeighted>
      <QtyInPackage>1</QtyInPackage>
      <ItemPrice>9.90</ItemPrice>
      <UnitOfMeasurePrice>9.90</UnitOfMeasurePrice>
      <AllowDiscount>1</AllowDiscount>
      <itemStatus>1</itemStatus>
      <LastUpdateDate />
      <LastUpdateTime />
    </Product>
    <Product>
      <PriceUpdateDate>2019/07/03 08:47</PriceUpdateDate>
      <ItemCode>134826</ItemCode>
      <ItemType>0</ItemType>
      <ItemName>זעתר מעורב</ItemName>
      <ManufactureName>תבליני טעם וריח</ManufactureName>
      <ManufactureCountry />
      <ManufactureItemDescription />
      <UnitQty>'יח</UnitQty>
      <Quantity>1</Quantity>
      <UnitMeasure />
      <BisWeighted>0</BisWeighted>
      <QtyInPackage>1</QtyInPackage>
      <ItemPrice>9.90</ItemPrice>
      <UnitOfMeasurePrice>9.90</UnitOfMeasurePrice>
      <AllowDiscount>1</AllowDiscount>
      <itemStatus>1</itemStatus>
      <LastUpdateDate />
      <LastUpdateTime />
    </Product>
    <Product>
      <PriceUpdateDate>2019/07/03 08:47</PriceUpdateDate>
      <ItemCode>134833</ItemCode>
      <ItemType>0</ItemType>
      <ItemName>כמון טחון</ItemName>
      <ManufactureName>תבליני טעם וריח</ManufactureName>
      <ManufactureCountry />
      <ManufactureItemDescription />
      <UnitQty>'יח</UnitQty>
      <Quantity>1</Quantity>
      <UnitMeasure />
      <BisWeighted>0</BisWeighted>
      <QtyInPackage>1</QtyInPackage>
      <ItemPrice>9.90</ItemPrice>
      <UnitOfMeasurePrice>9.90</UnitOfMeasurePrice>
      <AllowDiscount>1</AllowDiscount>
      <itemStatus>1</itemStatus>
      <LastUpdateDate />
      <LastUpdateTime />
    </Product>
    <Product>
      <PriceUpdateDate>2019/07/03 08:47</PriceUpdateDate>
      <ItemCode>134840</ItemCode>
      <ItemType>0</ItemType>
      <ItemName>כורכום טחון</ItemName>
      <ManufactureName>תבליני טעם וריח</ManufactureName>
      <ManufactureCountry />
      <ManufactureItemDescription />
      <UnitQty>'יח</UnitQty>
      <Quantity>1</Quantity>
      <UnitMeasure />
      <BisWeighted>0</BisWeighted>
      <QtyInPackage>1</QtyInPackage>
      <ItemPrice>9.90</ItemPrice>
      <UnitOfMeasurePrice>9.90</UnitOfMeasurePrice>
      <AllowDiscount>1</AllowDiscount>
      <itemStatus>1</itemStatus>
      <LastUpdateDate />
      <LastUpdateTime />
    </Product>
    <Product>
      <PriceUpdateDate>2019/07/03 08:47</PriceUpdateDate>
      <ItemCode>7290000134857</ItemCode>
      <ItemType>1</ItemType>
      <ItemName>פפריקה מתוקה</ItemName>
      <ManufactureName>תבליני טעם וריח</ManufactureName>
      <ManufactureCountry />
      <ManufactureItemDescription />
      <UnitQty>'יח</UnitQty>
      <Quantity>1</Quantity>
      <UnitMeasure />
      <BisWeighted>0</BisWeighted>
      <QtyInPackage>1</QtyInPackage>
      <ItemPrice>9.90</ItemPrice>
      <UnitOfMeasurePrice>9.90</UnitOfMeasurePrice>
      <AllowDiscount>1</AllowDiscount>
      <itemStatus>1</itemStatus>
      <LastUpdateDate />
      <LastUpdateTime />
    </Product>
    <Product>
      <PriceUpdateDate>2019/07/03 08:47</PriceUpdateDate>
      <ItemCode>134871</ItemCode>
      <ItemType>0</ItemType>
      <ItemName>פלפל שחור טחון</ItemName>
      <ManufactureName>תבליני טעם וריח</ManufactureName>
      <ManufactureCountry />
      <ManufactureItemDescription />
      <UnitQty>'יח</UnitQty>
      <Quantity>1</Quantity>
      <UnitMeasure />
      <BisWeighted>0</BisWeighted>
      <QtyInPackage>1</QtyInPackage>
      <ItemPrice>12.90</ItemPrice>
      <UnitOfMeasurePrice>12.90</UnitOfMeasurePrice>
      <AllowDiscount>1</AllowDiscount>
      <itemStatus>1</itemStatus>
      <LastUpdateDate />
      <LastUpdateTime />
    </Product>
    <Product>
      <PriceUpdateDate>2022/02/20 18:24</PriceUpdateDate>
      <ItemCode>134970</ItemCode>
      <ItemType>0</ItemType>
      <ItemName>חוואי`ג במיכל 100 גרם</ItemName>
      <ManufactureName>תבליני טעם וריח</ManufactureName>
      <ManufactureCountry />
      <ManufactureItemDescription />
      <UnitQty>'יח</UnitQty>
      <Quantity>1</Quantity>
      <UnitMeasure />
      <BisWeighted>0</BisWeighted>
      <QtyInPackage>1</QtyInPackage>
      <ItemPrice>9.90</ItemPrice>
      <UnitOfMeasurePrice>9.90</UnitOfMeasurePrice>
      <AllowDiscount>1</AllowDiscount>
      <itemStatus>1</itemStatus>
      <LastUpdateDate />
      <LastUpdateTime />
    </Product>
    <Product>
      <PriceUpdateDate>2019/07/03 08:47</PriceUpdateDate>
      <ItemCode>134987</ItemCode>
      <ItemType>0</ItemType>
      <ItemName>פלפל שחור גרוס</ItemName>
      <ManufactureName>תבליני טעם וריח</ManufactureName>
      <ManufactureCountry />
      <ManufactureItemDescription />
      <UnitQty>'יח</UnitQty>
      <Quantity>1</Quantity>
      <UnitMeasure />
      <BisWeighted>0</BisWeighted>
      <QtyInPackage>1</QtyInPackage>
      <ItemPrice>12.90</ItemPrice>
      <UnitOfMeasurePrice>12.90</UnitOfMeasurePrice>
      <AllowDiscount>1</AllowDiscount>
      <itemStatus>1</itemStatus>
      <LastUpdateDate />
      <LastUpdateTime />
    </Product>
    <Product>
      <PriceUpdateDate>2019/05/26 21:38</PriceUpdateDate>
      <ItemCode>135052</ItemCode>
      <ItemType>0</ItemType>
      <ItemName>משקה אנרגיה XL מנגו מוגז פחית 250 מל</ItemName>
      <ManufactureName>טמפו משקאות בע`מ</ManufactureName>
      <ManufactureCountry />
      <ManufactureItemDescription />
      <UnitQty>'יח</UnitQty>
      <Quantity>2.50</Quantity>
      <UnitMeasure>ל-100 מ"ל</UnitMeasure>
      <BisWeighted>0</BisWeighted>
      <QtyInPackage>24</QtyInPackage>
      <ItemPrice>4.90</ItemPrice>
      <UnitOfMeasurePrice>1.84</UnitOfMeasurePrice>
      <AllowDiscount>1</AllowDiscount>
      <itemStatus>1</itemStatus>
      <LastUpdateDate />
      <LastUpdateTime />
    </Product>
    <Product>
      <PriceUpdateDate>2022/01/03 13:00</PriceUpdateDate>
      <ItemCode>135113</ItemCode>
      <ItemType>0</ItemType>
      <ItemName>משקה אנרגיה XL מוגז פחית 250 מל נענע ל</ItemName>
      <ManufactureName>טמפו משקאות בע`מ</ManufactureName>
      <ManufactureCountry />
      <ManufactureItemDescription />
      <UnitQty>'יח</UnitQty>
      <Quantity>2.50</Quantity>
      <UnitMeasure>ל-100 מ"ל</UnitMeasure>
      <BisWeighted>0</BisWeighted>
      <QtyInPackage>24</QtyInPackage>
      <ItemPrice>4.90</ItemPrice>
      <UnitOfMeasurePrice>1.84</UnitOfMeasurePrice>
      <AllowDiscount>1</AllowDiscount>
      <itemStatus>1</itemStatus>
      <LastUpdateDate />
      <LastUpdateTime />
    </Product>
    <Product>
      <PriceUpdateDate>2020/11/18 09:34</PriceUpdateDate>
      <ItemCode>135465</ItemCode>
      <ItemType>0</ItemType>
      <ItemName>מי סודה 500 מ"ל טמפו 12 יח`</ItemName>
      <ManufactureName>טמפו משקאות בע`מ</ManufactureName>
      <ManufactureCountry />
      <ManufactureItemDescription />
      <UnitQty>'יח</UnitQty>
      <Quantity>52</Quantity>
      <UnitMeasure>ל-100 מ"ל</UnitMeasure>
      <BisWeighted>0</BisWeighted>
      <QtyInPackage>1</QtyInPackage>
      <ItemPrice>33.20</ItemPrice>
      <UnitOfMeasurePrice>0.57</UnitOfMeasurePrice>
      <AllowDiscount>1</AllowDiscount>
      <itemStatus>1</itemStatus>
      <LastUpdateDate />
      <LastUpdateTime />
    </Product>
    <Product>
      <PriceUpdateDate>2022/08/08 17:14</PriceUpdateDate>
      <ItemCode>7290000137513</ItemCode>
      <ItemType>1</ItemType>
      <ItemName>גלידונית וניל בקלקר 60 יח 700 גרם</ItemName>
      <ManufactureName>שטראוס גלידות</ManufactureName>
      <ManufactureCountry />
      <ManufactureItemDescription />
      <UnitQty>'יח</UnitQty>
      <Quantity>7</Quantity>
      <UnitMeasure>ל-100 גרם</UnitMeasure>
      <BisWeighted>0</BisWeighted>
      <QtyInPackage>1</QtyInPackage>
      <ItemPrice>39.90</ItemPrice>
      <UnitOfMeasurePrice>5.70</UnitOfMeasurePrice>
      <AllowDiscount>0</AllowDiscount>
      <itemStatus>1</itemStatus>
      <LastUpdateDate />
      <LastUpdateTime />
    </Product>
    <Product>
      <PriceUpdateDate>2022/08/08 17:14</PriceUpdateDate>
      <ItemCode>7290000137643</ItemCode>
      <ItemType>1</ItemType>
      <ItemName>טעמקור מולטיפק אריזה משפחתית 8 יח`</ItemName>
      <ManufactureName>שטראוס גלידות</ManufactureName>
      <ManufactureCountry />
      <ManufactureItemDescription />
      <UnitQty>'יח</UnitQty>
      <Quantity>1</Quantity>
      <UnitMeasure>'יח</UnitMeasure>
      <BisWeighted>0</BisWeighted>
      <QtyInPackage>1</QtyInPackage>
      <ItemPrice>31.90</ItemPrice>
      <UnitOfMeasurePrice>31.90</UnitOfMeasurePrice>
      <AllowDiscount>0</AllowDiscount>
      <itemStatus>1</itemStatus>
      <LastUpdateDate />
      <LastUpdateTime />
    </Product>
    <Product>
      <PriceUpdateDate>2019/01/16 14:36</PriceUpdateDate>
      <ItemCode>7290000139623</ItemCode>
      <ItemType>1</ItemType>
      <ItemName>פצפוצי אורז לייט 450 גר`</ItemName>
      <ManufactureName>מ.ד אטיאס סוכנויות מזון בע`מ</ManufactureName>
      <ManufactureCountry />
      <ManufactureItemDescription />
      <UnitQty>'יח</UnitQty>
      <Quantity>4.50</Quantity>
      <UnitMeasure>ל-100 גרם</UnitMeasure>
      <BisWeighted>0</BisWeighted>
      <QtyInPackage>1</QtyInPackage>
      <ItemPrice>13.80</ItemPrice>
      <UnitOfMeasurePrice>3.07</UnitOfMeasurePrice>
      <AllowDiscount>0</AllowDiscount>
      <itemStatus>1</itemStatus>
      <LastUpdateDate />
      <LastUpdateTime />
    </Product>
    <Product>
      <PriceUpdateDate>2019/07/03 08:47</PriceUpdateDate>
      <ItemCode>143187</ItemCode>
      <ItemType>0</ItemType>
      <ItemName>הוואי שמפו+מרכך לגבר 700 מ`ל</ItemName>
      <ManufactureName>הנקל סוד בע`מ</ManufactureName>
      <ManufactureCountry />
      <ManufactureItemDescription />
      <UnitQty>'יח</UnitQty>
      <Quantity>7</Quantity>
      <UnitMeasure>ל-100 מ"ל</UnitMeasure>
      <BisWeighted>0</BisWeighted>
      <QtyInPackage>12</QtyInPackage>
      <ItemPrice>9.90</ItemPrice>
      <UnitOfMeasurePrice>1.41</UnitOfMeasurePrice>
      <AllowDiscount>1</AllowDiscount>
      <itemStatus>1</itemStatus>
      <LastUpdateDate />
      <LastUpdateTime />
    </Product>
    <Product>
      <PriceUpdateDate>2019/07/03 08:47</PriceUpdateDate>
      <ItemCode>143194</ItemCode>
      <ItemType>0</ItemType>
      <ItemName>הוואי שמפו+מרכך לשיער רגיל 700מ`ל</ItemName>
      <ManufactureName>הנקל סוד בע`מ</ManufactureName>
      <ManufactureCountry />
      <ManufactureItemDescription />
      <UnitQty>'יח</UnitQty>
      <Quantity>7</Quantity>
      <UnitMeasure>ל-100 מ"ל</UnitMeasure>
      <BisWeighted>0</BisWeighted>
      <QtyInPackage>12</QtyInPackage>
      <ItemPrice>9.90</ItemPrice>
      <UnitOfMeasurePrice>1.41</UnitOfMeasurePrice>
      <AllowDiscount>1</AllowDiscount>
      <itemStatus>1</itemStatus>
      <LastUpdateDate />
      <LastUpdateTime />
    </Product>
    <Product>
      <PriceUpdateDate>2019/07/03 08:47</PriceUpdateDate>
      <ItemCode>143200</ItemCode>
      <ItemType>0</ItemType>
      <ItemName>הוואי מרכך לשיער יבש ומסולסל 700מ`ל</ItemName>
      <ManufactureName>הנקל סוד בע`מ</ManufactureName>
      <ManufactureCountry />
      <ManufactureItemDescription />
      <UnitQty>'יח</UnitQty>
      <Quantity>7</Quantity>
      <UnitMeasure>ל-100 מ"ל</UnitMeasure>
      <BisWeighted>0</BisWeighted>
      <QtyInPackage>12</QtyInPackage>
      <ItemPrice>9.90</ItemPrice>
      <UnitOfMeasurePrice>1.41</UnitOfMeasurePrice>
      <AllowDiscount>1</AllowDiscount>
      <itemStatus>1</itemStatus>
      <LastUpdateDate />
      <LastUpdateTime />
    </Product>
    <Product>
      <PriceUpdateDate>2019/07/03 08:47</PriceUpdateDate>
      <ItemCode>143217</ItemCode>
      <ItemType>0</ItemType>
      <ItemName>הוואי שמפו לשיער יבש ומסולסל 700 מ`ל</ItemName>
      <ManufactureName>הנקל סוד בע`מ</ManufactureName>
      <ManufactureCountry />
      <ManufactureItemDescription />
      <UnitQty>'יח</UnitQty>
      <Quantity>7</Quantity>
      <UnitMeasure>ל-100 מ"ל</UnitMeasure>
      <BisWeighted>0</BisWeighted>
      <QtyInPackage>12</QtyInPackage>
      <ItemPrice>9.90</ItemPrice>
      <UnitOfMeasurePrice>1.41</UnitOfMeasurePrice>
      <AllowDiscount>1</AllowDiscount>
      <itemStatus>1</itemStatus>
      <LastUpdateDate />
      <LastUpdateTime />
    </Product>
    <Product>
      <PriceUpdateDate>2019/07/03 08:47</PriceUpdateDate>
      <ItemCode>143255</ItemCode>
      <ItemType>0</ItemType>
      <ItemName>הוואי שמפו לשיער רגיל 700 מ`ל</ItemName>
      <ManufactureName>הנקל סוד בע`מ</ManufactureName>
      <ManufactureCountry />
      <ManufactureItemDescription />
      <UnitQty>'יח</UnitQty>
      <Quantity>7</Quantity>
      <UnitMeasure>ל-100 מ"ל</UnitMeasure>
      <BisWeighted>0</BisWeighted>
      <QtyInPackage>12</QtyInPackage>
      <ItemPrice>9.90</ItemPrice>
      <UnitOfMeasurePrice>1.41</UnitOfMeasurePrice>
      <AllowDiscount>1</AllowDiscount>
      <itemStatus>1</itemStatus>
      <LastUpdateDate />
      <LastUpdateTime />
    </Product>
    <Product>
      <PriceUpdateDate>2019/07/03 08:47</PriceUpdateDate>
      <ItemCode>143262</ItemCode>
      <ItemType>0</ItemType>
      <ItemName>הוואי שמפו לילדים 700 מ`ל</ItemName>
      <ManufactureName>הנקל סוד בע`מ</ManufactureName>
      <ManufactureCountry />
      <ManufactureItemDescription />
      <UnitQty>'יח</UnitQty>
      <Quantity>7</Quantity>
      <UnitMeasure>ל-100 מ"ל</UnitMeasure>
      <BisWeighted>0</BisWeighted>
      <QtyInPackage>12</QtyInPackage>
      <ItemPrice>9.90</ItemPrice>
      <UnitOfMeasurePrice>1.41</UnitOfMeasurePrice>
      <AllowDiscount>1</AllowDiscount>
      <itemStatus>1</itemStatus>
      <LastUpdateDate />
      <LastUpdateTime />
    </Product>
    <Product>
      <PriceUpdateDate>2019/07/03 08:47</PriceUpdateDate>
      <ItemCode>143279</ItemCode>
      <ItemType>0</ItemType>
      <ItemName>הוואי שמפו נגד קשקשים 700 מ`ל</ItemName>
      <ManufactureName>הנקל סוד בע`מ</ManufactureName>
      <ManufactureCountry />
      <ManufactureItemDescription />
      <UnitQty>'יח</UnitQty>
      <Quantity>7</Quantity>
      <UnitMeasure>ל-100 מ"ל</UnitMeasure>
      <BisWeighted>0</BisWeighted>
      <QtyInPackage>12</QtyInPackage>
      <ItemPrice>9.90</ItemPrice>
      <UnitOfMeasurePrice>1.41</UnitOfMeasurePrice>
      <AllowDiscount>1</AllowDiscount>
      <itemStatus>1</itemStatus>
      <LastUpdateDate />
      <LastUpdateTime />
    </Product>
    <Product>
      <PriceUpdateDate>2019/07/03 08:47</PriceUpdateDate>
      <ItemCode>143286</ItemCode>
      <ItemType>0</ItemType>
      <ItemName>הוואי מרכך לשיער רגיל 700 מ`ל</ItemName>
      <ManufactureName>הנקל סוד בע`מ</ManufactureName>
      <ManufactureCountry />
      <ManufactureItemDescription />
      <UnitQty>'יח</UnitQty>
      <Quantity>7</Quantity>
      <UnitMeasure>ל-100 מ"ל</UnitMeasure>
      <BisWeighted>0</BisWeighted>
      <QtyInPackage>12</QtyInPackage>
      <ItemPrice>9.90</ItemPrice>
      <UnitOfMeasurePrice>1.41</UnitOfMeasurePrice>
      <AllowDiscount>1</AllowDiscount>
      <itemStatus>1</itemStatus>
      <LastUpdateDate />
      <LastUpdateTime />
    </Product>
    <Product>
      <PriceUpdateDate>2019/07/03 08:47</PriceUpdateDate>
      <ItemCode>143293</ItemCode>
      <ItemType>0</ItemType>
      <ItemName>הוואי מרכך שיער לילדים 700 מ`ל</ItemName>
      <ManufactureName>הנקל סוד בע`מ</ManufactureName>
      <ManufactureCountry />
      <ManufactureItemDescription />
      <UnitQty>'יח</UnitQty>
      <Quantity>7</Quantity>
      <UnitMeasure>ל-100 מ"ל</UnitMeasure>
      <BisWeighted>0</BisWeighted>
      <QtyInPackage>12</QtyInPackage>
      <ItemPrice>9.90</ItemPrice>
      <UnitOfMeasurePrice>1.41</UnitOfMeasurePrice>
      <AllowDiscount>1</AllowDiscount>
      <itemStatus>1</itemStatus>
      <LastUpdateDate />
      <LastUpdateTime />
    </Product>
    <Product>
      <PriceUpdateDate>2022/01/16 17:04</PriceUpdateDate>
      <ItemCode>144474</ItemCode>
      <ItemType>0</ItemType>
      <ItemName>שמן קנולה בריאות 1 ליטר</ItemName>
      <ManufactureName>סוגת</ManufactureName>
      <ManufactureCountry />
      <ManufactureItemDescription />
      <UnitQty>'יח</UnitQty>
      <Quantity>10</Quantity>
      <UnitMeasure>ל-100 מ"ל</UnitMeasure>
      <BisWeighted>0</BisWeighted>
      <QtyInPackage>1</QtyInPackage>
      <ItemPrice>16.90</ItemPrice>
      <UnitOfMeasurePrice>1.69</UnitOfMeasurePrice>
      <AllowDiscount>1</AllowDiscount>
      <itemStatus>1</itemStatus>
      <LastUpdateDate />
      <LastUpdateTime />
    </Product>
    <Product>
      <PriceUpdateDate>2020/08/17 14:20</PriceUpdateDate>
      <ItemCode>7290000146645</ItemCode>
      <ItemType>1</ItemType>
      <ItemName>הוואי אל סבון שחור קטיפתי 4*100 גרם</ItemName>
      <ManufactureName>הנקל סוד בע`מ</ManufactureName>
      <ManufactureCountry />
      <ManufactureItemDescription />
      <UnitQty>'יח</UnitQty>
      <Quantity>4</Quantity>
      <UnitMeasure>ל-100 גרם</UnitMeasure>
      <BisWeighted>0</BisWeighted>
      <QtyInPackage>12</QtyInPackage>
      <ItemPrice>12.90</ItemPrice>
      <UnitOfMeasurePrice>3.23</UnitOfMeasurePrice>
      <AllowDiscount>1</AllowDiscount>
      <itemStatus>1</itemStatus>
      <LastUpdateDate />
      <LastUpdateTime />
    </Product>
    <Product>
      <PriceUpdateDate>2020/08/17 14:20</PriceUpdateDate>
      <ItemCode>7290000146652</ItemCode>
      <ItemType>1</ItemType>
      <ItemName>אל סבון קוסמטי ורוד רומנטי 4*100 גרם</ItemName>
      <ManufactureName>הנקל סוד בע`מ</ManufactureName>
      <ManufactureCountry />
      <ManufactureItemDescription />
      <UnitQty>'יח</UnitQty>
      <Quantity>4</Quantity>
      <UnitMeasure>ל-100 גרם</UnitMeasure>
      <BisWeighted>0</BisWeighted>
      <QtyInPackage>12</QtyInPackage>
      <ItemPrice>12.90</ItemPrice>
      <UnitOfMeasurePrice>3.23</UnitOfMeasurePrice>
      <AllowDiscount>1</AllowDiscount>
      <itemStatus>1</itemStatus>
      <LastUpdateDate />
      <LastUpdateTime />
    </Product>
    <Product>
      <PriceUpdateDate>2020/08/17 14:20</PriceUpdateDate>
      <ItemCode>7290000146676</ItemCode>
      <ItemType>1</ItemType>
      <ItemName>אל סבון הוואי לגבר 4*100 גרם</ItemName>
      <ManufactureName>הנקל סוד בע`מ</ManufactureName>
      <ManufactureCountry />
      <ManufactureItemDescription />
      <UnitQty>'יח</UnitQty>
      <Quantity>4</Quantity>
      <UnitMeasure>ל-100 גרם</UnitMeasure>
      <BisWeighted>0</BisWeighted>
      <QtyInPackage>12</QtyInPackage>
      <ItemPrice>12.90</ItemPrice>
      <UnitOfMeasurePrice>3.23</UnitOfMeasurePrice>
      <AllowDiscount>1</AllowDiscount>
      <itemStatus>1</itemStatus>
      <LastUpdateDate />
      <LastUpdateTime />
    </Product>
    <Product>
      <PriceUpdateDate>2020/08/17 14:20</PriceUpdateDate>
      <ItemCode>7290000146683</ItemCode>
      <ItemType>1</ItemType>
      <ItemName>אל סבון הוואי דאודורנט לבן 4*100 גרם</ItemName>
      <ManufactureName>הנקל סוד בע`מ</ManufactureName>
      <ManufactureCountry />
      <ManufactureItemDescription />
      <UnitQty>'יח</UnitQty>
      <Quantity>4</Quantity>
      <UnitMeasure>ל-100 גרם</UnitMeasure>
      <BisWeighted>0</BisWeighted>
      <QtyInPackage>12</QtyInPackage>
      <ItemPrice>12.90</ItemPrice>
      <UnitOfMeasurePrice>3.23</UnitOfMeasurePrice>
      <AllowDiscount>1</AllowDiscount>
      <itemStatus>1</itemStatus>
      <LastUpdateDate />
      <LastUpdateTime />
    </Product>
    <Product>
      <PriceUpdateDate>2021/12/23 16:28</PriceUpdateDate>
      <ItemCode>7290000146928</ItemCode>
      <ItemType>1</ItemType>
      <ItemName>משחת שיניים טום וג`רי בטעם ענבים 60 ג`</ItemName>
      <ManufactureName>הנקל סוד בע`מ</ManufactureName>
      <ManufactureCountry />
      <ManufactureItemDescription />
      <UnitQty>'יח</UnitQty>
      <Quantity>0.60</Quantity>
      <UnitMeasure>ל-100 גרם</UnitMeasure>
      <BisWeighted>0</BisWeighted>
      <QtyInPackage>24</QtyInPackage>
      <ItemPrice>8.90</ItemPrice>
      <UnitOfMeasurePrice>14.83</UnitOfMeasurePrice>
      <AllowDiscount>1</AllowDiscount>
      <itemStatus>1</itemStatus>
      <LastUpdateDate />
      <LastUpdateTime />
    </Product>
    <Product>
      <PriceUpdateDate>2021/12/23 16:28</PriceUpdateDate>
      <ItemCode>7290000146997</ItemCode>
      <ItemType>1</ItemType>
      <ItemName>משחת שיניים טום וג`רי בטעם מסטיק 60 ג`</ItemName>
      <ManufactureName>הנקל סוד בע`מ</ManufactureName>
      <ManufactureCountry />
      <ManufactureItemDescription />
      <UnitQty>'יח</UnitQty>
      <Quantity>0.60</Quantity>
      <UnitMeasure>ל-100 גרם</UnitMeasure>
      <BisWeighted>0</BisWeighted>
      <QtyInPackage>24</QtyInPackage>
      <ItemPrice>8.90</ItemPrice>
      <UnitOfMeasurePrice>14.83</UnitOfMeasurePrice>
      <AllowDiscount>1</AllowDiscount>
      <itemStatus>1</itemStatus>
      <LastUpdateDate />
      <LastUpdateTime />
    </Product>
    <Product>
      <PriceUpdateDate>2019/07/03 08:47</PriceUpdateDate>
      <ItemCode>7290000149905</ItemCode>
      <ItemType>1</ItemType>
      <ItemName>טקסטיל שמפו נוזלי לאריגים עדינים1ליט</ItemName>
      <ManufactureName>החב. הדרומית לשיווק</ManufactureName>
      <ManufactureCountry />
      <ManufactureItemDescription />
      <UnitQty>'יח</UnitQty>
      <Quantity>10</Quantity>
      <UnitMeasure>ל-100 מ"ל</UnitMeasure>
      <BisWeighted>0</BisWeighted>
      <QtyInPackage>12</QtyInPackage>
      <ItemPrice>15.90</ItemPrice>
      <UnitOfMeasurePrice>1.59</UnitOfMeasurePrice>
      <AllowDiscount>0</AllowDiscount>
      <itemStatus>1</itemStatus>
      <LastUpdateDate />
      <LastUpdateTime />
    </Product>
    <Product>
      <PriceUpdateDate>2022/09/08 17:07</PriceUpdateDate>
      <ItemCode>7290000159010</ItemCode>
      <ItemType>1</ItemType>
      <ItemName>שניצל דובונים 700 גרם קפוא</ItemName>
      <ManufactureName>קבוצת אסם סחר</ManufactureName>
      <ManufactureCountry />
      <ManufactureItemDescription />
      <UnitQty>'יח</UnitQty>
      <Quantity>7</Quantity>
      <UnitMeasure>ל-100 גרם</UnitMeasure>
      <BisWeighted>0</BisWeighted>
      <QtyInPackage>1</QtyInPackage>
      <ItemPrice>29.90</ItemPrice>
      <UnitOfMeasurePrice>4.27</UnitOfMeasurePrice>
      <AllowDiscount>0</AllowDiscount>
      <itemStatus>1</itemStatus>
      <LastUpdateDate />
      <LastUpdateTime />
    </Product>
    <Product>
      <PriceUpdateDate>2020/11/10 20:13</PriceUpdateDate>
      <ItemCode>161358</ItemCode>
      <ItemType>0</ItemType>
      <ItemName>מיונז אמיתי משמן קנולה 500 גרם</ItemName>
      <ManufactureName>יוניליוור ישראל שיווק בע`מ</ManufactureName>
      <ManufactureCountry />
      <ManufactureItemDescription />
      <UnitQty>'יח</UnitQty>
      <Quantity>5</Quantity>
      <UnitMeasure>ל-100 גרם</UnitMeasure>
      <BisWeighted>0</BisWeighted>
      <QtyInPackage>1</QtyInPackage>
      <ItemPrice>12.90</ItemPrice>
      <UnitOfMeasurePrice>2.58</UnitOfMeasurePrice>
      <AllowDiscount>1</AllowDiscount>
      <itemStatus>1</itemStatus>
      <LastUpdateDate />
      <LastUpdateTime />
    </Product>
    <Product>
      <PriceUpdateDate>2019/01/16 14:36</PriceUpdateDate>
      <ItemCode>7290000166605</ItemCode>
      <ItemType>1</ItemType>
      <ItemName>פנטסטיק לניקוי כללי יסמין 4 ליטר</ItemName>
      <ManufactureName>יוניליוור ישראל שיווק בע`מ</ManufactureName>
      <ManufactureCountry />
      <ManufactureItemDescription />
      <UnitQty>'יח</UnitQty>
      <Quantity>4</Quantity>
      <UnitMeasure>לליטר</UnitMeasure>
      <BisWeighted>0</BisWeighted>
      <QtyInPackage>1</QtyInPackage>
      <ItemPrice>22.90</ItemPrice>
      <UnitOfMeasurePrice>5.73</UnitOfMeasurePrice>
      <AllowDiscount>0</AllowDiscount>
      <itemStatus>1</itemStatus>
      <LastUpdateDate />
      <LastUpdateTime />
    </Product>
    <Product>
      <PriceUpdateDate>2021/12/27 11:50</PriceUpdateDate>
      <ItemCode>168173</ItemCode>
      <ItemType>0</ItemType>
      <ItemName>ברנפלקס 375 גרם</ItemName>
      <ManufactureName>יוניליוור ישראל שיווק בע`מ</ManufactureName>
      <ManufactureCountry />
      <ManufactureItemDescription />
      <UnitQty>'יח</UnitQty>
      <Quantity>3.75</Quantity>
      <UnitMeasure>ל-100 גרם</UnitMeasure>
      <BisWeighted>0</BisWeighted>
      <QtyInPackage>1</QtyInPackage>
      <ItemPrice>22.90</ItemPrice>
      <UnitOfMeasurePrice>6.11</UnitOfMeasurePrice>
      <AllowDiscount>1</AllowDiscount>
      <itemStatus>1</itemStatus>
      <LastUpdateDate />
      <LastUpdateTime />
    </Product>
    <Product>
      <PriceUpdateDate>2019/10/16 13:11</PriceUpdateDate>
      <ItemCode>7290000169798</ItemCode>
      <ItemType>1</ItemType>
      <ItemName>עוגי מופחת סוכר 500 גרם</ItemName>
      <ManufactureName>יוניליוור ישראל שיווק בע`מ</ManufactureName>
      <ManufactureCountry />
      <ManufactureItemDescription />
      <UnitQty>'יח</UnitQty>
      <Quantity>5</Quantity>
      <UnitMeasure>ל-100 גרם</UnitMeasure>
      <BisWeighted>0</BisWeighted>
      <QtyInPackage>1</QtyInPackage>
      <ItemPrice>19.90</ItemPrice>
      <UnitOfMeasurePrice>3.98</UnitOfMeasurePrice>
      <AllowDiscount>1</AllowDiscount>
      <itemStatus>1</itemStatus>
      <LastUpdateDate />
      <LastUpdateTime />
    </Product>
    <Product>
      <PriceUpdateDate>2019/07/03 08:47</PriceUpdateDate>
      <ItemCode>7290000174723</ItemCode>
      <ItemType>1</ItemType>
      <ItemName>אבקת שוקו שוקולית פחית 500 גרם</ItemName>
      <ManufactureName>שטראוס גרופ בע`מ</ManufactureName>
      <ManufactureCountry />
      <ManufactureItemDescription />
      <UnitQty>'יח</UnitQty>
      <Quantity>5</Quantity>
      <UnitMeasure>ל-100 גרם</UnitMeasure>
      <BisWeighted>0</BisWeighted>
      <QtyInPackage>1</QtyInPackage>
      <ItemPrice>13.90</ItemPrice>
      <UnitOfMeasurePrice>2.78</UnitOfMeasurePrice>
      <AllowDiscount>0</AllowDiscount>
      <itemStatus>1</itemStatus>
      <LastUpdateDate />
      <LastUpdateTime />
    </Product>
    <Product>
      <PriceUpdateDate>2019/08/11 15:34</PriceUpdateDate>
      <ItemCode>7290000176079</ItemCode>
      <ItemType>1</ItemType>
      <ItemName>קפה טורקי עם הל 100 גרם</ItemName>
      <ManufactureName>שטראוס גרופ בע`מ</ManufactureName>
      <ManufactureCountry />
      <ManufactureItemDescription />
      <UnitQty>'יח</UnitQty>
      <Quantity>1</Quantity>
      <UnitMeasure />
      <BisWeighted>0</BisWeighted>
      <QtyInPackage>50</QtyInPackage>
      <ItemPrice>8.90</ItemPrice>
      <UnitOfMeasurePrice>8.90</UnitOfMeasurePrice>
      <AllowDiscount>0</AllowDiscount>
      <itemStatus>1</itemStatus>
      <LastUpdateDate />
      <LastUpdateTime />
    </Product>
    <Product>
      <PriceUpdateDate>2019/08/11 15:34</PriceUpdateDate>
      <ItemCode>7290000176413</ItemCode>
      <ItemType>1</ItemType>
      <ItemName>קפה נמס עלית פחית 50 גרם</ItemName>
      <ManufactureName>שטראוס גרופ בע`מ</ManufactureName>
      <ManufactureCountry />
      <ManufactureItemDescription />
      <UnitQty>'יח</UnitQty>
      <Quantity>0.50</Quantity>
      <UnitMeasure>ל-100 גרם</UnitMeasure>
      <BisWeighted>0</BisWeighted>
      <QtyInPackage>24</QtyInPackage>
      <ItemPrice>8.90</ItemPrice>
      <UnitOfMeasurePrice>17.80</UnitOfMeasurePrice>
      <AllowDiscount>0</AllowDiscount>
      <itemStatus>1</itemStatus>
      <LastUpdateDate />
      <LastUpdateTime />
    </Product>
    <Product>
      <PriceUpdateDate>2020/09/22 07:41</PriceUpdateDate>
      <ItemCode>7290000176420</ItemCode>
      <ItemType>1</ItemType>
      <ItemName>קפה נמס פחית 200 גרם</ItemName>
      <ManufactureName>שטראוס גרופ בע`מ</ManufactureName>
      <ManufactureCountry />
      <ManufactureItemDescription />
      <UnitQty>'יח</UnitQty>
      <Quantity>2</Quantity>
      <UnitMeasure>ל-100 גרם</UnitMeasure>
      <BisWeighted>0</BisWeighted>
      <QtyInPackage>12</QtyInPackage>
      <ItemPrice>19.90</ItemPrice>
      <UnitOfMeasurePrice>9.95</UnitOfMeasurePrice>
      <AllowDiscount>0</AllowDiscount>
      <itemStatus>1</itemStatus>
      <LastUpdateDate />
      <LastUpdateTime />
    </Product>
    <Product>
      <PriceUpdateDate>2019/08/11 15:34</PriceUpdateDate>
      <ItemCode>7290000176468</ItemCode>
      <ItemType>1</ItemType>
      <ItemName>קפה האג נטול קפאין פחית 50 גרם</ItemName>
      <ManufactureName>שטראוס גרופ בע`מ</ManufactureName>
      <ManufactureCountry />
      <ManufactureItemDescription />
      <UnitQty>'יח</UnitQty>
      <Quantity>0.50</Quantity>
      <UnitMeasure>ל-100 גרם</UnitMeasure>
      <BisWeighted>0</BisWeighted>
      <QtyInPackage>1</QtyInPackage>
      <ItemPrice>10.90</ItemPrice>
      <UnitOfMeasurePrice>21.80</UnitOfMeasurePrice>
      <AllowDiscount>0</AllowDiscount>
      <itemStatus>1</itemStatus>
      <LastUpdateDate />
      <LastUpdateTime />
    </Product>
    <Product>
      <PriceUpdateDate>2022/02/22 16:31</PriceUpdateDate>
      <ItemCode>7290000178707</ItemCode>
      <ItemType>1</ItemType>
      <ItemName>תפוצ`יפס 50 גרם</ItemName>
      <ManufactureName>שטראוס פריטו ליי בע`מ</ManufactureName>
      <ManufactureCountry />
      <ManufactureItemDescription />
      <UnitQty>'יח</UnitQty>
      <Quantity>0.50</Quantity>
      <UnitMeasure>ל-100 גרם</UnitMeasure>
      <BisWeighted>0</BisWeighted>
      <QtyInPackage>1</QtyInPackage>
      <ItemPrice>3.90</ItemPrice>
      <UnitOfMeasurePrice>7.80</UnitOfMeasurePrice>
      <AllowDiscount>1</AllowDiscount>
      <itemStatus>1</itemStatus>
      <LastUpdateDate />
      <LastUpdateTime />
    </Product>
    <Product>
      <PriceUpdateDate>2022/05/09 11:09</PriceUpdateDate>
      <ItemCode>7290000178721</ItemCode>
      <ItemType>1</ItemType>
      <ItemName>תפוצ`יפס 200 גרם</ItemName>
      <ManufactureName>שטראוס פריטו ליי בע`מ</ManufactureName>
      <ManufactureCountry />
      <ManufactureItemDescription />
      <UnitQty>'יח</UnitQty>
      <Quantity>2</Quantity>
      <UnitMeasure>ל-100 גרם</UnitMeasure>
      <BisWeighted>0</BisWeighted>
      <QtyInPackage>1</QtyInPackage>
      <ItemPrice>10.90</ItemPrice>
      <UnitOfMeasurePrice>5.45</UnitOfMeasurePrice>
      <AllowDiscount>1</AllowDiscount>
      <itemStatus>1</itemStatus>
      <LastUpdateDate />
      <LastUpdateTime />
    </Product>
    <Product>
      <PriceUpdateDate>2020/09/30 20:18</PriceUpdateDate>
      <ItemCode>185224</ItemCode>
      <ItemType>0</ItemType>
      <ItemName>סילאן לחיץ 650 גר`</ItemName>
      <ManufactureName>תה ויסוצקי בע`מ</ManufactureName>
      <ManufactureCountry />
      <ManufactureItemDescription />
      <UnitQty>'יח</UnitQty>
      <Quantity>6.50</Quantity>
      <UnitMeasure>ל-100 גרם</UnitMeasure>
      <BisWeighted>0</BisWeighted>
      <QtyInPackage>1</QtyInPackage>
      <ItemPrice>15.90</ItemPrice>
      <UnitOfMeasurePrice>2.45</UnitOfMeasurePrice>
      <AllowDiscount>1</AllowDiscount>
      <itemStatus>1</itemStatus>
      <LastUpdateDate />
      <LastUpdateTime />
    </Product>
    <Product>
      <PriceUpdateDate>2022/09/06 08:06</PriceUpdateDate>
      <ItemCode>187921</ItemCode>
      <ItemType>0</ItemType>
      <ItemName>לילי נייר טואלט לבן קלאסי 32 גלילים</ItemName>
      <ManufactureName>חוגלה קימברלי שיווק בע`מ</ManufactureName>
      <ManufactureCountry />
      <ManufactureItemDescription />
      <UnitQty>'יח</UnitQty>
      <Quantity>19.69</Quantity>
      <UnitMeasure>ל-100 גרם</UnitMeasure>
      <BisWeighted>0</BisWeighted>
      <QtyInPackage>1</QtyInPackage>
      <ItemPrice>39.90</ItemPrice>
      <UnitOfMeasurePrice>2.03</UnitOfMeasurePrice>
      <AllowDiscount>0</AllowDiscount>
      <itemStatus>1</itemStatus>
      <LastUpdateDate />
      <LastUpdateTime />
    </Product>
    <Product>
      <PriceUpdateDate>2022/09/06 08:06</PriceUpdateDate>
      <ItemCode>187938</ItemCode>
      <ItemType>0</ItemType>
      <ItemName>לילי נייר טואלט פסטל 32 גלילים</ItemName>
      <ManufactureName>חוגלה קימברלי שיווק בע`מ</ManufactureName>
      <ManufactureCountry />
      <ManufactureItemDescription />
      <UnitQty>'יח</UnitQty>
      <Quantity>19.69</Quantity>
      <UnitMeasure>ל-100 גרם</UnitMeasure>
      <BisWeighted>0</BisWeighted>
      <QtyInPackage>1</QtyInPackage>
      <ItemPrice>39.90</ItemPrice>
      <UnitOfMeasurePrice>2.03</UnitOfMeasurePrice>
      <AllowDiscount>0</AllowDiscount>
      <itemStatus>1</itemStatus>
      <LastUpdateDate />
      <LastUpdateTime />
    </Product>
    <Product>
      <PriceUpdateDate>2019/10/18 09:44</PriceUpdateDate>
      <ItemCode>187952</ItemCode>
      <ItemType>0</ItemType>
      <ItemName>לילי נייר טואלט טריו 32 גלילים</ItemName>
      <ManufactureName>חוגלה קימברלי שיווק בע`מ</ManufactureName>
      <ManufactureCountry />
      <ManufactureItemDescription />
      <UnitQty>'יח</UnitQty>
      <Quantity>17.88</Quantity>
      <UnitMeasure>ל-100 גרם</UnitMeasure>
      <BisWeighted>0</BisWeighted>
      <QtyInPackage>1</QtyInPackage>
      <ItemPrice>39.90</ItemPrice>
      <UnitOfMeasurePrice>2.23</UnitOfMeasurePrice>
      <AllowDiscount>0</AllowDiscount>
      <itemStatus>1</itemStatus>
      <LastUpdateDate />
      <LastUpdateTime />
    </Product>
    <Product>
      <PriceUpdateDate>2022/01/19 11:03</PriceUpdateDate>
      <ItemCode>7290000188270</ItemCode>
      <ItemType>1</ItemType>
      <ItemName>ממחטות אף קלינקס אולטרה סופט 2*80 יח</ItemName>
      <ManufactureName>חוגלה קימברלי שיווק בע`מ</ManufactureName>
      <ManufactureCountry />
      <ManufactureItemDescription />
      <UnitQty>'יח</UnitQty>
      <Quantity>3.90</Quantity>
      <UnitMeasure>ל-100 גרם</UnitMeasure>
      <BisWeighted>0</BisWeighted>
      <QtyInPackage>12</QtyInPackage>
      <ItemPrice>14.90</ItemPrice>
      <UnitOfMeasurePrice>3.82</UnitOfMeasurePrice>
      <AllowDiscount>0</AllowDiscount>
      <itemStatus>1</itemStatus>
      <LastUpdateDate />
      <LastUpdateTime />
    </Product>
    <Product>
      <PriceUpdateDate>2022/01/19 11:03</PriceUpdateDate>
      <ItemCode>189598</ItemCode>
      <ItemType>0</ItemType>
      <ItemName>ניקול מטליות רב שימושיות 50 יח`</ItemName>
      <ManufactureName>חוגלה קימברלי שיווק בע`מ</ManufactureName>
      <ManufactureCountry />
      <ManufactureItemDescription />
      <UnitQty>'יח</UnitQty>
      <Quantity>1</Quantity>
      <UnitMeasure />
      <BisWeighted>0</BisWeighted>
      <QtyInPackage>12</QtyInPackage>
      <ItemPrice>10.90</ItemPrice>
      <UnitOfMeasurePrice>10.90</UnitOfMeasurePrice>
      <AllowDiscount>1</AllowDiscount>
      <itemStatus>1</itemStatus>
      <LastUpdateDate />
      <LastUpdateTime />
    </Product>
    <Product>
      <PriceUpdateDate>2022/01/19 11:03</PriceUpdateDate>
      <ItemCode>189659</ItemCode>
      <ItemType>0</ItemType>
      <ItemName>ניקול מטליות לחות לרצפה</ItemName>
      <ManufactureName>חוגלה קימברלי שיווק בע`מ</ManufactureName>
      <ManufactureCountry />
      <ManufactureItemDescription />
      <UnitQty>'יח</UnitQty>
      <Quantity>1</Quantity>
      <UnitMeasure />
      <BisWeighted>0</BisWeighted>
      <QtyInPackage>12</QtyInPackage>
      <ItemPrice>10.90</ItemPrice>
      <UnitOfMeasurePrice>10.90</UnitOfMeasurePrice>
      <AllowDiscount>1</AllowDiscount>
      <itemStatus>1</itemStatus>
      <LastUpdateDate />
      <LastUpdateTime />
    </Product>
    <Product>
      <PriceUpdateDate>2022/01/19 11:03</PriceUpdateDate>
      <ItemCode>7290000191539</ItemCode>
      <ItemType>1</ItemType>
      <ItemName>מגבונים לילי צבעוני 5X100</ItemName>
      <ManufactureName>חוגלה קימברלי שיווק בע`מ</ManufactureName>
      <ManufactureCountry />
      <ManufactureItemDescription />
      <UnitQty>'יח</UnitQty>
      <Quantity>5.93</Quantity>
      <UnitMeasure>ל-100 גרם</UnitMeasure>
      <BisWeighted>0</BisWeighted>
      <QtyInPackage>1</QtyInPackage>
      <ItemPrice>12.90</ItemPrice>
      <UnitOfMeasurePrice>2.18</UnitOfMeasurePrice>
      <AllowDiscount>0</AllowDiscount>
      <itemStatus>1</itemStatus>
      <LastUpdateDate />
      <LastUpdateTime />
    </Product>
    <Product>
      <PriceUpdateDate>2022/01/19 11:03</PriceUpdateDate>
      <ItemCode>191546</ItemCode>
      <ItemType>0</ItemType>
      <ItemName>מגבונים צבעוני לילי שלישיות</ItemName>
      <ManufactureName>חוגלה קימברלי שיווק בע`מ</ManufactureName>
      <ManufactureCountry />
      <ManufactureItemDescription />
      <UnitQty>'יח</UnitQty>
      <Quantity>4.20</Quantity>
      <UnitMeasure>ל-100 גרם</UnitMeasure>
      <BisWeighted>0</BisWeighted>
      <QtyInPackage>24</QtyInPackage>
      <ItemPrice>10.90</ItemPrice>
      <UnitOfMeasurePrice>2.60</UnitOfMeasurePrice>
      <AllowDiscount>0</AllowDiscount>
      <itemStatus>1</itemStatus>
      <LastUpdateDate />
      <LastUpdateTime />
    </Product>
    <Product>
      <PriceUpdateDate>2021/10/31 14:53</PriceUpdateDate>
      <ItemCode>7290000191652</ItemCode>
      <ItemType>1</ItemType>
      <ItemName>קלינקס ממחטות אף שקית 3*90 יח`</ItemName>
      <ManufactureName>חוגלה קימברלי שיווק בע`מ</ManufactureName>
      <ManufactureCountry />
      <ManufactureItemDescription />
      <UnitQty>'יח</UnitQty>
      <Quantity>1</Quantity>
      <UnitMeasure>ל-100 גרם</UnitMeasure>
      <BisWeighted>0</BisWeighted>
      <QtyInPackage>24</QtyInPackage>
      <ItemPrice>10.90</ItemPrice>
      <UnitOfMeasurePrice>10.90</UnitOfMeasurePrice>
      <AllowDiscount>0</AllowDiscount>
      <itemStatus>1</itemStatus>
      <LastUpdateDate />
      <LastUpdateTime />
    </Product>
    <Product>
      <PriceUpdateDate>2022/01/19 11:03</PriceUpdateDate>
      <ItemCode>7290000193083</ItemCode>
      <ItemType>1</ItemType>
      <ItemName>לילי נובה לי תחבושות סופר 28 יח</ItemName>
      <ManufactureName>חוגלה קימברלי שיווק בע`מ</ManufactureName>
      <ManufactureCountry />
      <ManufactureItemDescription />
      <UnitQty>'יח</UnitQty>
      <Quantity>0</Quantity>
      <UnitMeasure>ל-100 גרם</UnitMeasure>
      <BisWeighted>0</BisWeighted>
      <QtyInPackage>24</QtyInPackage>
      <ItemPrice>10.90</ItemPrice>
      <UnitOfMeasurePrice>10.90</UnitOfMeasurePrice>
      <AllowDiscount>0</AllowDiscount>
      <itemStatus>1</itemStatus>
      <LastUpdateDate />
      <LastUpdateTime />
    </Product>
    <Product>
      <PriceUpdateDate>2022/05/09 07:57</PriceUpdateDate>
      <ItemCode>7290000193205</ItemCode>
      <ItemType>1</ItemType>
      <ItemName>לילי נטורל תחבושות אולטרה לילה 20 יח</ItemName>
      <ManufactureName>חוגלה קימברלי שיווק בע`מ</ManufactureName>
      <ManufactureCountry />
      <ManufactureItemDescription />
      <UnitQty>'יח</UnitQty>
      <Quantity>0</Quantity>
      <UnitMeasure>ל-100 גרם</UnitMeasure>
      <BisWeighted>0</BisWeighted>
      <QtyInPackage>16</QtyInPackage>
      <ItemPrice>15.90</ItemPrice>
      <UnitOfMeasurePrice>15.90</UnitOfMeasurePrice>
      <AllowDiscount>0</AllowDiscount>
      <itemStatus>1</itemStatus>
      <LastUpdateDate />
      <LastUpdateTime />
    </Product>
    <Product>
      <PriceUpdateDate>2022/01/19 11:03</PriceUpdateDate>
      <ItemCode>7290000193540</ItemCode>
      <ItemType>1</ItemType>
      <ItemName>לילי נטורל תחתוניות לונג 52 יח`</ItemName>
      <ManufactureName>חוגלה קימברלי שיווק בע`מ</ManufactureName>
      <ManufactureCountry />
      <ManufactureItemDescription />
      <UnitQty>'יח</UnitQty>
      <Quantity>0</Quantity>
      <UnitMeasure>ל-100 גרם</UnitMeasure>
      <BisWeighted>0</BisWeighted>
      <QtyInPackage>12</QtyInPackage>
      <ItemPrice>15.90</ItemPrice>
      <UnitOfMeasurePrice>15.90</UnitOfMeasurePrice>
      <AllowDiscount>0</AllowDiscount>
      <itemStatus>1</itemStatus>
      <LastUpdateDate />
      <LastUpdateTime />
    </Product>
    <Product>
      <PriceUpdateDate>2022/01/19 11:03</PriceUpdateDate>
      <ItemCode>7290000193649</ItemCode>
      <ItemType>1</ItemType>
      <ItemName>לילי נטורל תחבושות אולטרה נורמל פלוס</ItemName>
      <ManufactureName>חוגלה קימברלי שיווק בע`מ</ManufactureName>
      <ManufactureCountry />
      <ManufactureItemDescription />
      <UnitQty>'יח</UnitQty>
      <Quantity>0</Quantity>
      <UnitMeasure>ל-100 גרם</UnitMeasure>
      <BisWeighted>0</BisWeighted>
      <QtyInPackage>24</QtyInPackage>
      <ItemPrice>15.90</ItemPrice>
      <UnitOfMeasurePrice>15.90</UnitOfMeasurePrice>
      <AllowDiscount>0</AllowDiscount>
      <itemStatus>1</itemStatus>
      <LastUpdateDate />
      <LastUpdateTime />
    </Product>
    <Product>
      <PriceUpdateDate>2022/01/19 11:03</PriceUpdateDate>
      <ItemCode>7290000193656</ItemCode>
      <ItemType>1</ItemType>
      <ItemName>לילי נטורל תחבושות אולטרה סופר פלוס2</ItemName>
      <ManufactureName>חוגלה קימברלי שיווק בע`מ</ManufactureName>
      <ManufactureCountry />
      <ManufactureItemDescription />
      <UnitQty>'יח</UnitQty>
      <Quantity>0</Quantity>
      <UnitMeasure>ל-100 גרם</UnitMeasure>
      <BisWeighted>0</BisWeighted>
      <QtyInPackage>24</QtyInPackage>
      <ItemPrice>15.90</ItemPrice>
      <UnitOfMeasurePrice>15.90</UnitOfMeasurePrice>
      <AllowDiscount>0</AllowDiscount>
      <itemStatus>1</itemStatus>
      <LastUpdateDate />
      <LastUpdateTime />
    </Product>
    <Product>
      <PriceUpdateDate>2022/01/19 11:03</PriceUpdateDate>
      <ItemCode>7290000194288</ItemCode>
      <ItemType>1</ItemType>
      <ItemName>האגיס משטחי החתלה חד פעמיים 10יח`</ItemName>
      <ManufactureName>חוגלה קימברלי שיווק בע`מ</ManufactureName>
      <ManufactureCountry />
      <ManufactureItemDescription />
      <UnitQty>'יח</UnitQty>
      <Quantity>1</Quantity>
      <UnitMeasure>'יח</UnitMeasure>
      <BisWeighted>0</BisWeighted>
      <QtyInPackage>12</QtyInPackage>
      <ItemPrice>19.90</ItemPrice>
      <UnitOfMeasurePrice>19.90</UnitOfMeasurePrice>
      <AllowDiscount>0</AllowDiscount>
      <itemStatus>1</itemStatus>
      <LastUpdateDate />
      <LastUpdateTime />
    </Product>
    <Product>
      <PriceUpdateDate>2022/01/19 11:03</PriceUpdateDate>
      <ItemCode>195216</ItemCode>
      <ItemType>0</ItemType>
      <ItemName>נייר אפייה בשקית 50 יח`</ItemName>
      <ManufactureName>חוגלה קימברלי שיווק בע`מ</ManufactureName>
      <ManufactureCountry />
      <ManufactureItemDescription />
      <UnitQty>'יח</UnitQty>
      <Quantity>1</Quantity>
      <UnitMeasure />
      <BisWeighted>0</BisWeighted>
      <QtyInPackage>24</QtyInPackage>
      <ItemPrice>9.90</ItemPrice>
      <UnitOfMeasurePrice>9.90</UnitOfMeasurePrice>
      <AllowDiscount>0</AllowDiscount>
      <itemStatus>1</itemStatus>
      <LastUpdateDate />
      <LastUpdateTime />
    </Product>
    <Product>
      <PriceUpdateDate>2022/05/09 20:18</PriceUpdateDate>
      <ItemCode>7290000195537</ItemCode>
      <ItemType>1</ItemType>
      <ItemName>מגבוני האגיס לא מבושם ירוק מילוי4*72</ItemName>
      <ManufactureName>חוגלה קימברלי שיווק בע`מ</ManufactureName>
      <ManufactureCountry />
      <ManufactureItemDescription />
      <UnitQty>'יח</UnitQty>
      <Quantity>1</Quantity>
      <UnitMeasure>'יח</UnitMeasure>
      <BisWeighted>0</BisWeighted>
      <QtyInPackage>6</QtyInPackage>
      <ItemPrice>19.90</ItemPrice>
      <UnitOfMeasurePrice>19.90</UnitOfMeasurePrice>
      <AllowDiscount>0</AllowDiscount>
      <itemStatus>1</itemStatus>
      <LastUpdateDate />
      <LastUpdateTime />
    </Product>
    <Product>
      <PriceUpdateDate>2022/05/09 20:18</PriceUpdateDate>
      <ItemCode>7290000195773</ItemCode>
      <ItemType>1</ItemType>
      <ItemName>האגיס נטורל אלוורה+קמומיל מילוי 4*72</ItemName>
      <ManufactureName>חוגלה קימברלי שיווק בע`מ</ManufactureName>
      <ManufactureCountry />
      <ManufactureItemDescription />
      <UnitQty>'יח</UnitQty>
      <Quantity>1</Quantity>
      <UnitMeasure>'יח</UnitMeasure>
      <BisWeighted>0</BisWeighted>
      <QtyInPackage>6</QtyInPackage>
      <ItemPrice>19.90</ItemPrice>
      <UnitOfMeasurePrice>19.90</UnitOfMeasurePrice>
      <AllowDiscount>0</AllowDiscount>
      <itemStatus>1</itemStatus>
      <LastUpdateDate />
      <LastUpdateTime />
    </Product>
    <Product>
      <PriceUpdateDate>2019/07/03 08:47</PriceUpdateDate>
      <ItemCode>7290000196725</ItemCode>
      <ItemType>1</ItemType>
      <ItemName>משטח לייבוש כלים</ItemName>
      <ManufactureName>חוגלה קימברלי שיווק בע`מ</ManufactureName>
      <ManufactureCountry />
      <ManufactureItemDescription />
      <UnitQty>'יח</UnitQty>
      <Quantity>1</Quantity>
      <UnitMeasure />
      <BisWeighted>0</BisWeighted>
      <QtyInPackage>1</QtyInPackage>
      <ItemPrice>11.90</ItemPrice>
      <UnitOfMeasurePrice>11.90</UnitOfMeasurePrice>
      <AllowDiscount>0</AllowDiscount>
      <itemStatus>1</itemStatus>
      <LastUpdateDate />
      <LastUpdateTime />
    </Product>
    <Product>
      <PriceUpdateDate>2019/10/18 09:44</PriceUpdateDate>
      <ItemCode>7290000196763</ItemCode>
      <ItemType>1</ItemType>
      <ItemName>השקית החזקה ניקול</ItemName>
      <ManufactureName>חוגלה קימברלי שיווק בע`מ</ManufactureName>
      <ManufactureCountry />
      <ManufactureItemDescription />
      <UnitQty>'יח</UnitQty>
      <Quantity>1</Quantity>
      <UnitMeasure />
      <BisWeighted>0</BisWeighted>
      <QtyInPackage>12</QtyInPackage>
      <ItemPrice>25.90</ItemPrice>
      <UnitOfMeasurePrice>25.90</UnitOfMeasurePrice>
      <AllowDiscount>0</AllowDiscount>
      <itemStatus>1</itemStatus>
      <LastUpdateDate />
      <LastUpdateTime />
    </Product>
    <Product>
      <PriceUpdateDate>2022/01/19 11:03</PriceUpdateDate>
      <ItemCode>197326</ItemCode>
      <ItemType>0</ItemType>
      <ItemName>רדיד אלומיניום 30 סמ*7.5מ*2</ItemName>
      <ManufactureName>חוגלה קימברלי שיווק בע`מ</ManufactureName>
      <ManufactureCountry />
      <ManufactureItemDescription />
      <UnitQty>'יח</UnitQty>
      <Quantity>1</Quantity>
      <UnitMeasure />
      <BisWeighted>0</BisWeighted>
      <QtyInPackage>12</QtyInPackage>
      <ItemPrice>10.90</ItemPrice>
      <UnitOfMeasurePrice>10.90</UnitOfMeasurePrice>
      <AllowDiscount>0</AllowDiscount>
      <itemStatus>1</itemStatus>
      <LastUpdateDate />
      <LastUpdateTime />
    </Product>
    <Product>
      <PriceUpdateDate>2022/01/19 11:03</PriceUpdateDate>
      <ItemCode>7290000197340</ItemCode>
      <ItemType>1</ItemType>
      <ItemName>רדיד אלומיניום 7.5/0.45 מטר זוג</ItemName>
      <ManufactureName>חוגלה קימברלי שיווק בע`מ</ManufactureName>
      <ManufactureCountry />
      <ManufactureItemDescription />
      <UnitQty>'יח</UnitQty>
      <Quantity>1</Quantity>
      <UnitMeasure />
      <BisWeighted>0</BisWeighted>
      <QtyInPackage>12</QtyInPackage>
      <ItemPrice>14.90</ItemPrice>
      <UnitOfMeasurePrice>14.90</UnitOfMeasurePrice>
      <AllowDiscount>0</AllowDiscount>
      <itemStatus>1</itemStatus>
      <LastUpdateDate />
      <LastUpdateTime />
    </Product>
    <Product>
      <PriceUpdateDate>2022/01/19 11:03</PriceUpdateDate>
      <ItemCode>7290000197425</ItemCode>
      <ItemType>1</ItemType>
      <ItemName>פרידום דריי שלב 3 54 יח`</ItemName>
      <ManufactureName>חוגלה קימברלי שיווק בע`מ</ManufactureName>
      <ManufactureCountry />
      <ManufactureItemDescription />
      <UnitQty>'יח</UnitQty>
      <Quantity>1</Quantity>
      <UnitMeasure>'יח</UnitMeasure>
      <BisWeighted>0</BisWeighted>
      <QtyInPackage>6</QtyInPackage>
      <ItemPrice>43.90</ItemPrice>
      <UnitOfMeasurePrice>43.90</UnitOfMeasurePrice>
      <AllowDiscount>0</AllowDiscount>
      <itemStatus>1</itemStatus>
      <LastUpdateDate />
      <LastUpdateTime />
    </Product>
    <Product>
      <PriceUpdateDate>2022/01/19 11:03</PriceUpdateDate>
      <ItemCode>7290000197432</ItemCode>
      <ItemType>1</ItemType>
      <ItemName>ניקול זוג 19*25 2*150 יח</ItemName>
      <ManufactureName>חוגלה קימברלי שיווק בע`מ</ManufactureName>
      <ManufactureCountry />
      <ManufactureItemDescription />
      <UnitQty>'יח</UnitQty>
      <Quantity>1</Quantity>
      <UnitMeasure />
      <BisWeighted>0</BisWeighted>
      <QtyInPackage>18</QtyInPackage>
      <ItemPrice>12.90</ItemPrice>
      <UnitOfMeasurePrice>12.90</UnitOfMeasurePrice>
      <AllowDiscount>0</AllowDiscount>
      <itemStatus>1</itemStatus>
      <LastUpdateDate />
      <LastUpdateTime />
    </Product>
    <Product>
      <PriceUpdateDate>2021/06/24 07:25</PriceUpdateDate>
      <ItemCode>197456</ItemCode>
      <ItemType>0</ItemType>
      <ItemName>פרידום דריי שלב 4 44 יח`</ItemName>
      <ManufactureName>חוגלה קימברלי שיווק בע`מ</ManufactureName>
      <ManufactureCountry />
      <ManufactureItemDescription />
      <UnitQty>'יח</UnitQty>
      <Quantity>1</Quantity>
      <UnitMeasure>'יח</UnitMeasure>
      <BisWeighted>0</BisWeighted>
      <QtyInPackage>4</QtyInPackage>
      <ItemPrice>43.90</ItemPrice>
      <UnitOfMeasurePrice>43.90</UnitOfMeasurePrice>
      <AllowDiscount>0</AllowDiscount>
      <itemStatus>1</itemStatus>
      <LastUpdateDate />
      <LastUpdateTime />
    </Product>
    <Product>
      <PriceUpdateDate>2021/06/24 07:25</PriceUpdateDate>
      <ItemCode>7290000197463</ItemCode>
      <ItemType>1</ItemType>
      <ItemName>פרידום דריי שלב 4 42 יח`</ItemName>
      <ManufactureName>חוגלה קימברלי שיווק בע`מ</ManufactureName>
      <ManufactureCountry />
      <ManufactureItemDescription />
      <UnitQty>'יח</UnitQty>
      <Quantity>1</Quantity>
      <UnitMeasure>'יח</UnitMeasure>
      <BisWeighted>0</BisWeighted>
      <QtyInPackage>6</QtyInPackage>
      <ItemPrice>43.90</ItemPrice>
      <UnitOfMeasurePrice>43.90</UnitOfMeasurePrice>
      <AllowDiscount>0</AllowDiscount>
      <itemStatus>1</itemStatus>
      <LastUpdateDate />
      <LastUpdateTime />
    </Product>
    <Product>
      <PriceUpdateDate>2021/06/24 07:25</PriceUpdateDate>
      <ItemCode>7290000197548</ItemCode>
      <ItemType>1</ItemType>
      <ItemName>פרידום דריי שלב 5 38 יח`</ItemName>
      <ManufactureName>חוגלה קימברלי שיווק בע`מ</ManufactureName>
      <ManufactureCountry />
      <ManufactureItemDescription />
      <UnitQty>'יח</UnitQty>
      <Quantity>1</Quantity>
      <UnitMeasure>'יח</UnitMeasure>
      <BisWeighted>0</BisWeighted>
      <QtyInPackage>6</QtyInPackage>
      <ItemPrice>43.90</ItemPrice>
      <UnitOfMeasurePrice>43.90</UnitOfMeasurePrice>
      <AllowDiscount>0</AllowDiscount>
      <itemStatus>1</itemStatus>
      <LastUpdateDate />
      <LastUpdateTime />
    </Product>
    <Product>
      <PriceUpdateDate>2021/06/24 07:25</PriceUpdateDate>
      <ItemCode>7290000197678</ItemCode>
      <ItemType>1</ItemType>
      <ItemName>פרידום פלוס שלב 6 34 יח`</ItemName>
      <ManufactureName>חוגלה קימברלי שיווק בע`מ</ManufactureName>
      <ManufactureCountry />
      <ManufactureItemDescription />
      <UnitQty>'יח</UnitQty>
      <Quantity>1</Quantity>
      <UnitMeasure>'יח</UnitMeasure>
      <BisWeighted>0</BisWeighted>
      <QtyInPackage>6</QtyInPackage>
      <ItemPrice>43.90</ItemPrice>
      <UnitOfMeasurePrice>43.90</UnitOfMeasurePrice>
      <AllowDiscount>0</AllowDiscount>
      <itemStatus>1</itemStatus>
      <LastUpdateDate />
      <LastUpdateTime />
    </Product>
    <Product>
      <PriceUpdateDate>2022/01/19 11:03</PriceUpdateDate>
      <ItemCode>197753</ItemCode>
      <ItemType>0</ItemType>
      <ItemName>ניקול ניילון נצמד אנטיבקט.30מ זוג</ItemName>
      <ManufactureName>חוגלה קימברלי שיווק בע`מ</ManufactureName>
      <ManufactureCountry />
      <ManufactureItemDescription />
      <UnitQty>'יח</UnitQty>
      <Quantity>1</Quantity>
      <UnitMeasure />
      <BisWeighted>0</BisWeighted>
      <QtyInPackage>12</QtyInPackage>
      <ItemPrice>10.90</ItemPrice>
      <UnitOfMeasurePrice>10.90</UnitOfMeasurePrice>
      <AllowDiscount>0</AllowDiscount>
      <itemStatus>1</itemStatus>
      <LastUpdateDate />
      <LastUpdateTime />
    </Product>
    <Product>
      <PriceUpdateDate>2022/01/19 11:03</PriceUpdateDate>
      <ItemCode>7290000197982</ItemCode>
      <ItemType>1</ItemType>
      <ItemName>רדיד אלומיניום עבה במיוחד 7.5*45 זוג</ItemName>
      <ManufactureName>חוגלה קימברלי שיווק בע`מ</ManufactureName>
      <ManufactureCountry />
      <ManufactureItemDescription />
      <UnitQty>'יח</UnitQty>
      <Quantity>1</Quantity>
      <UnitMeasure />
      <BisWeighted>0</BisWeighted>
      <QtyInPackage>12</QtyInPackage>
      <ItemPrice>19.90</ItemPrice>
      <UnitOfMeasurePrice>19.90</UnitOfMeasurePrice>
      <AllowDiscount>0</AllowDiscount>
      <itemStatus>1</itemStatus>
      <LastUpdateDate />
      <LastUpdateTime />
    </Product>
    <Product>
      <PriceUpdateDate>2022/01/19 11:03</PriceUpdateDate>
      <ItemCode>7290000197999</ItemCode>
      <ItemType>1</ItemType>
      <ItemName>רדיד אלומיניום עבה במיוחד 7.5*30*2יח</ItemName>
      <ManufactureName>חוגלה קימברלי שיווק בע`מ</ManufactureName>
      <ManufactureCountry />
      <ManufactureItemDescription />
      <UnitQty>'יח</UnitQty>
      <Quantity>1</Quantity>
      <UnitMeasure />
      <BisWeighted>0</BisWeighted>
      <QtyInPackage>12</QtyInPackage>
      <ItemPrice>14.90</ItemPrice>
      <UnitOfMeasurePrice>14.90</UnitOfMeasurePrice>
      <AllowDiscount>0</AllowDiscount>
      <itemStatus>1</itemStatus>
      <LastUpdateDate />
      <LastUpdateTime />
    </Product>
    <Product>
      <PriceUpdateDate>2022/01/19 11:03</PriceUpdateDate>
      <ItemCode>204086</ItemCode>
      <ItemType>0</ItemType>
      <ItemName>כריות קירצוף ארוך 3 יח</ItemName>
      <ManufactureName>חוגלה קימברלי שיווק בע`מ</ManufactureName>
      <ManufactureCountry />
      <ManufactureItemDescription />
      <UnitQty>'יח</UnitQty>
      <Quantity>1</Quantity>
      <UnitMeasure />
      <BisWeighted>0</BisWeighted>
      <QtyInPackage>24</QtyInPackage>
      <ItemPrice>10.90</ItemPrice>
      <UnitOfMeasurePrice>10.90</UnitOfMeasurePrice>
      <AllowDiscount>1</AllowDiscount>
      <itemStatus>1</itemStatus>
      <LastUpdateDate />
      <LastUpdateTime />
    </Product>
    <Product>
      <PriceUpdateDate>2022/01/19 11:03</PriceUpdateDate>
      <ItemCode>7290000204147</ItemCode>
      <ItemType>1</ItemType>
      <ItemName>ניקול כריות יפניות עבות 2ב1 4יח</ItemName>
      <ManufactureName>חוגלה קימברלי שיווק בע`מ</ManufactureName>
      <ManufactureCountry />
      <ManufactureItemDescription />
      <UnitQty>'יח</UnitQty>
      <Quantity>1</Quantity>
      <UnitMeasure />
      <BisWeighted>0</BisWeighted>
      <QtyInPackage>24</QtyInPackage>
      <ItemPrice>10.90</ItemPrice>
      <UnitOfMeasurePrice>10.90</UnitOfMeasurePrice>
      <AllowDiscount>1</AllowDiscount>
      <itemStatus>1</itemStatus>
      <LastUpdateDate />
      <LastUpdateTime />
    </Product>
    <Product>
      <PriceUpdateDate>2022/01/19 11:03</PriceUpdateDate>
      <ItemCode>204215</ItemCode>
      <ItemType>0</ItemType>
      <ItemName>ניקול כרית יפנית אריזת 6יח</ItemName>
      <ManufactureName>חוגלה קימברלי שיווק בע`מ</ManufactureName>
      <ManufactureCountry />
      <ManufactureItemDescription />
      <UnitQty>'יח</UnitQty>
      <Quantity>1</Quantity>
      <UnitMeasure />
      <BisWeighted>0</BisWeighted>
      <QtyInPackage>24</QtyInPackage>
      <ItemPrice>10.90</ItemPrice>
      <UnitOfMeasurePrice>10.90</UnitOfMeasurePrice>
      <AllowDiscount>1</AllowDiscount>
      <itemStatus>1</itemStatus>
      <LastUpdateDate />
      <LastUpdateTime />
    </Product>
    <Product>
      <PriceUpdateDate>2022/01/19 11:03</PriceUpdateDate>
      <ItemCode>204253</ItemCode>
      <ItemType>0</ItemType>
      <ItemName>מטליות ניקול יבש 9 יח`</ItemName>
      <ManufactureName>חוגלה קימברלי שיווק בע`מ</ManufactureName>
      <ManufactureCountry />
      <ManufactureItemDescription />
      <UnitQty>'יח</UnitQty>
      <Quantity>1</Quantity>
      <UnitMeasure />
      <BisWeighted>0</BisWeighted>
      <QtyInPackage>24</QtyInPackage>
      <ItemPrice>10.90</ItemPrice>
      <UnitOfMeasurePrice>10.90</UnitOfMeasurePrice>
      <AllowDiscount>1</AllowDiscount>
      <itemStatus>1</itemStatus>
      <LastUpdateDate />
      <LastUpdateTime />
    </Product>
    <Product>
      <PriceUpdateDate>2022/01/19 11:03</PriceUpdateDate>
      <ItemCode>204512</ItemCode>
      <ItemType>0</ItemType>
      <ItemName>ניקול מטליות לחות לרצפה ריח לימון</ItemName>
      <ManufactureName>חוגלה קימברלי שיווק בע`מ</ManufactureName>
      <ManufactureCountry />
      <ManufactureItemDescription />
      <UnitQty>'יח</UnitQty>
      <Quantity>1</Quantity>
      <UnitMeasure />
      <BisWeighted>0</BisWeighted>
      <QtyInPackage>12</QtyInPackage>
      <ItemPrice>10.90</ItemPrice>
      <UnitOfMeasurePrice>10.90</UnitOfMeasurePrice>
      <AllowDiscount>1</AllowDiscount>
      <itemStatus>1</itemStatus>
      <LastUpdateDate />
      <LastUpdateTime />
    </Product>
    <Product>
      <PriceUpdateDate>2019/11/24 12:13</PriceUpdateDate>
      <ItemCode>204611</ItemCode>
      <ItemType>0</ItemType>
      <ItemName>ניקול ספוגית הקסם 6 יח`</ItemName>
      <ManufactureName>חוגלה קימברלי שיווק בע`מ</ManufactureName>
      <ManufactureCountry />
      <ManufactureItemDescription />
      <UnitQty>'יח</UnitQty>
      <Quantity>1</Quantity>
      <UnitMeasure />
      <BisWeighted>0</BisWeighted>
      <QtyInPackage>24</QtyInPackage>
      <ItemPrice>11.90</ItemPrice>
      <UnitOfMeasurePrice>11.90</UnitOfMeasurePrice>
      <AllowDiscount>1</AllowDiscount>
      <itemStatus>1</itemStatus>
      <LastUpdateDate />
      <LastUpdateTime />
    </Product>
    <Product>
      <PriceUpdateDate>2022/07/05 21:16</PriceUpdateDate>
      <ItemCode>7290000207063</ItemCode>
      <ItemType>1</ItemType>
      <ItemName>תרכיז עגבניות 260 גרם</ItemName>
      <ManufactureName>זנלכול יכין</ManufactureName>
      <ManufactureCountry />
      <ManufactureItemDescription />
      <UnitQty>'יח</UnitQty>
      <Quantity>1</Quantity>
      <UnitMeasure>ל-100 גרם</UnitMeasure>
      <BisWeighted>0</BisWeighted>
      <QtyInPackage>1</QtyInPackage>
      <ItemPrice>4.90</ItemPrice>
      <UnitOfMeasurePrice>4.90</UnitOfMeasurePrice>
      <AllowDiscount>0</AllowDiscount>
      <itemStatus>1</itemStatus>
      <LastUpdateDate />
      <LastUpdateTime />
    </Product>
    <Product>
      <PriceUpdateDate>2022/07/05 21:16</PriceUpdateDate>
      <ItemCode>7290000207162</ItemCode>
      <ItemType>1</ItemType>
      <ItemName>רסק עגבניות בפלסטיק 100 גרם</ItemName>
      <ManufactureName>זנלכול יכין</ManufactureName>
      <ManufactureCountry />
      <ManufactureItemDescription />
      <UnitQty>'יח</UnitQty>
      <Quantity>1</Quantity>
      <UnitMeasure>ל-100 גרם</UnitMeasure>
      <BisWeighted>0</BisWeighted>
      <QtyInPackage>1</QtyInPackage>
      <ItemPrice>2.90</ItemPrice>
      <UnitOfMeasurePrice>2.90</UnitOfMeasurePrice>
      <AllowDiscount>1</AllowDiscount>
      <itemStatus>1</itemStatus>
      <LastUpdateDate />
      <LastUpdateTime />
    </Product>
    <Product>
      <PriceUpdateDate>2022/07/05 21:16</PriceUpdateDate>
      <ItemCode>7290000207438</ItemCode>
      <ItemType>1</ItemType>
      <ItemName>קוביות עגבניות 800 גרם</ItemName>
      <ManufactureName>זנלכול יכין</ManufactureName>
      <ManufactureCountry />
      <ManufactureItemDescription />
      <UnitQty>'יח</UnitQty>
      <Quantity>8</Quantity>
      <UnitMeasure>ל-100 גרם</UnitMeasure>
      <BisWeighted>0</BisWeighted>
      <QtyInPackage>1</QtyInPackage>
      <ItemPrice>9.90</ItemPrice>
      <UnitOfMeasurePrice>1.24</UnitOfMeasurePrice>
      <AllowDiscount>0</AllowDiscount>
      <itemStatus>1</itemStatus>
      <LastUpdateDate />
      <LastUpdateTime />
    </Product>
    <Product>
      <PriceUpdateDate>2022/07/05 21:16</PriceUpdateDate>
      <ItemCode>7290000208022</ItemCode>
      <ItemType>1</ItemType>
      <ItemName>עגבניות מרוסקות פריכוז 800 גרם</ItemName>
      <ManufactureName>זנלכול יכין</ManufactureName>
      <ManufactureCountry />
      <ManufactureItemDescription />
      <UnitQty>'יח</UnitQty>
      <Quantity>8</Quantity>
      <UnitMeasure>ל-100 גרם</UnitMeasure>
      <BisWeighted>0</BisWeighted>
      <QtyInPackage>1</QtyInPackage>
      <ItemPrice>9.90</ItemPrice>
      <UnitOfMeasurePrice>1.24</UnitOfMeasurePrice>
      <AllowDiscount>0</AllowDiscount>
      <itemStatus>1</itemStatus>
      <LastUpdateDate />
      <LastUpdateTime />
    </Product>
    <Product>
      <PriceUpdateDate>2022/07/05 21:16</PriceUpdateDate>
      <ItemCode>7290000208077</ItemCode>
      <ItemType>1</ItemType>
      <ItemName>יכין אפונת גינה גדולה 560 גרם</ItemName>
      <ManufactureName>זנלכול יכין</ManufactureName>
      <ManufactureCountry />
      <ManufactureItemDescription />
      <UnitQty>'יח</UnitQty>
      <Quantity>5.60</Quantity>
      <UnitMeasure>ל-100 גרם</UnitMeasure>
      <BisWeighted>0</BisWeighted>
      <QtyInPackage>1</QtyInPackage>
      <ItemPrice>8.90</ItemPrice>
      <UnitOfMeasurePrice>1.59</UnitOfMeasurePrice>
      <AllowDiscount>1</AllowDiscount>
      <itemStatus>1</itemStatus>
      <LastUpdateDate />
      <LastUpdateTime />
    </Product>
    <Product>
      <PriceUpdateDate>2022/07/05 21:16</PriceUpdateDate>
      <ItemCode>7290000208114</ItemCode>
      <ItemType>1</ItemType>
      <ItemName>אפונה וגזר 550 גרם</ItemName>
      <ManufactureName>זנלכול יכין</ManufactureName>
      <ManufactureCountry />
      <ManufactureItemDescription />
      <UnitQty>'יח</UnitQty>
      <Quantity>5.50</Quantity>
      <UnitMeasure>ל-100 גרם</UnitMeasure>
      <BisWeighted>0</BisWeighted>
      <QtyInPackage>1</QtyInPackage>
      <ItemPrice>8.90</ItemPrice>
      <UnitOfMeasurePrice>1.62</UnitOfMeasurePrice>
      <AllowDiscount>1</AllowDiscount>
      <itemStatus>1</itemStatus>
      <LastUpdateDate />
      <LastUpdateTime />
    </Product>
    <Product>
      <PriceUpdateDate>2022/07/05 21:16</PriceUpdateDate>
      <ItemCode>7290000208138</ItemCode>
      <ItemType>1</ItemType>
      <ItemName>סירופ דיאט ענבים 1 ליטר</ItemName>
      <ManufactureName>זנלכול יכין</ManufactureName>
      <ManufactureCountry />
      <ManufactureItemDescription />
      <UnitQty>'יח</UnitQty>
      <Quantity>1</Quantity>
      <UnitMeasure />
      <BisWeighted>0</BisWeighted>
      <QtyInPackage>1</QtyInPackage>
      <ItemPrice>18.90</ItemPrice>
      <UnitOfMeasurePrice>18.90</UnitOfMeasurePrice>
      <AllowDiscount>0</AllowDiscount>
      <itemStatus>1</itemStatus>
      <LastUpdateDate />
      <LastUpdateTime />
    </Product>
    <Product>
      <PriceUpdateDate>2022/07/05 21:16</PriceUpdateDate>
      <ItemCode>7290000208145</ItemCode>
      <ItemType>1</ItemType>
      <ItemName>תירס לייט 550 גרם</ItemName>
      <ManufactureName>זנלכול יכין</ManufactureName>
      <ManufactureCountry />
      <ManufactureItemDescription />
      <UnitQty>'יח</UnitQty>
      <Quantity>5.50</Quantity>
      <UnitMeasure>ל-100 גרם</UnitMeasure>
      <BisWeighted>0</BisWeighted>
      <QtyInPackage>1</QtyInPackage>
      <ItemPrice>9.90</ItemPrice>
      <UnitOfMeasurePrice>1.80</UnitOfMeasurePrice>
      <AllowDiscount>0</AllowDiscount>
      <itemStatus>1</itemStatus>
      <LastUpdateDate />
      <LastUpdateTime />
    </Product>
    <Product>
      <PriceUpdateDate>2022/02/06 19:32</PriceUpdateDate>
      <ItemCode>7290000208213</ItemCode>
      <ItemType>1</ItemType>
      <ItemName>שעועית אפויה ברוטב עגבניות 580ג</ItemName>
      <ManufactureName>זנלכול יכין</ManufactureName>
      <ManufactureCountry />
      <ManufactureItemDescription />
      <UnitQty>'יח</UnitQty>
      <Quantity>5.80</Quantity>
      <UnitMeasure>ל-100 גרם</UnitMeasure>
      <BisWeighted>0</BisWeighted>
      <QtyInPackage>1</QtyInPackage>
      <ItemPrice>8.90</ItemPrice>
      <UnitOfMeasurePrice>1.53</UnitOfMeasurePrice>
      <AllowDiscount>1</AllowDiscount>
      <itemStatus>1</itemStatus>
      <LastUpdateDate />
      <LastUpdateTime />
    </Product>
    <Product>
      <PriceUpdateDate>2022/07/05 21:16</PriceUpdateDate>
      <ItemCode>7290000208220</ItemCode>
      <ItemType>1</ItemType>
      <ItemName>צ`לי חריף בנוסח מקסיקני 550 גרם</ItemName>
      <ManufactureName>זנלכול יכין</ManufactureName>
      <ManufactureCountry />
      <ManufactureItemDescription />
      <UnitQty>'יח</UnitQty>
      <Quantity>5.50</Quantity>
      <UnitMeasure>ל-100 גרם</UnitMeasure>
      <BisWeighted>0</BisWeighted>
      <QtyInPackage>1</QtyInPackage>
      <ItemPrice>9.90</ItemPrice>
      <UnitOfMeasurePrice>1.80</UnitOfMeasurePrice>
      <AllowDiscount>0</AllowDiscount>
      <itemStatus>1</itemStatus>
      <LastUpdateDate />
      <LastUpdateTime />
    </Product>
    <Product>
      <PriceUpdateDate>2022/07/05 21:16</PriceUpdateDate>
      <ItemCode>208312</ItemCode>
      <ItemType>0</ItemType>
      <ItemName>גרעיני תירס מתוק בואקום 325 גרם</ItemName>
      <ManufactureName>זנלכול יכין</ManufactureName>
      <ManufactureCountry />
      <ManufactureItemDescription />
      <UnitQty>'יח</UnitQty>
      <Quantity>3.25</Quantity>
      <UnitMeasure>ל-100 גרם</UnitMeasure>
      <BisWeighted>0</BisWeighted>
      <QtyInPackage>1</QtyInPackage>
      <ItemPrice>6.50</ItemPrice>
      <UnitOfMeasurePrice>2</UnitOfMeasurePrice>
      <AllowDiscount>1</AllowDiscount>
      <itemStatus>1</itemStatus>
      <LastUpdateDate />
      <LastUpdateTime />
    </Product>
    <Product>
      <PriceUpdateDate>2022/07/05 21:16</PriceUpdateDate>
      <ItemCode>7290000208329</ItemCode>
      <ItemType>1</ItemType>
      <ItemName>גרעיני תירס מתוק 550 גרם</ItemName>
      <ManufactureName>זנלכול יכין</ManufactureName>
      <ManufactureCountry />
      <ManufactureItemDescription />
      <UnitQty>'יח</UnitQty>
      <Quantity>5.50</Quantity>
      <UnitMeasure>ל-100 גרם</UnitMeasure>
      <BisWeighted>0</BisWeighted>
      <QtyInPackage>1</QtyInPackage>
      <ItemPrice>8.90</ItemPrice>
      <UnitOfMeasurePrice>1.62</UnitOfMeasurePrice>
      <AllowDiscount>1</AllowDiscount>
      <itemStatus>1</itemStatus>
      <LastUpdateDate />
      <LastUpdateTime />
    </Product>
    <Product>
      <PriceUpdateDate>2022/07/05 21:16</PriceUpdateDate>
      <ItemCode>208336</ItemCode>
      <ItemType>0</ItemType>
      <ItemName>רסק עגבניות טרי 240 גרם</ItemName>
      <ManufactureName>זנלכול יכין</ManufactureName>
      <ManufactureCountry />
      <ManufactureItemDescription />
      <UnitQty>'יח</UnitQty>
      <Quantity>2.60</Quantity>
      <UnitMeasure>ל-100 גרם</UnitMeasure>
      <BisWeighted>0</BisWeighted>
      <QtyInPackage>1</QtyInPackage>
      <ItemPrice>4.90</ItemPrice>
      <UnitOfMeasurePrice>1.88</UnitOfMeasurePrice>
      <AllowDiscount>1</AllowDiscount>
      <itemStatus>1</itemStatus>
      <LastUpdateDate />
      <LastUpdateTime />
    </Product>
    <Product>
      <PriceUpdateDate>2022/02/09 15:32</PriceUpdateDate>
      <ItemCode>7290000208428</ItemCode>
      <ItemType>1</ItemType>
      <ItemName>יכין חומוס שלם 560 גרם</ItemName>
      <ManufactureName>זנלכול יכין</ManufactureName>
      <ManufactureCountry />
      <ManufactureItemDescription />
      <UnitQty>'יח</UnitQty>
      <Quantity>5.60</Quantity>
      <UnitMeasure>ל-100 גרם</UnitMeasure>
      <BisWeighted>0</BisWeighted>
      <QtyInPackage>1</QtyInPackage>
      <ItemPrice>8.90</ItemPrice>
      <UnitOfMeasurePrice>1.59</UnitOfMeasurePrice>
      <AllowDiscount>1</AllowDiscount>
      <itemStatus>1</itemStatus>
      <LastUpdateDate />
      <LastUpdateTime />
    </Product>
    <Product>
      <PriceUpdateDate>2022/07/05 21:16</PriceUpdateDate>
      <ItemCode>7290000208534</ItemCode>
      <ItemType>1</ItemType>
      <ItemName>תירס קיד גרעיני תירס מתוק 550 גרם</ItemName>
      <ManufactureName>זנלכול יכין</ManufactureName>
      <ManufactureCountry />
      <ManufactureItemDescription />
      <UnitQty>'יח</UnitQty>
      <Quantity>5.50</Quantity>
      <UnitMeasure>ל-100 גרם</UnitMeasure>
      <BisWeighted>0</BisWeighted>
      <QtyInPackage>1</QtyInPackage>
      <ItemPrice>9.90</ItemPrice>
      <UnitOfMeasurePrice>1.80</UnitOfMeasurePrice>
      <AllowDiscount>0</AllowDiscount>
      <itemStatus>1</itemStatus>
      <LastUpdateDate />
      <LastUpdateTime />
    </Product>
    <Product>
      <PriceUpdateDate>2022/07/05 21:16</PriceUpdateDate>
      <ItemCode>7290000208800</ItemCode>
      <ItemType>1</ItemType>
      <ItemName>תירס ואקום קיד</ItemName>
      <ManufactureName>זנלכול יכין</ManufactureName>
      <ManufactureCountry />
      <ManufactureItemDescription />
      <UnitQty>'יח</UnitQty>
      <Quantity>5.50</Quantity>
      <UnitMeasure>ל-100 גרם</UnitMeasure>
      <BisWeighted>0</BisWeighted>
      <QtyInPackage>1</QtyInPackage>
      <ItemPrice>6.50</ItemPrice>
      <UnitOfMeasurePrice>1.18</UnitOfMeasurePrice>
      <AllowDiscount>1</AllowDiscount>
      <itemStatus>1</itemStatus>
      <LastUpdateDate />
      <LastUpdateTime />
    </Product>
    <Product>
      <PriceUpdateDate>2022/07/05 21:16</PriceUpdateDate>
      <ItemCode>7290000208855</ItemCode>
      <ItemType>1</ItemType>
      <ItemName>רוטב עגבניות לפסטה 240 גרם</ItemName>
      <ManufactureName>זנלכול יכין</ManufactureName>
      <ManufactureCountry />
      <ManufactureItemDescription />
      <UnitQty>'יח</UnitQty>
      <Quantity>2.60</Quantity>
      <UnitMeasure>ל-100 גרם</UnitMeasure>
      <BisWeighted>0</BisWeighted>
      <QtyInPackage>1</QtyInPackage>
      <ItemPrice>5.90</ItemPrice>
      <UnitOfMeasurePrice>2.27</UnitOfMeasurePrice>
      <AllowDiscount>1</AllowDiscount>
      <itemStatus>1</itemStatus>
      <LastUpdateDate />
      <LastUpdateTime />
    </Product>
    <Product>
      <PriceUpdateDate>2022/07/05 21:16</PriceUpdateDate>
      <ItemCode>7290000208893</ItemCode>
      <ItemType>1</ItemType>
      <ItemName>תירס ואקום לייט</ItemName>
      <ManufactureName>זנלכול יכין</ManufactureName>
      <ManufactureCountry />
      <ManufactureItemDescription />
      <UnitQty>'יח</UnitQty>
      <Quantity>3.40</Quantity>
      <UnitMeasure>ל-100 גרם</UnitMeasure>
      <BisWeighted>0</BisWeighted>
      <QtyInPackage>1</QtyInPackage>
      <ItemPrice>6.50</ItemPrice>
      <UnitOfMeasurePrice>1.91</UnitOfMeasurePrice>
      <AllowDiscount>1</AllowDiscount>
      <itemStatus>1</itemStatus>
      <LastUpdateDate />
      <LastUpdateTime />
    </Product>
    <Product>
      <PriceUpdateDate>2022/07/05 21:16</PriceUpdateDate>
      <ItemCode>7290000208930</ItemCode>
      <ItemType>1</ItemType>
      <ItemName>עגבניות מרוסקות עם שום 240 גרם</ItemName>
      <ManufactureName>זנלכול יכין</ManufactureName>
      <ManufactureCountry />
      <ManufactureItemDescription />
      <UnitQty>'יח</UnitQty>
      <Quantity>2.60</Quantity>
      <UnitMeasure>ל-100 גרם</UnitMeasure>
      <BisWeighted>0</BisWeighted>
      <QtyInPackage>1</QtyInPackage>
      <ItemPrice>5.90</ItemPrice>
      <UnitOfMeasurePrice>2.27</UnitOfMeasurePrice>
      <AllowDiscount>1</AllowDiscount>
      <itemStatus>1</itemStatus>
      <LastUpdateDate />
      <LastUpdateTime />
    </Product>
    <Product>
      <PriceUpdateDate>2022/07/05 21:16</PriceUpdateDate>
      <ItemCode>7290000208947</ItemCode>
      <ItemType>1</ItemType>
      <ItemName>עגבניות מרוסקות 260 גרם</ItemName>
      <ManufactureName>זנלכול יכין</ManufactureName>
      <ManufactureCountry />
      <ManufactureItemDescription />
      <UnitQty>'יח</UnitQty>
      <Quantity>2.60</Quantity>
      <UnitMeasure>ל-100 גרם</UnitMeasure>
      <BisWeighted>0</BisWeighted>
      <QtyInPackage>1</QtyInPackage>
      <ItemPrice>5.90</ItemPrice>
      <UnitOfMeasurePrice>2.27</UnitOfMeasurePrice>
      <AllowDiscount>0</AllowDiscount>
      <itemStatus>1</itemStatus>
      <LastUpdateDate />
      <LastUpdateTime />
    </Product>
    <Product>
      <PriceUpdateDate>2021/07/01 20:00</PriceUpdateDate>
      <ItemCode>7290000208978</ItemCode>
      <ItemType>1</ItemType>
      <ItemName>תרכיז עגבניות 28% 100 גרם</ItemName>
      <ManufactureName>זנלכול יכין</ManufactureName>
      <ManufactureCountry />
      <ManufactureItemDescription />
      <UnitQty>'יח</UnitQty>
      <Quantity>1</Quantity>
      <UnitMeasure>ל-100 גרם</UnitMeasure>
      <BisWeighted>0</BisWeighted>
      <QtyInPackage>1</QtyInPackage>
      <ItemPrice>2.90</ItemPrice>
      <UnitOfMeasurePrice>2.90</UnitOfMeasurePrice>
      <AllowDiscount>0</AllowDiscount>
      <itemStatus>1</itemStatus>
      <LastUpdateDate />
      <LastUpdateTime />
    </Product>
    <Product>
      <PriceUpdateDate>2021/07/01 20:00</PriceUpdateDate>
      <ItemCode>209012</ItemCode>
      <ItemType>0</ItemType>
      <ItemName>חומץ טבעי 1 ליטר</ItemName>
      <ManufactureName>זנלכול יכין</ManufactureName>
      <ManufactureCountry />
      <ManufactureItemDescription />
      <UnitQty>'יח</UnitQty>
      <Quantity>10</Quantity>
      <UnitMeasure>ל-100 מ"ל</UnitMeasure>
      <BisWeighted>0</BisWeighted>
      <QtyInPackage>1</QtyInPackage>
      <ItemPrice>6.90</ItemPrice>
      <UnitOfMeasurePrice>0.69</UnitOfMeasurePrice>
      <AllowDiscount>1</AllowDiscount>
      <itemStatus>1</itemStatus>
      <LastUpdateDate />
      <LastUpdateTime />
    </Product>
    <Product>
      <PriceUpdateDate>2021/07/01 20:00</PriceUpdateDate>
      <ItemCode>209043</ItemCode>
      <ItemType>0</ItemType>
      <ItemName>מיץ לימון משומר 1 ליטר</ItemName>
      <ManufactureName>זנלכול יכין</ManufactureName>
      <ManufactureCountry />
      <ManufactureItemDescription />
      <UnitQty>'יח</UnitQty>
      <Quantity>10</Quantity>
      <UnitMeasure>ל-100 מ"ל</UnitMeasure>
      <BisWeighted>0</BisWeighted>
      <QtyInPackage>1</QtyInPackage>
      <ItemPrice>6.90</ItemPrice>
      <UnitOfMeasurePrice>0.69</UnitOfMeasurePrice>
      <AllowDiscount>1</AllowDiscount>
      <itemStatus>1</itemStatus>
      <LastUpdateDate />
      <LastUpdateTime />
    </Product>
    <Product>
      <PriceUpdateDate>2022/07/05 21:16</PriceUpdateDate>
      <ItemCode>7290000209371</ItemCode>
      <ItemType>1</ItemType>
      <ItemName>תירס שלשות 165 גר`OZ</ItemName>
      <ManufactureName>זנלכול יכין</ManufactureName>
      <ManufactureCountry />
      <ManufactureItemDescription />
      <UnitQty>'יח</UnitQty>
      <Quantity>1.65</Quantity>
      <UnitMeasure>ל-100 גרם</UnitMeasure>
      <BisWeighted>0</BisWeighted>
      <QtyInPackage>1</QtyInPackage>
      <ItemPrice>14.90</ItemPrice>
      <UnitOfMeasurePrice>9.03</UnitOfMeasurePrice>
      <AllowDiscount>0</AllowDiscount>
      <itemStatus>1</itemStatus>
      <LastUpdateDate />
      <LastUpdateTime />
    </Product>
    <Product>
      <PriceUpdateDate>2022/07/05 21:16</PriceUpdateDate>
      <ItemCode>7290000209388</ItemCode>
      <ItemType>1</ItemType>
      <ItemName>תירס שלשות 165 גר`OZ</ItemName>
      <ManufactureName>זנלכול יכין</ManufactureName>
      <ManufactureCountry />
      <ManufactureItemDescription />
      <UnitQty>'יח</UnitQty>
      <Quantity>1.65</Quantity>
      <UnitMeasure>ל-100 גרם</UnitMeasure>
      <BisWeighted>0</BisWeighted>
      <QtyInPackage>1</QtyInPackage>
      <ItemPrice>14.90</ItemPrice>
      <UnitOfMeasurePrice>9.03</UnitOfMeasurePrice>
      <AllowDiscount>0</AllowDiscount>
      <itemStatus>1</itemStatus>
      <LastUpdateDate />
      <LastUpdateTime />
    </Product>
    <Product>
      <PriceUpdateDate>2022/07/05 21:16</PriceUpdateDate>
      <ItemCode>7290000209524</ItemCode>
      <ItemType>1</ItemType>
      <ItemName>סירופ דיאט פטל 1 ליטר</ItemName>
      <ManufactureName>זנלכול יכין</ManufactureName>
      <ManufactureCountry />
      <ManufactureItemDescription />
      <UnitQty>'יח</UnitQty>
      <Quantity>1</Quantity>
      <UnitMeasure />
      <BisWeighted>0</BisWeighted>
      <QtyInPackage>1</QtyInPackage>
      <ItemPrice>18.90</ItemPrice>
      <UnitOfMeasurePrice>18.90</UnitOfMeasurePrice>
      <AllowDiscount>0</AllowDiscount>
      <itemStatus>1</itemStatus>
      <LastUpdateDate />
      <LastUpdateTime />
    </Product>
    <Product>
      <PriceUpdateDate>2022/07/05 21:16</PriceUpdateDate>
      <ItemCode>7290000209555</ItemCode>
      <ItemType>1</ItemType>
      <ItemName>סירופ דיאט תפוחים 1 ליטר</ItemName>
      <ManufactureName>זנלכול יכין</ManufactureName>
      <ManufactureCountry />
      <ManufactureItemDescription />
      <UnitQty>'יח</UnitQty>
      <Quantity>1</Quantity>
      <UnitMeasure />
      <BisWeighted>0</BisWeighted>
      <QtyInPackage>1</QtyInPackage>
      <ItemPrice>18.90</ItemPrice>
      <UnitOfMeasurePrice>18.90</UnitOfMeasurePrice>
      <AllowDiscount>0</AllowDiscount>
      <itemStatus>1</itemStatus>
      <LastUpdateDate />
      <LastUpdateTime />
    </Product>
    <Product>
      <PriceUpdateDate>2022/07/05 21:16</PriceUpdateDate>
      <ItemCode>209579</ItemCode>
      <ItemType>0</ItemType>
      <ItemName>סירופ דיאט אננס 1 ליטר</ItemName>
      <ManufactureName>זנלכול יכין</ManufactureName>
      <ManufactureCountry />
      <ManufactureItemDescription />
      <UnitQty>'יח</UnitQty>
      <Quantity>1</Quantity>
      <UnitMeasure />
      <BisWeighted>0</BisWeighted>
      <QtyInPackage>1</QtyInPackage>
      <ItemPrice>18.90</ItemPrice>
      <UnitOfMeasurePrice>18.90</UnitOfMeasurePrice>
      <AllowDiscount>0</AllowDiscount>
      <itemStatus>1</itemStatus>
      <LastUpdateDate />
      <LastUpdateTime />
    </Product>
    <Product>
      <PriceUpdateDate>2022/07/05 21:16</PriceUpdateDate>
      <ItemCode>7290000209708</ItemCode>
      <ItemType>1</ItemType>
      <ItemName>עגבניות מרוסקות בתוספת בזיליקום 260ג</ItemName>
      <ManufactureName>זנלכול יכין</ManufactureName>
      <ManufactureCountry />
      <ManufactureItemDescription />
      <UnitQty>'יח</UnitQty>
      <Quantity>2.60</Quantity>
      <UnitMeasure>ל-100 גרם</UnitMeasure>
      <BisWeighted>0</BisWeighted>
      <QtyInPackage>1</QtyInPackage>
      <ItemPrice>5.90</ItemPrice>
      <UnitOfMeasurePrice>2.27</UnitOfMeasurePrice>
      <AllowDiscount>1</AllowDiscount>
      <itemStatus>1</itemStatus>
      <LastUpdateDate />
      <LastUpdateTime />
    </Product>
    <Product>
      <PriceUpdateDate>2022/07/05 21:16</PriceUpdateDate>
      <ItemCode>209722</ItemCode>
      <ItemType>0</ItemType>
      <ItemName>רסק עגבניות פריכוז 580 גרם</ItemName>
      <ManufactureName>זנלכול יכין</ManufactureName>
      <ManufactureCountry />
      <ManufactureItemDescription />
      <UnitQty>'יח</UnitQty>
      <Quantity>5.80</Quantity>
      <UnitMeasure>ל-100 גרם</UnitMeasure>
      <BisWeighted>0</BisWeighted>
      <QtyInPackage>1</QtyInPackage>
      <ItemPrice>10.90</ItemPrice>
      <UnitOfMeasurePrice>1.88</UnitOfMeasurePrice>
      <AllowDiscount>0</AllowDiscount>
      <itemStatus>1</itemStatus>
      <LastUpdateDate />
      <LastUpdateTime />
    </Product>
    <Product>
      <PriceUpdateDate>2022/07/05 21:16</PriceUpdateDate>
      <ItemCode>7290000209906</ItemCode>
      <ItemType>1</ItemType>
      <ItemName>עגבניות מרוסקות בתוספת בצל 260 גרם</ItemName>
      <ManufactureName>זנלכול יכין</ManufactureName>
      <ManufactureCountry />
      <ManufactureItemDescription />
      <UnitQty>'יח</UnitQty>
      <Quantity>2.60</Quantity>
      <UnitMeasure>ל-100 גרם</UnitMeasure>
      <BisWeighted>0</BisWeighted>
      <QtyInPackage>1</QtyInPackage>
      <ItemPrice>5.90</ItemPrice>
      <UnitOfMeasurePrice>2.27</UnitOfMeasurePrice>
      <AllowDiscount>0</AllowDiscount>
      <itemStatus>1</itemStatus>
      <LastUpdateDate />
      <LastUpdateTime />
    </Product>
    <Product>
      <PriceUpdateDate>2022/07/05 21:16</PriceUpdateDate>
      <ItemCode>209913</ItemCode>
      <ItemType>0</ItemType>
      <ItemName>קוביות עגבניות 260 גרם</ItemName>
      <ManufactureName>זנלכול יכין</ManufactureName>
      <ManufactureCountry />
      <ManufactureItemDescription />
      <UnitQty>'יח</UnitQty>
      <Quantity>2.60</Quantity>
      <UnitMeasure>ל-100 גרם</UnitMeasure>
      <BisWeighted>0</BisWeighted>
      <QtyInPackage>1</QtyInPackage>
      <ItemPrice>5.90</ItemPrice>
      <UnitOfMeasurePrice>2.27</UnitOfMeasurePrice>
      <AllowDiscount>0</AllowDiscount>
      <itemStatus>1</itemStatus>
      <LastUpdateDate />
      <LastUpdateTime />
    </Product>
    <Product>
      <PriceUpdateDate>2022/07/05 21:16</PriceUpdateDate>
      <ItemCode>209944</ItemCode>
      <ItemType>0</ItemType>
      <ItemName>רוטב עגבניות לשקשוקה 240 גרם</ItemName>
      <ManufactureName>זנלכול יכין</ManufactureName>
      <ManufactureCountry />
      <ManufactureItemDescription />
      <UnitQty>'יח</UnitQty>
      <Quantity>2.60</Quantity>
      <UnitMeasure>ל-100 גרם</UnitMeasure>
      <BisWeighted>0</BisWeighted>
      <QtyInPackage>1</QtyInPackage>
      <ItemPrice>5.90</ItemPrice>
      <UnitOfMeasurePrice>2.27</UnitOfMeasurePrice>
      <AllowDiscount>1</AllowDiscount>
      <itemStatus>1</itemStatus>
      <LastUpdateDate />
      <LastUpdateTime />
    </Product>
    <Product>
      <PriceUpdateDate>2022/07/05 21:16</PriceUpdateDate>
      <ItemCode>209951</ItemCode>
      <ItemType>0</ItemType>
      <ItemName>רוטב עגבניות לפיצה 240 גרם</ItemName>
      <ManufactureName>זנלכול יכין</ManufactureName>
      <ManufactureCountry />
      <ManufactureItemDescription />
      <UnitQty>'יח</UnitQty>
      <Quantity>2.60</Quantity>
      <UnitMeasure>ל-100 גרם</UnitMeasure>
      <BisWeighted>0</BisWeighted>
      <QtyInPackage>1</QtyInPackage>
      <ItemPrice>5.90</ItemPrice>
      <UnitOfMeasurePrice>2.27</UnitOfMeasurePrice>
      <AllowDiscount>1</AllowDiscount>
      <itemStatus>1</itemStatus>
      <LastUpdateDate />
      <LastUpdateTime />
    </Product>
    <Product>
      <PriceUpdateDate>2022/07/05 21:16</PriceUpdateDate>
      <ItemCode>7290000209968</ItemCode>
      <ItemType>1</ItemType>
      <ItemName>רוטב עגבניות ללזניה 240 גרם</ItemName>
      <ManufactureName>זנלכול יכין</ManufactureName>
      <ManufactureCountry />
      <ManufactureItemDescription />
      <UnitQty>'יח</UnitQty>
      <Quantity>2.60</Quantity>
      <UnitMeasure>ל-100 גרם</UnitMeasure>
      <BisWeighted>0</BisWeighted>
      <QtyInPackage>1</QtyInPackage>
      <ItemPrice>5.90</ItemPrice>
      <UnitOfMeasurePrice>2.27</UnitOfMeasurePrice>
      <AllowDiscount>1</AllowDiscount>
      <itemStatus>1</itemStatus>
      <LastUpdateDate />
      <LastUpdateTime />
    </Product>
    <Product>
      <PriceUpdateDate>2022/07/05 21:16</PriceUpdateDate>
      <ItemCode>7290000210896</ItemCode>
      <ItemType>1</ItemType>
      <ItemName>רוטב בולונז לפסטה 240 גר`</ItemName>
      <ManufactureName>זנלכול יכין</ManufactureName>
      <ManufactureCountry />
      <ManufactureItemDescription />
      <UnitQty>'יח</UnitQty>
      <Quantity>2.60</Quantity>
      <UnitMeasure>ל-100 גרם</UnitMeasure>
      <BisWeighted>0</BisWeighted>
      <QtyInPackage>1</QtyInPackage>
      <ItemPrice>5.90</ItemPrice>
      <UnitOfMeasurePrice>2.27</UnitOfMeasurePrice>
      <AllowDiscount>1</AllowDiscount>
      <itemStatus>1</itemStatus>
      <LastUpdateDate />
      <LastUpdateTime />
    </Product>
    <Product>
      <PriceUpdateDate>2022/01/05 17:19</PriceUpdateDate>
      <ItemCode>211169</ItemCode>
      <ItemType>0</ItemType>
      <ItemName>אורז תאילנדי אחד אחד 1 קג</ItemName>
      <ManufactureName>סוגת</ManufactureName>
      <ManufactureCountry />
      <ManufactureItemDescription />
      <UnitQty>'יח</UnitQty>
      <Quantity>10</Quantity>
      <UnitMeasure>ל-100 גרם</UnitMeasure>
      <BisWeighted>0</BisWeighted>
      <QtyInPackage>1</QtyInPackage>
      <ItemPrice>6.90</ItemPrice>
      <UnitOfMeasurePrice>0.69</UnitOfMeasurePrice>
      <AllowDiscount>1</AllowDiscount>
      <itemStatus>1</itemStatus>
      <LastUpdateDate />
      <LastUpdateTime />
    </Product>
    <Product>
      <PriceUpdateDate>2019/10/29 16:05</PriceUpdateDate>
      <ItemCode>7290000211312</ItemCode>
      <ItemType>1</ItemType>
      <ItemName>אורז מלא פרסי אחד אחד 1 קג</ItemName>
      <ManufactureName>סוגת</ManufactureName>
      <ManufactureCountry />
      <ManufactureItemDescription />
      <UnitQty>'יח</UnitQty>
      <Quantity>10</Quantity>
      <UnitMeasure>ל-100 גרם</UnitMeasure>
      <BisWeighted>0</BisWeighted>
      <QtyInPackage>1</QtyInPackage>
      <ItemPrice>8.90</ItemPrice>
      <UnitOfMeasurePrice>0.89</UnitOfMeasurePrice>
      <AllowDiscount>0</AllowDiscount>
      <itemStatus>1</itemStatus>
      <LastUpdateDate />
      <LastUpdateTime />
    </Product>
    <Product>
      <PriceUpdateDate>2022/01/05 17:19</PriceUpdateDate>
      <ItemCode>7290000211442</ItemCode>
      <ItemType>1</ItemType>
      <ItemName>אורז פרסי קלאסי אחד אחד 1 ק``ג</ItemName>
      <ManufactureName>סוגת</ManufactureName>
      <ManufactureCountry />
      <ManufactureItemDescription />
      <UnitQty>'יח</UnitQty>
      <Quantity>10</Quantity>
      <UnitMeasure>ל-100 גרם</UnitMeasure>
      <BisWeighted>0</BisWeighted>
      <QtyInPackage>1</QtyInPackage>
      <ItemPrice>10.90</ItemPrice>
      <UnitOfMeasurePrice>1.09</UnitOfMeasurePrice>
      <AllowDiscount>0</AllowDiscount>
      <itemStatus>1</itemStatus>
      <LastUpdateDate />
      <LastUpdateTime />
    </Product>
    <Product>
      <PriceUpdateDate>2020/03/02 09:05</PriceUpdateDate>
      <ItemCode>7290000211985</ItemCode>
      <ItemType>1</ItemType>
      <ItemName>אורז עגול ריזוטו אחד אחד 1 קג</ItemName>
      <ManufactureName>סוגת</ManufactureName>
      <ManufactureCountry />
      <ManufactureItemDescription />
      <UnitQty>'יח</UnitQty>
      <Quantity>10</Quantity>
      <UnitMeasure>ל-100 גרם</UnitMeasure>
      <BisWeighted>0</BisWeighted>
      <QtyInPackage>1</QtyInPackage>
      <ItemPrice>9.90</ItemPrice>
      <UnitOfMeasurePrice>0.99</UnitOfMeasurePrice>
      <AllowDiscount>0</AllowDiscount>
      <itemStatus>1</itemStatus>
      <LastUpdateDate />
      <LastUpdateTime />
    </Product>
    <Product>
      <PriceUpdateDate>2022/05/12 17:11</PriceUpdateDate>
      <ItemCode>7290000212401</ItemCode>
      <ItemType>1</ItemType>
      <ItemName>וופל מצופה מצופית 400 גרם</ItemName>
      <ManufactureName>ח.כהן סוכנות מזון ומשקאות</ManufactureName>
      <ManufactureCountry />
      <ManufactureItemDescription />
      <UnitQty>'יח</UnitQty>
      <Quantity>4</Quantity>
      <UnitMeasure>ל-100 גרם</UnitMeasure>
      <BisWeighted>0</BisWeighted>
      <QtyInPackage>1</QtyInPackage>
      <ItemPrice>9.90</ItemPrice>
      <UnitOfMeasurePrice>2.48</UnitOfMeasurePrice>
      <AllowDiscount>0</AllowDiscount>
      <itemStatus>1</itemStatus>
      <LastUpdateDate />
      <LastUpdateTime />
    </Product>
    <Product>
      <PriceUpdateDate>2022/11/01 10:50</PriceUpdateDate>
      <ItemCode>7290000218502</ItemCode>
      <ItemType>1</ItemType>
      <ItemName>חמין A2 ויטה</ItemName>
      <ManufactureName>ויטה פרי גליל (החדשה) בע`מ</ManufactureName>
      <ManufactureCountry />
      <ManufactureItemDescription />
      <UnitQty>'יח</UnitQty>
      <Quantity>5.68</Quantity>
      <UnitMeasure>ל-100 גרם</UnitMeasure>
      <BisWeighted>0</BisWeighted>
      <QtyInPackage>1</QtyInPackage>
      <ItemPrice>9.90</ItemPrice>
      <UnitOfMeasurePrice>1.74</UnitOfMeasurePrice>
      <AllowDiscount>0</AllowDiscount>
      <itemStatus>1</itemStatus>
      <LastUpdateDate />
      <LastUpdateTime />
    </Product>
    <Product>
      <PriceUpdateDate>2019/07/03 08:47</PriceUpdateDate>
      <ItemCode>7290000238029</ItemCode>
      <ItemType>1</ItemType>
      <ItemName>בצק עלים צרפתי מרודד 1 ק``ג קפוא</ItemName>
      <ManufactureName>תנובה מרכז שיתופי לשיווק תוצרת</ManufactureName>
      <ManufactureCountry />
      <ManufactureItemDescription />
      <UnitQty>'יח</UnitQty>
      <Quantity>10</Quantity>
      <UnitMeasure>ל-100 גרם</UnitMeasure>
      <BisWeighted>0</BisWeighted>
      <QtyInPackage>9</QtyInPackage>
      <ItemPrice>21.90</ItemPrice>
      <UnitOfMeasurePrice>2.19</UnitOfMeasurePrice>
      <AllowDiscount>1</AllowDiscount>
      <itemStatus>1</itemStatus>
      <LastUpdateDate />
      <LastUpdateTime />
    </Product>
    <Product>
      <PriceUpdateDate>2022/02/07 19:52</PriceUpdateDate>
      <ItemCode>7290000238036</ItemCode>
      <ItemType>1</ItemType>
      <ItemName>מלאווח מעדנות 6  יח`700 גרם קפוא</ItemName>
      <ManufactureName>תנובה מרכז שיתופי לשיווק תוצרת</ManufactureName>
      <ManufactureCountry />
      <ManufactureItemDescription />
      <UnitQty>'יח</UnitQty>
      <Quantity>7</Quantity>
      <UnitMeasure>ל-100 גרם</UnitMeasure>
      <BisWeighted>0</BisWeighted>
      <QtyInPackage>16</QtyInPackage>
      <ItemPrice>16.90</ItemPrice>
      <UnitOfMeasurePrice>2.41</UnitOfMeasurePrice>
      <AllowDiscount>0</AllowDiscount>
      <itemStatus>1</itemStatus>
      <LastUpdateDate />
      <LastUpdateTime />
    </Product>
    <Product>
      <PriceUpdateDate>2019/07/03 08:47</PriceUpdateDate>
      <ItemCode>238173</ItemCode>
      <ItemType>0</ItemType>
      <ItemName>בורקס גבינה 800 גרם קפוא</ItemName>
      <ManufactureName>תנובה מרכז שיתופי לשיווק תוצרת</ManufactureName>
      <ManufactureCountry />
      <ManufactureItemDescription />
      <UnitQty>'יח</UnitQty>
      <Quantity>8</Quantity>
      <UnitMeasure>ל-100 גרם</UnitMeasure>
      <BisWeighted>0</BisWeighted>
      <QtyInPackage>14</QtyInPackage>
      <ItemPrice>19.90</ItemPrice>
      <UnitOfMeasurePrice>2.49</UnitOfMeasurePrice>
      <AllowDiscount>1</AllowDiscount>
      <itemStatus>1</itemStatus>
      <LastUpdateDate />
      <LastUpdateTime />
    </Product>
    <Product>
      <PriceUpdateDate>2019/07/03 08:47</PriceUpdateDate>
      <ItemCode>238180</ItemCode>
      <ItemType>0</ItemType>
      <ItemName>בורקס תפו`א 800 גרם קפוא</ItemName>
      <ManufactureName>תנובה מרכז שיתופי לשיווק תוצרת</ManufactureName>
      <ManufactureCountry />
      <ManufactureItemDescription />
      <UnitQty>'יח</UnitQty>
      <Quantity>8</Quantity>
      <UnitMeasure>ל-100 גרם</UnitMeasure>
      <BisWeighted>0</BisWeighted>
      <QtyInPackage>12</QtyInPackage>
      <ItemPrice>19.90</ItemPrice>
      <UnitOfMeasurePrice>2.49</UnitOfMeasurePrice>
      <AllowDiscount>1</AllowDiscount>
      <itemStatus>1</itemStatus>
      <LastUpdateDate />
      <LastUpdateTime />
    </Product>
    <Product>
      <PriceUpdateDate>2019/06/18 17:35</PriceUpdateDate>
      <ItemCode>7290000240541</ItemCode>
      <ItemType>1</ItemType>
      <ItemName>בצק עלים ריבועי 800 גרם קפוא</ItemName>
      <ManufactureName>תנובה מרכז שיתופי לשיווק תוצרת</ManufactureName>
      <ManufactureCountry />
      <ManufactureItemDescription />
      <UnitQty>'יח</UnitQty>
      <Quantity>8</Quantity>
      <UnitMeasure>ל-100 גרם</UnitMeasure>
      <BisWeighted>0</BisWeighted>
      <QtyInPackage>12</QtyInPackage>
      <ItemPrice>21.90</ItemPrice>
      <UnitOfMeasurePrice>2.74</UnitOfMeasurePrice>
      <AllowDiscount>0</AllowDiscount>
      <itemStatus>1</itemStatus>
      <LastUpdateDate />
      <LastUpdateTime />
    </Product>
    <Product>
      <PriceUpdateDate>2019/07/03 08:47</PriceUpdateDate>
      <ItemCode>7290000244051</ItemCode>
      <ItemType>1</ItemType>
      <ItemName>אל סבון נוזלי לידיים 3*500 מל אדום</ItemName>
      <ManufactureName>הנקל סוד בע`מ</ManufactureName>
      <ManufactureCountry />
      <ManufactureItemDescription />
      <UnitQty>'יח</UnitQty>
      <Quantity>1.50</Quantity>
      <UnitMeasure>לליטר</UnitMeasure>
      <BisWeighted>0</BisWeighted>
      <QtyInPackage>8</QtyInPackage>
      <ItemPrice>18.90</ItemPrice>
      <UnitOfMeasurePrice>12.60</UnitOfMeasurePrice>
      <AllowDiscount>1</AllowDiscount>
      <itemStatus>1</itemStatus>
      <LastUpdateDate />
      <LastUpdateTime />
    </Product>
    <Product>
      <PriceUpdateDate>2019/07/03 08:47</PriceUpdateDate>
      <ItemCode>244082</ItemCode>
      <ItemType>0</ItemType>
      <ItemName>הוואי אל סבון נוזלי כחול *3</ItemName>
      <ManufactureName>הנקל סוד בע`מ</ManufactureName>
      <ManufactureCountry />
      <ManufactureItemDescription />
      <UnitQty>'יח</UnitQty>
      <Quantity>1.50</Quantity>
      <UnitMeasure>לליטר</UnitMeasure>
      <BisWeighted>0</BisWeighted>
      <QtyInPackage>8</QtyInPackage>
      <ItemPrice>18.90</ItemPrice>
      <UnitOfMeasurePrice>12.60</UnitOfMeasurePrice>
      <AllowDiscount>1</AllowDiscount>
      <itemStatus>1</itemStatus>
      <LastUpdateDate />
      <LastUpdateTime />
    </Product>
    <Product>
      <PriceUpdateDate>2019/07/03 08:47</PriceUpdateDate>
      <ItemCode>7290000244761</ItemCode>
      <ItemType>1</ItemType>
      <ItemName>קרם ידיים ולוטה 80 גרם</ItemName>
      <ManufactureName>הנקל סוד בע`מ</ManufactureName>
      <ManufactureCountry />
      <ManufactureItemDescription />
      <UnitQty>'יח</UnitQty>
      <Quantity>0.80</Quantity>
      <UnitMeasure>ל-100 גרם</UnitMeasure>
      <BisWeighted>0</BisWeighted>
      <QtyInPackage>1</QtyInPackage>
      <ItemPrice>9.90</ItemPrice>
      <UnitOfMeasurePrice>12.38</UnitOfMeasurePrice>
      <AllowDiscount>1</AllowDiscount>
      <itemStatus>1</itemStatus>
      <LastUpdateDate />
      <LastUpdateTime />
    </Product>
    <Product>
      <PriceUpdateDate>2020/06/17 17:53</PriceUpdateDate>
      <ItemCode>7290000245072</ItemCode>
      <ItemType>1</ItemType>
      <ItemName>מרכך כביסה סוד בייבי 4 ליטר</ItemName>
      <ManufactureName>גורי שיווק</ManufactureName>
      <ManufactureCountry />
      <ManufactureItemDescription />
      <UnitQty>'יח</UnitQty>
      <Quantity>40</Quantity>
      <UnitMeasure>ל-100 מ"ל</UnitMeasure>
      <BisWeighted>0</BisWeighted>
      <QtyInPackage>1</QtyInPackage>
      <ItemPrice>17.90</ItemPrice>
      <UnitOfMeasurePrice>0.45</UnitOfMeasurePrice>
      <AllowDiscount>0</AllowDiscount>
      <itemStatus>1</itemStatus>
      <LastUpdateDate />
      <LastUpdateTime />
    </Product>
    <Product>
      <PriceUpdateDate>2020/06/17 17:53</PriceUpdateDate>
      <ItemCode>245089</ItemCode>
      <ItemType>0</ItemType>
      <ItemName>מרכך כביסה סוד סגול 4 ליטר</ItemName>
      <ManufactureName>גורי שיווק</ManufactureName>
      <ManufactureCountry />
      <ManufactureItemDescription />
      <UnitQty>'יח</UnitQty>
      <Quantity>40</Quantity>
      <UnitMeasure>ל-100 מ"ל</UnitMeasure>
      <BisWeighted>0</BisWeighted>
      <QtyInPackage>6</QtyInPackage>
      <ItemPrice>17.90</ItemPrice>
      <UnitOfMeasurePrice>0.45</UnitOfMeasurePrice>
      <AllowDiscount>0</AllowDiscount>
      <itemStatus>1</itemStatus>
      <LastUpdateDate />
      <LastUpdateTime />
    </Product>
    <Product>
      <PriceUpdateDate>2020/06/17 17:53</PriceUpdateDate>
      <ItemCode>245157</ItemCode>
      <ItemType>0</ItemType>
      <ItemName>מרכך כביסה סוד סנסיישין 4 ליטר</ItemName>
      <ManufactureName>גורי שיווק</ManufactureName>
      <ManufactureCountry />
      <ManufactureItemDescription />
      <UnitQty>'יח</UnitQty>
      <Quantity>40</Quantity>
      <UnitMeasure>ל-100 מ"ל</UnitMeasure>
      <BisWeighted>0</BisWeighted>
      <QtyInPackage>1</QtyInPackage>
      <ItemPrice>17.90</ItemPrice>
      <UnitOfMeasurePrice>0.45</UnitOfMeasurePrice>
      <AllowDiscount>0</AllowDiscount>
      <itemStatus>1</itemStatus>
      <LastUpdateDate />
      <LastUpdateTime />
    </Product>
    <Product>
      <PriceUpdateDate>2020/06/17 17:53</PriceUpdateDate>
      <ItemCode>245782</ItemCode>
      <ItemType>0</ItemType>
      <ItemName>מרכך כביסה סוד ורוד 4 ליטר</ItemName>
      <ManufactureName>גורי שיווק</ManufactureName>
      <ManufactureCountry />
      <ManufactureItemDescription />
      <UnitQty>'יח</UnitQty>
      <Quantity>40</Quantity>
      <UnitMeasure>ל-100 מ"ל</UnitMeasure>
      <BisWeighted>0</BisWeighted>
      <QtyInPackage>6</QtyInPackage>
      <ItemPrice>17.90</ItemPrice>
      <UnitOfMeasurePrice>0.45</UnitOfMeasurePrice>
      <AllowDiscount>0</AllowDiscount>
      <itemStatus>1</itemStatus>
      <LastUpdateDate />
      <LastUpdateTime />
    </Product>
    <Product>
      <PriceUpdateDate>2020/06/17 17:53</PriceUpdateDate>
      <ItemCode>245799</ItemCode>
      <ItemType>0</ItemType>
      <ItemName>מרכך כביסה סוד תכלת 4 ליטר</ItemName>
      <ManufactureName>גורי שיווק</ManufactureName>
      <ManufactureCountry />
      <ManufactureItemDescription />
      <UnitQty>'יח</UnitQty>
      <Quantity>40</Quantity>
      <UnitMeasure>ל-100 מ"ל</UnitMeasure>
      <BisWeighted>0</BisWeighted>
      <QtyInPackage>6</QtyInPackage>
      <ItemPrice>17.90</ItemPrice>
      <UnitOfMeasurePrice>0.45</UnitOfMeasurePrice>
      <AllowDiscount>0</AllowDiscount>
      <itemStatus>1</itemStatus>
      <LastUpdateDate />
      <LastUpdateTime />
    </Product>
    <Product>
      <PriceUpdateDate>2019/07/03 08:47</PriceUpdateDate>
      <ItemCode>7290000253220</ItemCode>
      <ItemType>1</ItemType>
      <ItemName>נטיפי שוקולד צ`יפס לבן/שחור לאפיה</ItemName>
      <ManufactureName>תה ויסוצקי בע`מ</ManufactureName>
      <ManufactureCountry />
      <ManufactureItemDescription />
      <UnitQty>'יח</UnitQty>
      <Quantity>2.60</Quantity>
      <UnitMeasure>ל-100 גרם</UnitMeasure>
      <BisWeighted>0</BisWeighted>
      <QtyInPackage>1</QtyInPackage>
      <ItemPrice>12.90</ItemPrice>
      <UnitOfMeasurePrice>4.96</UnitOfMeasurePrice>
      <AllowDiscount>0</AllowDiscount>
      <itemStatus>1</itemStatus>
      <LastUpdateDate />
      <LastUpdateTime />
    </Product>
    <Product>
      <PriceUpdateDate>2019/07/03 08:47</PriceUpdateDate>
      <ItemCode>7290000253251</ItemCode>
      <ItemType>1</ItemType>
      <ItemName>נטיפי שוקולד צ`יפס לבן לאפיה 250 גרם</ItemName>
      <ManufactureName>תה ויסוצקי בע`מ</ManufactureName>
      <ManufactureCountry />
      <ManufactureItemDescription />
      <UnitQty>'יח</UnitQty>
      <Quantity>2.50</Quantity>
      <UnitMeasure>ל-100 גרם</UnitMeasure>
      <BisWeighted>0</BisWeighted>
      <QtyInPackage>1</QtyInPackage>
      <ItemPrice>12.90</ItemPrice>
      <UnitOfMeasurePrice>5.16</UnitOfMeasurePrice>
      <AllowDiscount>0</AllowDiscount>
      <itemStatus>1</itemStatus>
      <LastUpdateDate />
      <LastUpdateTime />
    </Product>
    <Product>
      <PriceUpdateDate>2021/04/19 23:52</PriceUpdateDate>
      <ItemCode>253374</ItemCode>
      <ItemType>0</ItemType>
      <ItemName>מיני נטיפי שוקולד צ`יפס 66% 250 גר`</ItemName>
      <ManufactureName>תה ויסוצקי בע`מ</ManufactureName>
      <ManufactureCountry />
      <ManufactureItemDescription />
      <UnitQty>'יח</UnitQty>
      <Quantity>2.50</Quantity>
      <UnitMeasure>ל-100 גרם</UnitMeasure>
      <BisWeighted>0</BisWeighted>
      <QtyInPackage>1</QtyInPackage>
      <ItemPrice>14.90</ItemPrice>
      <UnitOfMeasurePrice>5.96</UnitOfMeasurePrice>
      <AllowDiscount>0</AllowDiscount>
      <itemStatus>1</itemStatus>
      <LastUpdateDate />
      <LastUpdateTime />
    </Product>
    <Product>
      <PriceUpdateDate>2022/01/19 11:03</PriceUpdateDate>
      <ItemCode>7290000263359</ItemCode>
      <ItemType>1</ItemType>
      <ItemName>חיתולים ניו בורן מידה 1 40 יח`</ItemName>
      <ManufactureName>חוגלה קימברלי שיווק בע`מ</ManufactureName>
      <ManufactureCountry />
      <ManufactureItemDescription />
      <UnitQty>'יח</UnitQty>
      <Quantity>1</Quantity>
      <UnitMeasure>'יח</UnitMeasure>
      <BisWeighted>0</BisWeighted>
      <QtyInPackage>6</QtyInPackage>
      <ItemPrice>31.90</ItemPrice>
      <UnitOfMeasurePrice>31.90</UnitOfMeasurePrice>
      <AllowDiscount>0</AllowDiscount>
      <itemStatus>1</itemStatus>
      <LastUpdateDate />
      <LastUpdateTime />
    </Product>
    <Product>
      <PriceUpdateDate>2019/10/18 09:44</PriceUpdateDate>
      <ItemCode>7290000272696</ItemCode>
      <ItemType>1</ItemType>
      <ItemName>מיץ לימון טבעי משומר 1 ליטר עסיס כלפ</ItemName>
      <ManufactureName>קבוצת אסם סחר</ManufactureName>
      <ManufactureCountry />
      <ManufactureItemDescription />
      <UnitQty>'יח</UnitQty>
      <Quantity>10</Quantity>
      <UnitMeasure>ל-100 מ"ל</UnitMeasure>
      <BisWeighted>0</BisWeighted>
      <QtyInPackage>1</QtyInPackage>
      <ItemPrice>9.90</ItemPrice>
      <UnitOfMeasurePrice>0.99</UnitOfMeasurePrice>
      <AllowDiscount>0</AllowDiscount>
      <itemStatus>1</itemStatus>
      <LastUpdateDate />
      <LastUpdateTime />
    </Product>
    <Product>
      <PriceUpdateDate>2019/10/18 09:44</PriceUpdateDate>
      <ItemCode>272726</ItemCode>
      <ItemType>0</ItemType>
      <ItemName>חומץ טבעי 1 ליטר עסיס 5% כל`פ</ItemName>
      <ManufactureName>קבוצת אסם סחר</ManufactureName>
      <ManufactureCountry />
      <ManufactureItemDescription />
      <UnitQty>'יח</UnitQty>
      <Quantity>10</Quantity>
      <UnitMeasure>ל-100 מ"ל</UnitMeasure>
      <BisWeighted>0</BisWeighted>
      <QtyInPackage>1</QtyInPackage>
      <ItemPrice>6.90</ItemPrice>
      <UnitOfMeasurePrice>0.69</UnitOfMeasurePrice>
      <AllowDiscount>0</AllowDiscount>
      <itemStatus>1</itemStatus>
      <LastUpdateDate />
      <LastUpdateTime />
    </Product>
    <Product>
      <PriceUpdateDate>2021/11/17 16:22</PriceUpdateDate>
      <ItemCode>283802</ItemCode>
      <ItemType>0</ItemType>
      <ItemName>חזה עגל עם עצם טרי</ItemName>
      <ManufactureName>עוף ירושלים מהדרין בע`מ</ManufactureName>
      <ManufactureCountry />
      <ManufactureItemDescription />
      <UnitQty>ק"ג</UnitQty>
      <Quantity>1</Quantity>
      <UnitMeasure />
      <BisWeighted>1</BisWeighted>
      <QtyInPackage>1</QtyInPackage>
      <ItemPrice>49.90</ItemPrice>
      <UnitOfMeasurePrice>49.90</UnitOfMeasurePrice>
      <AllowDiscount>1</AllowDiscount>
      <itemStatus>1</itemStatus>
      <LastUpdateDate />
      <LastUpdateTime />
    </Product>
    <Product>
      <PriceUpdateDate>2021/08/02 11:22</PriceUpdateDate>
      <ItemCode>283854</ItemCode>
      <ItemType>0</ItemType>
      <ItemName>פילה מדומה טרי</ItemName>
      <ManufactureName>בלדי בע`מ</ManufactureName>
      <ManufactureCountry />
      <ManufactureItemDescription />
      <UnitQty>ק"ג</UnitQty>
      <Quantity>1</Quantity>
      <UnitMeasure />
      <BisWeighted>1</BisWeighted>
      <QtyInPackage>1</QtyInPackage>
      <ItemPrice>59.90</ItemPrice>
      <UnitOfMeasurePrice>59.90</UnitOfMeasurePrice>
      <AllowDiscount>1</AllowDiscount>
      <itemStatus>1</itemStatus>
      <LastUpdateDate />
      <LastUpdateTime />
    </Product>
    <Product>
      <PriceUpdateDate>2021/12/30 18:57</PriceUpdateDate>
      <ItemCode>7290000286228</ItemCode>
      <ItemType>1</ItemType>
      <ItemName>סנו סושי שישייה לניקוי כלים</ItemName>
      <ManufactureName>החב. הדרומית לשיווק</ManufactureName>
      <ManufactureCountry />
      <ManufactureItemDescription />
      <UnitQty>'יח</UnitQty>
      <Quantity>1</Quantity>
      <UnitMeasure />
      <BisWeighted>0</BisWeighted>
      <QtyInPackage>12</QtyInPackage>
      <ItemPrice>11.90</ItemPrice>
      <UnitOfMeasurePrice>11.90</UnitOfMeasurePrice>
      <AllowDiscount>0</AllowDiscount>
      <itemStatus>1</itemStatus>
      <LastUpdateDate />
      <LastUpdateTime />
    </Product>
    <Product>
      <PriceUpdateDate>2021/12/30 18:57</PriceUpdateDate>
      <ItemCode>7290000286525</ItemCode>
      <ItemType>1</ItemType>
      <ItemName>סנו ספוג פרינה לרחצה 1 יח`</ItemName>
      <ManufactureName>החב. הדרומית לשיווק</ManufactureName>
      <ManufactureCountry />
      <ManufactureItemDescription />
      <UnitQty>'יח</UnitQty>
      <Quantity>0</Quantity>
      <UnitMeasure>ל-100 גרם</UnitMeasure>
      <BisWeighted>0</BisWeighted>
      <QtyInPackage>12</QtyInPackage>
      <ItemPrice>10.90</ItemPrice>
      <UnitOfMeasurePrice>10.90</UnitOfMeasurePrice>
      <AllowDiscount>0</AllowDiscount>
      <itemStatus>1</itemStatus>
      <LastUpdateDate />
      <LastUpdateTime />
    </Product>
    <Product>
      <PriceUpdateDate>2020/07/19 12:58</PriceUpdateDate>
      <ItemCode>286549</ItemCode>
      <ItemType>0</ItemType>
      <ItemName>מטלית לכל 9 יח רב שימושית</ItemName>
      <ManufactureName>החב. הדרומית לשיווק</ManufactureName>
      <ManufactureCountry />
      <ManufactureItemDescription />
      <UnitQty>'יח</UnitQty>
      <Quantity>1</Quantity>
      <UnitMeasure />
      <BisWeighted>0</BisWeighted>
      <QtyInPackage>24</QtyInPackage>
      <ItemPrice>10.90</ItemPrice>
      <UnitOfMeasurePrice>10.90</UnitOfMeasurePrice>
      <AllowDiscount>0</AllowDiscount>
      <itemStatus>1</itemStatus>
      <LastUpdateDate />
      <LastUpdateTime />
    </Product>
    <Product>
      <PriceUpdateDate>2022/01/17 20:43</PriceUpdateDate>
      <ItemCode>7290000286761</ItemCode>
      <ItemType>1</ItemType>
      <ItemName>סנו סושי צמד פלסטיק נצמד 30</ItemName>
      <ManufactureName>החב. הדרומית לשיווק</ManufactureName>
      <ManufactureCountry />
      <ManufactureItemDescription />
      <UnitQty>'יח</UnitQty>
      <Quantity>1</Quantity>
      <UnitMeasure />
      <BisWeighted>0</BisWeighted>
      <QtyInPackage>12</QtyInPackage>
      <ItemPrice>11.90</ItemPrice>
      <UnitOfMeasurePrice>11.90</UnitOfMeasurePrice>
      <AllowDiscount>1</AllowDiscount>
      <itemStatus>1</itemStatus>
      <LastUpdateDate />
      <LastUpdateTime />
    </Product>
    <Product>
      <PriceUpdateDate>2022/01/17 20:43</PriceUpdateDate>
      <ItemCode>7290000286891</ItemCode>
      <ItemType>1</ItemType>
      <ItemName>סנו מגן קריסטל לרצפה 1 ליטר</ItemName>
      <ManufactureName>החב. הדרומית לשיווק</ManufactureName>
      <ManufactureCountry />
      <ManufactureItemDescription />
      <UnitQty>'יח</UnitQty>
      <Quantity>10</Quantity>
      <UnitMeasure>ל-100 מ"ל</UnitMeasure>
      <BisWeighted>0</BisWeighted>
      <QtyInPackage>1</QtyInPackage>
      <ItemPrice>21.90</ItemPrice>
      <UnitOfMeasurePrice>2.19</UnitOfMeasurePrice>
      <AllowDiscount>0</AllowDiscount>
      <itemStatus>1</itemStatus>
      <LastUpdateDate />
      <LastUpdateTime />
    </Product>
    <Product>
      <PriceUpdateDate>2022/01/17 20:43</PriceUpdateDate>
      <ItemCode>7290000287102</ItemCode>
      <ItemType>1</ItemType>
      <ItemName>סנו שטיחים קצף לניקוי שטיחים 600 סמק</ItemName>
      <ManufactureName>החב. הדרומית לשיווק</ManufactureName>
      <ManufactureCountry />
      <ManufactureItemDescription />
      <UnitQty>'יח</UnitQty>
      <Quantity>6</Quantity>
      <UnitMeasure>ל-100 מ"ל</UnitMeasure>
      <BisWeighted>0</BisWeighted>
      <QtyInPackage>1</QtyInPackage>
      <ItemPrice>19.90</ItemPrice>
      <UnitOfMeasurePrice>3.32</UnitOfMeasurePrice>
      <AllowDiscount>0</AllowDiscount>
      <itemStatus>1</itemStatus>
      <LastUpdateDate />
      <LastUpdateTime />
    </Product>
    <Product>
      <PriceUpdateDate>2022/01/17 20:43</PriceUpdateDate>
      <ItemCode>7290000287195</ItemCode>
      <ItemType>1</ItemType>
      <ItemName>סנו רהיט אירוסול ספריי 300 סמק</ItemName>
      <ManufactureName>החב. הדרומית לשיווק</ManufactureName>
      <ManufactureCountry />
      <ManufactureItemDescription />
      <UnitQty>'יח</UnitQty>
      <Quantity>3.05</Quantity>
      <UnitMeasure>ל-100 מ"ל</UnitMeasure>
      <BisWeighted>0</BisWeighted>
      <QtyInPackage>1</QtyInPackage>
      <ItemPrice>14.90</ItemPrice>
      <UnitOfMeasurePrice>4.89</UnitOfMeasurePrice>
      <AllowDiscount>0</AllowDiscount>
      <itemStatus>1</itemStatus>
      <LastUpdateDate />
      <LastUpdateTime />
    </Product>
    <Product>
      <PriceUpdateDate>2022/01/17 20:43</PriceUpdateDate>
      <ItemCode>287409</ItemCode>
      <ItemType>0</ItemType>
      <ItemName>סבון אסלה סנובון תות 3*55 גרם</ItemName>
      <ManufactureName>החב. הדרומית לשיווק</ManufactureName>
      <ManufactureCountry />
      <ManufactureItemDescription />
      <UnitQty>'יח</UnitQty>
      <Quantity>1.65</Quantity>
      <UnitMeasure>ל-100 גרם</UnitMeasure>
      <BisWeighted>0</BisWeighted>
      <QtyInPackage>12</QtyInPackage>
      <ItemPrice>11.90</ItemPrice>
      <UnitOfMeasurePrice>7.21</UnitOfMeasurePrice>
      <AllowDiscount>1</AllowDiscount>
      <itemStatus>1</itemStatus>
      <LastUpdateDate />
      <LastUpdateTime />
    </Product>
    <Product>
      <PriceUpdateDate>2022/01/17 20:43</PriceUpdateDate>
      <ItemCode>7290000287430</ItemCode>
      <ItemType>1</ItemType>
      <ItemName>סבון אסלה סנובון צבעוני 3*55 גרם</ItemName>
      <ManufactureName>החב. הדרומית לשיווק</ManufactureName>
      <ManufactureCountry />
      <ManufactureItemDescription />
      <UnitQty>'יח</UnitQty>
      <Quantity>1.65</Quantity>
      <UnitMeasure>ל-100 גרם</UnitMeasure>
      <BisWeighted>0</BisWeighted>
      <QtyInPackage>12</QtyInPackage>
      <ItemPrice>11.90</ItemPrice>
      <UnitOfMeasurePrice>7.21</UnitOfMeasurePrice>
      <AllowDiscount>1</AllowDiscount>
      <itemStatus>1</itemStatus>
      <LastUpdateDate />
      <LastUpdateTime />
    </Product>
    <Product>
      <PriceUpdateDate>2019/07/03 08:47</PriceUpdateDate>
      <ItemCode>288017</ItemCode>
      <ItemType>0</ItemType>
      <ItemName>סנו JAVEL אקונומיקה בריח לימון 1 ליט</ItemName>
      <ManufactureName>החב. הדרומית לשיווק</ManufactureName>
      <ManufactureCountry />
      <ManufactureItemDescription />
      <UnitQty>'יח</UnitQty>
      <Quantity>10</Quantity>
      <UnitMeasure>ל-100 מ"ל</UnitMeasure>
      <BisWeighted>0</BisWeighted>
      <QtyInPackage>12</QtyInPackage>
      <ItemPrice>8.90</ItemPrice>
      <UnitOfMeasurePrice>0.89</UnitOfMeasurePrice>
      <AllowDiscount>0</AllowDiscount>
      <itemStatus>1</itemStatus>
      <LastUpdateDate />
      <LastUpdateTime />
    </Product>
    <Product>
      <PriceUpdateDate>2021/12/30 18:57</PriceUpdateDate>
      <ItemCode>7290000288024</ItemCode>
      <ItemType>1</ItemType>
      <ItemName>סנו ג`אוול אקונומיקה בריח לימון 4 ליט</ItemName>
      <ManufactureName>החב. הדרומית לשיווק</ManufactureName>
      <ManufactureCountry />
      <ManufactureItemDescription />
      <UnitQty>'יח</UnitQty>
      <Quantity>40</Quantity>
      <UnitMeasure>ל-100 מ"ל</UnitMeasure>
      <BisWeighted>0</BisWeighted>
      <QtyInPackage>6</QtyInPackage>
      <ItemPrice>16.90</ItemPrice>
      <UnitOfMeasurePrice>0.42</UnitOfMeasurePrice>
      <AllowDiscount>0</AllowDiscount>
      <itemStatus>1</itemStatus>
      <LastUpdateDate />
      <LastUpdateTime />
    </Product>
    <Product>
      <PriceUpdateDate>2019/01/16 14:37</PriceUpdateDate>
      <ItemCode>7290000288031</ItemCode>
      <ItemType>1</ItemType>
      <ItemName>סנו אקונומיקה 4 ליטר</ItemName>
      <ManufactureName>החב. הדרומית לשיווק</ManufactureName>
      <ManufactureCountry />
      <ManufactureItemDescription />
      <UnitQty>'יח</UnitQty>
      <Quantity>4</Quantity>
      <UnitMeasure>לליטר</UnitMeasure>
      <BisWeighted>0</BisWeighted>
      <QtyInPackage>6</QtyInPackage>
      <ItemPrice>10.90</ItemPrice>
      <UnitOfMeasurePrice>2.73</UnitOfMeasurePrice>
      <AllowDiscount>0</AllowDiscount>
      <itemStatus>1</itemStatus>
      <LastUpdateDate />
      <LastUpdateTime />
    </Product>
    <Product>
      <PriceUpdateDate>2021/12/30 18:57</PriceUpdateDate>
      <ItemCode>288048</ItemCode>
      <ItemType>0</ItemType>
      <ItemName>סנו Javel קצף ניקוי מונטבלאן 1 ליטר</ItemName>
      <ManufactureName>החב. הדרומית לשיווק</ManufactureName>
      <ManufactureCountry />
      <ManufactureItemDescription />
      <UnitQty>'יח</UnitQty>
      <Quantity>10</Quantity>
      <UnitMeasure>ל-100 מ"ל</UnitMeasure>
      <BisWeighted>0</BisWeighted>
      <QtyInPackage>12</QtyInPackage>
      <ItemPrice>18.90</ItemPrice>
      <UnitOfMeasurePrice>1.89</UnitOfMeasurePrice>
      <AllowDiscount>1</AllowDiscount>
      <itemStatus>1</itemStatus>
      <LastUpdateDate />
      <LastUpdateTime />
    </Product>
    <Product>
      <PriceUpdateDate>2022/01/17 20:43</PriceUpdateDate>
      <ItemCode>7290000288086</ItemCode>
      <ItemType>1</ItemType>
      <ItemName>אבקת ניקוי סנו JAVEL עם אקונומיקה600</ItemName>
      <ManufactureName>החב. הדרומית לשיווק</ManufactureName>
      <ManufactureCountry />
      <ManufactureItemDescription />
      <UnitQty>'יח</UnitQty>
      <Quantity>6</Quantity>
      <UnitMeasure>ל-100 גרם</UnitMeasure>
      <BisWeighted>0</BisWeighted>
      <QtyInPackage>1</QtyInPackage>
      <ItemPrice>11.90</ItemPrice>
      <UnitOfMeasurePrice>1.98</UnitOfMeasurePrice>
      <AllowDiscount>0</AllowDiscount>
      <itemStatus>1</itemStatus>
      <LastUpdateDate />
      <LastUpdateTime />
    </Product>
    <Product>
      <PriceUpdateDate>2021/12/30 18:57</PriceUpdateDate>
      <ItemCode>288352</ItemCode>
      <ItemType>0</ItemType>
      <ItemName>קוטל חרקים K300 סנו מיכל 630 סמ`ק</ItemName>
      <ManufactureName>החב. הדרומית לשיווק</ManufactureName>
      <ManufactureCountry />
      <ManufactureItemDescription />
      <UnitQty>'יח</UnitQty>
      <Quantity>6.30</Quantity>
      <UnitMeasure>ל-100 מ"ל</UnitMeasure>
      <BisWeighted>0</BisWeighted>
      <QtyInPackage>12</QtyInPackage>
      <ItemPrice>21.90</ItemPrice>
      <UnitOfMeasurePrice>3.48</UnitOfMeasurePrice>
      <AllowDiscount>0</AllowDiscount>
      <itemStatus>1</itemStatus>
      <LastUpdateDate />
      <LastUpdateTime />
    </Product>
    <Product>
      <PriceUpdateDate>2022/01/17 20:43</PriceUpdateDate>
      <ItemCode>288642</ItemCode>
      <ItemType>0</ItemType>
      <ItemName>מרכך כביסה סנו מקסימה סנסיטיב ורוד 4 ל</ItemName>
      <ManufactureName>החב. הדרומית לשיווק</ManufactureName>
      <ManufactureCountry />
      <ManufactureItemDescription />
      <UnitQty>'יח</UnitQty>
      <Quantity>40</Quantity>
      <UnitMeasure>ל-100 מ"ל</UnitMeasure>
      <BisWeighted>0</BisWeighted>
      <QtyInPackage>6</QtyInPackage>
      <ItemPrice>21.90</ItemPrice>
      <UnitOfMeasurePrice>0.55</UnitOfMeasurePrice>
      <AllowDiscount>0</AllowDiscount>
      <itemStatus>1</itemStatus>
      <LastUpdateDate />
      <LastUpdateTime />
    </Product>
    <Product>
      <PriceUpdateDate>2021/12/30 18:57</PriceUpdateDate>
      <ItemCode>289069</ItemCode>
      <ItemType>0</ItemType>
      <ItemName>סנו Javel קצף ניקוי לימון 1 ליטר</ItemName>
      <ManufactureName>החב. הדרומית לשיווק</ManufactureName>
      <ManufactureCountry />
      <ManufactureItemDescription />
      <UnitQty>'יח</UnitQty>
      <Quantity>10</Quantity>
      <UnitMeasure>ל-100 מ"ל</UnitMeasure>
      <BisWeighted>0</BisWeighted>
      <QtyInPackage>12</QtyInPackage>
      <ItemPrice>18.90</ItemPrice>
      <UnitOfMeasurePrice>1.89</UnitOfMeasurePrice>
      <AllowDiscount>1</AllowDiscount>
      <itemStatus>1</itemStatus>
      <LastUpdateDate />
      <LastUpdateTime />
    </Product>
    <Product>
      <PriceUpdateDate>2019/07/03 08:47</PriceUpdateDate>
      <ItemCode>7290000289496</ItemCode>
      <ItemType>1</ItemType>
      <ItemName>סנו JAVEL קרם לימון 750 סמק</ItemName>
      <ManufactureName>החב. הדרומית לשיווק</ManufactureName>
      <ManufactureCountry />
      <ManufactureItemDescription />
      <UnitQty>'יח</UnitQty>
      <Quantity>7.50</Quantity>
      <UnitMeasure>ל-100 מ"ל</UnitMeasure>
      <BisWeighted>0</BisWeighted>
      <QtyInPackage>12</QtyInPackage>
      <ItemPrice>12.90</ItemPrice>
      <UnitOfMeasurePrice>1.72</UnitOfMeasurePrice>
      <AllowDiscount>0</AllowDiscount>
      <itemStatus>1</itemStatus>
      <LastUpdateDate />
      <LastUpdateTime />
    </Product>
    <Product>
      <PriceUpdateDate>2022/01/17 20:43</PriceUpdateDate>
      <ItemCode>289748</ItemCode>
      <ItemType>0</ItemType>
      <ItemName>סנו פורטה פלוס לתנורים 750 מ``ל</ItemName>
      <ManufactureName>החב. הדרומית לשיווק</ManufactureName>
      <ManufactureCountry />
      <ManufactureItemDescription />
      <UnitQty>'יח</UnitQty>
      <Quantity>7.50</Quantity>
      <UnitMeasure>ל-100 מ"ל</UnitMeasure>
      <BisWeighted>0</BisWeighted>
      <QtyInPackage>12</QtyInPackage>
      <ItemPrice>14.90</ItemPrice>
      <UnitOfMeasurePrice>1.99</UnitOfMeasurePrice>
      <AllowDiscount>0</AllowDiscount>
      <itemStatus>1</itemStatus>
      <LastUpdateDate />
      <LastUpdateTime />
    </Product>
    <Product>
      <PriceUpdateDate>2022/01/06 22:10</PriceUpdateDate>
      <ItemCode>289885</ItemCode>
      <ItemType>0</ItemType>
      <ItemName>מטהר אויר סנופרש יבש אושן בריז 375 מ</ItemName>
      <ManufactureName>החב. הדרומית לשיווק</ManufactureName>
      <ManufactureCountry />
      <ManufactureItemDescription />
      <UnitQty>'יח</UnitQty>
      <Quantity>3.75</Quantity>
      <UnitMeasure>ל-100 מ"ל</UnitMeasure>
      <BisWeighted>0</BisWeighted>
      <QtyInPackage>12</QtyInPackage>
      <ItemPrice>10.90</ItemPrice>
      <UnitOfMeasurePrice>2.91</UnitOfMeasurePrice>
      <AllowDiscount>0</AllowDiscount>
      <itemStatus>1</itemStatus>
      <LastUpdateDate />
      <LastUpdateTime />
    </Product>
    <Product>
      <PriceUpdateDate>2019/01/16 14:37</PriceUpdateDate>
      <ItemCode>7290000291772</ItemCode>
      <ItemType>1</ItemType>
      <ItemName>מגבונים לחים ליטופים בד מילוי 72 יח`</ItemName>
      <ManufactureName>החב. הדרומית לשיווק</ManufactureName>
      <ManufactureCountry />
      <ManufactureItemDescription />
      <UnitQty>'יח</UnitQty>
      <Quantity>1</Quantity>
      <UnitMeasure />
      <BisWeighted>0</BisWeighted>
      <QtyInPackage>1</QtyInPackage>
      <ItemPrice>8.50</ItemPrice>
      <UnitOfMeasurePrice>8.50</UnitOfMeasurePrice>
      <AllowDiscount>0</AllowDiscount>
      <itemStatus>1</itemStatus>
      <LastUpdateDate />
      <LastUpdateTime />
    </Product>
    <Product>
      <PriceUpdateDate>2019/10/18 09:44</PriceUpdateDate>
      <ItemCode>7290000292687</ItemCode>
      <ItemType>1</ItemType>
      <ItemName>סבון אסלה סנובון כחול שלישיה 165 מל</ItemName>
      <ManufactureName>החב. הדרומית לשיווק</ManufactureName>
      <ManufactureCountry />
      <ManufactureItemDescription />
      <UnitQty>'יח</UnitQty>
      <Quantity>1.65</Quantity>
      <UnitMeasure>ל-100 גרם</UnitMeasure>
      <BisWeighted>0</BisWeighted>
      <QtyInPackage>12</QtyInPackage>
      <ItemPrice>14.90</ItemPrice>
      <UnitOfMeasurePrice>9.03</UnitOfMeasurePrice>
      <AllowDiscount>1</AllowDiscount>
      <itemStatus>1</itemStatus>
      <LastUpdateDate />
      <LastUpdateTime />
    </Product>
    <Product>
      <PriceUpdateDate>2022/01/17 20:43</PriceUpdateDate>
      <ItemCode>293073</ItemCode>
      <ItemType>0</ItemType>
      <ItemName>מרכך כביסה סנו מקסימה ביו לבן 4 ליטר</ItemName>
      <ManufactureName>החב. הדרומית לשיווק</ManufactureName>
      <ManufactureCountry />
      <ManufactureItemDescription />
      <UnitQty>'יח</UnitQty>
      <Quantity>40</Quantity>
      <UnitMeasure>ל-100 מ"ל</UnitMeasure>
      <BisWeighted>0</BisWeighted>
      <QtyInPackage>6</QtyInPackage>
      <ItemPrice>21.90</ItemPrice>
      <UnitOfMeasurePrice>0.55</UnitOfMeasurePrice>
      <AllowDiscount>0</AllowDiscount>
      <itemStatus>1</itemStatus>
      <LastUpdateDate />
      <LastUpdateTime />
    </Product>
    <Product>
      <PriceUpdateDate>2022/01/17 20:43</PriceUpdateDate>
      <ItemCode>7290000293943</ItemCode>
      <ItemType>1</ItemType>
      <ItemName>מסיר אבנית וחלודה אנטי קאלק מרסס 1</ItemName>
      <ManufactureName>החב. הדרומית לשיווק</ManufactureName>
      <ManufactureCountry />
      <ManufactureItemDescription />
      <UnitQty>'יח</UnitQty>
      <Quantity>10</Quantity>
      <UnitMeasure>ל-100 מ"ל</UnitMeasure>
      <BisWeighted>0</BisWeighted>
      <QtyInPackage>12</QtyInPackage>
      <ItemPrice>19.90</ItemPrice>
      <UnitOfMeasurePrice>1.99</UnitOfMeasurePrice>
      <AllowDiscount>1</AllowDiscount>
      <itemStatus>1</itemStatus>
      <LastUpdateDate />
      <LastUpdateTime />
    </Product>
    <Product>
      <PriceUpdateDate>2019/07/03 08:47</PriceUpdateDate>
      <ItemCode>7290000294773</ItemCode>
      <ItemType>1</ItemType>
      <ItemName>סנו ג`אוול אקונומיקה מונבלאן 4 ליטר</ItemName>
      <ManufactureName>החב. הדרומית לשיווק</ManufactureName>
      <ManufactureCountry />
      <ManufactureItemDescription />
      <UnitQty>'יח</UnitQty>
      <Quantity>4</Quantity>
      <UnitMeasure>לליטר</UnitMeasure>
      <BisWeighted>0</BisWeighted>
      <QtyInPackage>1</QtyInPackage>
      <ItemPrice>16.90</ItemPrice>
      <UnitOfMeasurePrice>4.23</UnitOfMeasurePrice>
      <AllowDiscount>0</AllowDiscount>
      <itemStatus>1</itemStatus>
      <LastUpdateDate />
      <LastUpdateTime />
    </Product>
    <Product>
      <PriceUpdateDate>2021/12/30 18:57</PriceUpdateDate>
      <ItemCode>7290000294780</ItemCode>
      <ItemType>1</ItemType>
      <ItemName>סנו ג`אוול אקונומיקה סמיכה 4 ליטר</ItemName>
      <ManufactureName>החב. הדרומית לשיווק</ManufactureName>
      <ManufactureCountry />
      <ManufactureItemDescription />
      <UnitQty>'יח</UnitQty>
      <Quantity>40</Quantity>
      <UnitMeasure>ל-100 מ"ל</UnitMeasure>
      <BisWeighted>0</BisWeighted>
      <QtyInPackage>6</QtyInPackage>
      <ItemPrice>16.90</ItemPrice>
      <UnitOfMeasurePrice>0.42</UnitOfMeasurePrice>
      <AllowDiscount>0</AllowDiscount>
      <itemStatus>1</itemStatus>
      <LastUpdateDate />
      <LastUpdateTime />
    </Product>
    <Product>
      <PriceUpdateDate>2021/12/30 18:57</PriceUpdateDate>
      <ItemCode>7290000295121</ItemCode>
      <ItemType>1</ItemType>
      <ItemName>מטלית ריצפה זיגזג 3 יח`</ItemName>
      <ManufactureName>החב. הדרומית לשיווק</ManufactureName>
      <ManufactureCountry />
      <ManufactureItemDescription />
      <UnitQty>'יח</UnitQty>
      <Quantity>1</Quantity>
      <UnitMeasure />
      <BisWeighted>0</BisWeighted>
      <QtyInPackage>1</QtyInPackage>
      <ItemPrice>11.90</ItemPrice>
      <UnitOfMeasurePrice>11.90</UnitOfMeasurePrice>
      <AllowDiscount>0</AllowDiscount>
      <itemStatus>1</itemStatus>
      <LastUpdateDate />
      <LastUpdateTime />
    </Product>
    <Product>
      <PriceUpdateDate>2021/12/30 18:57</PriceUpdateDate>
      <ItemCode>7290000295299</ItemCode>
      <ItemType>1</ItemType>
      <ItemName>סנו סושי כריות הפלא רביעיה</ItemName>
      <ManufactureName>החב. הדרומית לשיווק</ManufactureName>
      <ManufactureCountry />
      <ManufactureItemDescription />
      <UnitQty>'יח</UnitQty>
      <Quantity>1</Quantity>
      <UnitMeasure />
      <BisWeighted>0</BisWeighted>
      <QtyInPackage>12</QtyInPackage>
      <ItemPrice>11.90</ItemPrice>
      <UnitOfMeasurePrice>11.90</UnitOfMeasurePrice>
      <AllowDiscount>0</AllowDiscount>
      <itemStatus>1</itemStatus>
      <LastUpdateDate />
      <LastUpdateTime />
    </Product>
    <Product>
      <PriceUpdateDate>2019/12/24 08:42</PriceUpdateDate>
      <ItemCode>295367</ItemCode>
      <ItemType>0</ItemType>
      <ItemName>סנו מקסימה אפקט 2.5</ItemName>
      <ManufactureName>החב. הדרומית לשיווק</ManufactureName>
      <ManufactureCountry />
      <ManufactureItemDescription />
      <UnitQty>'יח</UnitQty>
      <Quantity>25</Quantity>
      <UnitMeasure>ל-100 גרם</UnitMeasure>
      <BisWeighted>0</BisWeighted>
      <QtyInPackage>6</QtyInPackage>
      <ItemPrice>24.90</ItemPrice>
      <UnitOfMeasurePrice>1</UnitOfMeasurePrice>
      <AllowDiscount>0</AllowDiscount>
      <itemStatus>1</itemStatus>
      <LastUpdateDate />
      <LastUpdateTime />
    </Product>
    <Product>
      <PriceUpdateDate>2019/07/03 08:47</PriceUpdateDate>
      <ItemCode>295404</ItemCode>
      <ItemType>0</ItemType>
      <ItemName>רב שקית סושי אשפה בנילון 60 יח 50*70</ItemName>
      <ManufactureName>החב. הדרומית לשיווק</ManufactureName>
      <ManufactureCountry />
      <ManufactureItemDescription />
      <UnitQty>'יח</UnitQty>
      <Quantity>1</Quantity>
      <UnitMeasure />
      <BisWeighted>0</BisWeighted>
      <QtyInPackage>12</QtyInPackage>
      <ItemPrice>24.90</ItemPrice>
      <UnitOfMeasurePrice>24.90</UnitOfMeasurePrice>
      <AllowDiscount>0</AllowDiscount>
      <itemStatus>1</itemStatus>
      <LastUpdateDate />
      <LastUpdateTime />
    </Product>
    <Product>
      <PriceUpdateDate>2021/12/30 18:57</PriceUpdateDate>
      <ItemCode>295503</ItemCode>
      <ItemType>0</ItemType>
      <ItemName>סנו סושי צמד שקיות אוכל קרטון2*150</ItemName>
      <ManufactureName>החב. הדרומית לשיווק</ManufactureName>
      <ManufactureCountry />
      <ManufactureItemDescription />
      <UnitQty>'יח</UnitQty>
      <Quantity>1</Quantity>
      <UnitMeasure />
      <BisWeighted>0</BisWeighted>
      <QtyInPackage>15</QtyInPackage>
      <ItemPrice>14.90</ItemPrice>
      <UnitOfMeasurePrice>14.90</UnitOfMeasurePrice>
      <AllowDiscount>0</AllowDiscount>
      <itemStatus>1</itemStatus>
      <LastUpdateDate />
      <LastUpdateTime />
    </Product>
    <Product>
      <PriceUpdateDate>2022/11/01 09:45</PriceUpdateDate>
      <ItemCode>295541</ItemCode>
      <ItemType>0</ItemType>
      <ItemName>סנו רב מגבת ג`מבו 75 דפים</ItemName>
      <ManufactureName>החב. הדרומית לשיווק</ManufactureName>
      <ManufactureCountry />
      <ManufactureItemDescription />
      <UnitQty>'יח</UnitQty>
      <Quantity>3.90</Quantity>
      <UnitMeasure>ל-100 גרם</UnitMeasure>
      <BisWeighted>0</BisWeighted>
      <QtyInPackage>1</QtyInPackage>
      <ItemPrice>20.90</ItemPrice>
      <UnitOfMeasurePrice>5.36</UnitOfMeasurePrice>
      <AllowDiscount>0</AllowDiscount>
      <itemStatus>1</itemStatus>
      <LastUpdateDate />
      <LastUpdateTime />
    </Product>
    <Product>
      <PriceUpdateDate>2021/12/30 18:57</PriceUpdateDate>
      <ItemCode>295558</ItemCode>
      <ItemType>0</ItemType>
      <ItemName>סנו סושי רדיד אלומיניום צמד 0.30*7.5</ItemName>
      <ManufactureName>החב. הדרומית לשיווק</ManufactureName>
      <ManufactureCountry />
      <ManufactureItemDescription />
      <UnitQty>'יח</UnitQty>
      <Quantity>1</Quantity>
      <UnitMeasure />
      <BisWeighted>0</BisWeighted>
      <QtyInPackage>12</QtyInPackage>
      <ItemPrice>11.90</ItemPrice>
      <UnitOfMeasurePrice>11.90</UnitOfMeasurePrice>
      <AllowDiscount>1</AllowDiscount>
      <itemStatus>1</itemStatus>
      <LastUpdateDate />
      <LastUpdateTime />
    </Product>
    <Product>
      <PriceUpdateDate>2021/12/30 18:57</PriceUpdateDate>
      <ItemCode>295565</ItemCode>
      <ItemType>0</ItemType>
      <ItemName>סנו רדידי אלומיניום צמד 0.45*7.5</ItemName>
      <ManufactureName>החב. הדרומית לשיווק</ManufactureName>
      <ManufactureCountry />
      <ManufactureItemDescription />
      <UnitQty>'יח</UnitQty>
      <Quantity>1</Quantity>
      <UnitMeasure />
      <BisWeighted>0</BisWeighted>
      <QtyInPackage>12</QtyInPackage>
      <ItemPrice>16.90</ItemPrice>
      <UnitOfMeasurePrice>16.90</UnitOfMeasurePrice>
      <AllowDiscount>0</AllowDiscount>
      <itemStatus>1</itemStatus>
      <LastUpdateDate />
      <LastUpdateTime />
    </Product>
    <Product>
      <PriceUpdateDate>2019/07/03 08:47</PriceUpdateDate>
      <ItemCode>7290000295589</ItemCode>
      <ItemType>1</ItemType>
      <ItemName>טלק בייבי כיף לתינוק 200 גרם</ItemName>
      <ManufactureName>החב. הדרומית לשיווק</ManufactureName>
      <ManufactureCountry />
      <ManufactureItemDescription />
      <UnitQty>'יח</UnitQty>
      <Quantity>2</Quantity>
      <UnitMeasure>ל-100 גרם</UnitMeasure>
      <BisWeighted>0</BisWeighted>
      <QtyInPackage>12</QtyInPackage>
      <ItemPrice>16.90</ItemPrice>
      <UnitOfMeasurePrice>8.45</UnitOfMeasurePrice>
      <AllowDiscount>0</AllowDiscount>
      <itemStatus>1</itemStatus>
      <LastUpdateDate />
      <LastUpdateTime />
    </Product>
    <Product>
      <PriceUpdateDate>2019/01/16 14:37</PriceUpdateDate>
      <ItemCode>7290000300900</ItemCode>
      <ItemType>1</ItemType>
      <ItemName>שניצל תירס טבע 750 גרם טבעול קפוא</ItemName>
      <ManufactureName>קבוצת אסם סחר</ManufactureName>
      <ManufactureCountry />
      <ManufactureItemDescription />
      <UnitQty>'יח</UnitQty>
      <Quantity>7.50</Quantity>
      <UnitMeasure>ל-100 גרם</UnitMeasure>
      <BisWeighted>0</BisWeighted>
      <QtyInPackage>1</QtyInPackage>
      <ItemPrice>27.90</ItemPrice>
      <UnitOfMeasurePrice>3.72</UnitOfMeasurePrice>
      <AllowDiscount>1</AllowDiscount>
      <itemStatus>1</itemStatus>
      <LastUpdateDate />
      <LastUpdateTime />
    </Product>
    <Product>
      <PriceUpdateDate>2022/10/19 19:23</PriceUpdateDate>
      <ItemCode>7290000303598</ItemCode>
      <ItemType>1</ItemType>
      <ItemName>שעועית לבנה אפויה ברוטב עגבניות 570 גר</ItemName>
      <ManufactureName>ויטה פרי גליל (החדשה) בע`מ</ManufactureName>
      <ManufactureCountry />
      <ManufactureItemDescription />
      <UnitQty>'יח</UnitQty>
      <Quantity>5.70</Quantity>
      <UnitMeasure>ל-100 גרם</UnitMeasure>
      <BisWeighted>0</BisWeighted>
      <QtyInPackage>1</QtyInPackage>
      <ItemPrice>7.90</ItemPrice>
      <UnitOfMeasurePrice>1.39</UnitOfMeasurePrice>
      <AllowDiscount>1</AllowDiscount>
      <itemStatus>1</itemStatus>
      <LastUpdateDate />
      <LastUpdateTime />
    </Product>
    <Product>
      <PriceUpdateDate>2022/10/19 19:23</PriceUpdateDate>
      <ItemCode>7290000303604</ItemCode>
      <ItemType>1</ItemType>
      <ItemName>חומוס שלם מוכן לאכילה 560 גרם</ItemName>
      <ManufactureName>ויטה פרי גליל (החדשה) בע`מ</ManufactureName>
      <ManufactureCountry />
      <ManufactureItemDescription />
      <UnitQty>'יח</UnitQty>
      <Quantity>5.50</Quantity>
      <UnitMeasure>ל-100 גרם</UnitMeasure>
      <BisWeighted>0</BisWeighted>
      <QtyInPackage>1</QtyInPackage>
      <ItemPrice>7.90</ItemPrice>
      <UnitOfMeasurePrice>1.44</UnitOfMeasurePrice>
      <AllowDiscount>1</AllowDiscount>
      <itemStatus>1</itemStatus>
      <LastUpdateDate />
      <LastUpdateTime />
    </Product>
    <Product>
      <PriceUpdateDate>2022/10/19 19:23</PriceUpdateDate>
      <ItemCode>7290000307015</ItemCode>
      <ItemType>1</ItemType>
      <ItemName>פרי הגליל אפונת גינה גדולה 550 גרם</ItemName>
      <ManufactureName>ויטה פרי גליל (החדשה) בע`מ</ManufactureName>
      <ManufactureCountry />
      <ManufactureItemDescription />
      <UnitQty>'יח</UnitQty>
      <Quantity>5.50</Quantity>
      <UnitMeasure>ל-100 גרם</UnitMeasure>
      <BisWeighted>0</BisWeighted>
      <QtyInPackage>1</QtyInPackage>
      <ItemPrice>7.90</ItemPrice>
      <UnitOfMeasurePrice>1.44</UnitOfMeasurePrice>
      <AllowDiscount>1</AllowDiscount>
      <itemStatus>1</itemStatus>
      <LastUpdateDate />
      <LastUpdateTime />
    </Product>
    <Product>
      <PriceUpdateDate>2022/10/19 19:23</PriceUpdateDate>
      <ItemCode>7290000307046</ItemCode>
      <ItemType>1</ItemType>
      <ItemName>פרי גליל אפונה וגזר 550 גרם</ItemName>
      <ManufactureName>ויטה פרי גליל (החדשה) בע`מ</ManufactureName>
      <ManufactureCountry />
      <ManufactureItemDescription />
      <UnitQty>'יח</UnitQty>
      <Quantity>5.50</Quantity>
      <UnitMeasure>ל-100 גרם</UnitMeasure>
      <BisWeighted>0</BisWeighted>
      <QtyInPackage>1</QtyInPackage>
      <ItemPrice>7.90</ItemPrice>
      <UnitOfMeasurePrice>1.44</UnitOfMeasurePrice>
      <AllowDiscount>1</AllowDiscount>
      <itemStatus>1</itemStatus>
      <LastUpdateDate />
      <LastUpdateTime />
    </Product>
    <Product>
      <PriceUpdateDate>2022/10/23 20:00</PriceUpdateDate>
      <ItemCode>307220</ItemCode>
      <ItemType>0</ItemType>
      <ItemName>גרעיני תירס מתוק גלילי 340 גרם בדץ</ItemName>
      <ManufactureName>ויטה פרי גליל (החדשה) בע`מ</ManufactureName>
      <ManufactureCountry />
      <ManufactureItemDescription />
      <UnitQty>'יח</UnitQty>
      <Quantity>3.40</Quantity>
      <UnitMeasure>ל-100 גרם</UnitMeasure>
      <BisWeighted>0</BisWeighted>
      <QtyInPackage>1</QtyInPackage>
      <ItemPrice>5.90</ItemPrice>
      <UnitOfMeasurePrice>1.74</UnitOfMeasurePrice>
      <AllowDiscount>1</AllowDiscount>
      <itemStatus>1</itemStatus>
      <LastUpdateDate />
      <LastUpdateTime />
    </Product>
    <Product>
      <PriceUpdateDate>2022/10/19 19:23</PriceUpdateDate>
      <ItemCode>7290000307237</ItemCode>
      <ItemType>1</ItemType>
      <ItemName>גרעיני תירס מתוק 550 גרם</ItemName>
      <ManufactureName>ויטה פרי גליל (החדשה) בע`מ</ManufactureName>
      <ManufactureCountry />
      <ManufactureItemDescription />
      <UnitQty>'יח</UnitQty>
      <Quantity>5.50</Quantity>
      <UnitMeasure>ל-100 גרם</UnitMeasure>
      <BisWeighted>0</BisWeighted>
      <QtyInPackage>1</QtyInPackage>
      <ItemPrice>7.90</ItemPrice>
      <UnitOfMeasurePrice>1.44</UnitOfMeasurePrice>
      <AllowDiscount>1</AllowDiscount>
      <itemStatus>1</itemStatus>
      <LastUpdateDate />
      <LastUpdateTime />
    </Product>
    <Product>
      <PriceUpdateDate>2021/07/26 12:17</PriceUpdateDate>
      <ItemCode>7290000307800</ItemCode>
      <ItemType>1</ItemType>
      <ItemName>פול 800 גרם</ItemName>
      <ManufactureName>ויטה פרי גליל (החדשה) בע`מ</ManufactureName>
      <ManufactureCountry />
      <ManufactureItemDescription />
      <UnitQty>'יח</UnitQty>
      <Quantity>8</Quantity>
      <UnitMeasure>ל-100 גרם</UnitMeasure>
      <BisWeighted>0</BisWeighted>
      <QtyInPackage>20</QtyInPackage>
      <ItemPrice>10.90</ItemPrice>
      <UnitOfMeasurePrice>1.36</UnitOfMeasurePrice>
      <AllowDiscount>0</AllowDiscount>
      <itemStatus>1</itemStatus>
      <LastUpdateDate />
      <LastUpdateTime />
    </Product>
    <Product>
      <PriceUpdateDate>2022/01/05 17:58</PriceUpdateDate>
      <ItemCode>7290000311203</ItemCode>
      <ItemType>1</ItemType>
      <ItemName>וופל מן שוקו 200 גרם</ItemName>
      <ManufactureName>מ.ד אטיאס סוכנויות מזון בע`מ</ManufactureName>
      <ManufactureCountry />
      <ManufactureItemDescription />
      <UnitQty>'יח</UnitQty>
      <Quantity>2</Quantity>
      <UnitMeasure>ל-100 גרם</UnitMeasure>
      <BisWeighted>0</BisWeighted>
      <QtyInPackage>1</QtyInPackage>
      <ItemPrice>4.90</ItemPrice>
      <UnitOfMeasurePrice>2.45</UnitOfMeasurePrice>
      <AllowDiscount>0</AllowDiscount>
      <itemStatus>1</itemStatus>
      <LastUpdateDate />
      <LastUpdateTime />
    </Product>
    <Product>
      <PriceUpdateDate>2019/01/16 14:37</PriceUpdateDate>
      <ItemCode>7290000311272</ItemCode>
      <ItemType>1</ItemType>
      <ItemName>וופל במילוי חלבה 180 גרם</ItemName>
      <ManufactureName>מ.ד אטיאס סוכנויות מזון בע`מ</ManufactureName>
      <ManufactureCountry />
      <ManufactureItemDescription />
      <UnitQty>'יח</UnitQty>
      <Quantity>1.80</Quantity>
      <UnitMeasure>ל-100 גרם</UnitMeasure>
      <BisWeighted>0</BisWeighted>
      <QtyInPackage>1</QtyInPackage>
      <ItemPrice>4.90</ItemPrice>
      <UnitOfMeasurePrice>2.72</UnitOfMeasurePrice>
      <AllowDiscount>0</AllowDiscount>
      <itemStatus>1</itemStatus>
      <LastUpdateDate />
      <LastUpdateTime />
    </Product>
    <Product>
      <PriceUpdateDate>2022/06/23 14:12</PriceUpdateDate>
      <ItemCode>7290000311500</ItemCode>
      <ItemType>1</ItemType>
      <ItemName>וופלים מן שוקו ללא כולסטרול 500 גרם</ItemName>
      <ManufactureName>מ.ד אטיאס סוכנויות מזון בע`מ</ManufactureName>
      <ManufactureCountry />
      <ManufactureItemDescription />
      <UnitQty>'יח</UnitQty>
      <Quantity>5</Quantity>
      <UnitMeasure>ל-100 גרם</UnitMeasure>
      <BisWeighted>0</BisWeighted>
      <QtyInPackage>1</QtyInPackage>
      <ItemPrice>10.90</ItemPrice>
      <UnitOfMeasurePrice>2.18</UnitOfMeasurePrice>
      <AllowDiscount>0</AllowDiscount>
      <itemStatus>1</itemStatus>
      <LastUpdateDate />
      <LastUpdateTime />
    </Product>
    <Product>
      <PriceUpdateDate>2020/11/12 10:01</PriceUpdateDate>
      <ItemCode>7290000313160</ItemCode>
      <ItemType>1</ItemType>
      <ItemName>חברים עוגיות בצורת זהבה שוקו 250 גרם</ItemName>
      <ManufactureName>קבוצת אסם סחר</ManufactureName>
      <ManufactureCountry />
      <ManufactureItemDescription />
      <UnitQty>'יח</UnitQty>
      <Quantity>2.50</Quantity>
      <UnitMeasure>ל-100 גרם</UnitMeasure>
      <BisWeighted>0</BisWeighted>
      <QtyInPackage>12</QtyInPackage>
      <ItemPrice>7.90</ItemPrice>
      <UnitOfMeasurePrice>3.16</UnitOfMeasurePrice>
      <AllowDiscount>1</AllowDiscount>
      <itemStatus>1</itemStatus>
      <LastUpdateDate />
      <LastUpdateTime />
    </Product>
    <Product>
      <PriceUpdateDate>2021/06/07 10:00</PriceUpdateDate>
      <ItemCode>7290000313184</ItemCode>
      <ItemType>1</ItemType>
      <ItemName>חברים עוגיות גן חיות 250 גרם</ItemName>
      <ManufactureName>קבוצת אסם סחר</ManufactureName>
      <ManufactureCountry />
      <ManufactureItemDescription />
      <UnitQty>'יח</UnitQty>
      <Quantity>2.50</Quantity>
      <UnitMeasure>ל-100 גרם</UnitMeasure>
      <BisWeighted>0</BisWeighted>
      <QtyInPackage>1</QtyInPackage>
      <ItemPrice>7.90</ItemPrice>
      <UnitOfMeasurePrice>3.16</UnitOfMeasurePrice>
      <AllowDiscount>1</AllowDiscount>
      <itemStatus>1</itemStatus>
      <LastUpdateDate />
      <LastUpdateTime />
    </Product>
    <Product>
      <PriceUpdateDate>2019/01/16 14:37</PriceUpdateDate>
      <ItemCode>313290</ItemCode>
      <ItemType>0</ItemType>
      <ItemName>נודלס אטריות מסולסלות להקפצה 200 גרם</ItemName>
      <ManufactureName>קבוצת אסם סחר</ManufactureName>
      <ManufactureCountry />
      <ManufactureItemDescription />
      <UnitQty>'יח</UnitQty>
      <Quantity>2</Quantity>
      <UnitMeasure>ל-100 גרם</UnitMeasure>
      <BisWeighted>0</BisWeighted>
      <QtyInPackage>1</QtyInPackage>
      <ItemPrice>9.90</ItemPrice>
      <UnitOfMeasurePrice>4.95</UnitOfMeasurePrice>
      <AllowDiscount>1</AllowDiscount>
      <itemStatus>1</itemStatus>
      <LastUpdateDate />
      <LastUpdateTime />
    </Product>
    <Product>
      <PriceUpdateDate>2019/01/16 14:37</PriceUpdateDate>
      <ItemCode>7290000315133</ItemCode>
      <ItemType>1</ItemType>
      <ItemName>קנור ציר בקר 300 גרם</ItemName>
      <ManufactureName>יוניליוור ישראל שיווק בע`מ</ManufactureName>
      <ManufactureCountry />
      <ManufactureItemDescription />
      <UnitQty>'יח</UnitQty>
      <Quantity>3</Quantity>
      <UnitMeasure>ל-100 גרם</UnitMeasure>
      <BisWeighted>0</BisWeighted>
      <QtyInPackage>1</QtyInPackage>
      <ItemPrice>26.70</ItemPrice>
      <UnitOfMeasurePrice>8.90</UnitOfMeasurePrice>
      <AllowDiscount>0</AllowDiscount>
      <itemStatus>1</itemStatus>
      <LastUpdateDate />
      <LastUpdateTime />
    </Product>
    <Product>
      <PriceUpdateDate>2019/01/16 14:37</PriceUpdateDate>
      <ItemCode>7290000315140</ItemCode>
      <ItemType>1</ItemType>
      <ItemName>קורנפלקס מלא בד`ץ 500 גרם</ItemName>
      <ManufactureName>יוניליוור ישראל שיווק בע`מ</ManufactureName>
      <ManufactureCountry />
      <ManufactureItemDescription />
      <UnitQty>'יח</UnitQty>
      <Quantity>5</Quantity>
      <UnitMeasure>ל-100 גרם</UnitMeasure>
      <BisWeighted>0</BisWeighted>
      <QtyInPackage>1</QtyInPackage>
      <ItemPrice>18.10</ItemPrice>
      <UnitOfMeasurePrice>3.62</UnitOfMeasurePrice>
      <AllowDiscount>0</AllowDiscount>
      <itemStatus>1</itemStatus>
      <LastUpdateDate />
      <LastUpdateTime />
    </Product>
    <Product>
      <PriceUpdateDate>2019/01/16 14:37</PriceUpdateDate>
      <ItemCode>318011</ItemCode>
      <ItemType>0</ItemType>
      <ItemName>נקניקיות ענקניקיה 1קג`</ItemName>
      <ManufactureName>מעדני יחיעם ( 1993 ) בע`מ</ManufactureName>
      <ManufactureCountry />
      <ManufactureItemDescription />
      <UnitQty>'יח</UnitQty>
      <Quantity>10</Quantity>
      <UnitMeasure>ל-100 גרם</UnitMeasure>
      <BisWeighted>0</BisWeighted>
      <QtyInPackage>10</QtyInPackage>
      <ItemPrice>19.90</ItemPrice>
      <UnitOfMeasurePrice>1.99</UnitOfMeasurePrice>
      <AllowDiscount>0</AllowDiscount>
      <itemStatus>1</itemStatus>
      <LastUpdateDate />
      <LastUpdateTime />
    </Product>
    <Product>
      <PriceUpdateDate>2019/01/16 14:37</PriceUpdateDate>
      <ItemCode>318127</ItemCode>
      <ItemType>0</ItemType>
      <ItemName>נקניקיות ביס 380 גרם שקית</ItemName>
      <ManufactureName>מעדני יחיעם ( 1993 ) בע`מ</ManufactureName>
      <ManufactureCountry />
      <ManufactureItemDescription />
      <UnitQty>'יח</UnitQty>
      <Quantity>3.80</Quantity>
      <UnitMeasure>ל-100 גרם</UnitMeasure>
      <BisWeighted>0</BisWeighted>
      <QtyInPackage>1</QtyInPackage>
      <ItemPrice>11.70</ItemPrice>
      <UnitOfMeasurePrice>3.08</UnitOfMeasurePrice>
      <AllowDiscount>0</AllowDiscount>
      <itemStatus>1</itemStatus>
      <LastUpdateDate />
      <LastUpdateTime />
    </Product>
    <Product>
      <PriceUpdateDate>2022/03/09 17:31</PriceUpdateDate>
      <ItemCode>318677</ItemCode>
      <ItemType>0</ItemType>
      <ItemName>סלמי סרוולט 150 גרם</ItemName>
      <ManufactureName>מעדני יחיעם ( 1993 ) בע`מ</ManufactureName>
      <ManufactureCountry />
      <ManufactureItemDescription />
      <UnitQty>'יח</UnitQty>
      <Quantity>1.50</Quantity>
      <UnitMeasure>ל-100 גרם</UnitMeasure>
      <BisWeighted>0</BisWeighted>
      <QtyInPackage>1</QtyInPackage>
      <ItemPrice>24.90</ItemPrice>
      <UnitOfMeasurePrice>16.60</UnitOfMeasurePrice>
      <AllowDiscount>1</AllowDiscount>
      <itemStatus>1</itemStatus>
      <LastUpdateDate />
      <LastUpdateTime />
    </Product>
    <Product>
      <PriceUpdateDate>2022/03/09 17:31</PriceUpdateDate>
      <ItemCode>7290000318943</ItemCode>
      <ItemType>1</ItemType>
      <ItemName>פסטרמה של פעם 200 גרם</ItemName>
      <ManufactureName>מעדני יחיעם ( 1993 ) בע`מ</ManufactureName>
      <ManufactureCountry />
      <ManufactureItemDescription />
      <UnitQty>'יח</UnitQty>
      <Quantity>2</Quantity>
      <UnitMeasure>ל-100 גרם</UnitMeasure>
      <BisWeighted>0</BisWeighted>
      <QtyInPackage>1</QtyInPackage>
      <ItemPrice>24.90</ItemPrice>
      <UnitOfMeasurePrice>12.45</UnitOfMeasurePrice>
      <AllowDiscount>0</AllowDiscount>
      <itemStatus>1</itemStatus>
      <LastUpdateDate />
      <LastUpdateTime />
    </Product>
    <Product>
      <PriceUpdateDate>2022/03/09 17:31</PriceUpdateDate>
      <ItemCode>319063</ItemCode>
      <ItemType>0</ItemType>
      <ItemName>כתף בקר מפולפל 150 גרם</ItemName>
      <ManufactureName>מעדני יחיעם ( 1993 ) בע`מ</ManufactureName>
      <ManufactureCountry />
      <ManufactureItemDescription />
      <UnitQty>'יח</UnitQty>
      <Quantity>1.50</Quantity>
      <UnitMeasure>ל-100 גרם</UnitMeasure>
      <BisWeighted>0</BisWeighted>
      <QtyInPackage>1</QtyInPackage>
      <ItemPrice>24.90</ItemPrice>
      <UnitOfMeasurePrice>16.60</UnitOfMeasurePrice>
      <AllowDiscount>1</AllowDiscount>
      <itemStatus>1</itemStatus>
      <LastUpdateDate />
      <LastUpdateTime />
    </Product>
    <Product>
      <PriceUpdateDate>2022/01/23 20:23</PriceUpdateDate>
      <ItemCode>7290000319124</ItemCode>
      <ItemType>1</ItemType>
      <ItemName>סלמי סרוולט 250 גרם</ItemName>
      <ManufactureName>מעדני יחיעם ( 1993 ) בע`מ</ManufactureName>
      <ManufactureCountry />
      <ManufactureItemDescription />
      <UnitQty>'יח</UnitQty>
      <Quantity>2.50</Quantity>
      <UnitMeasure>ל-100 גרם</UnitMeasure>
      <BisWeighted>0</BisWeighted>
      <QtyInPackage>1</QtyInPackage>
      <ItemPrice>34.90</ItemPrice>
      <UnitOfMeasurePrice>13.96</UnitOfMeasurePrice>
      <AllowDiscount>0</AllowDiscount>
      <itemStatus>1</itemStatus>
      <LastUpdateDate />
      <LastUpdateTime />
    </Product>
    <Product>
      <PriceUpdateDate>2019/01/16 14:37</PriceUpdateDate>
      <ItemCode>319131</ItemCode>
      <ItemType>0</ItemType>
      <ItemName>נקניקיות עוף 400 גרם</ItemName>
      <ManufactureName>מעדני יחיעם ( 1993 ) בע`מ</ManufactureName>
      <ManufactureCountry />
      <ManufactureItemDescription />
      <UnitQty>'יח</UnitQty>
      <Quantity>4</Quantity>
      <UnitMeasure>ל-100 גרם</UnitMeasure>
      <BisWeighted>0</BisWeighted>
      <QtyInPackage>1</QtyInPackage>
      <ItemPrice>11.70</ItemPrice>
      <UnitOfMeasurePrice>2.93</UnitOfMeasurePrice>
      <AllowDiscount>1</AllowDiscount>
      <itemStatus>1</itemStatus>
      <LastUpdateDate />
      <LastUpdateTime />
    </Product>
    <Product>
      <PriceUpdateDate>2022/03/09 17:31</PriceUpdateDate>
      <ItemCode>319520</ItemCode>
      <ItemType>0</ItemType>
      <ItemName>סלמי צרפתי 100 גרם</ItemName>
      <ManufactureName>מעדני יחיעם ( 1993 ) בע`מ</ManufactureName>
      <ManufactureCountry />
      <ManufactureItemDescription />
      <UnitQty>'יח</UnitQty>
      <Quantity>1</Quantity>
      <UnitMeasure>ל-100 גרם</UnitMeasure>
      <BisWeighted>0</BisWeighted>
      <QtyInPackage>1</QtyInPackage>
      <ItemPrice>21.90</ItemPrice>
      <UnitOfMeasurePrice>21.90</UnitOfMeasurePrice>
      <AllowDiscount>0</AllowDiscount>
      <itemStatus>1</itemStatus>
      <LastUpdateDate />
      <LastUpdateTime />
    </Product>
    <Product>
      <PriceUpdateDate>2020/06/24 12:47</PriceUpdateDate>
      <ItemCode>7290000319803</ItemCode>
      <ItemType>1</ItemType>
      <ItemName>קבנוס קלאסי 125 ג`</ItemName>
      <ManufactureName>מעדני יחיעם ( 1993 ) בע`מ</ManufactureName>
      <ManufactureCountry />
      <ManufactureItemDescription />
      <UnitQty>'יח</UnitQty>
      <Quantity>1.25</Quantity>
      <UnitMeasure>ל-100 גרם</UnitMeasure>
      <BisWeighted>0</BisWeighted>
      <QtyInPackage>1</QtyInPackage>
      <ItemPrice>14.90</ItemPrice>
      <UnitOfMeasurePrice>11.92</UnitOfMeasurePrice>
      <AllowDiscount>1</AllowDiscount>
      <itemStatus>1</itemStatus>
      <LastUpdateDate />
      <LastUpdateTime />
    </Product>
    <Product>
      <PriceUpdateDate>2022/03/09 17:31</PriceUpdateDate>
      <ItemCode>7290000319834</ItemCode>
      <ItemType>1</ItemType>
      <ItemName>קבנוס פפרוני קלאסי 125 ג`</ItemName>
      <ManufactureName>מעדני יחיעם ( 1993 ) בע`מ</ManufactureName>
      <ManufactureCountry />
      <ManufactureItemDescription />
      <UnitQty>'יח</UnitQty>
      <Quantity>1.25</Quantity>
      <UnitMeasure>ל-100 גרם</UnitMeasure>
      <BisWeighted>0</BisWeighted>
      <QtyInPackage>1</QtyInPackage>
      <ItemPrice>14.90</ItemPrice>
      <UnitOfMeasurePrice>11.92</UnitOfMeasurePrice>
      <AllowDiscount>1</AllowDiscount>
      <itemStatus>1</itemStatus>
      <LastUpdateDate />
      <LastUpdateTime />
    </Product>
    <Product>
      <PriceUpdateDate>2019/01/16 14:37</PriceUpdateDate>
      <ItemCode>7290000334325</ItemCode>
      <ItemType>1</ItemType>
      <ItemName>שלישית ציפס למיקרו</ItemName>
      <ManufactureName>קבוצת אסם סחר</ManufactureName>
      <ManufactureCountry />
      <ManufactureItemDescription />
      <UnitQty>'יח</UnitQty>
      <Quantity>3.75</Quantity>
      <UnitMeasure>ל-100 גרם</UnitMeasure>
      <BisWeighted>0</BisWeighted>
      <QtyInPackage>1</QtyInPackage>
      <ItemPrice>14.90</ItemPrice>
      <UnitOfMeasurePrice>3.97</UnitOfMeasurePrice>
      <AllowDiscount>0</AllowDiscount>
      <itemStatus>1</itemStatus>
      <LastUpdateDate />
      <LastUpdateTime />
    </Product>
    <Product>
      <PriceUpdateDate>2019/07/03 08:47</PriceUpdateDate>
      <ItemCode>7290000339191</ItemCode>
      <ItemType>1</ItemType>
      <ItemName>רן אבקת הלבנה לכביסה 350 גרם</ItemName>
      <ManufactureName>יוניליוור ישראל שיווק בע`מ</ManufactureName>
      <ManufactureCountry />
      <ManufactureItemDescription />
      <UnitQty>'יח</UnitQty>
      <Quantity>3.50</Quantity>
      <UnitMeasure>ל-100 גרם</UnitMeasure>
      <BisWeighted>0</BisWeighted>
      <QtyInPackage>1</QtyInPackage>
      <ItemPrice>21.90</ItemPrice>
      <UnitOfMeasurePrice>6.26</UnitOfMeasurePrice>
      <AllowDiscount>0</AllowDiscount>
      <itemStatus>1</itemStatus>
      <LastUpdateDate />
      <LastUpdateTime />
    </Product>
    <Product>
      <PriceUpdateDate>2019/07/03 08:47</PriceUpdateDate>
      <ItemCode>7290000339566</ItemCode>
      <ItemType>1</ItemType>
      <ItemName>בדין מרכך כביסה ורוד 4 ליטר</ItemName>
      <ManufactureName>יוניליוור ישראל שיווק בע`מ</ManufactureName>
      <ManufactureCountry />
      <ManufactureItemDescription />
      <UnitQty>'יח</UnitQty>
      <Quantity>40</Quantity>
      <UnitMeasure>ל-100 מ"ל</UnitMeasure>
      <BisWeighted>0</BisWeighted>
      <QtyInPackage>1</QtyInPackage>
      <ItemPrice>19.90</ItemPrice>
      <UnitOfMeasurePrice>0.50</UnitOfMeasurePrice>
      <AllowDiscount>0</AllowDiscount>
      <itemStatus>1</itemStatus>
      <LastUpdateDate />
      <LastUpdateTime />
    </Product>
    <Product>
      <PriceUpdateDate>2019/07/03 08:47</PriceUpdateDate>
      <ItemCode>341071</ItemCode>
      <ItemType>0</ItemType>
      <ItemName>מרכך כביסה בייבי בדין 2 ליטר</ItemName>
      <ManufactureName>יוניליוור ישראל שיווק בע`מ</ManufactureName>
      <ManufactureCountry />
      <ManufactureItemDescription />
      <UnitQty>'יח</UnitQty>
      <Quantity>20</Quantity>
      <UnitMeasure>ל-100 מ"ל</UnitMeasure>
      <BisWeighted>0</BisWeighted>
      <QtyInPackage>1</QtyInPackage>
      <ItemPrice>18.90</ItemPrice>
      <UnitOfMeasurePrice>0.95</UnitOfMeasurePrice>
      <AllowDiscount>0</AllowDiscount>
      <itemStatus>1</itemStatus>
      <LastUpdateDate />
      <LastUpdateTime />
    </Product>
    <Product>
      <PriceUpdateDate>2019/07/03 08:47</PriceUpdateDate>
      <ItemCode>7290000342856</ItemCode>
      <ItemType>1</ItemType>
      <ItemName>בדין מרכך כביסה כחול 4 ליטר</ItemName>
      <ManufactureName>יוניליוור ישראל שיווק בע`מ</ManufactureName>
      <ManufactureCountry />
      <ManufactureItemDescription />
      <UnitQty>'יח</UnitQty>
      <Quantity>40</Quantity>
      <UnitMeasure>ל-100 מ"ל</UnitMeasure>
      <BisWeighted>0</BisWeighted>
      <QtyInPackage>1</QtyInPackage>
      <ItemPrice>19.90</ItemPrice>
      <UnitOfMeasurePrice>0.50</UnitOfMeasurePrice>
      <AllowDiscount>0</AllowDiscount>
      <itemStatus>1</itemStatus>
      <LastUpdateDate />
      <LastUpdateTime />
    </Product>
    <Product>
      <PriceUpdateDate>2019/01/16 14:37</PriceUpdateDate>
      <ItemCode>7290000345116</ItemCode>
      <ItemType>1</ItemType>
      <ItemName>תה עלים ירוק פחית 125 גרם</ItemName>
      <ManufactureName>תה ויסוצקי בע`מ</ManufactureName>
      <ManufactureCountry />
      <ManufactureItemDescription />
      <UnitQty>'יח</UnitQty>
      <Quantity>1.25</Quantity>
      <UnitMeasure>ל-100 גרם</UnitMeasure>
      <BisWeighted>0</BisWeighted>
      <QtyInPackage>1</QtyInPackage>
      <ItemPrice>14.90</ItemPrice>
      <UnitOfMeasurePrice>11.92</UnitOfMeasurePrice>
      <AllowDiscount>0</AllowDiscount>
      <itemStatus>1</itemStatus>
      <LastUpdateDate />
      <LastUpdateTime />
    </Product>
    <Product>
      <PriceUpdateDate>2019/01/16 14:37</PriceUpdateDate>
      <ItemCode>7290000345215</ItemCode>
      <ItemType>1</ItemType>
      <ItemName>תה רגיל 1/ 100 שקיקים ויסוצקי</ItemName>
      <ManufactureName>תה ויסוצקי בע`מ</ManufactureName>
      <ManufactureCountry />
      <ManufactureItemDescription />
      <UnitQty>'יח</UnitQty>
      <Quantity>1</Quantity>
      <UnitMeasure />
      <BisWeighted>0</BisWeighted>
      <QtyInPackage>1</QtyInPackage>
      <ItemPrice>16.90</ItemPrice>
      <UnitOfMeasurePrice>16.90</UnitOfMeasurePrice>
      <AllowDiscount>0</AllowDiscount>
      <itemStatus>1</itemStatus>
      <LastUpdateDate />
      <LastUpdateTime />
    </Product>
    <Product>
      <PriceUpdateDate>2019/01/16 14:37</PriceUpdateDate>
      <ItemCode>7290000345260</ItemCode>
      <ItemType>1</ItemType>
      <ItemName>תה רגיל 1.5/ 25 שקיקים ויסוצקי</ItemName>
      <ManufactureName>תה ויסוצקי בע`מ</ManufactureName>
      <ManufactureCountry />
      <ManufactureItemDescription />
      <UnitQty>'יח</UnitQty>
      <Quantity>0.3750</Quantity>
      <UnitMeasure>ל-100 גרם</UnitMeasure>
      <BisWeighted>0</BisWeighted>
      <QtyInPackage>1</QtyInPackage>
      <ItemPrice>7.40</ItemPrice>
      <UnitOfMeasurePrice>19.73</UnitOfMeasurePrice>
      <AllowDiscount>0</AllowDiscount>
      <itemStatus>1</itemStatus>
      <LastUpdateDate />
      <LastUpdateTime />
    </Product>
    <Product>
      <PriceUpdateDate>2019/01/16 14:37</PriceUpdateDate>
      <ItemCode>7290000345284</ItemCode>
      <ItemType>1</ItemType>
      <ItemName>תה רגיל 1.5/ 100 שקיקים ויסוצקי</ItemName>
      <ManufactureName>תה ויסוצקי בע`מ</ManufactureName>
      <ManufactureCountry />
      <ManufactureItemDescription />
      <UnitQty>'יח</UnitQty>
      <Quantity>1.50</Quantity>
      <UnitMeasure>ל-100 גרם</UnitMeasure>
      <BisWeighted>0</BisWeighted>
      <QtyInPackage>1</QtyInPackage>
      <ItemPrice>16.90</ItemPrice>
      <UnitOfMeasurePrice>11.27</UnitOfMeasurePrice>
      <AllowDiscount>0</AllowDiscount>
      <itemStatus>1</itemStatus>
      <LastUpdateDate />
      <LastUpdateTime />
    </Product>
    <Product>
      <PriceUpdateDate>2019/01/16 14:37</PriceUpdateDate>
      <ItemCode>7290000345307</ItemCode>
      <ItemType>1</ItemType>
      <ItemName>תה ארל גרי 1.5/ 50 שקיקים ויסוצקי</ItemName>
      <ManufactureName>תה ויסוצקי בע`מ</ManufactureName>
      <ManufactureCountry />
      <ManufactureItemDescription />
      <UnitQty>'יח</UnitQty>
      <Quantity>0.75</Quantity>
      <UnitMeasure>ל-100 גרם</UnitMeasure>
      <BisWeighted>0</BisWeighted>
      <QtyInPackage>1</QtyInPackage>
      <ItemPrice>29.90</ItemPrice>
      <UnitOfMeasurePrice>39.87</UnitOfMeasurePrice>
      <AllowDiscount>1</AllowDiscount>
      <itemStatus>1</itemStatus>
      <LastUpdateDate />
      <LastUpdateTime />
    </Product>
    <Product>
      <PriceUpdateDate>2019/07/03 08:47</PriceUpdateDate>
      <ItemCode>7290000346021</ItemCode>
      <ItemType>1</ItemType>
      <ItemName>תה הגן הקסום קמומיל 50 שקיקים</ItemName>
      <ManufactureName>תה ויסוצקי בע`מ</ManufactureName>
      <ManufactureCountry />
      <ManufactureItemDescription />
      <UnitQty>'יח</UnitQty>
      <Quantity>0.75</Quantity>
      <UnitMeasure>ל-100 גרם</UnitMeasure>
      <BisWeighted>0</BisWeighted>
      <QtyInPackage>1</QtyInPackage>
      <ItemPrice>33.90</ItemPrice>
      <UnitOfMeasurePrice>45.20</UnitOfMeasurePrice>
      <AllowDiscount>0</AllowDiscount>
      <itemStatus>1</itemStatus>
      <LastUpdateDate />
      <LastUpdateTime />
    </Product>
    <Product>
      <PriceUpdateDate>2020/07/19 12:58</PriceUpdateDate>
      <ItemCode>7290000346144</ItemCode>
      <ItemType>1</ItemType>
      <ItemName>תה הגן הקסום עינוגי התפוח 3/ 25שק</ItemName>
      <ManufactureName>תה ויסוצקי בע`מ</ManufactureName>
      <ManufactureCountry />
      <ManufactureItemDescription />
      <UnitQty>'יח</UnitQty>
      <Quantity>0.75</Quantity>
      <UnitMeasure>ל-100 גרם</UnitMeasure>
      <BisWeighted>0</BisWeighted>
      <QtyInPackage>1</QtyInPackage>
      <ItemPrice>19.90</ItemPrice>
      <UnitOfMeasurePrice>26.53</UnitOfMeasurePrice>
      <AllowDiscount>1</AllowDiscount>
      <itemStatus>1</itemStatus>
      <LastUpdateDate />
      <LastUpdateTime />
    </Product>
    <Product>
      <PriceUpdateDate>2020/07/19 12:58</PriceUpdateDate>
      <ItemCode>7290000346199</ItemCode>
      <ItemType>1</ItemType>
      <ItemName>תה הגן הקסום פירות יער 3/25 שקיקים</ItemName>
      <ManufactureName>תה ויסוצקי בע`מ</ManufactureName>
      <ManufactureCountry />
      <ManufactureItemDescription />
      <UnitQty>'יח</UnitQty>
      <Quantity>0.6750</Quantity>
      <UnitMeasure>ל-100 גרם</UnitMeasure>
      <BisWeighted>0</BisWeighted>
      <QtyInPackage>1</QtyInPackage>
      <ItemPrice>19.90</ItemPrice>
      <UnitOfMeasurePrice>29.48</UnitOfMeasurePrice>
      <AllowDiscount>1</AllowDiscount>
      <itemStatus>1</itemStatus>
      <LastUpdateDate />
      <LastUpdateTime />
    </Product>
    <Product>
      <PriceUpdateDate>2020/07/16 11:34</PriceUpdateDate>
      <ItemCode>7290000347738</ItemCode>
      <ItemType>1</ItemType>
      <ItemName>תה ירוק בתוספת עלי נענע 25 שקיקים</ItemName>
      <ManufactureName>תה ויסוצקי בע`מ</ManufactureName>
      <ManufactureCountry />
      <ManufactureItemDescription />
      <UnitQty>'יח</UnitQty>
      <Quantity>0.3750</Quantity>
      <UnitMeasure>ל-100 גרם</UnitMeasure>
      <BisWeighted>0</BisWeighted>
      <QtyInPackage>1</QtyInPackage>
      <ItemPrice>22.90</ItemPrice>
      <UnitOfMeasurePrice>61.07</UnitOfMeasurePrice>
      <AllowDiscount>1</AllowDiscount>
      <itemStatus>1</itemStatus>
      <LastUpdateDate />
      <LastUpdateTime />
    </Product>
    <Product>
      <PriceUpdateDate>2020/07/16 11:34</PriceUpdateDate>
      <ItemCode>7290000347752</ItemCode>
      <ItemType>1</ItemType>
      <ItemName>תה ירוק בתוספת לימונית ולואיזה 25 יח</ItemName>
      <ManufactureName>תה ויסוצקי בע`מ</ManufactureName>
      <ManufactureCountry />
      <ManufactureItemDescription />
      <UnitQty>'יח</UnitQty>
      <Quantity>0.3750</Quantity>
      <UnitMeasure>ל-100 גרם</UnitMeasure>
      <BisWeighted>0</BisWeighted>
      <QtyInPackage>1</QtyInPackage>
      <ItemPrice>22.90</ItemPrice>
      <UnitOfMeasurePrice>61.07</UnitOfMeasurePrice>
      <AllowDiscount>1</AllowDiscount>
      <itemStatus>1</itemStatus>
      <LastUpdateDate />
      <LastUpdateTime />
    </Product>
    <Product>
      <PriceUpdateDate>2022/11/01 10:50</PriceUpdateDate>
      <ItemCode>7290000355009</ItemCode>
      <ItemType>1</ItemType>
      <ItemName>רסק עגבניות 100  גר`טל מגש BX22</ItemName>
      <ManufactureName>ויטה פרי גליל (החדשה) בע`מ</ManufactureName>
      <ManufactureCountry />
      <ManufactureItemDescription />
      <UnitQty>'יח</UnitQty>
      <Quantity>1</Quantity>
      <UnitMeasure>ל-100 גרם</UnitMeasure>
      <BisWeighted>0</BisWeighted>
      <QtyInPackage>1</QtyInPackage>
      <ItemPrice>2.90</ItemPrice>
      <UnitOfMeasurePrice>2.90</UnitOfMeasurePrice>
      <AllowDiscount>0</AllowDiscount>
      <itemStatus>1</itemStatus>
      <LastUpdateDate />
      <LastUpdateTime />
    </Product>
    <Product>
      <PriceUpdateDate>2022/11/01 10:50</PriceUpdateDate>
      <ItemCode>355481</ItemCode>
      <ItemType>0</ItemType>
      <ItemName>רסק עגבניות 570 גרם</ItemName>
      <ManufactureName>ויטה פרי גליל (החדשה) בע`מ</ManufactureName>
      <ManufactureCountry />
      <ManufactureItemDescription />
      <UnitQty>'יח</UnitQty>
      <Quantity>5.70</Quantity>
      <UnitMeasure>ל-100 גרם</UnitMeasure>
      <BisWeighted>0</BisWeighted>
      <QtyInPackage>1</QtyInPackage>
      <ItemPrice>5.90</ItemPrice>
      <UnitOfMeasurePrice>1.04</UnitOfMeasurePrice>
      <AllowDiscount>0</AllowDiscount>
      <itemStatus>1</itemStatus>
      <LastUpdateDate />
      <LastUpdateTime />
    </Product>
    <Product>
      <PriceUpdateDate>2022/11/01 10:50</PriceUpdateDate>
      <ItemCode>355498</ItemCode>
      <ItemType>0</ItemType>
      <ItemName>רכז עגבניות %28 TOMATO פחית 580 גרם</ItemName>
      <ManufactureName>ויטה פרי גליל (החדשה) בע`מ</ManufactureName>
      <ManufactureCountry />
      <ManufactureItemDescription />
      <UnitQty>'יח</UnitQty>
      <Quantity>5.80</Quantity>
      <UnitMeasure>ל-100 גרם</UnitMeasure>
      <BisWeighted>0</BisWeighted>
      <QtyInPackage>1</QtyInPackage>
      <ItemPrice>6.90</ItemPrice>
      <UnitOfMeasurePrice>1.19</UnitOfMeasurePrice>
      <AllowDiscount>0</AllowDiscount>
      <itemStatus>1</itemStatus>
      <LastUpdateDate />
      <LastUpdateTime />
    </Product>
    <Product>
      <PriceUpdateDate>2019/07/03 08:47</PriceUpdateDate>
      <ItemCode>7290000355757</ItemCode>
      <ItemType>1</ItemType>
      <ItemName>עגבניות מרוסקות טריות טל 800 גרם</ItemName>
      <ManufactureName>ויטה פרי גליל (החדשה) בע`מ</ManufactureName>
      <ManufactureCountry />
      <ManufactureItemDescription />
      <UnitQty>'יח</UnitQty>
      <Quantity>8</Quantity>
      <UnitMeasure>ל-100 גרם</UnitMeasure>
      <BisWeighted>0</BisWeighted>
      <QtyInPackage>12</QtyInPackage>
      <ItemPrice>7.90</ItemPrice>
      <UnitOfMeasurePrice>0.99</UnitOfMeasurePrice>
      <AllowDiscount>1</AllowDiscount>
      <itemStatus>1</itemStatus>
      <LastUpdateDate />
      <LastUpdateTime />
    </Product>
    <Product>
      <PriceUpdateDate>2019/01/16 14:37</PriceUpdateDate>
      <ItemCode>7290000363363</ItemCode>
      <ItemType>1</ItemType>
      <ItemName>קבנוס מיוחד 160 גרם</ItemName>
      <ManufactureName>תנובה מרכז שיתופי לשיווק תוצרת</ManufactureName>
      <ManufactureCountry />
      <ManufactureItemDescription />
      <UnitQty>'יח</UnitQty>
      <Quantity>1.60</Quantity>
      <UnitMeasure>ל-100 גרם</UnitMeasure>
      <BisWeighted>0</BisWeighted>
      <QtyInPackage>1</QtyInPackage>
      <ItemPrice>17.10</ItemPrice>
      <UnitOfMeasurePrice>10.69</UnitOfMeasurePrice>
      <AllowDiscount>0</AllowDiscount>
      <itemStatus>1</itemStatus>
      <LastUpdateDate />
      <LastUpdateTime />
    </Product>
    <Product>
      <PriceUpdateDate>2019/07/03 08:47</PriceUpdateDate>
      <ItemCode>7290000364261</ItemCode>
      <ItemType>1</ItemType>
      <ItemName>סלסולי כתך בקר 120 גרם</ItemName>
      <ManufactureName>תנובה מרכז שיתופי לשיווק תוצרת</ManufactureName>
      <ManufactureCountry />
      <ManufactureItemDescription />
      <UnitQty>'יח</UnitQty>
      <Quantity>1.20</Quantity>
      <UnitMeasure>ל-100 גרם</UnitMeasure>
      <BisWeighted>0</BisWeighted>
      <QtyInPackage>1</QtyInPackage>
      <ItemPrice>15.90</ItemPrice>
      <UnitOfMeasurePrice>13.25</UnitOfMeasurePrice>
      <AllowDiscount>1</AllowDiscount>
      <itemStatus>1</itemStatus>
      <LastUpdateDate />
      <LastUpdateTime />
    </Product>
    <Product>
      <PriceUpdateDate>2019/07/03 08:47</PriceUpdateDate>
      <ItemCode>7290000364278</ItemCode>
      <ItemType>1</ItemType>
      <ItemName>סלסולי סלמי איטלקי משובח 120 גרם</ItemName>
      <ManufactureName>תנובה מרכז שיתופי לשיווק תוצרת</ManufactureName>
      <ManufactureCountry />
      <ManufactureItemDescription />
      <UnitQty>'יח</UnitQty>
      <Quantity>1.20</Quantity>
      <UnitMeasure>ל-100 גרם</UnitMeasure>
      <BisWeighted>0</BisWeighted>
      <QtyInPackage>1</QtyInPackage>
      <ItemPrice>15.90</ItemPrice>
      <UnitOfMeasurePrice>13.25</UnitOfMeasurePrice>
      <AllowDiscount>1</AllowDiscount>
      <itemStatus>1</itemStatus>
      <LastUpdateDate />
      <LastUpdateTime />
    </Product>
    <Product>
      <PriceUpdateDate>2019/07/03 08:47</PriceUpdateDate>
      <ItemCode>7290000364292</ItemCode>
      <ItemType>1</ItemType>
      <ItemName>סלסולי הודו על גחלים דל שומן 120 גרם</ItemName>
      <ManufactureName>תנובה מרכז שיתופי לשיווק תוצרת</ManufactureName>
      <ManufactureCountry />
      <ManufactureItemDescription />
      <UnitQty>'יח</UnitQty>
      <Quantity>1.20</Quantity>
      <UnitMeasure>ל-100 גרם</UnitMeasure>
      <BisWeighted>0</BisWeighted>
      <QtyInPackage>1</QtyInPackage>
      <ItemPrice>15.90</ItemPrice>
      <UnitOfMeasurePrice>13.25</UnitOfMeasurePrice>
      <AllowDiscount>1</AllowDiscount>
      <itemStatus>1</itemStatus>
      <LastUpdateDate />
      <LastUpdateTime />
    </Product>
    <Product>
      <PriceUpdateDate>2022/05/18 15:11</PriceUpdateDate>
      <ItemCode>364858</ItemCode>
      <ItemType>0</ItemType>
      <ItemName>נקניקיות עוף 1קג`</ItemName>
      <ManufactureName>תנובה מרכז שיתופי לשיווק תוצרת</ManufactureName>
      <ManufactureCountry />
      <ManufactureItemDescription />
      <UnitQty>'יח</UnitQty>
      <Quantity>10</Quantity>
      <UnitMeasure>ל-100 גרם</UnitMeasure>
      <BisWeighted>0</BisWeighted>
      <QtyInPackage>1</QtyInPackage>
      <ItemPrice>29.90</ItemPrice>
      <UnitOfMeasurePrice>2.99</UnitOfMeasurePrice>
      <AllowDiscount>1</AllowDiscount>
      <itemStatus>1</itemStatus>
      <LastUpdateDate />
      <LastUpdateTime />
    </Product>
    <Product>
      <PriceUpdateDate>2019/07/03 08:47</PriceUpdateDate>
      <ItemCode>364872</ItemCode>
      <ItemType>0</ItemType>
      <ItemName>נקניקיות עוף 400 גרם</ItemName>
      <ManufactureName>תנובה מרכז שיתופי לשיווק תוצרת</ManufactureName>
      <ManufactureCountry />
      <ManufactureItemDescription />
      <UnitQty>'יח</UnitQty>
      <Quantity>4</Quantity>
      <UnitMeasure>ל-100 גרם</UnitMeasure>
      <BisWeighted>0</BisWeighted>
      <QtyInPackage>1</QtyInPackage>
      <ItemPrice>12.90</ItemPrice>
      <UnitOfMeasurePrice>3.23</UnitOfMeasurePrice>
      <AllowDiscount>0</AllowDiscount>
      <itemStatus>1</itemStatus>
      <LastUpdateDate />
      <LastUpdateTime />
    </Product>
    <Product>
      <PriceUpdateDate>2020/05/12 18:50</PriceUpdateDate>
      <ItemCode>7290000367590</ItemCode>
      <ItemType>1</ItemType>
      <ItemName>צמד כפרי 2*400 גרם</ItemName>
      <ManufactureName>תנובה מרכז שיתופי לשיווק תוצרת</ManufactureName>
      <ManufactureCountry />
      <ManufactureItemDescription />
      <UnitQty>'יח</UnitQty>
      <Quantity>8</Quantity>
      <UnitMeasure>ל-100 גרם</UnitMeasure>
      <BisWeighted>0</BisWeighted>
      <QtyInPackage>1</QtyInPackage>
      <ItemPrice>26.90</ItemPrice>
      <UnitOfMeasurePrice>3.36</UnitOfMeasurePrice>
      <AllowDiscount>1</AllowDiscount>
      <itemStatus>1</itemStatus>
      <LastUpdateDate />
      <LastUpdateTime />
    </Product>
    <Product>
      <PriceUpdateDate>2019/01/16 14:37</PriceUpdateDate>
      <ItemCode>408316</ItemCode>
      <ItemType>0</ItemType>
      <ItemName>דנונה טבעי 3%</ItemName>
      <ManufactureName>שטראוס גרופ בע`מ</ManufactureName>
      <ManufactureCountry />
      <ManufactureItemDescription />
      <UnitQty>'יח</UnitQty>
      <Quantity>2</Quantity>
      <UnitMeasure>ל-100 מ"ל</UnitMeasure>
      <BisWeighted>0</BisWeighted>
      <QtyInPackage>24</QtyInPackage>
      <ItemPrice>3.70</ItemPrice>
      <UnitOfMeasurePrice>1.85</UnitOfMeasurePrice>
      <AllowDiscount>0</AllowDiscount>
      <itemStatus>1</itemStatus>
      <LastUpdateDate />
      <LastUpdateTime />
    </Product>
    <Product>
      <PriceUpdateDate>2019/01/16 14:37</PriceUpdateDate>
      <ItemCode>7290000408354</ItemCode>
      <ItemType>1</ItemType>
      <ItemName>דנונה בר פצפוצים 173 מל</ItemName>
      <ManufactureName>שטראוס גרופ בע`מ</ManufactureName>
      <ManufactureCountry />
      <ManufactureItemDescription />
      <UnitQty>'יח</UnitQty>
      <Quantity>1.75</Quantity>
      <UnitMeasure>ל-100 מ"ל</UnitMeasure>
      <BisWeighted>0</BisWeighted>
      <QtyInPackage>24</QtyInPackage>
      <ItemPrice>4.60</ItemPrice>
      <UnitOfMeasurePrice>2.63</UnitOfMeasurePrice>
      <AllowDiscount>0</AllowDiscount>
      <itemStatus>1</itemStatus>
      <LastUpdateDate />
      <LastUpdateTime />
    </Product>
    <Product>
      <PriceUpdateDate>2019/11/11 12:25</PriceUpdateDate>
      <ItemCode>7290000412481</ItemCode>
      <ItemType>1</ItemType>
      <ItemName>מנקה אסלות 00 1 ליטר</ItemName>
      <ManufactureName>החב. הדרומית לשיווק</ManufactureName>
      <ManufactureCountry />
      <ManufactureItemDescription />
      <UnitQty>'יח</UnitQty>
      <Quantity>10</Quantity>
      <UnitMeasure>ל-100 מ"ל</UnitMeasure>
      <BisWeighted>0</BisWeighted>
      <QtyInPackage>12</QtyInPackage>
      <ItemPrice>7.90</ItemPrice>
      <UnitOfMeasurePrice>0.79</UnitOfMeasurePrice>
      <AllowDiscount>0</AllowDiscount>
      <itemStatus>1</itemStatus>
      <LastUpdateDate />
      <LastUpdateTime />
    </Product>
    <Product>
      <PriceUpdateDate>2021/11/18 14:49</PriceUpdateDate>
      <ItemCode>416021</ItemCode>
      <ItemType>0</ItemType>
      <ItemName>ממרח שוקולד השחר  500 גרם</ItemName>
      <ManufactureName>השחר העולה בעמ</ManufactureName>
      <ManufactureCountry />
      <ManufactureItemDescription />
      <UnitQty>'יח</UnitQty>
      <Quantity>5</Quantity>
      <UnitMeasure>ל-100 גרם</UnitMeasure>
      <BisWeighted>0</BisWeighted>
      <QtyInPackage>1</QtyInPackage>
      <ItemPrice>13.90</ItemPrice>
      <UnitOfMeasurePrice>2.78</UnitOfMeasurePrice>
      <AllowDiscount>0</AllowDiscount>
      <itemStatus>1</itemStatus>
      <LastUpdateDate />
      <LastUpdateTime />
    </Product>
    <Product>
      <PriceUpdateDate>2021/11/29 19:11</PriceUpdateDate>
      <ItemCode>416045</ItemCode>
      <ItemType>0</ItemType>
      <ItemName>ממרח שוקולד השחר דלי 1 ק"ג</ItemName>
      <ManufactureName>השחר העולה בעמ</ManufactureName>
      <ManufactureCountry />
      <ManufactureItemDescription />
      <UnitQty>'יח</UnitQty>
      <Quantity>1</Quantity>
      <UnitMeasure />
      <BisWeighted>0</BisWeighted>
      <QtyInPackage>1</QtyInPackage>
      <ItemPrice>24.90</ItemPrice>
      <UnitOfMeasurePrice>24.90</UnitOfMeasurePrice>
      <AllowDiscount>0</AllowDiscount>
      <itemStatus>1</itemStatus>
      <LastUpdateDate />
      <LastUpdateTime />
    </Product>
    <Product>
      <PriceUpdateDate>2022/06/21 14:47</PriceUpdateDate>
      <ItemCode>416618</ItemCode>
      <ItemType>0</ItemType>
      <ItemName>ממרח שוקולד 400 גרם פרווה השחר</ItemName>
      <ManufactureName>השחר העולה בעמ</ManufactureName>
      <ManufactureCountry />
      <ManufactureItemDescription />
      <UnitQty>'יח</UnitQty>
      <Quantity>4</Quantity>
      <UnitMeasure>ל-100 גרם</UnitMeasure>
      <BisWeighted>0</BisWeighted>
      <QtyInPackage>1</QtyInPackage>
      <ItemPrice>11.90</ItemPrice>
      <UnitOfMeasurePrice>2.98</UnitOfMeasurePrice>
      <AllowDiscount>0</AllowDiscount>
      <itemStatus>1</itemStatus>
      <LastUpdateDate />
      <LastUpdateTime />
    </Product>
    <Product>
      <PriceUpdateDate>2021/11/30 11:15</PriceUpdateDate>
      <ItemCode>416632</ItemCode>
      <ItemType>0</ItemType>
      <ItemName>ממרח שוקולד 1 קג פרווה השחר</ItemName>
      <ManufactureName>השחר העולה בעמ</ManufactureName>
      <ManufactureCountry />
      <ManufactureItemDescription />
      <UnitQty>'יח</UnitQty>
      <Quantity>1</Quantity>
      <UnitMeasure />
      <BisWeighted>0</BisWeighted>
      <QtyInPackage>1</QtyInPackage>
      <ItemPrice>24.90</ItemPrice>
      <UnitOfMeasurePrice>24.90</UnitOfMeasurePrice>
      <AllowDiscount>0</AllowDiscount>
      <itemStatus>1</itemStatus>
      <LastUpdateDate />
      <LastUpdateTime />
    </Product>
    <Product>
      <PriceUpdateDate>2019/01/16 14:37</PriceUpdateDate>
      <ItemCode>7290000419114</ItemCode>
      <ItemType>1</ItemType>
      <ItemName>קפה לנדוור טורקי 200 גרם</ItemName>
      <ManufactureName>ש. שסטוביץ בע`מ</ManufactureName>
      <ManufactureCountry />
      <ManufactureItemDescription />
      <UnitQty>'יח</UnitQty>
      <Quantity>2</Quantity>
      <UnitMeasure>ל-100 גרם</UnitMeasure>
      <BisWeighted>0</BisWeighted>
      <QtyInPackage>1</QtyInPackage>
      <ItemPrice>14.90</ItemPrice>
      <UnitOfMeasurePrice>7.45</UnitOfMeasurePrice>
      <AllowDiscount>0</AllowDiscount>
      <itemStatus>1</itemStatus>
      <LastUpdateDate />
      <LastUpdateTime />
    </Product>
    <Product>
      <PriceUpdateDate>2019/07/03 08:47</PriceUpdateDate>
      <ItemCode>419220</ItemCode>
      <ItemType>0</ItemType>
      <ItemName>קפה לנדוור טורקי 3*100 גרם</ItemName>
      <ManufactureName>ש. שסטוביץ בע`מ</ManufactureName>
      <ManufactureCountry />
      <ManufactureItemDescription />
      <UnitQty>'יח</UnitQty>
      <Quantity>3</Quantity>
      <UnitMeasure>ל-100 גרם</UnitMeasure>
      <BisWeighted>0</BisWeighted>
      <QtyInPackage>1</QtyInPackage>
      <ItemPrice>19.90</ItemPrice>
      <UnitOfMeasurePrice>6.63</UnitOfMeasurePrice>
      <AllowDiscount>0</AllowDiscount>
      <itemStatus>1</itemStatus>
      <LastUpdateDate />
      <LastUpdateTime />
    </Product>
    <Product>
      <PriceUpdateDate>2019/07/03 08:47</PriceUpdateDate>
      <ItemCode>419374</ItemCode>
      <ItemType>0</ItemType>
      <ItemName>קפה לנדוור טורקי 3*100 גרם בד`צ</ItemName>
      <ManufactureName>ש. שסטוביץ בע`מ</ManufactureName>
      <ManufactureCountry />
      <ManufactureItemDescription />
      <UnitQty>'יח</UnitQty>
      <Quantity>3</Quantity>
      <UnitMeasure>למארז</UnitMeasure>
      <BisWeighted>0</BisWeighted>
      <QtyInPackage>1</QtyInPackage>
      <ItemPrice>19.90</ItemPrice>
      <UnitOfMeasurePrice>6.63</UnitOfMeasurePrice>
      <AllowDiscount>0</AllowDiscount>
      <itemStatus>1</itemStatus>
      <LastUpdateDate />
      <LastUpdateTime />
    </Product>
    <Product>
      <PriceUpdateDate>2022/02/02 14:34</PriceUpdateDate>
      <ItemCode>7290000420417</ItemCode>
      <ItemType>1</ItemType>
      <ItemName>גלילונית שקיות אשפה 60יח 50/70</ItemName>
      <ManufactureName>דנאגיס בעמ</ManufactureName>
      <ManufactureCountry />
      <ManufactureItemDescription />
      <UnitQty>'יח</UnitQty>
      <Quantity>1</Quantity>
      <UnitMeasure />
      <BisWeighted>0</BisWeighted>
      <QtyInPackage>1</QtyInPackage>
      <ItemPrice>18.90</ItemPrice>
      <UnitOfMeasurePrice>18.90</UnitOfMeasurePrice>
      <AllowDiscount>1</AllowDiscount>
      <itemStatus>1</itemStatus>
      <LastUpdateDate />
      <LastUpdateTime />
    </Product>
    <Product>
      <PriceUpdateDate>2022/09/06 08:07</PriceUpdateDate>
      <ItemCode>436616</ItemCode>
      <ItemType>0</ItemType>
      <ItemName>דובשניות ברמן 180 גר`</ItemName>
      <ManufactureName>ח.כהן סוכנות מזון ומשקאות</ManufactureName>
      <ManufactureCountry />
      <ManufactureItemDescription />
      <UnitQty>'יח</UnitQty>
      <Quantity>4</Quantity>
      <UnitMeasure>ל-100 גרם</UnitMeasure>
      <BisWeighted>0</BisWeighted>
      <QtyInPackage>1</QtyInPackage>
      <ItemPrice>6.90</ItemPrice>
      <UnitOfMeasurePrice>1.73</UnitOfMeasurePrice>
      <AllowDiscount>1</AllowDiscount>
      <itemStatus>1</itemStatus>
      <LastUpdateDate />
      <LastUpdateTime />
    </Product>
    <Product>
      <PriceUpdateDate>2022/07/06 07:43</PriceUpdateDate>
      <ItemCode>446547</ItemCode>
      <ItemType>0</ItemType>
      <ItemName>חמאת בוטנים טבעית 350 גרם</ItemName>
      <ManufactureName>מ.ד אטיאס סוכנויות מזון בע`מ</ManufactureName>
      <ManufactureCountry />
      <ManufactureItemDescription />
      <UnitQty>'יח</UnitQty>
      <Quantity>3.50</Quantity>
      <UnitMeasure>ל-100 גרם</UnitMeasure>
      <BisWeighted>0</BisWeighted>
      <QtyInPackage>1</QtyInPackage>
      <ItemPrice>12.90</ItemPrice>
      <UnitOfMeasurePrice>3.69</UnitOfMeasurePrice>
      <AllowDiscount>0</AllowDiscount>
      <itemStatus>1</itemStatus>
      <LastUpdateDate />
      <LastUpdateTime />
    </Product>
    <Product>
      <PriceUpdateDate>2019/01/16 14:37</PriceUpdateDate>
      <ItemCode>7290000450209</ItemCode>
      <ItemType>1</ItemType>
      <ItemName>טונה פוסידון בשמן 108 גרם</ItemName>
      <ManufactureName>נטו מלינדה סחר בע`מ</ManufactureName>
      <ManufactureCountry />
      <ManufactureItemDescription />
      <UnitQty>'יח</UnitQty>
      <Quantity>1</Quantity>
      <UnitMeasure>ל-100 גרם</UnitMeasure>
      <BisWeighted>0</BisWeighted>
      <QtyInPackage>1</QtyInPackage>
      <ItemPrice>5.50</ItemPrice>
      <UnitOfMeasurePrice>5.50</UnitOfMeasurePrice>
      <AllowDiscount>0</AllowDiscount>
      <itemStatus>1</itemStatus>
      <LastUpdateDate />
      <LastUpdateTime />
    </Product>
    <Product>
      <PriceUpdateDate>2020/03/16 11:52</PriceUpdateDate>
      <ItemCode>450742</ItemCode>
      <ItemType>0</ItemType>
      <ItemName>חזה עגל טרי</ItemName>
      <ManufactureName>באסם דבאח בעמ</ManufactureName>
      <ManufactureCountry />
      <ManufactureItemDescription />
      <UnitQty>ק"ג</UnitQty>
      <Quantity>1</Quantity>
      <UnitMeasure />
      <BisWeighted>1</BisWeighted>
      <QtyInPackage>1</QtyInPackage>
      <ItemPrice>49.90</ItemPrice>
      <UnitOfMeasurePrice>49.90</UnitOfMeasurePrice>
      <AllowDiscount>0</AllowDiscount>
      <itemStatus>1</itemStatus>
      <LastUpdateDate />
      <LastUpdateTime />
    </Product>
    <Product>
      <PriceUpdateDate>2020/03/17 17:03</PriceUpdateDate>
      <ItemCode>450759</ItemCode>
      <ItemType>0</ItemType>
      <ItemName>גולש עגל טרי</ItemName>
      <ManufactureName>באסם דבאח בעמ</ManufactureName>
      <ManufactureCountry />
      <ManufactureItemDescription />
      <UnitQty>ק"ג</UnitQty>
      <Quantity>1</Quantity>
      <UnitMeasure />
      <BisWeighted>1</BisWeighted>
      <QtyInPackage>1</QtyInPackage>
      <ItemPrice>59.90</ItemPrice>
      <UnitOfMeasurePrice>59.90</UnitOfMeasurePrice>
      <AllowDiscount>0</AllowDiscount>
      <itemStatus>1</itemStatus>
      <LastUpdateDate />
      <LastUpdateTime />
    </Product>
    <Product>
      <PriceUpdateDate>2022/02/08 12:57</PriceUpdateDate>
      <ItemCode>7290000453019</ItemCode>
      <ItemType>1</ItemType>
      <ItemName>שמרית שמרי בזק טריים שקית 50 גרם</ItemName>
      <ManufactureName>שטראוס גרופ בע`מ</ManufactureName>
      <ManufactureCountry />
      <ManufactureItemDescription />
      <UnitQty>'יח</UnitQty>
      <Quantity>5</Quantity>
      <UnitMeasure>ל-100 גרם</UnitMeasure>
      <BisWeighted>0</BisWeighted>
      <QtyInPackage>1</QtyInPackage>
      <ItemPrice>4.50</ItemPrice>
      <UnitOfMeasurePrice>0.90</UnitOfMeasurePrice>
      <AllowDiscount>0</AllowDiscount>
      <itemStatus>1</itemStatus>
      <LastUpdateDate />
      <LastUpdateTime />
    </Product>
    <Product>
      <PriceUpdateDate>2021/12/23 16:28</PriceUpdateDate>
      <ItemCode>7290000453125</ItemCode>
      <ItemType>1</ItemType>
      <ItemName>שמרית שמרי בזק+משפר  אפייה 50 גרם</ItemName>
      <ManufactureName>שטראוס גרופ בע`מ</ManufactureName>
      <ManufactureCountry />
      <ManufactureItemDescription />
      <UnitQty>'יח</UnitQty>
      <Quantity>5</Quantity>
      <UnitMeasure>ל-100 גרם</UnitMeasure>
      <BisWeighted>0</BisWeighted>
      <QtyInPackage>8</QtyInPackage>
      <ItemPrice>7.90</ItemPrice>
      <UnitOfMeasurePrice>1.58</UnitOfMeasurePrice>
      <AllowDiscount>0</AllowDiscount>
      <itemStatus>1</itemStatus>
      <LastUpdateDate />
      <LastUpdateTime />
    </Product>
    <Product>
      <PriceUpdateDate>2022/08/23 09:13</PriceUpdateDate>
      <ItemCode>453408</ItemCode>
      <ItemType>0</ItemType>
      <ItemName>בצק פיצה דק ומצונן מוכן לאפייה שמרית</ItemName>
      <ManufactureName>שטראוס גרופ בע`מ</ManufactureName>
      <ManufactureCountry />
      <ManufactureItemDescription />
      <UnitQty>'יח</UnitQty>
      <Quantity>3</Quantity>
      <UnitMeasure>ל-100 גרם</UnitMeasure>
      <BisWeighted>0</BisWeighted>
      <QtyInPackage>1</QtyInPackage>
      <ItemPrice>15.90</ItemPrice>
      <UnitOfMeasurePrice>5.30</UnitOfMeasurePrice>
      <AllowDiscount>1</AllowDiscount>
      <itemStatus>1</itemStatus>
      <LastUpdateDate />
      <LastUpdateTime />
    </Product>
    <Product>
      <PriceUpdateDate>2022/02/08 12:57</PriceUpdateDate>
      <ItemCode>453415</ItemCode>
      <ItemType>0</ItemType>
      <ItemName>בצק עלים מצונן ומוכן לאפייה שמרית300ג</ItemName>
      <ManufactureName>שטראוס גרופ בע`מ</ManufactureName>
      <ManufactureCountry />
      <ManufactureItemDescription />
      <UnitQty>'יח</UnitQty>
      <Quantity>3</Quantity>
      <UnitMeasure>ל-100 גרם</UnitMeasure>
      <BisWeighted>0</BisWeighted>
      <QtyInPackage>1</QtyInPackage>
      <ItemPrice>14.90</ItemPrice>
      <UnitOfMeasurePrice>4.97</UnitOfMeasurePrice>
      <AllowDiscount>1</AllowDiscount>
      <itemStatus>1</itemStatus>
      <LastUpdateDate />
      <LastUpdateTime />
    </Product>
    <Product>
      <PriceUpdateDate>2022/02/08 12:57</PriceUpdateDate>
      <ItemCode>453422</ItemCode>
      <ItemType>0</ItemType>
      <ItemName>בצק פילו מוכן לאפייה שמרית 300 גרם</ItemName>
      <ManufactureName>שטראוס גרופ בע`מ</ManufactureName>
      <ManufactureCountry />
      <ManufactureItemDescription />
      <UnitQty>'יח</UnitQty>
      <Quantity>3</Quantity>
      <UnitMeasure>ל-100 גרם</UnitMeasure>
      <BisWeighted>0</BisWeighted>
      <QtyInPackage>1</QtyInPackage>
      <ItemPrice>14.90</ItemPrice>
      <UnitOfMeasurePrice>4.97</UnitOfMeasurePrice>
      <AllowDiscount>1</AllowDiscount>
      <itemStatus>1</itemStatus>
      <LastUpdateDate />
      <LastUpdateTime />
    </Product>
    <Product>
      <PriceUpdateDate>2022/02/08 12:57</PriceUpdateDate>
      <ItemCode>453781</ItemCode>
      <ItemType>0</ItemType>
      <ItemName>שמרים יבשים 125 גרם שמרית</ItemName>
      <ManufactureName>שטראוס גרופ בע`מ</ManufactureName>
      <ManufactureCountry />
      <ManufactureItemDescription />
      <UnitQty>'יח</UnitQty>
      <Quantity>1.25</Quantity>
      <UnitMeasure>ל-100 גרם</UnitMeasure>
      <BisWeighted>0</BisWeighted>
      <QtyInPackage>12</QtyInPackage>
      <ItemPrice>5.90</ItemPrice>
      <UnitOfMeasurePrice>4.72</UnitOfMeasurePrice>
      <AllowDiscount>0</AllowDiscount>
      <itemStatus>1</itemStatus>
      <LastUpdateDate />
      <LastUpdateTime />
    </Product>
    <Product>
      <PriceUpdateDate>2022/02/08 12:57</PriceUpdateDate>
      <ItemCode>7290000453798</ItemCode>
      <ItemType>1</ItemType>
      <ItemName>שמרים יבשים אקטיביים 500 גרם</ItemName>
      <ManufactureName>שטראוס גרופ בע`מ</ManufactureName>
      <ManufactureCountry />
      <ManufactureItemDescription />
      <UnitQty>'יח</UnitQty>
      <Quantity>5</Quantity>
      <UnitMeasure>ל-100 גרם</UnitMeasure>
      <BisWeighted>0</BisWeighted>
      <QtyInPackage>20</QtyInPackage>
      <ItemPrice>13.90</ItemPrice>
      <UnitOfMeasurePrice>2.78</UnitOfMeasurePrice>
      <AllowDiscount>0</AllowDiscount>
      <itemStatus>1</itemStatus>
      <LastUpdateDate />
      <LastUpdateTime />
    </Product>
    <Product>
      <PriceUpdateDate>2022/02/02 09:08</PriceUpdateDate>
      <ItemCode>453866</ItemCode>
      <ItemType>0</ItemType>
      <ItemName>נטורינה קוקוס 200 לאפייה ובישול גר`</ItemName>
      <ManufactureName>שטראוס גרופ בע`מ</ManufactureName>
      <ManufactureCountry />
      <ManufactureItemDescription />
      <UnitQty>'יח</UnitQty>
      <Quantity>2</Quantity>
      <UnitMeasure>ל-100 גרם</UnitMeasure>
      <BisWeighted>0</BisWeighted>
      <QtyInPackage>40</QtyInPackage>
      <ItemPrice>7.90</ItemPrice>
      <UnitOfMeasurePrice>3.95</UnitOfMeasurePrice>
      <AllowDiscount>0</AllowDiscount>
      <itemStatus>1</itemStatus>
      <LastUpdateDate />
      <LastUpdateTime />
    </Product>
    <Product>
      <PriceUpdateDate>2019/01/16 14:37</PriceUpdateDate>
      <ItemCode>7290000461625</ItemCode>
      <ItemType>1</ItemType>
      <ItemName>בייגלה שמיניות מלוחות 400 גרם</ItemName>
      <ManufactureName>יוניליוור ישראל שיווק בע`מ</ManufactureName>
      <ManufactureCountry />
      <ManufactureItemDescription />
      <UnitQty>'יח</UnitQty>
      <Quantity>4</Quantity>
      <UnitMeasure>ל-100 גרם</UnitMeasure>
      <BisWeighted>0</BisWeighted>
      <QtyInPackage>1</QtyInPackage>
      <ItemPrice>9.90</ItemPrice>
      <UnitOfMeasurePrice>2.48</UnitOfMeasurePrice>
      <AllowDiscount>1</AllowDiscount>
      <itemStatus>1</itemStatus>
      <LastUpdateDate />
      <LastUpdateTime />
    </Product>
    <Product>
      <PriceUpdateDate>2022/04/27 11:03</PriceUpdateDate>
      <ItemCode>7290000461700</ItemCode>
      <ItemType>1</ItemType>
      <ItemName>בייגלה שמיניות גדולות מלוחות 400 גרם</ItemName>
      <ManufactureName>יוניליוור ישראל שיווק בע`מ</ManufactureName>
      <ManufactureCountry />
      <ManufactureItemDescription />
      <UnitQty>'יח</UnitQty>
      <Quantity>4</Quantity>
      <UnitMeasure>ל-100 גרם</UnitMeasure>
      <BisWeighted>0</BisWeighted>
      <QtyInPackage>1</QtyInPackage>
      <ItemPrice>13.90</ItemPrice>
      <UnitOfMeasurePrice>3.48</UnitOfMeasurePrice>
      <AllowDiscount>0</AllowDiscount>
      <itemStatus>1</itemStatus>
      <LastUpdateDate />
      <LastUpdateTime />
    </Product>
    <Product>
      <PriceUpdateDate>2022/02/08 12:57</PriceUpdateDate>
      <ItemCode>462981</ItemCode>
      <ItemType>0</ItemType>
      <ItemName>זחוק חריף אש  150 גרם</ItemName>
      <ManufactureName>שטראוס גרופ בע`מ</ManufactureName>
      <ManufactureCountry />
      <ManufactureItemDescription />
      <UnitQty>'יח</UnitQty>
      <Quantity>1.50</Quantity>
      <UnitMeasure>ל-100 גרם</UnitMeasure>
      <BisWeighted>0</BisWeighted>
      <QtyInPackage>1</QtyInPackage>
      <ItemPrice>8.90</ItemPrice>
      <UnitOfMeasurePrice>5.93</UnitOfMeasurePrice>
      <AllowDiscount>0</AllowDiscount>
      <itemStatus>1</itemStatus>
      <LastUpdateDate />
      <LastUpdateTime />
    </Product>
    <Product>
      <PriceUpdateDate>2019/01/16 14:37</PriceUpdateDate>
      <ItemCode>467320</ItemCode>
      <ItemType>0</ItemType>
      <ItemName>חומוס אבו מרוואן צבר 400 גרם</ItemName>
      <ManufactureName>קבוצת אסם סחר</ManufactureName>
      <ManufactureCountry />
      <ManufactureItemDescription />
      <UnitQty>'יח</UnitQty>
      <Quantity>4</Quantity>
      <UnitMeasure>ל-100 גרם</UnitMeasure>
      <BisWeighted>0</BisWeighted>
      <QtyInPackage>1</QtyInPackage>
      <ItemPrice>14.90</ItemPrice>
      <UnitOfMeasurePrice>3.73</UnitOfMeasurePrice>
      <AllowDiscount>0</AllowDiscount>
      <itemStatus>1</itemStatus>
      <LastUpdateDate />
      <LastUpdateTime />
    </Product>
    <Product>
      <PriceUpdateDate>2022/07/24 18:01</PriceUpdateDate>
      <ItemCode>467511</ItemCode>
      <ItemType>0</ItemType>
      <ItemName>ביסלי ברביקיו 55 גרם כשל"פ</ItemName>
      <ManufactureName>קבוצת אסם סחר</ManufactureName>
      <ManufactureCountry />
      <ManufactureItemDescription />
      <UnitQty>'יח</UnitQty>
      <Quantity>0.55</Quantity>
      <UnitMeasure>ל-100 גרם</UnitMeasure>
      <BisWeighted>0</BisWeighted>
      <QtyInPackage>1</QtyInPackage>
      <ItemPrice>3.90</ItemPrice>
      <UnitOfMeasurePrice>7.09</UnitOfMeasurePrice>
      <AllowDiscount>1</AllowDiscount>
      <itemStatus>1</itemStatus>
      <LastUpdateDate />
      <LastUpdateTime />
    </Product>
    <Product>
      <PriceUpdateDate>2022/07/24 18:01</PriceUpdateDate>
      <ItemCode>467887</ItemCode>
      <ItemType>0</ItemType>
      <ItemName>ביסלי פיצה 55 גרם כשל"פ</ItemName>
      <ManufactureName>קבוצת אסם סחר</ManufactureName>
      <ManufactureCountry />
      <ManufactureItemDescription />
      <UnitQty>'יח</UnitQty>
      <Quantity>0.55</Quantity>
      <UnitMeasure>ל-100 גרם</UnitMeasure>
      <BisWeighted>0</BisWeighted>
      <QtyInPackage>1</QtyInPackage>
      <ItemPrice>3.90</ItemPrice>
      <UnitOfMeasurePrice>7.09</UnitOfMeasurePrice>
      <AllowDiscount>1</AllowDiscount>
      <itemStatus>1</itemStatus>
      <LastUpdateDate />
      <LastUpdateTime />
    </Product>
    <Product>
      <PriceUpdateDate>2022/07/24 18:01</PriceUpdateDate>
      <ItemCode>468747</ItemCode>
      <ItemType>0</ItemType>
      <ItemName>ביסלי גריל 55 גר`</ItemName>
      <ManufactureName>קבוצת אסם סחר</ManufactureName>
      <ManufactureCountry />
      <ManufactureItemDescription />
      <UnitQty>'יח</UnitQty>
      <Quantity>0.55</Quantity>
      <UnitMeasure>ל-100 גרם</UnitMeasure>
      <BisWeighted>0</BisWeighted>
      <QtyInPackage>1</QtyInPackage>
      <ItemPrice>3.90</ItemPrice>
      <UnitOfMeasurePrice>7.09</UnitOfMeasurePrice>
      <AllowDiscount>1</AllowDiscount>
      <itemStatus>1</itemStatus>
      <LastUpdateDate />
      <LastUpdateTime />
    </Product>
    <Product>
      <PriceUpdateDate>2022/07/24 18:01</PriceUpdateDate>
      <ItemCode>468877</ItemCode>
      <ItemType>0</ItemType>
      <ItemName>ביסלי בצל 55 גר`</ItemName>
      <ManufactureName>קבוצת אסם סחר</ManufactureName>
      <ManufactureCountry />
      <ManufactureItemDescription />
      <UnitQty>'יח</UnitQty>
      <Quantity>0.55</Quantity>
      <UnitMeasure>ל-100 גרם</UnitMeasure>
      <BisWeighted>0</BisWeighted>
      <QtyInPackage>1</QtyInPackage>
      <ItemPrice>3.90</ItemPrice>
      <UnitOfMeasurePrice>7.09</UnitOfMeasurePrice>
      <AllowDiscount>1</AllowDiscount>
      <itemStatus>1</itemStatus>
      <LastUpdateDate />
      <LastUpdateTime />
    </Product>
    <Product>
      <PriceUpdateDate>2022/09/08 16:31</PriceUpdateDate>
      <ItemCode>7290000474090</ItemCode>
      <ItemType>1</ItemType>
      <ItemName>חלב בקרטון %1 1 ליטר</ItemName>
      <ManufactureName>החברה המרכזית להפצה</ManufactureName>
      <ManufactureCountry />
      <ManufactureItemDescription />
      <UnitQty>'יח</UnitQty>
      <Quantity>10</Quantity>
      <UnitMeasure>ל-100 מ"ל</UnitMeasure>
      <BisWeighted>0</BisWeighted>
      <QtyInPackage>1</QtyInPackage>
      <ItemPrice>5.86</ItemPrice>
      <UnitOfMeasurePrice>0.59</UnitOfMeasurePrice>
      <AllowDiscount>0</AllowDiscount>
      <itemStatus>1</itemStatus>
      <LastUpdateDate />
      <LastUpdateTime />
    </Product>
    <Product>
      <PriceUpdateDate>2022/10/19 16:47</PriceUpdateDate>
      <ItemCode>7290000474540</ItemCode>
      <ItemType>1</ItemType>
      <ItemName>גבינת טוב טעם לאפייה 3% 250 גרם</ItemName>
      <ManufactureName>החברה המרכזית להפצה</ManufactureName>
      <ManufactureCountry />
      <ManufactureItemDescription />
      <UnitQty>'יח</UnitQty>
      <Quantity>2.50</Quantity>
      <UnitMeasure>ל-100 גרם</UnitMeasure>
      <BisWeighted>0</BisWeighted>
      <QtyInPackage>1</QtyInPackage>
      <ItemPrice>11.90</ItemPrice>
      <UnitOfMeasurePrice>4.76</UnitOfMeasurePrice>
      <AllowDiscount>0</AllowDiscount>
      <itemStatus>1</itemStatus>
      <LastUpdateDate />
      <LastUpdateTime />
    </Product>
    <Product>
      <PriceUpdateDate>2022/10/19 16:47</PriceUpdateDate>
      <ItemCode>7290000474830</ItemCode>
      <ItemType>1</ItemType>
      <ItemName>גבנ`צ מגורדת 28% נעם 500 גר`</ItemName>
      <ManufactureName>החברה המרכזית להפצה</ManufactureName>
      <ManufactureCountry />
      <ManufactureItemDescription />
      <UnitQty>'יח</UnitQty>
      <Quantity>5</Quantity>
      <UnitMeasure>ל-100 גרם</UnitMeasure>
      <BisWeighted>0</BisWeighted>
      <QtyInPackage>1</QtyInPackage>
      <ItemPrice>34.90</ItemPrice>
      <UnitOfMeasurePrice>6.98</UnitOfMeasurePrice>
      <AllowDiscount>1</AllowDiscount>
      <itemStatus>1</itemStatus>
      <LastUpdateDate />
      <LastUpdateTime />
    </Product>
    <Product>
      <PriceUpdateDate>2019/07/03 08:47</PriceUpdateDate>
      <ItemCode>480107</ItemCode>
      <ItemType>0</ItemType>
      <ItemName>קוואקר ש.שועל פחית 500 גרם</ItemName>
      <ManufactureName>שטראוס פריטו ליי בע`מ</ManufactureName>
      <ManufactureCountry />
      <ManufactureItemDescription />
      <UnitQty>'יח</UnitQty>
      <Quantity>5</Quantity>
      <UnitMeasure>ל-100 גרם</UnitMeasure>
      <BisWeighted>0</BisWeighted>
      <QtyInPackage>1</QtyInPackage>
      <ItemPrice>13.90</ItemPrice>
      <UnitOfMeasurePrice>2.78</UnitOfMeasurePrice>
      <AllowDiscount>1</AllowDiscount>
      <itemStatus>1</itemStatus>
      <LastUpdateDate />
      <LastUpdateTime />
    </Product>
    <Product>
      <PriceUpdateDate>2020/09/21 13:16</PriceUpdateDate>
      <ItemCode>7290000480442</ItemCode>
      <ItemType>1</ItemType>
      <ItemName>קוואקר ש.שועל שקית 500</ItemName>
      <ManufactureName>שטראוס פריטו ליי בע`מ</ManufactureName>
      <ManufactureCountry />
      <ManufactureItemDescription />
      <UnitQty>'יח</UnitQty>
      <Quantity>5</Quantity>
      <UnitMeasure>ל-100 גרם</UnitMeasure>
      <BisWeighted>0</BisWeighted>
      <QtyInPackage>1</QtyInPackage>
      <ItemPrice>12.90</ItemPrice>
      <UnitOfMeasurePrice>2.58</UnitOfMeasurePrice>
      <AllowDiscount>0</AllowDiscount>
      <itemStatus>1</itemStatus>
      <LastUpdateDate />
      <LastUpdateTime />
    </Product>
    <Product>
      <PriceUpdateDate>2019/07/03 08:47</PriceUpdateDate>
      <ItemCode>484747</ItemCode>
      <ItemType>0</ItemType>
      <ItemName>ארק עלית 40% 700 מ`ל עם פקק ייחודי</ItemName>
      <ManufactureName>מ.ד אטיאס סוכנויות מזון בע`מ</ManufactureName>
      <ManufactureCountry />
      <ManufactureItemDescription />
      <UnitQty>'יח</UnitQty>
      <Quantity>7</Quantity>
      <UnitMeasure>ל-100 מ"ל</UnitMeasure>
      <BisWeighted>0</BisWeighted>
      <QtyInPackage>1</QtyInPackage>
      <ItemPrice>59.90</ItemPrice>
      <UnitOfMeasurePrice>8.51</UnitOfMeasurePrice>
      <AllowDiscount>0</AllowDiscount>
      <itemStatus>1</itemStatus>
      <LastUpdateDate />
      <LastUpdateTime />
    </Product>
    <Product>
      <PriceUpdateDate>2019/01/16 14:37</PriceUpdateDate>
      <ItemCode>7290000493176</ItemCode>
      <ItemType>1</ItemType>
      <ItemName>רוטב צלי 22 גרם שקית</ItemName>
      <ManufactureName>קבוצת אסם סחר</ManufactureName>
      <ManufactureCountry />
      <ManufactureItemDescription />
      <UnitQty>'יח</UnitQty>
      <Quantity>0.22</Quantity>
      <UnitMeasure>ל-100 גרם</UnitMeasure>
      <BisWeighted>0</BisWeighted>
      <QtyInPackage>1</QtyInPackage>
      <ItemPrice>4.20</ItemPrice>
      <UnitOfMeasurePrice>19.09</UnitOfMeasurePrice>
      <AllowDiscount>0</AllowDiscount>
      <itemStatus>1</itemStatus>
      <LastUpdateDate />
      <LastUpdateTime />
    </Product>
    <Product>
      <PriceUpdateDate>2019/01/16 14:37</PriceUpdateDate>
      <ItemCode>493183</ItemCode>
      <ItemType>0</ItemType>
      <ItemName>רוטב פטריות שקית 30 גרם כשלפ</ItemName>
      <ManufactureName>קבוצת אסם סחר</ManufactureName>
      <ManufactureCountry />
      <ManufactureItemDescription />
      <UnitQty>'יח</UnitQty>
      <Quantity>0.30</Quantity>
      <UnitMeasure>ל-100 גרם</UnitMeasure>
      <BisWeighted>0</BisWeighted>
      <QtyInPackage>1</QtyInPackage>
      <ItemPrice>4.20</ItemPrice>
      <UnitOfMeasurePrice>14</UnitOfMeasurePrice>
      <AllowDiscount>0</AllowDiscount>
      <itemStatus>1</itemStatus>
      <LastUpdateDate />
      <LastUpdateTime />
    </Product>
    <Product>
      <PriceUpdateDate>2022/07/06 08:54</PriceUpdateDate>
      <ItemCode>497044</ItemCode>
      <ItemType>0</ItemType>
      <ItemName>לחם ברמן אקטיב 750 גר`</ItemName>
      <ManufactureName>מאפיית י.את א. ברמן בעמ</ManufactureName>
      <ManufactureCountry />
      <ManufactureItemDescription />
      <UnitQty>'יח</UnitQty>
      <Quantity>7.50</Quantity>
      <UnitMeasure>ל-100 גרם</UnitMeasure>
      <BisWeighted>0</BisWeighted>
      <QtyInPackage>1</QtyInPackage>
      <ItemPrice>16.90</ItemPrice>
      <UnitOfMeasurePrice>2.25</UnitOfMeasurePrice>
      <AllowDiscount>1</AllowDiscount>
      <itemStatus>1</itemStatus>
      <LastUpdateDate />
      <LastUpdateTime />
    </Product>
    <Product>
      <PriceUpdateDate>2022/06/14 08:18</PriceUpdateDate>
      <ItemCode>497112</ItemCode>
      <ItemType>0</ItemType>
      <ItemName>לחם אחיד פרוס  ברמן 750 גר`</ItemName>
      <ManufactureName>מאפיית י.את א. ברמן בעמ</ManufactureName>
      <ManufactureCountry />
      <ManufactureItemDescription />
      <UnitQty>'יח</UnitQty>
      <Quantity>7.50</Quantity>
      <UnitMeasure>ל-100 גרם</UnitMeasure>
      <BisWeighted>0</BisWeighted>
      <QtyInPackage>1</QtyInPackage>
      <ItemPrice>7.11</ItemPrice>
      <UnitOfMeasurePrice>0.95</UnitOfMeasurePrice>
      <AllowDiscount>0</AllowDiscount>
      <itemStatus>1</itemStatus>
      <LastUpdateDate />
      <LastUpdateTime />
    </Product>
    <Product>
      <PriceUpdateDate>2022/07/06 08:54</PriceUpdateDate>
      <ItemCode>497198</ItemCode>
      <ItemType>0</ItemType>
      <ItemName>ברמן פיתות אסלי 10יח`</ItemName>
      <ManufactureName>מאפיית י.את א. ברמן בעמ</ManufactureName>
      <ManufactureCountry />
      <ManufactureItemDescription />
      <UnitQty>'יח</UnitQty>
      <Quantity>1</Quantity>
      <UnitMeasure>ל-100 גרם</UnitMeasure>
      <BisWeighted>0</BisWeighted>
      <QtyInPackage>1</QtyInPackage>
      <ItemPrice>11.90</ItemPrice>
      <UnitOfMeasurePrice>11.90</UnitOfMeasurePrice>
      <AllowDiscount>0</AllowDiscount>
      <itemStatus>1</itemStatus>
      <LastUpdateDate />
      <LastUpdateTime />
    </Product>
    <Product>
      <PriceUpdateDate>2022/07/06 08:54</PriceUpdateDate>
      <ItemCode>497204</ItemCode>
      <ItemType>0</ItemType>
      <ItemName>ברמן פיתות אסלי 5יח`</ItemName>
      <ManufactureName>מאפיית י.את א. ברמן בעמ</ManufactureName>
      <ManufactureCountry />
      <ManufactureItemDescription />
      <UnitQty>'יח</UnitQty>
      <Quantity>1</Quantity>
      <UnitMeasure>ל-100 גרם</UnitMeasure>
      <BisWeighted>0</BisWeighted>
      <QtyInPackage>1</QtyInPackage>
      <ItemPrice>6.90</ItemPrice>
      <UnitOfMeasurePrice>6.90</UnitOfMeasurePrice>
      <AllowDiscount>0</AllowDiscount>
      <itemStatus>1</itemStatus>
      <LastUpdateDate />
      <LastUpdateTime />
    </Product>
    <Product>
      <PriceUpdateDate>2022/07/06 08:54</PriceUpdateDate>
      <ItemCode>497228</ItemCode>
      <ItemType>0</ItemType>
      <ItemName>לחמניות 6 בשקית</ItemName>
      <ManufactureName>מאפיית י.את א. ברמן בעמ</ManufactureName>
      <ManufactureCountry />
      <ManufactureItemDescription />
      <UnitQty>'יח</UnitQty>
      <Quantity>1</Quantity>
      <UnitMeasure>ל-100 גרם</UnitMeasure>
      <BisWeighted>0</BisWeighted>
      <QtyInPackage>1</QtyInPackage>
      <ItemPrice>10.90</ItemPrice>
      <UnitOfMeasurePrice>10.90</UnitOfMeasurePrice>
      <AllowDiscount>0</AllowDiscount>
      <itemStatus>1</itemStatus>
      <LastUpdateDate />
      <LastUpdateTime />
    </Product>
    <Product>
      <PriceUpdateDate>2022/07/06 08:54</PriceUpdateDate>
      <ItemCode>497303</ItemCode>
      <ItemType>0</ItemType>
      <ItemName>לחמניות מקמח מלא 6 בשקית</ItemName>
      <ManufactureName>מאפיית י.את א. ברמן בעמ</ManufactureName>
      <ManufactureCountry />
      <ManufactureItemDescription />
      <UnitQty>'יח</UnitQty>
      <Quantity>1</Quantity>
      <UnitMeasure>ל-100 גרם</UnitMeasure>
      <BisWeighted>0</BisWeighted>
      <QtyInPackage>1</QtyInPackage>
      <ItemPrice>12.90</ItemPrice>
      <UnitOfMeasurePrice>12.90</UnitOfMeasurePrice>
      <AllowDiscount>0</AllowDiscount>
      <itemStatus>1</itemStatus>
      <LastUpdateDate />
      <LastUpdateTime />
    </Product>
    <Product>
      <PriceUpdateDate>2022/07/06 08:54</PriceUpdateDate>
      <ItemCode>497426</ItemCode>
      <ItemType>0</ItemType>
      <ItemName>ברמן לענין פלוס 500 גר`</ItemName>
      <ManufactureName>מאפיית י.את א. ברמן בעמ</ManufactureName>
      <ManufactureCountry />
      <ManufactureItemDescription />
      <UnitQty>'יח</UnitQty>
      <Quantity>5</Quantity>
      <UnitMeasure>ל-100 גרם</UnitMeasure>
      <BisWeighted>0</BisWeighted>
      <QtyInPackage>1</QtyInPackage>
      <ItemPrice>15.90</ItemPrice>
      <UnitOfMeasurePrice>3.18</UnitOfMeasurePrice>
      <AllowDiscount>0</AllowDiscount>
      <itemStatus>1</itemStatus>
      <LastUpdateDate />
      <LastUpdateTime />
    </Product>
    <Product>
      <PriceUpdateDate>2022/07/06 08:54</PriceUpdateDate>
      <ItemCode>497532</ItemCode>
      <ItemType>0</ItemType>
      <ItemName>ברמן לעניין 750 גר`</ItemName>
      <ManufactureName>מאפיית י.את א. ברמן בעמ</ManufactureName>
      <ManufactureCountry />
      <ManufactureItemDescription />
      <UnitQty>'יח</UnitQty>
      <Quantity>7.50</Quantity>
      <UnitMeasure>ל-100 גרם</UnitMeasure>
      <BisWeighted>0</BisWeighted>
      <QtyInPackage>1</QtyInPackage>
      <ItemPrice>15.90</ItemPrice>
      <UnitOfMeasurePrice>2.12</UnitOfMeasurePrice>
      <AllowDiscount>0</AllowDiscount>
      <itemStatus>1</itemStatus>
      <LastUpdateDate />
      <LastUpdateTime />
    </Product>
    <Product>
      <PriceUpdateDate>2022/07/06 08:54</PriceUpdateDate>
      <ItemCode>497570</ItemCode>
      <ItemType>0</ItemType>
      <ItemName>לחם דגנים פלוס ברמן 500 גר`</ItemName>
      <ManufactureName>מאפיית י.את א. ברמן בעמ</ManufactureName>
      <ManufactureCountry />
      <ManufactureItemDescription />
      <UnitQty>'יח</UnitQty>
      <Quantity>5</Quantity>
      <UnitMeasure>ל-100 גרם</UnitMeasure>
      <BisWeighted>0</BisWeighted>
      <QtyInPackage>1</QtyInPackage>
      <ItemPrice>15.90</ItemPrice>
      <UnitOfMeasurePrice>3.18</UnitOfMeasurePrice>
      <AllowDiscount>0</AllowDiscount>
      <itemStatus>1</itemStatus>
      <LastUpdateDate />
      <LastUpdateTime />
    </Product>
    <Product>
      <PriceUpdateDate>2022/07/06 08:54</PriceUpdateDate>
      <ItemCode>498003</ItemCode>
      <ItemType>0</ItemType>
      <ItemName>לחם מקמח מלא E-FREE</ItemName>
      <ManufactureName>מאפיית י.את א. ברמן בעמ</ManufactureName>
      <ManufactureCountry />
      <ManufactureItemDescription />
      <UnitQty>'יח</UnitQty>
      <Quantity>1</Quantity>
      <UnitMeasure>ל-100 גרם</UnitMeasure>
      <BisWeighted>0</BisWeighted>
      <QtyInPackage>1</QtyInPackage>
      <ItemPrice>16.90</ItemPrice>
      <UnitOfMeasurePrice>16.90</UnitOfMeasurePrice>
      <AllowDiscount>0</AllowDiscount>
      <itemStatus>1</itemStatus>
      <LastUpdateDate />
      <LastUpdateTime />
    </Product>
    <Product>
      <PriceUpdateDate>2022/07/06 08:54</PriceUpdateDate>
      <ItemCode>498034</ItemCode>
      <ItemType>0</ItemType>
      <ItemName>לחם מקמח כוסמין E-FREE</ItemName>
      <ManufactureName>מאפיית י.את א. ברמן בעמ</ManufactureName>
      <ManufactureCountry />
      <ManufactureItemDescription />
      <UnitQty>'יח</UnitQty>
      <Quantity>1</Quantity>
      <UnitMeasure>ל-100 גרם</UnitMeasure>
      <BisWeighted>0</BisWeighted>
      <QtyInPackage>1</QtyInPackage>
      <ItemPrice>16.90</ItemPrice>
      <UnitOfMeasurePrice>16.90</UnitOfMeasurePrice>
      <AllowDiscount>0</AllowDiscount>
      <itemStatus>1</itemStatus>
      <LastUpdateDate />
      <LastUpdateTime />
    </Product>
    <Product>
      <PriceUpdateDate>2022/07/06 08:54</PriceUpdateDate>
      <ItemCode>498256</ItemCode>
      <ItemType>0</ItemType>
      <ItemName>לחמניות מדברות  10 בשקית</ItemName>
      <ManufactureName>מאפיית י.את א. ברמן בעמ</ManufactureName>
      <ManufactureCountry />
      <ManufactureItemDescription />
      <UnitQty>'יח</UnitQty>
      <Quantity>1</Quantity>
      <UnitMeasure>ל-100 גרם</UnitMeasure>
      <BisWeighted>0</BisWeighted>
      <QtyInPackage>1</QtyInPackage>
      <ItemPrice>12.90</ItemPrice>
      <UnitOfMeasurePrice>12.90</UnitOfMeasurePrice>
      <AllowDiscount>0</AllowDiscount>
      <itemStatus>1</itemStatus>
      <LastUpdateDate />
      <LastUpdateTime />
    </Product>
    <Product>
      <PriceUpdateDate>2022/02/08 12:57</PriceUpdateDate>
      <ItemCode>7290000504049</ItemCode>
      <ItemType>1</ItemType>
      <ItemName>סוכרזית קנקן 1200 טבליות</ItemName>
      <ManufactureName>שטראוס גרופ בע`מ</ManufactureName>
      <ManufactureCountry />
      <ManufactureItemDescription />
      <UnitQty>'יח</UnitQty>
      <Quantity>9.84</Quantity>
      <UnitMeasure>ל-100 גרם</UnitMeasure>
      <BisWeighted>0</BisWeighted>
      <QtyInPackage>15</QtyInPackage>
      <ItemPrice>19.90</ItemPrice>
      <UnitOfMeasurePrice>2.02</UnitOfMeasurePrice>
      <AllowDiscount>0</AllowDiscount>
      <itemStatus>1</itemStatus>
      <LastUpdateDate />
      <LastUpdateTime />
    </Product>
    <Product>
      <PriceUpdateDate>2019/01/16 14:37</PriceUpdateDate>
      <ItemCode>7290000518152</ItemCode>
      <ItemType>1</ItemType>
      <ItemName>מתוק וקל זהב 50 שקיות</ItemName>
      <ManufactureName>מתוק וקל בע`מ</ManufactureName>
      <ManufactureCountry />
      <ManufactureItemDescription />
      <UnitQty>'יח</UnitQty>
      <Quantity>0.25</Quantity>
      <UnitMeasure>ל-100 גרם</UnitMeasure>
      <BisWeighted>0</BisWeighted>
      <QtyInPackage>1</QtyInPackage>
      <ItemPrice>7.40</ItemPrice>
      <UnitOfMeasurePrice>29.60</UnitOfMeasurePrice>
      <AllowDiscount>0</AllowDiscount>
      <itemStatus>1</itemStatus>
      <LastUpdateDate />
      <LastUpdateTime />
    </Product>
    <Product>
      <PriceUpdateDate>2019/01/16 14:37</PriceUpdateDate>
      <ItemCode>7290000518169</ItemCode>
      <ItemType>1</ItemType>
      <ItemName>מתוק וקל 1000 טבליות 80 גרם</ItemName>
      <ManufactureName>מתוק וקל בע`מ</ManufactureName>
      <ManufactureCountry />
      <ManufactureItemDescription />
      <UnitQty>'יח</UnitQty>
      <Quantity>10</Quantity>
      <UnitMeasure>ל-100 גרם</UnitMeasure>
      <BisWeighted>0</BisWeighted>
      <QtyInPackage>1</QtyInPackage>
      <ItemPrice>7.90</ItemPrice>
      <UnitOfMeasurePrice>0.79</UnitOfMeasurePrice>
      <AllowDiscount>0</AllowDiscount>
      <itemStatus>1</itemStatus>
      <LastUpdateDate />
      <LastUpdateTime />
    </Product>
    <Product>
      <PriceUpdateDate>2019/01/16 14:37</PriceUpdateDate>
      <ItemCode>7290000518176</ItemCode>
      <ItemType>1</ItemType>
      <ItemName>מתוק וקל 250 שקיות 250 גרם</ItemName>
      <ManufactureName>מתוק וקל בע`מ</ManufactureName>
      <ManufactureCountry />
      <ManufactureItemDescription />
      <UnitQty>'יח</UnitQty>
      <Quantity>2.50</Quantity>
      <UnitMeasure>ל-100 גרם</UnitMeasure>
      <BisWeighted>0</BisWeighted>
      <QtyInPackage>1</QtyInPackage>
      <ItemPrice>18.90</ItemPrice>
      <UnitOfMeasurePrice>7.56</UnitOfMeasurePrice>
      <AllowDiscount>0</AllowDiscount>
      <itemStatus>1</itemStatus>
      <LastUpdateDate />
      <LastUpdateTime />
    </Product>
    <Product>
      <PriceUpdateDate>2019/01/16 14:37</PriceUpdateDate>
      <ItemCode>518190</ItemCode>
      <ItemType>0</ItemType>
      <ItemName>מתוק וקל סטיביה 100 שקיות</ItemName>
      <ManufactureName>מתוק וקל בע`מ</ManufactureName>
      <ManufactureCountry />
      <ManufactureItemDescription />
      <UnitQty>'יח</UnitQty>
      <Quantity>10</Quantity>
      <UnitMeasure>ל-100 גרם</UnitMeasure>
      <BisWeighted>0</BisWeighted>
      <QtyInPackage>1</QtyInPackage>
      <ItemPrice>26.90</ItemPrice>
      <UnitOfMeasurePrice>2.69</UnitOfMeasurePrice>
      <AllowDiscount>0</AllowDiscount>
      <itemStatus>1</itemStatus>
      <LastUpdateDate />
      <LastUpdateTime />
    </Product>
    <Product>
      <PriceUpdateDate>2019/01/16 14:37</PriceUpdateDate>
      <ItemCode>518220</ItemCode>
      <ItemType>0</ItemType>
      <ItemName>סוכרה דיאט 100 שקיות 80 גרם</ItemName>
      <ManufactureName>מתוק וקל בע`מ</ManufactureName>
      <ManufactureCountry />
      <ManufactureItemDescription />
      <UnitQty>'יח</UnitQty>
      <Quantity>1</Quantity>
      <UnitMeasure />
      <BisWeighted>0</BisWeighted>
      <QtyInPackage>1</QtyInPackage>
      <ItemPrice>26.90</ItemPrice>
      <UnitOfMeasurePrice>26.90</UnitOfMeasurePrice>
      <AllowDiscount>0</AllowDiscount>
      <itemStatus>1</itemStatus>
      <LastUpdateDate />
      <LastUpdateTime />
    </Product>
    <Product>
      <PriceUpdateDate>2019/01/16 14:37</PriceUpdateDate>
      <ItemCode>7290000518251</ItemCode>
      <ItemType>1</ItemType>
      <ItemName>מתוק וקל זהב 100 שקיות</ItemName>
      <ManufactureName>מתוק וקל בע`מ</ManufactureName>
      <ManufactureCountry />
      <ManufactureItemDescription />
      <UnitQty>'יח</UnitQty>
      <Quantity>1</Quantity>
      <UnitMeasure />
      <BisWeighted>0</BisWeighted>
      <QtyInPackage>1</QtyInPackage>
      <ItemPrice>12.90</ItemPrice>
      <UnitOfMeasurePrice>12.90</UnitOfMeasurePrice>
      <AllowDiscount>0</AllowDiscount>
      <itemStatus>1</itemStatus>
      <LastUpdateDate />
      <LastUpdateTime />
    </Product>
    <Product>
      <PriceUpdateDate>2021/06/10 06:59</PriceUpdateDate>
      <ItemCode>518336</ItemCode>
      <ItemType>0</ItemType>
      <ItemName>MOOOSH צמר גפן מתוק מסיבים תזונתיים 10</ItemName>
      <ManufactureName>מתוק וקל בע`מ</ManufactureName>
      <ManufactureCountry />
      <ManufactureItemDescription />
      <UnitQty>'יח</UnitQty>
      <Quantity>0</Quantity>
      <UnitMeasure>ל-100 גרם</UnitMeasure>
      <BisWeighted>0</BisWeighted>
      <QtyInPackage>1</QtyInPackage>
      <ItemPrice>4.90</ItemPrice>
      <UnitOfMeasurePrice>4.90</UnitOfMeasurePrice>
      <AllowDiscount>0</AllowDiscount>
      <itemStatus>1</itemStatus>
      <LastUpdateDate />
      <LastUpdateTime />
    </Product>
    <Product>
      <PriceUpdateDate>2019/01/16 14:37</PriceUpdateDate>
      <ItemCode>518879</ItemCode>
      <ItemType>0</ItemType>
      <ItemName>סוכרה דיאט 250 שק`</ItemName>
      <ManufactureName>מתוק וקל בע`מ</ManufactureName>
      <ManufactureCountry />
      <ManufactureItemDescription />
      <UnitQty>'יח</UnitQty>
      <Quantity>1</Quantity>
      <UnitMeasure />
      <BisWeighted>0</BisWeighted>
      <QtyInPackage>1</QtyInPackage>
      <ItemPrice>59.90</ItemPrice>
      <UnitOfMeasurePrice>59.90</UnitOfMeasurePrice>
      <AllowDiscount>0</AllowDiscount>
      <itemStatus>1</itemStatus>
      <LastUpdateDate />
      <LastUpdateTime />
    </Product>
    <Product>
      <PriceUpdateDate>2022/07/18 16:59</PriceUpdateDate>
      <ItemCode>7290000521008</ItemCode>
      <ItemType>1</ItemType>
      <ItemName>יין סגל אדום יבש 750 מל</ItemName>
      <ManufactureName>טמפו משקאות בע`מ</ManufactureName>
      <ManufactureCountry />
      <ManufactureItemDescription />
      <UnitQty>'יח</UnitQty>
      <Quantity>7.50</Quantity>
      <UnitMeasure>ל-100 מ"ל</UnitMeasure>
      <BisWeighted>0</BisWeighted>
      <QtyInPackage>1</QtyInPackage>
      <ItemPrice>21.90</ItemPrice>
      <UnitOfMeasurePrice>2.88</UnitOfMeasurePrice>
      <AllowDiscount>1</AllowDiscount>
      <itemStatus>1</itemStatus>
      <LastUpdateDate />
      <LastUpdateTime />
    </Product>
    <Product>
      <PriceUpdateDate>2022/07/18 16:59</PriceUpdateDate>
      <ItemCode>7290000521015</ItemCode>
      <ItemType>1</ItemType>
      <ItemName>יין סגל לבן יבש 750 מל</ItemName>
      <ManufactureName>טמפו משקאות בע`מ</ManufactureName>
      <ManufactureCountry />
      <ManufactureItemDescription />
      <UnitQty>'יח</UnitQty>
      <Quantity>7.50</Quantity>
      <UnitMeasure>ל-100 מ"ל</UnitMeasure>
      <BisWeighted>0</BisWeighted>
      <QtyInPackage>1</QtyInPackage>
      <ItemPrice>21.90</ItemPrice>
      <UnitOfMeasurePrice>2.88</UnitOfMeasurePrice>
      <AllowDiscount>1</AllowDiscount>
      <itemStatus>1</itemStatus>
      <LastUpdateDate />
      <LastUpdateTime />
    </Product>
    <Product>
      <PriceUpdateDate>2022/07/18 16:59</PriceUpdateDate>
      <ItemCode>7290000521022</ItemCode>
      <ItemType>1</ItemType>
      <ItemName>יין סגל לבן חצי יבש 750 מל</ItemName>
      <ManufactureName>טמפו משקאות בע`מ</ManufactureName>
      <ManufactureCountry />
      <ManufactureItemDescription />
      <UnitQty>'יח</UnitQty>
      <Quantity>7.50</Quantity>
      <UnitMeasure>ל-100 מ"ל</UnitMeasure>
      <BisWeighted>0</BisWeighted>
      <QtyInPackage>1</QtyInPackage>
      <ItemPrice>21.90</ItemPrice>
      <UnitOfMeasurePrice>2.88</UnitOfMeasurePrice>
      <AllowDiscount>1</AllowDiscount>
      <itemStatus>1</itemStatus>
      <LastUpdateDate />
      <LastUpdateTime />
    </Product>
    <Product>
      <PriceUpdateDate>2020/10/18 12:22</PriceUpdateDate>
      <ItemCode>7290000521367</ItemCode>
      <ItemType>1</ItemType>
      <ItemName>יין זני מרלו אדום יבש 750 מל</ItemName>
      <ManufactureName>טמפו משקאות בע`מ</ManufactureName>
      <ManufactureCountry />
      <ManufactureItemDescription />
      <UnitQty>'יח</UnitQty>
      <Quantity>7.50</Quantity>
      <UnitMeasure>ל-100 מ"ל</UnitMeasure>
      <BisWeighted>0</BisWeighted>
      <QtyInPackage>1</QtyInPackage>
      <ItemPrice>24.90</ItemPrice>
      <UnitOfMeasurePrice>3.28</UnitOfMeasurePrice>
      <AllowDiscount>0</AllowDiscount>
      <itemStatus>1</itemStatus>
      <LastUpdateDate />
      <LastUpdateTime />
    </Product>
    <Product>
      <PriceUpdateDate>2019/01/16 14:37</PriceUpdateDate>
      <ItemCode>523125</ItemCode>
      <ItemType>0</ItemType>
      <ItemName>מלח הארץ יבש 250 גרם</ItemName>
      <ManufactureName>סוגת</ManufactureName>
      <ManufactureCountry />
      <ManufactureItemDescription />
      <UnitQty>'יח</UnitQty>
      <Quantity>2.50</Quantity>
      <UnitMeasure>ל-100 גרם</UnitMeasure>
      <BisWeighted>0</BisWeighted>
      <QtyInPackage>1</QtyInPackage>
      <ItemPrice>5.50</ItemPrice>
      <UnitOfMeasurePrice>2.20</UnitOfMeasurePrice>
      <AllowDiscount>0</AllowDiscount>
      <itemStatus>1</itemStatus>
      <LastUpdateDate />
      <LastUpdateTime />
    </Product>
    <Product>
      <PriceUpdateDate>2019/01/16 14:37</PriceUpdateDate>
      <ItemCode>523224</ItemCode>
      <ItemType>0</ItemType>
      <ItemName>מלח הארץ שולחן מעולה 500 גרם</ItemName>
      <ManufactureName>סוגת</ManufactureName>
      <ManufactureCountry />
      <ManufactureItemDescription />
      <UnitQty>'יח</UnitQty>
      <Quantity>5</Quantity>
      <UnitMeasure>ל-100 גרם</UnitMeasure>
      <BisWeighted>0</BisWeighted>
      <QtyInPackage>1</QtyInPackage>
      <ItemPrice>7.90</ItemPrice>
      <UnitOfMeasurePrice>1.58</UnitOfMeasurePrice>
      <AllowDiscount>0</AllowDiscount>
      <itemStatus>1</itemStatus>
      <LastUpdateDate />
      <LastUpdateTime />
    </Product>
    <Product>
      <PriceUpdateDate>2020/07/02 07:42</PriceUpdateDate>
      <ItemCode>7290000523811</ItemCode>
      <ItemType>1</ItemType>
      <ItemName>מלח הארץ גס 1 קג</ItemName>
      <ManufactureName>סוגת</ManufactureName>
      <ManufactureCountry />
      <ManufactureItemDescription />
      <UnitQty>'יח</UnitQty>
      <Quantity>10</Quantity>
      <UnitMeasure>ל-100 גרם</UnitMeasure>
      <BisWeighted>0</BisWeighted>
      <QtyInPackage>1</QtyInPackage>
      <ItemPrice>7.90</ItemPrice>
      <UnitOfMeasurePrice>0.79</UnitOfMeasurePrice>
      <AllowDiscount>0</AllowDiscount>
      <itemStatus>1</itemStatus>
      <LastUpdateDate />
      <LastUpdateTime />
    </Product>
    <Product>
      <PriceUpdateDate>2022/01/03 13:00</PriceUpdateDate>
      <ItemCode>7290000525969</ItemCode>
      <ItemType>1</ItemType>
      <ItemName>פרימור מיץ תפוזים סחוט טרי 1 ליטר</ItemName>
      <ManufactureName>שטראוס גרופ בע`מ</ManufactureName>
      <ManufactureCountry />
      <ManufactureItemDescription />
      <UnitQty>'יח</UnitQty>
      <Quantity>10</Quantity>
      <UnitMeasure>ל-100 מ"ל</UnitMeasure>
      <BisWeighted>0</BisWeighted>
      <QtyInPackage>6</QtyInPackage>
      <ItemPrice>16.20</ItemPrice>
      <UnitOfMeasurePrice>1.59</UnitOfMeasurePrice>
      <AllowDiscount>0</AllowDiscount>
      <itemStatus>1</itemStatus>
      <LastUpdateDate />
      <LastUpdateTime />
    </Product>
    <Product>
      <PriceUpdateDate>2019/07/03 08:47</PriceUpdateDate>
      <ItemCode>7290000530086</ItemCode>
      <ItemType>1</ItemType>
      <ItemName>נקניק סלמי מעושן 7000 600 גרם</ItemName>
      <ManufactureName>נקניק זוגלובק נהריה</ManufactureName>
      <ManufactureCountry />
      <ManufactureItemDescription />
      <UnitQty>'יח</UnitQty>
      <Quantity>8</Quantity>
      <UnitMeasure>ל-100 גרם</UnitMeasure>
      <BisWeighted>0</BisWeighted>
      <QtyInPackage>1</QtyInPackage>
      <ItemPrice>29.90</ItemPrice>
      <UnitOfMeasurePrice>3.74</UnitOfMeasurePrice>
      <AllowDiscount>0</AllowDiscount>
      <itemStatus>1</itemStatus>
      <LastUpdateDate />
      <LastUpdateTime />
    </Product>
    <Product>
      <PriceUpdateDate>2019/01/16 14:37</PriceUpdateDate>
      <ItemCode>7290000530116</ItemCode>
      <ItemType>1</ItemType>
      <ItemName>נקניק תה בשן 8000 470 גרם</ItemName>
      <ManufactureName>נקניק זוגלובק נהריה</ManufactureName>
      <ManufactureCountry />
      <ManufactureItemDescription />
      <UnitQty>'יח</UnitQty>
      <Quantity>7</Quantity>
      <UnitMeasure>ל-100 גרם</UnitMeasure>
      <BisWeighted>0</BisWeighted>
      <QtyInPackage>1</QtyInPackage>
      <ItemPrice>27.80</ItemPrice>
      <UnitOfMeasurePrice>3.97</UnitOfMeasurePrice>
      <AllowDiscount>0</AllowDiscount>
      <itemStatus>1</itemStatus>
      <LastUpdateDate />
      <LastUpdateTime />
    </Product>
    <Product>
      <PriceUpdateDate>2022/04/21 08:06</PriceUpdateDate>
      <ItemCode>7290000530413</ItemCode>
      <ItemType>1</ItemType>
      <ItemName>המבורגר זהב 400 גרם קפוא</ItemName>
      <ManufactureName>נקניק זוגלובק נהריה</ManufactureName>
      <ManufactureCountry />
      <ManufactureItemDescription />
      <UnitQty>'יח</UnitQty>
      <Quantity>4</Quantity>
      <UnitMeasure>ל-100 גרם</UnitMeasure>
      <BisWeighted>0</BisWeighted>
      <QtyInPackage>1</QtyInPackage>
      <ItemPrice>21.90</ItemPrice>
      <UnitOfMeasurePrice>5.48</UnitOfMeasurePrice>
      <AllowDiscount>1</AllowDiscount>
      <itemStatus>1</itemStatus>
      <LastUpdateDate />
      <LastUpdateTime />
    </Product>
    <Product>
      <PriceUpdateDate>2022/04/21 08:06</PriceUpdateDate>
      <ItemCode>530598</ItemCode>
      <ItemType>0</ItemType>
      <ItemName>נקניקיות עוף ויינר טרי 500 גרם</ItemName>
      <ManufactureName>נקניק זוגלובק נהריה</ManufactureName>
      <ManufactureCountry />
      <ManufactureItemDescription />
      <UnitQty>'יח</UnitQty>
      <Quantity>5</Quantity>
      <UnitMeasure>ל-100 גרם</UnitMeasure>
      <BisWeighted>0</BisWeighted>
      <QtyInPackage>1</QtyInPackage>
      <ItemPrice>14.90</ItemPrice>
      <UnitOfMeasurePrice>2.98</UnitOfMeasurePrice>
      <AllowDiscount>1</AllowDiscount>
      <itemStatus>1</itemStatus>
      <LastUpdateDate />
      <LastUpdateTime />
    </Product>
    <Product>
      <PriceUpdateDate>2019/01/16 14:37</PriceUpdateDate>
      <ItemCode>7290000530703</ItemCode>
      <ItemType>1</ItemType>
      <ItemName>פסטרמה חרמון 400גר+תה מעושן 400גר</ItemName>
      <ManufactureName>נקניק זוגלובק נהריה</ManufactureName>
      <ManufactureCountry />
      <ManufactureItemDescription />
      <UnitQty>'יח</UnitQty>
      <Quantity>8</Quantity>
      <UnitMeasure>ל-100 גרם</UnitMeasure>
      <BisWeighted>0</BisWeighted>
      <QtyInPackage>1</QtyInPackage>
      <ItemPrice>29.90</ItemPrice>
      <UnitOfMeasurePrice>3.74</UnitOfMeasurePrice>
      <AllowDiscount>0</AllowDiscount>
      <itemStatus>1</itemStatus>
      <LastUpdateDate />
      <LastUpdateTime />
    </Product>
    <Product>
      <PriceUpdateDate>2022/04/21 08:06</PriceUpdateDate>
      <ItemCode>7290000531601</ItemCode>
      <ItemType>1</ItemType>
      <ItemName>סטייק בורגר בקר זהב 400 גרם קפוא</ItemName>
      <ManufactureName>נקניק זוגלובק נהריה</ManufactureName>
      <ManufactureCountry />
      <ManufactureItemDescription />
      <UnitQty>'יח</UnitQty>
      <Quantity>4</Quantity>
      <UnitMeasure>ל-100 גרם</UnitMeasure>
      <BisWeighted>0</BisWeighted>
      <QtyInPackage>1</QtyInPackage>
      <ItemPrice>21.90</ItemPrice>
      <UnitOfMeasurePrice>5.48</UnitOfMeasurePrice>
      <AllowDiscount>1</AllowDiscount>
      <itemStatus>1</itemStatus>
      <LastUpdateDate />
      <LastUpdateTime />
    </Product>
    <Product>
      <PriceUpdateDate>2022/04/27 12:36</PriceUpdateDate>
      <ItemCode>7290000536743</ItemCode>
      <ItemType>1</ItemType>
      <ItemName>שניצל קריספי סטיקס תירס טבע 500 גרם קפ</ItemName>
      <ManufactureName>נקניק זוגלובק נהריה</ManufactureName>
      <ManufactureCountry />
      <ManufactureItemDescription />
      <UnitQty>'יח</UnitQty>
      <Quantity>5</Quantity>
      <UnitMeasure>ל-100 גרם</UnitMeasure>
      <BisWeighted>0</BisWeighted>
      <QtyInPackage>12</QtyInPackage>
      <ItemPrice>14.90</ItemPrice>
      <UnitOfMeasurePrice>2.98</UnitOfMeasurePrice>
      <AllowDiscount>1</AllowDiscount>
      <itemStatus>1</itemStatus>
      <LastUpdateDate />
      <LastUpdateTime />
    </Product>
    <Product>
      <PriceUpdateDate>2022/04/21 08:06</PriceUpdateDate>
      <ItemCode>537566</ItemCode>
      <ItemType>0</ItemType>
      <ItemName>נקניקיות עוף טרי 400 גר`</ItemName>
      <ManufactureName>נקניק זוגלובק נהריה</ManufactureName>
      <ManufactureCountry />
      <ManufactureItemDescription />
      <UnitQty>'יח</UnitQty>
      <Quantity>4</Quantity>
      <UnitMeasure>ל-100 גרם</UnitMeasure>
      <BisWeighted>0</BisWeighted>
      <QtyInPackage>1</QtyInPackage>
      <ItemPrice>13.90</ItemPrice>
      <UnitOfMeasurePrice>3.48</UnitOfMeasurePrice>
      <AllowDiscount>1</AllowDiscount>
      <itemStatus>1</itemStatus>
      <LastUpdateDate />
      <LastUpdateTime />
    </Product>
    <Product>
      <PriceUpdateDate>2022/03/18 06:40</PriceUpdateDate>
      <ItemCode>7290000538709</ItemCode>
      <ItemType>1</ItemType>
      <ItemName>נקניק תה מעושן פרוס 200 גרם</ItemName>
      <ManufactureName>נקניק זוגלובק נהריה</ManufactureName>
      <ManufactureCountry />
      <ManufactureItemDescription />
      <UnitQty>'יח</UnitQty>
      <Quantity>2</Quantity>
      <UnitMeasure>ל-100 גרם</UnitMeasure>
      <BisWeighted>0</BisWeighted>
      <QtyInPackage>1</QtyInPackage>
      <ItemPrice>14.90</ItemPrice>
      <UnitOfMeasurePrice>7.45</UnitOfMeasurePrice>
      <AllowDiscount>0</AllowDiscount>
      <itemStatus>1</itemStatus>
      <LastUpdateDate />
      <LastUpdateTime />
    </Product>
    <Product>
      <PriceUpdateDate>2022/10/30 19:06</PriceUpdateDate>
      <ItemCode>7290000552194</ItemCode>
      <ItemType>1</ItemType>
      <ItemName>קישקע טיבונוויל 500 גרם קפוא</ItemName>
      <ManufactureName>נטו מלינדה סחר בע`מ</ManufactureName>
      <ManufactureCountry />
      <ManufactureItemDescription />
      <UnitQty>'יח</UnitQty>
      <Quantity>5</Quantity>
      <UnitMeasure>ל-100 גרם</UnitMeasure>
      <BisWeighted>0</BisWeighted>
      <QtyInPackage>1</QtyInPackage>
      <ItemPrice>12.90</ItemPrice>
      <UnitOfMeasurePrice>2.58</UnitOfMeasurePrice>
      <AllowDiscount>0</AllowDiscount>
      <itemStatus>1</itemStatus>
      <LastUpdateDate />
      <LastUpdateTime />
    </Product>
    <Product>
      <PriceUpdateDate>2021/11/25 13:09</PriceUpdateDate>
      <ItemCode>554402</ItemCode>
      <ItemType>0</ItemType>
      <ItemName>מעדן מלבי חלבי 160 גרם</ItemName>
      <ManufactureName>מחלבות גד בעמ`</ManufactureName>
      <ManufactureCountry />
      <ManufactureItemDescription />
      <UnitQty>'יח</UnitQty>
      <Quantity>1.60</Quantity>
      <UnitMeasure>ל-100 מ"ל</UnitMeasure>
      <BisWeighted>0</BisWeighted>
      <QtyInPackage>1</QtyInPackage>
      <ItemPrice>5.90</ItemPrice>
      <UnitOfMeasurePrice>3.69</UnitOfMeasurePrice>
      <AllowDiscount>1</AllowDiscount>
      <itemStatus>1</itemStatus>
      <LastUpdateDate />
      <LastUpdateTime />
    </Product>
    <Product>
      <PriceUpdateDate>2021/08/23 15:23</PriceUpdateDate>
      <ItemCode>7290000554471</ItemCode>
      <ItemType>1</ItemType>
      <ItemName>גבינה מוצרלה 22% טבעי 180 גרם</ItemName>
      <ManufactureName>מחלבות גד בעמ`</ManufactureName>
      <ManufactureCountry />
      <ManufactureItemDescription />
      <UnitQty>'יח</UnitQty>
      <Quantity>1.80</Quantity>
      <UnitMeasure>ל-100 גרם</UnitMeasure>
      <BisWeighted>0</BisWeighted>
      <QtyInPackage>1</QtyInPackage>
      <ItemPrice>15.90</ItemPrice>
      <UnitOfMeasurePrice>8.83</UnitOfMeasurePrice>
      <AllowDiscount>0</AllowDiscount>
      <itemStatus>1</itemStatus>
      <LastUpdateDate />
      <LastUpdateTime />
    </Product>
    <Product>
      <PriceUpdateDate>2019/10/10 09:24</PriceUpdateDate>
      <ItemCode>554532</ItemCode>
      <ItemType>0</ItemType>
      <ItemName>גבינה צפתית מעודנת 5% 200 גרם</ItemName>
      <ManufactureName>מחלבות גד בעמ`</ManufactureName>
      <ManufactureCountry />
      <ManufactureItemDescription />
      <UnitQty>'יח</UnitQty>
      <Quantity>2</Quantity>
      <UnitMeasure>ל-100 גרם</UnitMeasure>
      <BisWeighted>0</BisWeighted>
      <QtyInPackage>1</QtyInPackage>
      <ItemPrice>14.90</ItemPrice>
      <UnitOfMeasurePrice>7.45</UnitOfMeasurePrice>
      <AllowDiscount>0</AllowDiscount>
      <itemStatus>1</itemStatus>
      <LastUpdateDate />
      <LastUpdateTime />
    </Product>
    <Product>
      <PriceUpdateDate>2021/07/27 06:38</PriceUpdateDate>
      <ItemCode>554600</ItemCode>
      <ItemType>0</ItemType>
      <ItemName>גבינת מוצרלה מגורדת 22% 300 גרם</ItemName>
      <ManufactureName>מחלבות גד בעמ`</ManufactureName>
      <ManufactureCountry />
      <ManufactureItemDescription />
      <UnitQty>'יח</UnitQty>
      <Quantity>3</Quantity>
      <UnitMeasure>ל-100 גרם</UnitMeasure>
      <BisWeighted>0</BisWeighted>
      <QtyInPackage>1</QtyInPackage>
      <ItemPrice>24.90</ItemPrice>
      <UnitOfMeasurePrice>8.30</UnitOfMeasurePrice>
      <AllowDiscount>0</AllowDiscount>
      <itemStatus>1</itemStatus>
      <LastUpdateDate />
      <LastUpdateTime />
    </Product>
    <Product>
      <PriceUpdateDate>2022/01/06 22:01</PriceUpdateDate>
      <ItemCode>554624</ItemCode>
      <ItemType>0</ItemType>
      <ItemName>מעדן ירח מתוק %3 150 מל</ItemName>
      <ManufactureName>מחלבות גד בעמ`</ManufactureName>
      <ManufactureCountry />
      <ManufactureItemDescription />
      <UnitQty>'יח</UnitQty>
      <Quantity>1.50</Quantity>
      <UnitMeasure>ל-100 מ"ל</UnitMeasure>
      <BisWeighted>0</BisWeighted>
      <QtyInPackage>1</QtyInPackage>
      <ItemPrice>5.90</ItemPrice>
      <UnitOfMeasurePrice>3.93</UnitOfMeasurePrice>
      <AllowDiscount>1</AllowDiscount>
      <itemStatus>1</itemStatus>
      <LastUpdateDate />
      <LastUpdateTime />
    </Product>
    <Product>
      <PriceUpdateDate>2020/10/04 08:08</PriceUpdateDate>
      <ItemCode>554686</ItemCode>
      <ItemType>0</ItemType>
      <ItemName>גבינה לאבנה עם זעתר ושמן זית 250 גרם</ItemName>
      <ManufactureName>מחלבות גד בעמ`</ManufactureName>
      <ManufactureCountry />
      <ManufactureItemDescription />
      <UnitQty>'יח</UnitQty>
      <Quantity>2.50</Quantity>
      <UnitMeasure>ל-100 גרם</UnitMeasure>
      <BisWeighted>0</BisWeighted>
      <QtyInPackage>1</QtyInPackage>
      <ItemPrice>13.90</ItemPrice>
      <UnitOfMeasurePrice>5.56</UnitOfMeasurePrice>
      <AllowDiscount>0</AllowDiscount>
      <itemStatus>1</itemStatus>
      <LastUpdateDate />
      <LastUpdateTime />
    </Product>
    <Product>
      <PriceUpdateDate>2021/08/24 06:37</PriceUpdateDate>
      <ItemCode>554822</ItemCode>
      <ItemType>0</ItemType>
      <ItemName>גבינת ריקוטה 5% 250 גרם</ItemName>
      <ManufactureName>מחלבות גד בעמ`</ManufactureName>
      <ManufactureCountry />
      <ManufactureItemDescription />
      <UnitQty>'יח</UnitQty>
      <Quantity>2.50</Quantity>
      <UnitMeasure>ל-100 גרם</UnitMeasure>
      <BisWeighted>0</BisWeighted>
      <QtyInPackage>1</QtyInPackage>
      <ItemPrice>13.90</ItemPrice>
      <UnitOfMeasurePrice>5.56</UnitOfMeasurePrice>
      <AllowDiscount>1</AllowDiscount>
      <itemStatus>1</itemStatus>
      <LastUpdateDate />
      <LastUpdateTime />
    </Product>
    <Product>
      <PriceUpdateDate>2021/07/21 16:23</PriceUpdateDate>
      <ItemCode>554839</ItemCode>
      <ItemType>0</ItemType>
      <ItemName>גבינה מוקצפת מסקרפונה %38 250 גרם</ItemName>
      <ManufactureName>מחלבות גד בעמ`</ManufactureName>
      <ManufactureCountry />
      <ManufactureItemDescription />
      <UnitQty>'יח</UnitQty>
      <Quantity>2.50</Quantity>
      <UnitMeasure>ל-100 גרם</UnitMeasure>
      <BisWeighted>0</BisWeighted>
      <QtyInPackage>1</QtyInPackage>
      <ItemPrice>19.90</ItemPrice>
      <UnitOfMeasurePrice>7.96</UnitOfMeasurePrice>
      <AllowDiscount>0</AllowDiscount>
      <itemStatus>1</itemStatus>
      <LastUpdateDate />
      <LastUpdateTime />
    </Product>
    <Product>
      <PriceUpdateDate>2021/01/31 14:59</PriceUpdateDate>
      <ItemCode>7290000560533</ItemCode>
      <ItemType>1</ItemType>
      <ItemName>אדג`פרו ג`ל לגילוח רגיל ירוק 220 מל</ItemName>
      <ManufactureName>דנאגיס בעמ</ManufactureName>
      <ManufactureCountry />
      <ManufactureItemDescription />
      <UnitQty>'יח</UnitQty>
      <Quantity>2</Quantity>
      <UnitMeasure>ל-100 גרם</UnitMeasure>
      <BisWeighted>0</BisWeighted>
      <QtyInPackage>1</QtyInPackage>
      <ItemPrice>17.90</ItemPrice>
      <UnitOfMeasurePrice>8.95</UnitOfMeasurePrice>
      <AllowDiscount>1</AllowDiscount>
      <itemStatus>1</itemStatus>
      <LastUpdateDate />
      <LastUpdateTime />
    </Product>
    <Product>
      <PriceUpdateDate>2021/01/31 14:59</PriceUpdateDate>
      <ItemCode>7290000560540</ItemCode>
      <ItemType>1</ItemType>
      <ItemName>אדג`פרו ג`ל לגילוח עור רגיש כתום220</ItemName>
      <ManufactureName>דנאגיס בעמ</ManufactureName>
      <ManufactureCountry />
      <ManufactureItemDescription />
      <UnitQty>'יח</UnitQty>
      <Quantity>2</Quantity>
      <UnitMeasure>ל-100 גרם</UnitMeasure>
      <BisWeighted>0</BisWeighted>
      <QtyInPackage>1</QtyInPackage>
      <ItemPrice>17.90</ItemPrice>
      <UnitOfMeasurePrice>8.95</UnitOfMeasurePrice>
      <AllowDiscount>1</AllowDiscount>
      <itemStatus>1</itemStatus>
      <LastUpdateDate />
      <LastUpdateTime />
    </Product>
    <Product>
      <PriceUpdateDate>2020/03/15 19:26</PriceUpdateDate>
      <ItemCode>561141</ItemCode>
      <ItemType>0</ItemType>
      <ItemName>מיקס אגוזים טבעי</ItemName>
      <ManufactureName>בוטנת בעמ חברה לקלייה ואריזת פ</ManufactureName>
      <ManufactureCountry />
      <ManufactureItemDescription />
      <UnitQty>'יח</UnitQty>
      <Quantity>1.50</Quantity>
      <UnitMeasure>ל-100 גרם</UnitMeasure>
      <BisWeighted>0</BisWeighted>
      <QtyInPackage>1</QtyInPackage>
      <ItemPrice>19.90</ItemPrice>
      <UnitOfMeasurePrice>13.27</UnitOfMeasurePrice>
      <AllowDiscount>0</AllowDiscount>
      <itemStatus>1</itemStatus>
      <LastUpdateDate />
      <LastUpdateTime />
    </Product>
    <Product>
      <PriceUpdateDate>2022/03/30 14:47</PriceUpdateDate>
      <ItemCode>561158</ItemCode>
      <ItemType>0</ItemType>
      <ItemName>תערובת אגוזים וחמוציות 150 גרם</ItemName>
      <ManufactureName>בוטנת בעמ חברה לקלייה ואריזת פ</ManufactureName>
      <ManufactureCountry />
      <ManufactureItemDescription />
      <UnitQty>'יח</UnitQty>
      <Quantity>1.50</Quantity>
      <UnitMeasure>ל-100 גרם</UnitMeasure>
      <BisWeighted>0</BisWeighted>
      <QtyInPackage>1</QtyInPackage>
      <ItemPrice>11.90</ItemPrice>
      <UnitOfMeasurePrice>7.93</UnitOfMeasurePrice>
      <AllowDiscount>1</AllowDiscount>
      <itemStatus>1</itemStatus>
      <LastUpdateDate />
      <LastUpdateTime />
    </Product>
    <Product>
      <PriceUpdateDate>2019/01/16 14:37</PriceUpdateDate>
      <ItemCode>7290000561240</ItemCode>
      <ItemType>1</ItemType>
      <ItemName>גרעין דלעת קלוי 200גר</ItemName>
      <ManufactureName>בוטנת בעמ חברה לקלייה ואריזת פ</ManufactureName>
      <ManufactureCountry />
      <ManufactureItemDescription />
      <UnitQty>'יח</UnitQty>
      <Quantity>2</Quantity>
      <UnitMeasure>ל-100 גרם</UnitMeasure>
      <BisWeighted>0</BisWeighted>
      <QtyInPackage>1</QtyInPackage>
      <ItemPrice>9.60</ItemPrice>
      <UnitOfMeasurePrice>4.80</UnitOfMeasurePrice>
      <AllowDiscount>0</AllowDiscount>
      <itemStatus>1</itemStatus>
      <LastUpdateDate />
      <LastUpdateTime />
    </Product>
    <Product>
      <PriceUpdateDate>2022/08/22 20:45</PriceUpdateDate>
      <ItemCode>561332</ItemCode>
      <ItemType>0</ItemType>
      <ItemName>אגוזי מלך קלופים 150 גר`</ItemName>
      <ManufactureName>בוטנת בעמ חברה לקלייה ואריזת פ</ManufactureName>
      <ManufactureCountry />
      <ManufactureItemDescription />
      <UnitQty>'יח</UnitQty>
      <Quantity>1.50</Quantity>
      <UnitMeasure>ל-100 גרם</UnitMeasure>
      <BisWeighted>0</BisWeighted>
      <QtyInPackage>1</QtyInPackage>
      <ItemPrice>11.90</ItemPrice>
      <UnitOfMeasurePrice>7.93</UnitOfMeasurePrice>
      <AllowDiscount>1</AllowDiscount>
      <itemStatus>1</itemStatus>
      <LastUpdateDate />
      <LastUpdateTime />
    </Product>
    <Product>
      <PriceUpdateDate>2022/01/06 16:57</PriceUpdateDate>
      <ItemCode>7290000561462</ItemCode>
      <ItemType>1</ItemType>
      <ItemName>בננה צ`יפס 200גר</ItemName>
      <ManufactureName>בוטנת בעמ חברה לקלייה ואריזת פ</ManufactureName>
      <ManufactureCountry />
      <ManufactureItemDescription />
      <UnitQty>'יח</UnitQty>
      <Quantity>2</Quantity>
      <UnitMeasure>ל-100 גרם</UnitMeasure>
      <BisWeighted>0</BisWeighted>
      <QtyInPackage>1</QtyInPackage>
      <ItemPrice>8.90</ItemPrice>
      <UnitOfMeasurePrice>4.45</UnitOfMeasurePrice>
      <AllowDiscount>0</AllowDiscount>
      <itemStatus>1</itemStatus>
      <LastUpdateDate />
      <LastUpdateTime />
    </Product>
    <Product>
      <PriceUpdateDate>2020/03/15 19:26</PriceUpdateDate>
      <ItemCode>7290000561578</ItemCode>
      <ItemType>1</ItemType>
      <ItemName>בוטנים מצופים 200גר</ItemName>
      <ManufactureName>בוטנת בעמ חברה לקלייה ואריזת פ</ManufactureName>
      <ManufactureCountry />
      <ManufactureItemDescription />
      <UnitQty>'יח</UnitQty>
      <Quantity>2</Quantity>
      <UnitMeasure>ל-100 גרם</UnitMeasure>
      <BisWeighted>0</BisWeighted>
      <QtyInPackage>1</QtyInPackage>
      <ItemPrice>5.90</ItemPrice>
      <UnitOfMeasurePrice>2.95</UnitOfMeasurePrice>
      <AllowDiscount>0</AllowDiscount>
      <itemStatus>1</itemStatus>
      <LastUpdateDate />
      <LastUpdateTime />
    </Product>
    <Product>
      <PriceUpdateDate>2022/08/22 20:25</PriceUpdateDate>
      <ItemCode>7290000561714</ItemCode>
      <ItemType>1</ItemType>
      <ItemName>צנובר 100גר</ItemName>
      <ManufactureName>בוטנת בעמ חברה לקלייה ואריזת פ</ManufactureName>
      <ManufactureCountry />
      <ManufactureItemDescription />
      <UnitQty>'יח</UnitQty>
      <Quantity>1</Quantity>
      <UnitMeasure>ל-100 גרם</UnitMeasure>
      <BisWeighted>0</BisWeighted>
      <QtyInPackage>1</QtyInPackage>
      <ItemPrice>26.90</ItemPrice>
      <UnitOfMeasurePrice>26.90</UnitOfMeasurePrice>
      <AllowDiscount>0</AllowDiscount>
      <itemStatus>1</itemStatus>
      <LastUpdateDate />
      <LastUpdateTime />
    </Product>
    <Product>
      <PriceUpdateDate>2019/01/16 14:37</PriceUpdateDate>
      <ItemCode>561905</ItemCode>
      <ItemType>0</ItemType>
      <ItemName>חמוציות 200 גר`</ItemName>
      <ManufactureName>בוטנת בעמ חברה לקלייה ואריזת פ</ManufactureName>
      <ManufactureCountry />
      <ManufactureItemDescription />
      <UnitQty>'יח</UnitQty>
      <Quantity>2.50</Quantity>
      <UnitMeasure>ל-100 גרם</UnitMeasure>
      <BisWeighted>0</BisWeighted>
      <QtyInPackage>1</QtyInPackage>
      <ItemPrice>11.70</ItemPrice>
      <UnitOfMeasurePrice>4.68</UnitOfMeasurePrice>
      <AllowDiscount>0</AllowDiscount>
      <itemStatus>1</itemStatus>
      <LastUpdateDate />
      <LastUpdateTime />
    </Product>
    <Product>
      <PriceUpdateDate>2020/12/20 11:16</PriceUpdateDate>
      <ItemCode>7290000561981</ItemCode>
      <ItemType>1</ItemType>
      <ItemName>אגוז מלך קלוף 200 גרם</ItemName>
      <ManufactureName>בוטנת בעמ חברה לקלייה ואריזת פ</ManufactureName>
      <ManufactureCountry />
      <ManufactureItemDescription />
      <UnitQty>'יח</UnitQty>
      <Quantity>2</Quantity>
      <UnitMeasure>ל-100 גרם</UnitMeasure>
      <BisWeighted>0</BisWeighted>
      <QtyInPackage>1</QtyInPackage>
      <ItemPrice>14.90</ItemPrice>
      <UnitOfMeasurePrice>7.45</UnitOfMeasurePrice>
      <AllowDiscount>0</AllowDiscount>
      <itemStatus>1</itemStatus>
      <LastUpdateDate />
      <LastUpdateTime />
    </Product>
    <Product>
      <PriceUpdateDate>2020/06/25 12:29</PriceUpdateDate>
      <ItemCode>572055</ItemCode>
      <ItemType>0</ItemType>
      <ItemName>חלווה ללא תוספת סוכר עם סיבים ואגוזים</ItemName>
      <ManufactureName>אחדות ביתחרושת לטחינה חלבה</ManufactureName>
      <ManufactureCountry />
      <ManufactureItemDescription />
      <UnitQty>'יח</UnitQty>
      <Quantity>4</Quantity>
      <UnitMeasure>ל-100 גרם</UnitMeasure>
      <BisWeighted>0</BisWeighted>
      <QtyInPackage>1</QtyInPackage>
      <ItemPrice>14.90</ItemPrice>
      <UnitOfMeasurePrice>3.73</UnitOfMeasurePrice>
      <AllowDiscount>0</AllowDiscount>
      <itemStatus>1</itemStatus>
      <LastUpdateDate />
      <LastUpdateTime />
    </Product>
    <Product>
      <PriceUpdateDate>2020/06/25 12:29</PriceUpdateDate>
      <ItemCode>572086</ItemCode>
      <ItemType>0</ItemType>
      <ItemName>טחינה אורגנית 500 גר`</ItemName>
      <ManufactureName>אחדות ביתחרושת לטחינה חלבה</ManufactureName>
      <ManufactureCountry />
      <ManufactureItemDescription />
      <UnitQty>'יח</UnitQty>
      <Quantity>5</Quantity>
      <UnitMeasure>ל-100 גרם</UnitMeasure>
      <BisWeighted>0</BisWeighted>
      <QtyInPackage>1</QtyInPackage>
      <ItemPrice>11.90</ItemPrice>
      <UnitOfMeasurePrice>2.38</UnitOfMeasurePrice>
      <AllowDiscount>0</AllowDiscount>
      <itemStatus>1</itemStatus>
      <LastUpdateDate />
      <LastUpdateTime />
    </Product>
    <Product>
      <PriceUpdateDate>2020/06/25 12:29</PriceUpdateDate>
      <ItemCode>572208</ItemCode>
      <ItemType>0</ItemType>
      <ItemName>חלבה וניל 100 גרם בד``צ</ItemName>
      <ManufactureName>אחדות ביתחרושת לטחינה חלבה</ManufactureName>
      <ManufactureCountry />
      <ManufactureItemDescription />
      <UnitQty>'יח</UnitQty>
      <Quantity>1</Quantity>
      <UnitMeasure>ל-100 גרם</UnitMeasure>
      <BisWeighted>0</BisWeighted>
      <QtyInPackage>1</QtyInPackage>
      <ItemPrice>2.90</ItemPrice>
      <UnitOfMeasurePrice>2.90</UnitOfMeasurePrice>
      <AllowDiscount>0</AllowDiscount>
      <itemStatus>1</itemStatus>
      <LastUpdateDate />
      <LastUpdateTime />
    </Product>
    <Product>
      <PriceUpdateDate>2022/01/03 13:00</PriceUpdateDate>
      <ItemCode>572222</ItemCode>
      <ItemType>0</ItemType>
      <ItemName>חלבה בלוק וניל 500 גרם בד``צ</ItemName>
      <ManufactureName>אחדות ביתחרושת לטחינה חלבה</ManufactureName>
      <ManufactureCountry />
      <ManufactureItemDescription />
      <UnitQty>'יח</UnitQty>
      <Quantity>5</Quantity>
      <UnitMeasure>ל-100 גרם</UnitMeasure>
      <BisWeighted>0</BisWeighted>
      <QtyInPackage>1</QtyInPackage>
      <ItemPrice>10.90</ItemPrice>
      <UnitOfMeasurePrice>2.18</UnitOfMeasurePrice>
      <AllowDiscount>0</AllowDiscount>
      <itemStatus>1</itemStatus>
      <LastUpdateDate />
      <LastUpdateTime />
    </Product>
    <Product>
      <PriceUpdateDate>2022/06/23 12:03</PriceUpdateDate>
      <ItemCode>7290000572536</ItemCode>
      <ItemType>1</ItemType>
      <ItemName>חלבה וניל בד``צ 400 גרם</ItemName>
      <ManufactureName>אחדות ביתחרושת לטחינה חלבה</ManufactureName>
      <ManufactureCountry />
      <ManufactureItemDescription />
      <UnitQty>'יח</UnitQty>
      <Quantity>4</Quantity>
      <UnitMeasure>ל-100 גרם</UnitMeasure>
      <BisWeighted>0</BisWeighted>
      <QtyInPackage>1</QtyInPackage>
      <ItemPrice>11.90</ItemPrice>
      <UnitOfMeasurePrice>2.98</UnitOfMeasurePrice>
      <AllowDiscount>0</AllowDiscount>
      <itemStatus>1</itemStatus>
      <LastUpdateDate />
      <LastUpdateTime />
    </Product>
    <Product>
      <PriceUpdateDate>2022/06/23 12:03</PriceUpdateDate>
      <ItemCode>7290000572543</ItemCode>
      <ItemType>1</ItemType>
      <ItemName>חלבה שוקו וניל בדצ 400 גרם</ItemName>
      <ManufactureName>אחדות ביתחרושת לטחינה חלבה</ManufactureName>
      <ManufactureCountry />
      <ManufactureItemDescription />
      <UnitQty>'יח</UnitQty>
      <Quantity>4</Quantity>
      <UnitMeasure>ל-100 גרם</UnitMeasure>
      <BisWeighted>0</BisWeighted>
      <QtyInPackage>1</QtyInPackage>
      <ItemPrice>11.90</ItemPrice>
      <UnitOfMeasurePrice>2.98</UnitOfMeasurePrice>
      <AllowDiscount>0</AllowDiscount>
      <itemStatus>1</itemStatus>
      <LastUpdateDate />
      <LastUpdateTime />
    </Product>
    <Product>
      <PriceUpdateDate>2020/06/25 12:29</PriceUpdateDate>
      <ItemCode>572628</ItemCode>
      <ItemType>0</ItemType>
      <ItemName>חלבה שומשום לייט 11*25 גרם בד`</ItemName>
      <ManufactureName>אחדות ביתחרושת לטחינה חלבה</ManufactureName>
      <ManufactureCountry />
      <ManufactureItemDescription />
      <UnitQty>'יח</UnitQty>
      <Quantity>2.75</Quantity>
      <UnitMeasure>ל-100 גרם</UnitMeasure>
      <BisWeighted>0</BisWeighted>
      <QtyInPackage>1</QtyInPackage>
      <ItemPrice>11.90</ItemPrice>
      <UnitOfMeasurePrice>4.33</UnitOfMeasurePrice>
      <AllowDiscount>1</AllowDiscount>
      <itemStatus>1</itemStatus>
      <LastUpdateDate />
      <LastUpdateTime />
    </Product>
    <Product>
      <PriceUpdateDate>2020/06/25 12:29</PriceUpdateDate>
      <ItemCode>572673</ItemCode>
      <ItemType>0</ItemType>
      <ItemName>חלבה וניל קקאו ואגוזים 12*25  ג`בד``</ItemName>
      <ManufactureName>אחדות ביתחרושת לטחינה חלבה</ManufactureName>
      <ManufactureCountry />
      <ManufactureItemDescription />
      <UnitQty>'יח</UnitQty>
      <Quantity>3</Quantity>
      <UnitMeasure>ל-100 גרם</UnitMeasure>
      <BisWeighted>0</BisWeighted>
      <QtyInPackage>1</QtyInPackage>
      <ItemPrice>11.90</ItemPrice>
      <UnitOfMeasurePrice>3.97</UnitOfMeasurePrice>
      <AllowDiscount>1</AllowDiscount>
      <itemStatus>1</itemStatus>
      <LastUpdateDate />
      <LastUpdateTime />
    </Product>
    <Product>
      <PriceUpdateDate>2019/01/16 14:37</PriceUpdateDate>
      <ItemCode>7290000599571</ItemCode>
      <ItemType>1</ItemType>
      <ItemName>צמר פלדה 200 גר`</ItemName>
      <ManufactureName>מ.א. יצור ויבוא מטליות בעמ`</ManufactureName>
      <ManufactureCountry />
      <ManufactureItemDescription />
      <UnitQty>'יח</UnitQty>
      <Quantity>2</Quantity>
      <UnitMeasure>ל-100 גרם</UnitMeasure>
      <BisWeighted>0</BisWeighted>
      <QtyInPackage>1</QtyInPackage>
      <ItemPrice>6.40</ItemPrice>
      <UnitOfMeasurePrice>3.20</UnitOfMeasurePrice>
      <AllowDiscount>0</AllowDiscount>
      <itemStatus>1</itemStatus>
      <LastUpdateDate />
      <LastUpdateTime />
    </Product>
    <Product>
      <PriceUpdateDate>2019/01/16 14:37</PriceUpdateDate>
      <ItemCode>7290000599946</ItemCode>
      <ItemType>1</ItemType>
      <ItemName>ספוג הפלא שייני</ItemName>
      <ManufactureName>מ.א. יצור ויבוא מטליות בעמ`</ManufactureName>
      <ManufactureCountry />
      <ManufactureItemDescription />
      <UnitQty>'יח</UnitQty>
      <Quantity>1</Quantity>
      <UnitMeasure />
      <BisWeighted>0</BisWeighted>
      <QtyInPackage>1</QtyInPackage>
      <ItemPrice>7.40</ItemPrice>
      <UnitOfMeasurePrice>7.40</UnitOfMeasurePrice>
      <AllowDiscount>0</AllowDiscount>
      <itemStatus>1</itemStatus>
      <LastUpdateDate />
      <LastUpdateTime />
    </Product>
    <Product>
      <PriceUpdateDate>2019/01/16 14:37</PriceUpdateDate>
      <ItemCode>599977</ItemCode>
      <ItemType>0</ItemType>
      <ItemName>9 כריות יפניות שייני</ItemName>
      <ManufactureName>מ.א. יצור ויבוא מטליות בעמ`</ManufactureName>
      <ManufactureCountry />
      <ManufactureItemDescription />
      <UnitQty>'יח</UnitQty>
      <Quantity>1</Quantity>
      <UnitMeasure />
      <BisWeighted>0</BisWeighted>
      <QtyInPackage>1</QtyInPackage>
      <ItemPrice>9.90</ItemPrice>
      <UnitOfMeasurePrice>9.90</UnitOfMeasurePrice>
      <AllowDiscount>0</AllowDiscount>
      <itemStatus>1</itemStatus>
      <LastUpdateDate />
      <LastUpdateTime />
    </Product>
    <Product>
      <PriceUpdateDate>2022/06/23 08:59</PriceUpdateDate>
      <ItemCode>644783</ItemCode>
      <ItemType>0</ItemType>
      <ItemName>סלמון מנות קפוא</ItemName>
      <ManufactureName>תנובה מרכז שיתופי לשיווק תוצרת</ManufactureName>
      <ManufactureCountry />
      <ManufactureItemDescription />
      <UnitQty>ק"ג</UnitQty>
      <Quantity>1</Quantity>
      <UnitMeasure>ל-100 גרם</UnitMeasure>
      <BisWeighted>1</BisWeighted>
      <QtyInPackage>1</QtyInPackage>
      <ItemPrice>84.90</ItemPrice>
      <UnitOfMeasurePrice>84.90</UnitOfMeasurePrice>
      <AllowDiscount>0</AllowDiscount>
      <itemStatus>1</itemStatus>
      <LastUpdateDate />
      <LastUpdateTime />
    </Product>
    <Product>
      <PriceUpdateDate>2022/08/04 07:35</PriceUpdateDate>
      <ItemCode>658926</ItemCode>
      <ItemType>0</ItemType>
      <ItemName>פילה מרלוזה קפוא</ItemName>
      <ManufactureName>תנובה מרכז שיתופי לשיווק תוצרת</ManufactureName>
      <ManufactureCountry />
      <ManufactureItemDescription />
      <UnitQty>ק"ג</UnitQty>
      <Quantity>1</Quantity>
      <UnitMeasure>ק"ג</UnitMeasure>
      <BisWeighted>1</BisWeighted>
      <QtyInPackage>1</QtyInPackage>
      <ItemPrice>32.90</ItemPrice>
      <UnitOfMeasurePrice>32.90</UnitOfMeasurePrice>
      <AllowDiscount>0</AllowDiscount>
      <itemStatus>1</itemStatus>
      <LastUpdateDate />
      <LastUpdateTime />
    </Product>
    <Product>
      <PriceUpdateDate>2022/07/05 21:03</PriceUpdateDate>
      <ItemCode>659312</ItemCode>
      <ItemType>0</ItemType>
      <ItemName>פילה סלמון קפוא</ItemName>
      <ManufactureName>תנובה מרכז שיתופי לשיווק תוצרת</ManufactureName>
      <ManufactureCountry />
      <ManufactureItemDescription />
      <UnitQty>ק"ג</UnitQty>
      <Quantity>1</Quantity>
      <UnitMeasure>ל-100 גרם</UnitMeasure>
      <BisWeighted>1</BisWeighted>
      <QtyInPackage>1</QtyInPackage>
      <ItemPrice>74.90</ItemPrice>
      <UnitOfMeasurePrice>74.90</UnitOfMeasurePrice>
      <AllowDiscount>0</AllowDiscount>
      <itemStatus>1</itemStatus>
      <LastUpdateDate />
      <LastUpdateTime />
    </Product>
    <Product>
      <PriceUpdateDate>2022/09/06 08:05</PriceUpdateDate>
      <ItemCode>662817</ItemCode>
      <ItemType>0</ItemType>
      <ItemName>סלמון מעושן 100 גרם</ItemName>
      <ManufactureName>תנובה מרכז שיתופי לשיווק תוצרת</ManufactureName>
      <ManufactureCountry />
      <ManufactureItemDescription />
      <UnitQty>'יח</UnitQty>
      <Quantity>1</Quantity>
      <UnitMeasure>ל-100 גרם</UnitMeasure>
      <BisWeighted>0</BisWeighted>
      <QtyInPackage>1</QtyInPackage>
      <ItemPrice>23.90</ItemPrice>
      <UnitOfMeasurePrice>23.90</UnitOfMeasurePrice>
      <AllowDiscount>0</AllowDiscount>
      <itemStatus>1</itemStatus>
      <LastUpdateDate />
      <LastUpdateTime />
    </Product>
    <Product>
      <PriceUpdateDate>2022/08/04 07:35</PriceUpdateDate>
      <ItemCode>663166</ItemCode>
      <ItemType>0</ItemType>
      <ItemName>פילה בקלה דרום אפריקאית קפוא</ItemName>
      <ManufactureName>תנובה מרכז שיתופי לשיווק תוצרת</ManufactureName>
      <ManufactureCountry />
      <ManufactureItemDescription />
      <UnitQty>ק"ג</UnitQty>
      <Quantity>1</Quantity>
      <UnitMeasure>ל-100 גרם</UnitMeasure>
      <BisWeighted>1</BisWeighted>
      <QtyInPackage>1</QtyInPackage>
      <ItemPrice>44.90</ItemPrice>
      <UnitOfMeasurePrice>44.90</UnitOfMeasurePrice>
      <AllowDiscount>0</AllowDiscount>
      <itemStatus>1</itemStatus>
      <LastUpdateDate />
      <LastUpdateTime />
    </Product>
    <Product>
      <PriceUpdateDate>2022/01/09 15:44</PriceUpdateDate>
      <ItemCode>688381</ItemCode>
      <ItemType>0</ItemType>
      <ItemName>מי עדן שקט 0.5 ליטר*6 יח` להחזרה</ItemName>
      <ManufactureName>יפאורה - שותפות מוגבלת לשיווק</ManufactureName>
      <ManufactureCountry />
      <ManufactureItemDescription />
      <UnitQty>'יח</UnitQty>
      <Quantity>30</Quantity>
      <UnitMeasure>ל-100 מ"ל</UnitMeasure>
      <BisWeighted>0</BisWeighted>
      <QtyInPackage>1</QtyInPackage>
      <ItemPrice>12.90</ItemPrice>
      <UnitOfMeasurePrice>0.37</UnitOfMeasurePrice>
      <AllowDiscount>1</AllowDiscount>
      <itemStatus>1</itemStatus>
      <LastUpdateDate />
      <LastUpdateTime />
    </Product>
    <Product>
      <PriceUpdateDate>2022/10/28 07:54</PriceUpdateDate>
      <ItemCode>688466</ItemCode>
      <ItemType>0</ItemType>
      <ItemName>מי עדן GYM בקבוק 750 מ``ל</ItemName>
      <ManufactureName>יפאורה - שותפות מוגבלת לשיווק</ManufactureName>
      <ManufactureCountry />
      <ManufactureItemDescription />
      <UnitQty>'יח</UnitQty>
      <Quantity>7.50</Quantity>
      <UnitMeasure>ל-100 מ"ל</UnitMeasure>
      <BisWeighted>0</BisWeighted>
      <QtyInPackage>1</QtyInPackage>
      <ItemPrice>6.90</ItemPrice>
      <UnitOfMeasurePrice>0.88</UnitOfMeasurePrice>
      <AllowDiscount>0</AllowDiscount>
      <itemStatus>1</itemStatus>
      <LastUpdateDate />
      <LastUpdateTime />
    </Product>
    <Product>
      <PriceUpdateDate>2019/10/18 09:44</PriceUpdateDate>
      <ItemCode>688503</ItemCode>
      <ItemType>0</ItemType>
      <ItemName>מי עדן GYM בקבוק 6*750 מל פיקדון</ItemName>
      <ManufactureName>יפאורה - שותפות מוגבלת לשיווק</ManufactureName>
      <ManufactureCountry />
      <ManufactureItemDescription />
      <UnitQty>'יח</UnitQty>
      <Quantity>45</Quantity>
      <UnitMeasure>ל-100 מ"ל</UnitMeasure>
      <BisWeighted>0</BisWeighted>
      <QtyInPackage>1</QtyInPackage>
      <ItemPrice>16.70</ItemPrice>
      <UnitOfMeasurePrice>0.33</UnitOfMeasurePrice>
      <AllowDiscount>0</AllowDiscount>
      <itemStatus>1</itemStatus>
      <LastUpdateDate />
      <LastUpdateTime />
    </Product>
    <Product>
      <PriceUpdateDate>2019/01/16 14:37</PriceUpdateDate>
      <ItemCode>7290000692135</ItemCode>
      <ItemType>1</ItemType>
      <ItemName>דאודורנט א.פ ספיד סטיק ירוק פרש 51 ג</ItemName>
      <ManufactureName>ש. שסטוביץ בע`מ</ManufactureName>
      <ManufactureCountry />
      <ManufactureItemDescription />
      <UnitQty>'יח</UnitQty>
      <Quantity>0.51</Quantity>
      <UnitMeasure>ל-100 גרם</UnitMeasure>
      <BisWeighted>0</BisWeighted>
      <QtyInPackage>1</QtyInPackage>
      <ItemPrice>24.90</ItemPrice>
      <UnitOfMeasurePrice>48.82</UnitOfMeasurePrice>
      <AllowDiscount>1</AllowDiscount>
      <itemStatus>1</itemStatus>
      <LastUpdateDate />
      <LastUpdateTime />
    </Product>
    <Product>
      <PriceUpdateDate>2019/01/16 14:37</PriceUpdateDate>
      <ItemCode>692203</ItemCode>
      <ItemType>0</ItemType>
      <ItemName>אגקס נוזל לניקוי כללי לימון 2 ליטר</ItemName>
      <ManufactureName>ש. שסטוביץ בע`מ</ManufactureName>
      <ManufactureCountry />
      <ManufactureItemDescription />
      <UnitQty>'יח</UnitQty>
      <Quantity>2</Quantity>
      <UnitMeasure>לליטר</UnitMeasure>
      <BisWeighted>0</BisWeighted>
      <QtyInPackage>1</QtyInPackage>
      <ItemPrice>23.90</ItemPrice>
      <UnitOfMeasurePrice>11.95</UnitOfMeasurePrice>
      <AllowDiscount>0</AllowDiscount>
      <itemStatus>1</itemStatus>
      <LastUpdateDate />
      <LastUpdateTime />
    </Product>
    <Product>
      <PriceUpdateDate>2019/01/16 14:37</PriceUpdateDate>
      <ItemCode>692210</ItemCode>
      <ItemType>0</ItemType>
      <ItemName>אג`קס נוזל לניקוי כללי לבנדר 2 ליטר</ItemName>
      <ManufactureName>ש. שסטוביץ בע`מ</ManufactureName>
      <ManufactureCountry />
      <ManufactureItemDescription />
      <UnitQty>'יח</UnitQty>
      <Quantity>20</Quantity>
      <UnitMeasure>ל-100 מ"ל</UnitMeasure>
      <BisWeighted>0</BisWeighted>
      <QtyInPackage>1</QtyInPackage>
      <ItemPrice>23.90</ItemPrice>
      <UnitOfMeasurePrice>1.20</UnitOfMeasurePrice>
      <AllowDiscount>0</AllowDiscount>
      <itemStatus>1</itemStatus>
      <LastUpdateDate />
      <LastUpdateTime />
    </Product>
    <Product>
      <PriceUpdateDate>2021/12/01 10:09</PriceUpdateDate>
      <ItemCode>7290000692227</ItemCode>
      <ItemType>1</ItemType>
      <ItemName>פלמוליב צילינדר כלים קלאסי 1 ליטר</ItemName>
      <ManufactureName>ש. שסטוביץ בע`מ</ManufactureName>
      <ManufactureCountry />
      <ManufactureItemDescription />
      <UnitQty>'יח</UnitQty>
      <Quantity>10</Quantity>
      <UnitMeasure>ל-100 מ"ל</UnitMeasure>
      <BisWeighted>0</BisWeighted>
      <QtyInPackage>1</QtyInPackage>
      <ItemPrice>13.90</ItemPrice>
      <UnitOfMeasurePrice>1.39</UnitOfMeasurePrice>
      <AllowDiscount>0</AllowDiscount>
      <itemStatus>1</itemStatus>
      <LastUpdateDate />
      <LastUpdateTime />
    </Product>
    <Product>
      <PriceUpdateDate>2022/11/01 11:46</PriceUpdateDate>
      <ItemCode>805597</ItemCode>
      <ItemType>0</ItemType>
      <ItemName>בונזו סניור 7+ 3 קג</ItemName>
      <ManufactureName>שחורי אריה ואנסטסיה</ManufactureName>
      <ManufactureCountry />
      <ManufactureItemDescription />
      <UnitQty>'יח</UnitQty>
      <Quantity>30</Quantity>
      <UnitMeasure>ל-100 גרם</UnitMeasure>
      <BisWeighted>0</BisWeighted>
      <QtyInPackage>1</QtyInPackage>
      <ItemPrice>49.90</ItemPrice>
      <UnitOfMeasurePrice>1.66</UnitOfMeasurePrice>
      <AllowDiscount>0</AllowDiscount>
      <itemStatus>1</itemStatus>
      <LastUpdateDate />
      <LastUpdateTime />
    </Product>
    <Product>
      <PriceUpdateDate>2022/11/01 11:47</PriceUpdateDate>
      <ItemCode>805870</ItemCode>
      <ItemType>0</ItemType>
      <ItemName>לה קט דגים 1.5 קג</ItemName>
      <ManufactureName>שחורי אריה ואנסטסיה</ManufactureName>
      <ManufactureCountry />
      <ManufactureItemDescription />
      <UnitQty>'יח</UnitQty>
      <Quantity>15</Quantity>
      <UnitMeasure>ל-100 גרם</UnitMeasure>
      <BisWeighted>0</BisWeighted>
      <QtyInPackage>1</QtyInPackage>
      <ItemPrice>29.90</ItemPrice>
      <UnitOfMeasurePrice>1.99</UnitOfMeasurePrice>
      <AllowDiscount>0</AllowDiscount>
      <itemStatus>1</itemStatus>
      <LastUpdateDate />
      <LastUpdateTime />
    </Product>
    <Product>
      <PriceUpdateDate>2022/11/01 11:47</PriceUpdateDate>
      <ItemCode>805894</ItemCode>
      <ItemType>0</ItemType>
      <ItemName>לה קט עוף 1.5 קג</ItemName>
      <ManufactureName>שחורי אריה ואנסטסיה</ManufactureName>
      <ManufactureCountry />
      <ManufactureItemDescription />
      <UnitQty>'יח</UnitQty>
      <Quantity>15</Quantity>
      <UnitMeasure>ל-100 גרם</UnitMeasure>
      <BisWeighted>0</BisWeighted>
      <QtyInPackage>1</QtyInPackage>
      <ItemPrice>29.90</ItemPrice>
      <UnitOfMeasurePrice>1.99</UnitOfMeasurePrice>
      <AllowDiscount>0</AllowDiscount>
      <itemStatus>1</itemStatus>
      <LastUpdateDate />
      <LastUpdateTime />
    </Product>
    <Product>
      <PriceUpdateDate>2022/11/01 11:46</PriceUpdateDate>
      <ItemCode>7290000805900</ItemCode>
      <ItemType>1</ItemType>
      <ItemName>לה קט 2.85 קג עוף</ItemName>
      <ManufactureName>שחורי אריה ואנסטסיה</ManufactureName>
      <ManufactureCountry />
      <ManufactureItemDescription />
      <UnitQty>'יח</UnitQty>
      <Quantity>28.50</Quantity>
      <UnitMeasure>ל-100 גרם</UnitMeasure>
      <BisWeighted>0</BisWeighted>
      <QtyInPackage>1</QtyInPackage>
      <ItemPrice>59.90</ItemPrice>
      <UnitOfMeasurePrice>2.10</UnitOfMeasurePrice>
      <AllowDiscount>0</AllowDiscount>
      <itemStatus>1</itemStatus>
      <LastUpdateDate />
      <LastUpdateTime />
    </Product>
    <Product>
      <PriceUpdateDate>2022/11/01 11:46</PriceUpdateDate>
      <ItemCode>7290000805917</ItemCode>
      <ItemType>1</ItemType>
      <ItemName>לה-קט 2.85 קג כבד</ItemName>
      <ManufactureName>שחורי אריה ואנסטסיה</ManufactureName>
      <ManufactureCountry />
      <ManufactureItemDescription />
      <UnitQty>'יח</UnitQty>
      <Quantity>28.50</Quantity>
      <UnitMeasure>ל-100 גרם</UnitMeasure>
      <BisWeighted>0</BisWeighted>
      <QtyInPackage>1</QtyInPackage>
      <ItemPrice>59.90</ItemPrice>
      <UnitOfMeasurePrice>2.10</UnitOfMeasurePrice>
      <AllowDiscount>0</AllowDiscount>
      <itemStatus>1</itemStatus>
      <LastUpdateDate />
      <LastUpdateTime />
    </Product>
    <Product>
      <PriceUpdateDate>2022/11/01 11:46</PriceUpdateDate>
      <ItemCode>805924</ItemCode>
      <ItemType>0</ItemType>
      <ItemName>מזון חתולים לה קט דגים 2.85 קג</ItemName>
      <ManufactureName>שחורי אריה ואנסטסיה</ManufactureName>
      <ManufactureCountry />
      <ManufactureItemDescription />
      <UnitQty>'יח</UnitQty>
      <Quantity>28.50</Quantity>
      <UnitMeasure>ל-100 גרם</UnitMeasure>
      <BisWeighted>0</BisWeighted>
      <QtyInPackage>1</QtyInPackage>
      <ItemPrice>59.90</ItemPrice>
      <UnitOfMeasurePrice>2.10</UnitOfMeasurePrice>
      <AllowDiscount>0</AllowDiscount>
      <itemStatus>1</itemStatus>
      <LastUpdateDate />
      <LastUpdateTime />
    </Product>
    <Product>
      <PriceUpdateDate>2022/11/01 11:47</PriceUpdateDate>
      <ItemCode>805931</ItemCode>
      <ItemType>0</ItemType>
      <ItemName>לה קט לח 400 גר ברווז</ItemName>
      <ManufactureName>שחורי אריה ואנסטסיה</ManufactureName>
      <ManufactureCountry />
      <ManufactureItemDescription />
      <UnitQty>'יח</UnitQty>
      <Quantity>4</Quantity>
      <UnitMeasure>ל-100 גרם</UnitMeasure>
      <BisWeighted>0</BisWeighted>
      <QtyInPackage>1</QtyInPackage>
      <ItemPrice>6.90</ItemPrice>
      <UnitOfMeasurePrice>1.73</UnitOfMeasurePrice>
      <AllowDiscount>0</AllowDiscount>
      <itemStatus>1</itemStatus>
      <LastUpdateDate />
      <LastUpdateTime />
    </Product>
    <Product>
      <PriceUpdateDate>2022/11/01 11:47</PriceUpdateDate>
      <ItemCode>805955</ItemCode>
      <ItemType>0</ItemType>
      <ItemName>לה קט לח 400 גר עוף</ItemName>
      <ManufactureName>שחורי אריה ואנסטסיה</ManufactureName>
      <ManufactureCountry />
      <ManufactureItemDescription />
      <UnitQty>'יח</UnitQty>
      <Quantity>4</Quantity>
      <UnitMeasure>ל-100 גרם</UnitMeasure>
      <BisWeighted>0</BisWeighted>
      <QtyInPackage>1</QtyInPackage>
      <ItemPrice>7.90</ItemPrice>
      <UnitOfMeasurePrice>1.98</UnitOfMeasurePrice>
      <AllowDiscount>0</AllowDiscount>
      <itemStatus>1</itemStatus>
      <LastUpdateDate />
      <LastUpdateTime />
    </Product>
    <Product>
      <PriceUpdateDate>2019/01/16 14:37</PriceUpdateDate>
      <ItemCode>820026</ItemCode>
      <ItemType>0</ItemType>
      <ItemName>כתף כבש טרי</ItemName>
      <ManufactureName>באסם דבאח בעמ</ManufactureName>
      <ManufactureCountry />
      <ManufactureItemDescription />
      <UnitQty>ק"ג</UnitQty>
      <Quantity>1</Quantity>
      <UnitMeasure />
      <BisWeighted>1</BisWeighted>
      <QtyInPackage>1</QtyInPackage>
      <ItemPrice>89.90</ItemPrice>
      <UnitOfMeasurePrice>89.90</UnitOfMeasurePrice>
      <AllowDiscount>0</AllowDiscount>
      <itemStatus>1</itemStatus>
      <LastUpdateDate />
      <LastUpdateTime />
    </Product>
    <Product>
      <PriceUpdateDate>2020/03/16 11:52</PriceUpdateDate>
      <ItemCode>830049</ItemCode>
      <ItemType>0</ItemType>
      <ItemName>צלעות עגל עם עצם טרי</ItemName>
      <ManufactureName>עוף ירושלים מהדרין בע`מ</ManufactureName>
      <ManufactureCountry />
      <ManufactureItemDescription />
      <UnitQty>ק"ג</UnitQty>
      <Quantity>1</Quantity>
      <UnitMeasure />
      <BisWeighted>1</BisWeighted>
      <QtyInPackage>1</QtyInPackage>
      <ItemPrice>49.90</ItemPrice>
      <UnitOfMeasurePrice>49.90</UnitOfMeasurePrice>
      <AllowDiscount>1</AllowDiscount>
      <itemStatus>1</itemStatus>
      <LastUpdateDate />
      <LastUpdateTime />
    </Product>
    <Product>
      <PriceUpdateDate>2019/01/16 14:37</PriceUpdateDate>
      <ItemCode>830050</ItemCode>
      <ItemType>0</ItemType>
      <ItemName>צלעות עגל טרי בלי עצם</ItemName>
      <ManufactureName>עוף ירושלים מהדרין בע`מ</ManufactureName>
      <ManufactureCountry />
      <ManufactureItemDescription />
      <UnitQty>ק"ג</UnitQty>
      <Quantity>1</Quantity>
      <UnitMeasure />
      <BisWeighted>1</BisWeighted>
      <QtyInPackage>1</QtyInPackage>
      <ItemPrice>59.90</ItemPrice>
      <UnitOfMeasurePrice>59.90</UnitOfMeasurePrice>
      <AllowDiscount>1</AllowDiscount>
      <itemStatus>1</itemStatus>
      <LastUpdateDate />
      <LastUpdateTime />
    </Product>
    <Product>
      <PriceUpdateDate>2021/08/02 11:22</PriceUpdateDate>
      <ItemCode>830063</ItemCode>
      <ItemType>0</ItemType>
      <ItemName>אסאדו עגל טרי</ItemName>
      <ManufactureName>עוף ירושלים מהדרין בע`מ</ManufactureName>
      <ManufactureCountry />
      <ManufactureItemDescription />
      <UnitQty>ק"ג</UnitQty>
      <Quantity>1</Quantity>
      <UnitMeasure />
      <BisWeighted>1</BisWeighted>
      <QtyInPackage>1</QtyInPackage>
      <ItemPrice>59.90</ItemPrice>
      <UnitOfMeasurePrice>59.90</UnitOfMeasurePrice>
      <AllowDiscount>1</AllowDiscount>
      <itemStatus>1</itemStatus>
      <LastUpdateDate />
      <LastUpdateTime />
    </Product>
    <Product>
      <PriceUpdateDate>2021/12/05 13:16</PriceUpdateDate>
      <ItemCode>830064</ItemCode>
      <ItemType>0</ItemType>
      <ItemName>כתף עגל טרי</ItemName>
      <ManufactureName>באסם דבאח בעמ</ManufactureName>
      <ManufactureCountry />
      <ManufactureItemDescription />
      <UnitQty>ק"ג</UnitQty>
      <Quantity>1</Quantity>
      <UnitMeasure />
      <BisWeighted>1</BisWeighted>
      <QtyInPackage>1</QtyInPackage>
      <ItemPrice>59.90</ItemPrice>
      <UnitOfMeasurePrice>59.90</UnitOfMeasurePrice>
      <AllowDiscount>1</AllowDiscount>
      <itemStatus>1</itemStatus>
      <LastUpdateDate />
      <LastUpdateTime />
    </Product>
    <Product>
      <PriceUpdateDate>2021/11/16 08:06</PriceUpdateDate>
      <ItemCode>830065</ItemCode>
      <ItemType>0</ItemType>
      <ItemName>צלי כתף טרי</ItemName>
      <ManufactureName>עוף ירושלים מהדרין בע`מ</ManufactureName>
      <ManufactureCountry />
      <ManufactureItemDescription />
      <UnitQty>ק"ג</UnitQty>
      <Quantity>1</Quantity>
      <UnitMeasure />
      <BisWeighted>1</BisWeighted>
      <QtyInPackage>1</QtyInPackage>
      <ItemPrice>89.90</ItemPrice>
      <UnitOfMeasurePrice>89.90</UnitOfMeasurePrice>
      <AllowDiscount>0</AllowDiscount>
      <itemStatus>1</itemStatus>
      <LastUpdateDate />
      <LastUpdateTime />
    </Product>
    <Product>
      <PriceUpdateDate>2019/01/16 14:37</PriceUpdateDate>
      <ItemCode>830087</ItemCode>
      <ItemType>0</ItemType>
      <ItemName>אוסובוקו טרי</ItemName>
      <ManufactureName>באסם דבאח בעמ</ManufactureName>
      <ManufactureCountry />
      <ManufactureItemDescription />
      <UnitQty>ק"ג</UnitQty>
      <Quantity>1</Quantity>
      <UnitMeasure />
      <BisWeighted>1</BisWeighted>
      <QtyInPackage>1</QtyInPackage>
      <ItemPrice>54.90</ItemPrice>
      <UnitOfMeasurePrice>54.90</UnitOfMeasurePrice>
      <AllowDiscount>1</AllowDiscount>
      <itemStatus>1</itemStatus>
      <LastUpdateDate />
      <LastUpdateTime />
    </Product>
    <Product>
      <PriceUpdateDate>2019/01/16 14:37</PriceUpdateDate>
      <ItemCode>830094</ItemCode>
      <ItemType>0</ItemType>
      <ItemName>סטייק אנגוס טרי</ItemName>
      <ManufactureName>באסם דבאח בעמ</ManufactureName>
      <ManufactureCountry />
      <ManufactureItemDescription />
      <UnitQty>ק"ג</UnitQty>
      <Quantity>1</Quantity>
      <UnitMeasure />
      <BisWeighted>1</BisWeighted>
      <QtyInPackage>1</QtyInPackage>
      <ItemPrice>139.90</ItemPrice>
      <UnitOfMeasurePrice>139.90</UnitOfMeasurePrice>
      <AllowDiscount>0</AllowDiscount>
      <itemStatus>1</itemStatus>
      <LastUpdateDate />
      <LastUpdateTime />
    </Product>
    <Product>
      <PriceUpdateDate>2019/01/16 14:37</PriceUpdateDate>
      <ItemCode>830100</ItemCode>
      <ItemType>0</ItemType>
      <ItemName>סטייק אנטריקוט עם עצם טרי</ItemName>
      <ManufactureName>באסם דבאח בעמ</ManufactureName>
      <ManufactureCountry />
      <ManufactureItemDescription />
      <UnitQty>ק"ג</UnitQty>
      <Quantity>1</Quantity>
      <UnitMeasure />
      <BisWeighted>1</BisWeighted>
      <QtyInPackage>1</QtyInPackage>
      <ItemPrice>99.90</ItemPrice>
      <UnitOfMeasurePrice>99.90</UnitOfMeasurePrice>
      <AllowDiscount>0</AllowDiscount>
      <itemStatus>1</itemStatus>
      <LastUpdateDate />
      <LastUpdateTime />
    </Product>
    <Product>
      <PriceUpdateDate>2021/12/26 16:01</PriceUpdateDate>
      <ItemCode>830124</ItemCode>
      <ItemType>0</ItemType>
      <ItemName>עצם ברך טרי</ItemName>
      <ManufactureName>באסם דבאח בעמ</ManufactureName>
      <ManufactureCountry />
      <ManufactureItemDescription />
      <UnitQty>ק"ג</UnitQty>
      <Quantity>1</Quantity>
      <UnitMeasure />
      <BisWeighted>1</BisWeighted>
      <QtyInPackage>1</QtyInPackage>
      <ItemPrice>24.90</ItemPrice>
      <UnitOfMeasurePrice>24.90</UnitOfMeasurePrice>
      <AllowDiscount>0</AllowDiscount>
      <itemStatus>1</itemStatus>
      <LastUpdateDate />
      <LastUpdateTime />
    </Product>
    <Product>
      <PriceUpdateDate>2020/03/23 10:06</PriceUpdateDate>
      <ItemCode>830148</ItemCode>
      <ItemType>0</ItemType>
      <ItemName>סינטה בקר טרי</ItemName>
      <ManufactureName>עוף ירושלים מהדרין בע`מ</ManufactureName>
      <ManufactureCountry />
      <ManufactureItemDescription />
      <UnitQty>ק"ג</UnitQty>
      <Quantity>1</Quantity>
      <UnitMeasure />
      <BisWeighted>1</BisWeighted>
      <QtyInPackage>1</QtyInPackage>
      <ItemPrice>119.90</ItemPrice>
      <UnitOfMeasurePrice>119.90</UnitOfMeasurePrice>
      <AllowDiscount>1</AllowDiscount>
      <itemStatus>1</itemStatus>
      <LastUpdateDate />
      <LastUpdateTime />
    </Product>
    <Product>
      <PriceUpdateDate>2019/01/16 14:37</PriceUpdateDate>
      <ItemCode>830150</ItemCode>
      <ItemType>0</ItemType>
      <ItemName>שייטל טרי</ItemName>
      <ManufactureName>באסם דבאח בעמ</ManufactureName>
      <ManufactureCountry />
      <ManufactureItemDescription />
      <UnitQty>ק"ג</UnitQty>
      <Quantity>10</Quantity>
      <UnitMeasure>ל-100 גרם</UnitMeasure>
      <BisWeighted>1</BisWeighted>
      <QtyInPackage>1</QtyInPackage>
      <ItemPrice>89.90</ItemPrice>
      <UnitOfMeasurePrice>8.99</UnitOfMeasurePrice>
      <AllowDiscount>1</AllowDiscount>
      <itemStatus>1</itemStatus>
      <LastUpdateDate />
      <LastUpdateTime />
    </Product>
    <Product>
      <PriceUpdateDate>2020/03/17 17:03</PriceUpdateDate>
      <ItemCode>830155</ItemCode>
      <ItemType>0</ItemType>
      <ItemName>כבד עגל טרי לצלייה בלבד</ItemName>
      <ManufactureName>באסם דבאח בעמ</ManufactureName>
      <ManufactureCountry />
      <ManufactureItemDescription />
      <UnitQty>ק"ג</UnitQty>
      <Quantity>1</Quantity>
      <UnitMeasure />
      <BisWeighted>1</BisWeighted>
      <QtyInPackage>1</QtyInPackage>
      <ItemPrice>29.90</ItemPrice>
      <UnitOfMeasurePrice>29.90</UnitOfMeasurePrice>
      <AllowDiscount>1</AllowDiscount>
      <itemStatus>1</itemStatus>
      <LastUpdateDate />
      <LastUpdateTime />
    </Product>
    <Product>
      <PriceUpdateDate>2019/01/16 14:37</PriceUpdateDate>
      <ItemCode>830261</ItemCode>
      <ItemType>0</ItemType>
      <ItemName>בשר טחון פרמיום טרי</ItemName>
      <ManufactureName>באסם דבאח בעמ</ManufactureName>
      <ManufactureCountry />
      <ManufactureItemDescription />
      <UnitQty>ק"ג</UnitQty>
      <Quantity>1</Quantity>
      <UnitMeasure />
      <BisWeighted>1</BisWeighted>
      <QtyInPackage>1</QtyInPackage>
      <ItemPrice>45.90</ItemPrice>
      <UnitOfMeasurePrice>45.90</UnitOfMeasurePrice>
      <AllowDiscount>1</AllowDiscount>
      <itemStatus>1</itemStatus>
      <LastUpdateDate />
      <LastUpdateTime />
    </Product>
    <Product>
      <PriceUpdateDate>2020/08/24 09:52</PriceUpdateDate>
      <ItemCode>860015</ItemCode>
      <ItemType>0</ItemType>
      <ItemName>עוף מוכשר שלם</ItemName>
      <ManufactureName>קורניש חן (1987) בעמ</ManufactureName>
      <ManufactureCountry />
      <ManufactureItemDescription />
      <UnitQty>ק"ג</UnitQty>
      <Quantity>1</Quantity>
      <UnitMeasure />
      <BisWeighted>1</BisWeighted>
      <QtyInPackage>1</QtyInPackage>
      <ItemPrice>19.90</ItemPrice>
      <UnitOfMeasurePrice>19.90</UnitOfMeasurePrice>
      <AllowDiscount>0</AllowDiscount>
      <itemStatus>1</itemStatus>
      <LastUpdateDate />
      <LastUpdateTime />
    </Product>
    <Product>
      <PriceUpdateDate>2020/12/28 08:38</PriceUpdateDate>
      <ItemCode>860016</ItemCode>
      <ItemType>0</ItemType>
      <ItemName>פילה עוף מוכשר</ItemName>
      <ManufactureName>עוף טוב ( שאן) בעמ</ManufactureName>
      <ManufactureCountry />
      <ManufactureItemDescription />
      <UnitQty>ק"ג</UnitQty>
      <Quantity>1</Quantity>
      <UnitMeasure />
      <BisWeighted>1</BisWeighted>
      <QtyInPackage>1</QtyInPackage>
      <ItemPrice>39.90</ItemPrice>
      <UnitOfMeasurePrice>39.90</UnitOfMeasurePrice>
      <AllowDiscount>0</AllowDiscount>
      <itemStatus>1</itemStatus>
      <LastUpdateDate />
      <LastUpdateTime />
    </Product>
    <Product>
      <PriceUpdateDate>2020/03/17 17:03</PriceUpdateDate>
      <ItemCode>860022</ItemCode>
      <ItemType>0</ItemType>
      <ItemName>עוף מוכשר מפורק</ItemName>
      <ManufactureName>טל הל יסכה בעמ</ManufactureName>
      <ManufactureCountry />
      <ManufactureItemDescription />
      <UnitQty>ק"ג</UnitQty>
      <Quantity>1</Quantity>
      <UnitMeasure />
      <BisWeighted>1</BisWeighted>
      <QtyInPackage>1</QtyInPackage>
      <ItemPrice>25.90</ItemPrice>
      <UnitOfMeasurePrice>25.90</UnitOfMeasurePrice>
      <AllowDiscount>0</AllowDiscount>
      <itemStatus>1</itemStatus>
      <LastUpdateDate />
      <LastUpdateTime />
    </Product>
    <Product>
      <PriceUpdateDate>2022/03/22 12:52</PriceUpdateDate>
      <ItemCode>860039</ItemCode>
      <ItemType>0</ItemType>
      <ItemName>כרעיים עוף מוכשר</ItemName>
      <ManufactureName>קורניש חן (1987) בעמ</ManufactureName>
      <ManufactureCountry />
      <ManufactureItemDescription />
      <UnitQty>ק"ג</UnitQty>
      <Quantity>1</Quantity>
      <UnitMeasure />
      <BisWeighted>1</BisWeighted>
      <QtyInPackage>1</QtyInPackage>
      <ItemPrice>26.90</ItemPrice>
      <UnitOfMeasurePrice>26.90</UnitOfMeasurePrice>
      <AllowDiscount>1</AllowDiscount>
      <itemStatus>1</itemStatus>
      <LastUpdateDate />
      <LastUpdateTime />
    </Product>
    <Product>
      <PriceUpdateDate>2021/11/04 17:23</PriceUpdateDate>
      <ItemCode>860046</ItemCode>
      <ItemType>0</ItemType>
      <ItemName>ירכיים עוף מוכשר</ItemName>
      <ManufactureName>טל הל יסכה בעמ</ManufactureName>
      <ManufactureCountry />
      <ManufactureItemDescription />
      <UnitQty>ק"ג</UnitQty>
      <Quantity>1</Quantity>
      <UnitMeasure />
      <BisWeighted>1</BisWeighted>
      <QtyInPackage>1</QtyInPackage>
      <ItemPrice>27.90</ItemPrice>
      <UnitOfMeasurePrice>27.90</UnitOfMeasurePrice>
      <AllowDiscount>0</AllowDiscount>
      <itemStatus>1</itemStatus>
      <LastUpdateDate />
      <LastUpdateTime />
    </Product>
    <Product>
      <PriceUpdateDate>2020/05/04 09:19</PriceUpdateDate>
      <ItemCode>860053</ItemCode>
      <ItemType>0</ItemType>
      <ItemName>שוקיים עוף מוכשר</ItemName>
      <ManufactureName>קורניש חן (1987) בעמ</ManufactureName>
      <ManufactureCountry />
      <ManufactureItemDescription />
      <UnitQty>ק"ג</UnitQty>
      <Quantity>1</Quantity>
      <UnitMeasure />
      <BisWeighted>1</BisWeighted>
      <QtyInPackage>1</QtyInPackage>
      <ItemPrice>29.90</ItemPrice>
      <UnitOfMeasurePrice>29.90</UnitOfMeasurePrice>
      <AllowDiscount>1</AllowDiscount>
      <itemStatus>1</itemStatus>
      <LastUpdateDate />
      <LastUpdateTime />
    </Product>
    <Product>
      <PriceUpdateDate>2021/04/26 10:33</PriceUpdateDate>
      <ItemCode>860060</ItemCode>
      <ItemType>0</ItemType>
      <ItemName>כנף עוף מוכשר</ItemName>
      <ManufactureName>קורניש חן (1987) בעמ</ManufactureName>
      <ManufactureCountry />
      <ManufactureItemDescription />
      <UnitQty>ק"ג</UnitQty>
      <Quantity>1</Quantity>
      <UnitMeasure>ק"ג</UnitMeasure>
      <BisWeighted>1</BisWeighted>
      <QtyInPackage>1</QtyInPackage>
      <ItemPrice>9.90</ItemPrice>
      <UnitOfMeasurePrice>9.90</UnitOfMeasurePrice>
      <AllowDiscount>0</AllowDiscount>
      <itemStatus>1</itemStatus>
      <LastUpdateDate />
      <LastUpdateTime />
    </Product>
    <Product>
      <PriceUpdateDate>2021/08/23 07:01</PriceUpdateDate>
      <ItemCode>860084</ItemCode>
      <ItemType>0</ItemType>
      <ItemName>סטייק פרגית מוכשר</ItemName>
      <ManufactureName>קורניש חן (1987) בעמ</ManufactureName>
      <ManufactureCountry />
      <ManufactureItemDescription />
      <UnitQty>ק"ג</UnitQty>
      <Quantity>7.50</Quantity>
      <UnitMeasure>ל-100 גרם</UnitMeasure>
      <BisWeighted>1</BisWeighted>
      <QtyInPackage>1</QtyInPackage>
      <ItemPrice>59.90</ItemPrice>
      <UnitOfMeasurePrice>7.99</UnitOfMeasurePrice>
      <AllowDiscount>0</AllowDiscount>
      <itemStatus>1</itemStatus>
      <LastUpdateDate />
      <LastUpdateTime />
    </Product>
    <Product>
      <PriceUpdateDate>2021/11/03 15:19</PriceUpdateDate>
      <ItemCode>860107</ItemCode>
      <ItemType>0</ItemType>
      <ItemName>חזה עוף שלם מוכשר</ItemName>
      <ManufactureName>טל הל יסכה בעמ</ManufactureName>
      <ManufactureCountry />
      <ManufactureItemDescription />
      <UnitQty>ק"ג</UnitQty>
      <Quantity>1</Quantity>
      <UnitMeasure />
      <BisWeighted>1</BisWeighted>
      <QtyInPackage>1</QtyInPackage>
      <ItemPrice>32.90</ItemPrice>
      <UnitOfMeasurePrice>32.90</UnitOfMeasurePrice>
      <AllowDiscount>0</AllowDiscount>
      <itemStatus>1</itemStatus>
      <LastUpdateDate />
      <LastUpdateTime />
    </Product>
    <Product>
      <PriceUpdateDate>2020/09/08 11:49</PriceUpdateDate>
      <ItemCode>860114</ItemCode>
      <ItemType>0</ItemType>
      <ItemName>שניצל עוף פרוס מוכשר</ItemName>
      <ManufactureName>קורניש חן (1987) בעמ</ManufactureName>
      <ManufactureCountry />
      <ManufactureItemDescription />
      <UnitQty>ק"ג</UnitQty>
      <Quantity>1</Quantity>
      <UnitMeasure>ק"ג</UnitMeasure>
      <BisWeighted>1</BisWeighted>
      <QtyInPackage>1</QtyInPackage>
      <ItemPrice>39.90</ItemPrice>
      <UnitOfMeasurePrice>39.90</UnitOfMeasurePrice>
      <AllowDiscount>0</AllowDiscount>
      <itemStatus>1</itemStatus>
      <LastUpdateDate />
      <LastUpdateTime />
    </Product>
    <Product>
      <PriceUpdateDate>2021/11/08 10:53</PriceUpdateDate>
      <ItemCode>860121</ItemCode>
      <ItemType>0</ItemType>
      <ItemName>טחון עוף</ItemName>
      <ManufactureName>טל הל יסכה בעמ</ManufactureName>
      <ManufactureCountry />
      <ManufactureItemDescription />
      <UnitQty>ק"ג</UnitQty>
      <Quantity>1</Quantity>
      <UnitMeasure />
      <BisWeighted>1</BisWeighted>
      <QtyInPackage>1</QtyInPackage>
      <ItemPrice>33.90</ItemPrice>
      <UnitOfMeasurePrice>33.90</UnitOfMeasurePrice>
      <AllowDiscount>0</AllowDiscount>
      <itemStatus>1</itemStatus>
      <LastUpdateDate />
      <LastUpdateTime />
    </Product>
    <Product>
      <PriceUpdateDate>2022/03/22 12:52</PriceUpdateDate>
      <ItemCode>860138</ItemCode>
      <ItemType>0</ItemType>
      <ItemName>כבד עוף טרי[לצליה  בלבד]</ItemName>
      <ManufactureName>קורניש חן (1987) בעמ</ManufactureName>
      <ManufactureCountry />
      <ManufactureItemDescription />
      <UnitQty>ק"ג</UnitQty>
      <Quantity>7</Quantity>
      <UnitMeasure>ל-100 מ"ל</UnitMeasure>
      <BisWeighted>1</BisWeighted>
      <QtyInPackage>1</QtyInPackage>
      <ItemPrice>16.90</ItemPrice>
      <UnitOfMeasurePrice>2.41</UnitOfMeasurePrice>
      <AllowDiscount>0</AllowDiscount>
      <itemStatus>1</itemStatus>
      <LastUpdateDate />
      <LastUpdateTime />
    </Product>
    <Product>
      <PriceUpdateDate>2020/08/24 09:52</PriceUpdateDate>
      <ItemCode>860145</ItemCode>
      <ItemType>0</ItemType>
      <ItemName>לב עוף טרי[לצליה  בלבד]</ItemName>
      <ManufactureName>קורניש חן (1987) בעמ</ManufactureName>
      <ManufactureCountry />
      <ManufactureItemDescription />
      <UnitQty>ק"ג</UnitQty>
      <Quantity>7</Quantity>
      <UnitMeasure>ל-100 מ"ל</UnitMeasure>
      <BisWeighted>1</BisWeighted>
      <QtyInPackage>1</QtyInPackage>
      <ItemPrice>27.90</ItemPrice>
      <UnitOfMeasurePrice>3.99</UnitOfMeasurePrice>
      <AllowDiscount>0</AllowDiscount>
      <itemStatus>1</itemStatus>
      <LastUpdateDate />
      <LastUpdateTime />
    </Product>
    <Product>
      <PriceUpdateDate>2020/08/24 09:52</PriceUpdateDate>
      <ItemCode>860176</ItemCode>
      <ItemType>0</ItemType>
      <ItemName>קורקבן עוף</ItemName>
      <ManufactureName>קורניש חן (1987) בעמ</ManufactureName>
      <ManufactureCountry />
      <ManufactureItemDescription />
      <UnitQty>ק"ג</UnitQty>
      <Quantity>1</Quantity>
      <UnitMeasure />
      <BisWeighted>1</BisWeighted>
      <QtyInPackage>1</QtyInPackage>
      <ItemPrice>9.90</ItemPrice>
      <UnitOfMeasurePrice>9.90</UnitOfMeasurePrice>
      <AllowDiscount>0</AllowDiscount>
      <itemStatus>1</itemStatus>
      <LastUpdateDate />
      <LastUpdateTime />
    </Product>
    <Product>
      <PriceUpdateDate>2020/05/04 09:19</PriceUpdateDate>
      <ItemCode>862149</ItemCode>
      <ItemType>0</ItemType>
      <ItemName>ירך הודו זכר</ItemName>
      <ManufactureName>עוף טוב ( שאן) בעמ</ManufactureName>
      <ManufactureCountry />
      <ManufactureItemDescription />
      <UnitQty>ק"ג</UnitQty>
      <Quantity>1</Quantity>
      <UnitMeasure />
      <BisWeighted>1</BisWeighted>
      <QtyInPackage>1</QtyInPackage>
      <ItemPrice>51.90</ItemPrice>
      <UnitOfMeasurePrice>51.90</UnitOfMeasurePrice>
      <AllowDiscount>0</AllowDiscount>
      <itemStatus>1</itemStatus>
      <LastUpdateDate />
      <LastUpdateTime />
    </Product>
    <Product>
      <PriceUpdateDate>2021/08/02 11:46</PriceUpdateDate>
      <ItemCode>870014</ItemCode>
      <ItemType>0</ItemType>
      <ItemName>חזה הודו נקבה.</ItemName>
      <ManufactureName>קורניש חן (1987) בעמ</ManufactureName>
      <ManufactureCountry />
      <ManufactureItemDescription />
      <UnitQty>ק"ג</UnitQty>
      <Quantity>1</Quantity>
      <UnitMeasure />
      <BisWeighted>1</BisWeighted>
      <QtyInPackage>1</QtyInPackage>
      <ItemPrice>28.90</ItemPrice>
      <UnitOfMeasurePrice>28.90</UnitOfMeasurePrice>
      <AllowDiscount>0</AllowDiscount>
      <itemStatus>1</itemStatus>
      <LastUpdateDate />
      <LastUpdateTime />
    </Product>
    <Product>
      <PriceUpdateDate>2021/08/02 11:46</PriceUpdateDate>
      <ItemCode>870038</ItemCode>
      <ItemType>0</ItemType>
      <ItemName>שווארמה הודו</ItemName>
      <ManufactureName>קורניש חן (1987) בעמ</ManufactureName>
      <ManufactureCountry />
      <ManufactureItemDescription />
      <UnitQty>ק"ג</UnitQty>
      <Quantity>1</Quantity>
      <UnitMeasure />
      <BisWeighted>1</BisWeighted>
      <QtyInPackage>1</QtyInPackage>
      <ItemPrice>69.90</ItemPrice>
      <UnitOfMeasurePrice>69.90</UnitOfMeasurePrice>
      <AllowDiscount>0</AllowDiscount>
      <itemStatus>1</itemStatus>
      <LastUpdateDate />
      <LastUpdateTime />
    </Product>
    <Product>
      <PriceUpdateDate>2021/11/03 15:19</PriceUpdateDate>
      <ItemCode>870069</ItemCode>
      <ItemType>0</ItemType>
      <ItemName>שוקיים הודו</ItemName>
      <ManufactureName>קורניש חן (1987) בעמ</ManufactureName>
      <ManufactureCountry />
      <ManufactureItemDescription />
      <UnitQty>ק"ג</UnitQty>
      <Quantity>1</Quantity>
      <UnitMeasure />
      <BisWeighted>1</BisWeighted>
      <QtyInPackage>1</QtyInPackage>
      <ItemPrice>27.90</ItemPrice>
      <UnitOfMeasurePrice>27.90</UnitOfMeasurePrice>
      <AllowDiscount>0</AllowDiscount>
      <itemStatus>1</itemStatus>
      <LastUpdateDate />
      <LastUpdateTime />
    </Product>
    <Product>
      <PriceUpdateDate>2021/08/02 11:46</PriceUpdateDate>
      <ItemCode>870076</ItemCode>
      <ItemType>0</ItemType>
      <ItemName>כנף הודו</ItemName>
      <ManufactureName>קורניש חן (1987) בעמ</ManufactureName>
      <ManufactureCountry />
      <ManufactureItemDescription />
      <UnitQty>ק"ג</UnitQty>
      <Quantity>1</Quantity>
      <UnitMeasure />
      <BisWeighted>1</BisWeighted>
      <QtyInPackage>1</QtyInPackage>
      <ItemPrice>14.90</ItemPrice>
      <UnitOfMeasurePrice>14.90</UnitOfMeasurePrice>
      <AllowDiscount>0</AllowDiscount>
      <itemStatus>1</itemStatus>
      <LastUpdateDate />
      <LastUpdateTime />
    </Product>
    <Product>
      <PriceUpdateDate>2020/05/04 09:19</PriceUpdateDate>
      <ItemCode>870083</ItemCode>
      <ItemType>0</ItemType>
      <ItemName>נתחי הודו</ItemName>
      <ManufactureName>קורניש חן (1987) בעמ</ManufactureName>
      <ManufactureCountry />
      <ManufactureItemDescription />
      <UnitQty>ק"ג</UnitQty>
      <Quantity>1</Quantity>
      <UnitMeasure />
      <BisWeighted>1</BisWeighted>
      <QtyInPackage>1</QtyInPackage>
      <ItemPrice>24.90</ItemPrice>
      <UnitOfMeasurePrice>24.90</UnitOfMeasurePrice>
      <AllowDiscount>0</AllowDiscount>
      <itemStatus>1</itemStatus>
      <LastUpdateDate />
      <LastUpdateTime />
    </Product>
    <Product>
      <PriceUpdateDate>2020/05/04 09:19</PriceUpdateDate>
      <ItemCode>7290100335710</ItemCode>
      <ItemType>1</ItemType>
      <ItemName>כדורגל הודו</ItemName>
      <ManufactureName>קורניש חן (1987) בעמ</ManufactureName>
      <ManufactureCountry />
      <ManufactureItemDescription />
      <UnitQty>ק"ג</UnitQty>
      <Quantity>1</Quantity>
      <UnitMeasure />
      <BisWeighted>1</BisWeighted>
      <QtyInPackage>1</QtyInPackage>
      <ItemPrice>29.90</ItemPrice>
      <UnitOfMeasurePrice>29.90</UnitOfMeasurePrice>
      <AllowDiscount>0</AllowDiscount>
      <itemStatus>1</itemStatus>
      <LastUpdateDate />
      <LastUpdateTime />
    </Product>
    <Product>
      <PriceUpdateDate>2019/11/03 15:50</PriceUpdateDate>
      <ItemCode>870151</ItemCode>
      <ItemType>0</ItemType>
      <ItemName>גרון הודו נקבה</ItemName>
      <ManufactureName>טל הל יסכה בעמ</ManufactureName>
      <ManufactureCountry />
      <ManufactureItemDescription />
      <UnitQty>ק"ג</UnitQty>
      <Quantity>1</Quantity>
      <UnitMeasure />
      <BisWeighted>1</BisWeighted>
      <QtyInPackage>1</QtyInPackage>
      <ItemPrice>21.90</ItemPrice>
      <UnitOfMeasurePrice>21.90</UnitOfMeasurePrice>
      <AllowDiscount>0</AllowDiscount>
      <itemStatus>1</itemStatus>
      <LastUpdateDate />
      <LastUpdateTime />
    </Product>
    <Product>
      <PriceUpdateDate>2021/08/02 11:46</PriceUpdateDate>
      <ItemCode>870168</ItemCode>
      <ItemType>0</ItemType>
      <ItemName>גרון הודו זכר</ItemName>
      <ManufactureName>קורניש חן (1987) בעמ</ManufactureName>
      <ManufactureCountry />
      <ManufactureItemDescription />
      <UnitQty>ק"ג</UnitQty>
      <Quantity>1</Quantity>
      <UnitMeasure />
      <BisWeighted>1</BisWeighted>
      <QtyInPackage>1</QtyInPackage>
      <ItemPrice>29.90</ItemPrice>
      <UnitOfMeasurePrice>29.90</UnitOfMeasurePrice>
      <AllowDiscount>0</AllowDiscount>
      <itemStatus>1</itemStatus>
      <LastUpdateDate />
      <LastUpdateTime />
    </Product>
    <Product>
      <PriceUpdateDate>2019/11/03 15:50</PriceUpdateDate>
      <ItemCode>870175</ItemCode>
      <ItemType>0</ItemType>
      <ItemName>ישבן הודו</ItemName>
      <ManufactureName>קורניש חן (1987) בעמ</ManufactureName>
      <ManufactureCountry />
      <ManufactureItemDescription />
      <UnitQty>ק"ג</UnitQty>
      <Quantity>1</Quantity>
      <UnitMeasure />
      <BisWeighted>1</BisWeighted>
      <QtyInPackage>1</QtyInPackage>
      <ItemPrice>6.90</ItemPrice>
      <UnitOfMeasurePrice>6.90</UnitOfMeasurePrice>
      <AllowDiscount>0</AllowDiscount>
      <itemStatus>1</itemStatus>
      <LastUpdateDate />
      <LastUpdateTime />
    </Product>
    <Product>
      <PriceUpdateDate>2020/03/17 17:03</PriceUpdateDate>
      <ItemCode>870199</ItemCode>
      <ItemType>0</ItemType>
      <ItemName>חזה הודו טחון</ItemName>
      <ManufactureName>טל הל יסכה בעמ</ManufactureName>
      <ManufactureCountry />
      <ManufactureItemDescription />
      <UnitQty>ק"ג</UnitQty>
      <Quantity>1</Quantity>
      <UnitMeasure />
      <BisWeighted>1</BisWeighted>
      <QtyInPackage>1</QtyInPackage>
      <ItemPrice>31.90</ItemPrice>
      <UnitOfMeasurePrice>31.90</UnitOfMeasurePrice>
      <AllowDiscount>0</AllowDiscount>
      <itemStatus>1</itemStatus>
      <LastUpdateDate />
      <LastUpdateTime />
    </Product>
    <Product>
      <PriceUpdateDate>2021/03/08 13:04</PriceUpdateDate>
      <ItemCode>880012</ItemCode>
      <ItemType>0</ItemType>
      <ItemName>דג אמנון בינוני טרי</ItemName>
      <ManufactureName>ב.ס דוקטור דג בעמ</ManufactureName>
      <ManufactureCountry />
      <ManufactureItemDescription />
      <UnitQty>ק"ג</UnitQty>
      <Quantity>1</Quantity>
      <UnitMeasure />
      <BisWeighted>1</BisWeighted>
      <QtyInPackage>1</QtyInPackage>
      <ItemPrice>29.90</ItemPrice>
      <UnitOfMeasurePrice>29.90</UnitOfMeasurePrice>
      <AllowDiscount>1</AllowDiscount>
      <itemStatus>1</itemStatus>
      <LastUpdateDate />
      <LastUpdateTime />
    </Product>
    <Product>
      <PriceUpdateDate>2020/06/17 09:34</PriceUpdateDate>
      <ItemCode>880013</ItemCode>
      <ItemType>0</ItemType>
      <ItemName>דג אמנון רמבו טרי</ItemName>
      <ManufactureName>ב.ס דוקטור דג בעמ</ManufactureName>
      <ManufactureCountry />
      <ManufactureItemDescription />
      <UnitQty>ק"ג</UnitQty>
      <Quantity>1</Quantity>
      <UnitMeasure />
      <BisWeighted>1</BisWeighted>
      <QtyInPackage>1</QtyInPackage>
      <ItemPrice>33.90</ItemPrice>
      <UnitOfMeasurePrice>33.90</UnitOfMeasurePrice>
      <AllowDiscount>1</AllowDiscount>
      <itemStatus>1</itemStatus>
      <LastUpdateDate />
      <LastUpdateTime />
    </Product>
    <Product>
      <PriceUpdateDate>2020/06/17 09:34</PriceUpdateDate>
      <ItemCode>880014</ItemCode>
      <ItemType>0</ItemType>
      <ItemName>דג בורי ג`מבו טרי</ItemName>
      <ManufactureName>ב.ס דוקטור דג בעמ</ManufactureName>
      <ManufactureCountry />
      <ManufactureItemDescription />
      <UnitQty>ק"ג</UnitQty>
      <Quantity>1</Quantity>
      <UnitMeasure />
      <BisWeighted>1</BisWeighted>
      <QtyInPackage>1</QtyInPackage>
      <ItemPrice>51.90</ItemPrice>
      <UnitOfMeasurePrice>51.90</UnitOfMeasurePrice>
      <AllowDiscount>1</AllowDiscount>
      <itemStatus>1</itemStatus>
      <LastUpdateDate />
      <LastUpdateTime />
    </Product>
    <Product>
      <PriceUpdateDate>2022/10/18 15:00</PriceUpdateDate>
      <ItemCode>880015</ItemCode>
      <ItemType>0</ItemType>
      <ItemName>דג ברמונדי טרי</ItemName>
      <ManufactureName>ב.ס דוקטור דג בעמ</ManufactureName>
      <ManufactureCountry />
      <ManufactureItemDescription />
      <UnitQty>ק"ג</UnitQty>
      <Quantity>1</Quantity>
      <UnitMeasure />
      <BisWeighted>1</BisWeighted>
      <QtyInPackage>1</QtyInPackage>
      <ItemPrice>49.90</ItemPrice>
      <UnitOfMeasurePrice>49.90</UnitOfMeasurePrice>
      <AllowDiscount>1</AllowDiscount>
      <itemStatus>1</itemStatus>
      <LastUpdateDate />
      <LastUpdateTime />
    </Product>
    <Product>
      <PriceUpdateDate>2020/06/01 13:38</PriceUpdateDate>
      <ItemCode>880016</ItemCode>
      <ItemType>0</ItemType>
      <ItemName>דג בס טרי</ItemName>
      <ManufactureName>ב.ס דוקטור דג בעמ</ManufactureName>
      <ManufactureCountry />
      <ManufactureItemDescription />
      <UnitQty>ק"ג</UnitQty>
      <Quantity>1</Quantity>
      <UnitMeasure />
      <BisWeighted>1</BisWeighted>
      <QtyInPackage>1</QtyInPackage>
      <ItemPrice>49</ItemPrice>
      <UnitOfMeasurePrice>49</UnitOfMeasurePrice>
      <AllowDiscount>1</AllowDiscount>
      <itemStatus>1</itemStatus>
      <LastUpdateDate />
      <LastUpdateTime />
    </Product>
    <Product>
      <PriceUpdateDate>2022/10/18 15:00</PriceUpdateDate>
      <ItemCode>880021</ItemCode>
      <ItemType>0</ItemType>
      <ItemName>דג פילה סלמון טרי</ItemName>
      <ManufactureName>ב.ס דוקטור דג בעמ</ManufactureName>
      <ManufactureCountry />
      <ManufactureItemDescription />
      <UnitQty>ק"ג</UnitQty>
      <Quantity>1</Quantity>
      <UnitMeasure />
      <BisWeighted>1</BisWeighted>
      <QtyInPackage>1</QtyInPackage>
      <ItemPrice>99.90</ItemPrice>
      <UnitOfMeasurePrice>99.90</UnitOfMeasurePrice>
      <AllowDiscount>1</AllowDiscount>
      <itemStatus>1</itemStatus>
      <LastUpdateDate />
      <LastUpdateTime />
    </Product>
    <Product>
      <PriceUpdateDate>2020/09/23 13:22</PriceUpdateDate>
      <ItemCode>880022</ItemCode>
      <ItemType>0</ItemType>
      <ItemName>דג קרפיון טרי</ItemName>
      <ManufactureName>ב.ס דוקטור דג בעמ</ManufactureName>
      <ManufactureCountry />
      <ManufactureItemDescription />
      <UnitQty>ק"ג</UnitQty>
      <Quantity>1</Quantity>
      <UnitMeasure />
      <BisWeighted>1</BisWeighted>
      <QtyInPackage>1</QtyInPackage>
      <ItemPrice>29.90</ItemPrice>
      <UnitOfMeasurePrice>29.90</UnitOfMeasurePrice>
      <AllowDiscount>1</AllowDiscount>
      <itemStatus>1</itemStatus>
      <LastUpdateDate />
      <LastUpdateTime />
    </Product>
    <Product>
      <PriceUpdateDate>2022/10/19 13:59</PriceUpdateDate>
      <ItemCode>880024</ItemCode>
      <ItemType>0</ItemType>
      <ItemName>דג לברק XL טרי</ItemName>
      <ManufactureName>ב.ס דוקטור דג בעמ</ManufactureName>
      <ManufactureCountry />
      <ManufactureItemDescription />
      <UnitQty>ק"ג</UnitQty>
      <Quantity>1</Quantity>
      <UnitMeasure />
      <BisWeighted>1</BisWeighted>
      <QtyInPackage>1</QtyInPackage>
      <ItemPrice>69.90</ItemPrice>
      <UnitOfMeasurePrice>69.90</UnitOfMeasurePrice>
      <AllowDiscount>1</AllowDiscount>
      <itemStatus>1</itemStatus>
      <LastUpdateDate />
      <LastUpdateTime />
    </Product>
    <Product>
      <PriceUpdateDate>2022/10/18 15:00</PriceUpdateDate>
      <ItemCode>880035</ItemCode>
      <ItemType>0</ItemType>
      <ItemName>סלמון שלם טרי</ItemName>
      <ManufactureName>ב.ס דוקטור דג בעמ</ManufactureName>
      <ManufactureCountry />
      <ManufactureItemDescription />
      <UnitQty>ק"ג</UnitQty>
      <Quantity>1</Quantity>
      <UnitMeasure />
      <BisWeighted>1</BisWeighted>
      <QtyInPackage>1</QtyInPackage>
      <ItemPrice>64.90</ItemPrice>
      <UnitOfMeasurePrice>64.90</UnitOfMeasurePrice>
      <AllowDiscount>1</AllowDiscount>
      <itemStatus>1</itemStatus>
      <LastUpdateDate />
      <LastUpdateTime />
    </Product>
    <Product>
      <PriceUpdateDate>2022/05/02 09:14</PriceUpdateDate>
      <ItemCode>880044</ItemCode>
      <ItemType>0</ItemType>
      <ItemName>דניס שלם XL</ItemName>
      <ManufactureName>ב.ס דוקטור דג בעמ</ManufactureName>
      <ManufactureCountry />
      <ManufactureItemDescription />
      <UnitQty>ק"ג</UnitQty>
      <Quantity>1</Quantity>
      <UnitMeasure />
      <BisWeighted>1</BisWeighted>
      <QtyInPackage>1</QtyInPackage>
      <ItemPrice>64.90</ItemPrice>
      <UnitOfMeasurePrice>64.90</UnitOfMeasurePrice>
      <AllowDiscount>1</AllowDiscount>
      <itemStatus>1</itemStatus>
      <LastUpdateDate />
      <LastUpdateTime />
    </Product>
    <Product>
      <PriceUpdateDate>2022/06/29 08:48</PriceUpdateDate>
      <ItemCode>986708</ItemCode>
      <ItemType>0</ItemType>
      <ItemName>ענבים שחורים</ItemName>
      <ManufactureName>ביכורי השדה הצפון בעמ` 1964</ManufactureName>
      <ManufactureCountry />
      <ManufactureItemDescription />
      <UnitQty>ק"ג</UnitQty>
      <Quantity>1</Quantity>
      <UnitMeasure />
      <BisWeighted>1</BisWeighted>
      <QtyInPackage>1</QtyInPackage>
      <ItemPrice>24.90</ItemPrice>
      <UnitOfMeasurePrice>24.90</UnitOfMeasurePrice>
      <AllowDiscount>0</AllowDiscount>
      <itemStatus>1</itemStatus>
      <LastUpdateDate />
      <LastUpdateTime />
    </Product>
    <Product>
      <PriceUpdateDate>2022/10/13 10:17</PriceUpdateDate>
      <ItemCode>993195</ItemCode>
      <ItemType>0</ItemType>
      <ItemName>ענב לבן</ItemName>
      <ManufactureName>ביכורי השדה הצפון בעמ` 1964</ManufactureName>
      <ManufactureCountry />
      <ManufactureItemDescription />
      <UnitQty>'יח</UnitQty>
      <Quantity>1</Quantity>
      <UnitMeasure />
      <BisWeighted>0</BisWeighted>
      <QtyInPackage>1</QtyInPackage>
      <ItemPrice>24.90</ItemPrice>
      <UnitOfMeasurePrice>24.90</UnitOfMeasurePrice>
      <AllowDiscount>0</AllowDiscount>
      <itemStatus>1</itemStatus>
      <LastUpdateDate />
      <LastUpdateTime />
    </Product>
    <Product>
      <PriceUpdateDate>2021/03/30 06:35</PriceUpdateDate>
      <ItemCode>993461</ItemCode>
      <ItemType>0</ItemType>
      <ItemName>עגבניה שרי פרימיום</ItemName>
      <ManufactureName>ביכורי השדה הצפון בעמ` 1964</ManufactureName>
      <ManufactureCountry />
      <ManufactureItemDescription />
      <UnitQty>'יח</UnitQty>
      <Quantity>1</Quantity>
      <UnitMeasure />
      <BisWeighted>0</BisWeighted>
      <QtyInPackage>1</QtyInPackage>
      <ItemPrice>10.90</ItemPrice>
      <UnitOfMeasurePrice>10.90</UnitOfMeasurePrice>
      <AllowDiscount>0</AllowDiscount>
      <itemStatus>1</itemStatus>
      <LastUpdateDate />
      <LastUpdateTime />
    </Product>
    <Product>
      <PriceUpdateDate>2021/03/30 06:35</PriceUpdateDate>
      <ItemCode>993560</ItemCode>
      <ItemType>0</ItemType>
      <ItemName>עגבניה שרי ליקופן</ItemName>
      <ManufactureName>ביכורי השדה הצפון בעמ` 1964</ManufactureName>
      <ManufactureCountry />
      <ManufactureItemDescription />
      <UnitQty>'יח</UnitQty>
      <Quantity>1</Quantity>
      <UnitMeasure />
      <BisWeighted>0</BisWeighted>
      <QtyInPackage>1</QtyInPackage>
      <ItemPrice>10.90</ItemPrice>
      <UnitOfMeasurePrice>10.90</UnitOfMeasurePrice>
      <AllowDiscount>0</AllowDiscount>
      <itemStatus>1</itemStatus>
      <LastUpdateDate />
      <LastUpdateTime />
    </Product>
    <Product>
      <PriceUpdateDate>2021/03/30 06:35</PriceUpdateDate>
      <ItemCode>995410</ItemCode>
      <ItemType>0</ItemType>
      <ItemName>נבטים סינים</ItemName>
      <ManufactureName>ביכורי השדה הצפון בעמ` 1964</ManufactureName>
      <ManufactureCountry />
      <ManufactureItemDescription />
      <UnitQty>'יח</UnitQty>
      <Quantity>1</Quantity>
      <UnitMeasure />
      <BisWeighted>0</BisWeighted>
      <QtyInPackage>1</QtyInPackage>
      <ItemPrice>6.90</ItemPrice>
      <UnitOfMeasurePrice>6.90</UnitOfMeasurePrice>
      <AllowDiscount>0</AllowDiscount>
      <itemStatus>1</itemStatus>
      <LastUpdateDate />
      <LastUpdateTime />
    </Product>
    <Product>
      <PriceUpdateDate>2022/01/03 13:00</PriceUpdateDate>
      <ItemCode>7290001045688</ItemCode>
      <ItemType>1</ItemType>
      <ItemName>פרימור סחוט תפוזים 400 מל</ItemName>
      <ManufactureName>שטראוס גרופ בע`מ</ManufactureName>
      <ManufactureCountry />
      <ManufactureItemDescription />
      <UnitQty>'יח</UnitQty>
      <Quantity>4</Quantity>
      <UnitMeasure>ל-100 מ"ל</UnitMeasure>
      <BisWeighted>0</BisWeighted>
      <QtyInPackage>8</QtyInPackage>
      <ItemPrice>8.20</ItemPrice>
      <UnitOfMeasurePrice>1.98</UnitOfMeasurePrice>
      <AllowDiscount>0</AllowDiscount>
      <itemStatus>1</itemStatus>
      <LastUpdateDate />
      <LastUpdateTime />
    </Product>
    <Product>
      <PriceUpdateDate>2022/03/09 17:31</PriceUpdateDate>
      <ItemCode>7290001121054</ItemCode>
      <ItemType>1</ItemType>
      <ItemName>צמד חמד 700 גרם</ItemName>
      <ManufactureName>מעדני יחיעם ( 1993 ) בע`מ</ManufactureName>
      <ManufactureCountry />
      <ManufactureItemDescription />
      <UnitQty>'יח</UnitQty>
      <Quantity>8.50</Quantity>
      <UnitMeasure>ל-100 גרם</UnitMeasure>
      <BisWeighted>0</BisWeighted>
      <QtyInPackage>1</QtyInPackage>
      <ItemPrice>25.90</ItemPrice>
      <UnitOfMeasurePrice>3.05</UnitOfMeasurePrice>
      <AllowDiscount>1</AllowDiscount>
      <itemStatus>1</itemStatus>
      <LastUpdateDate />
      <LastUpdateTime />
    </Product>
    <Product>
      <PriceUpdateDate>2021/12/27 08:46</PriceUpdateDate>
      <ItemCode>7290001121795</ItemCode>
      <ItemType>1</ItemType>
      <ItemName>נקניקיות עוף חריפות 400 גרם</ItemName>
      <ManufactureName>מעדני יחיעם ( 1993 ) בע`מ</ManufactureName>
      <ManufactureCountry />
      <ManufactureItemDescription />
      <UnitQty>'יח</UnitQty>
      <Quantity>4</Quantity>
      <UnitMeasure>ל-100 גרם</UnitMeasure>
      <BisWeighted>0</BisWeighted>
      <QtyInPackage>1</QtyInPackage>
      <ItemPrice>14.90</ItemPrice>
      <UnitOfMeasurePrice>3.73</UnitOfMeasurePrice>
      <AllowDiscount>0</AllowDiscount>
      <itemStatus>1</itemStatus>
      <LastUpdateDate />
      <LastUpdateTime />
    </Product>
    <Product>
      <PriceUpdateDate>2022/11/01 11:45</PriceUpdateDate>
      <ItemCode>1133484</ItemCode>
      <ItemType>0</ItemType>
      <ItemName>פילה סלמון נורווגי בוואקום</ItemName>
      <ManufactureName>בלדי בע`מ</ManufactureName>
      <ManufactureCountry />
      <ManufactureItemDescription />
      <UnitQty>ק"ג</UnitQty>
      <Quantity>1</Quantity>
      <UnitMeasure>ל-100 גרם</UnitMeasure>
      <BisWeighted>1</BisWeighted>
      <QtyInPackage>1</QtyInPackage>
      <ItemPrice>79.90</ItemPrice>
      <UnitOfMeasurePrice>79.90</UnitOfMeasurePrice>
      <AllowDiscount>0</AllowDiscount>
      <itemStatus>1</itemStatus>
      <LastUpdateDate />
      <LastUpdateTime />
    </Product>
    <Product>
      <PriceUpdateDate>2021/12/30 18:57</PriceUpdateDate>
      <ItemCode>1136294</ItemCode>
      <ItemType>0</ItemType>
      <ItemName>נקה 7 שמפו לשיער יבש 750 מל</ItemName>
      <ManufactureName>החב. הדרומית לשיווק</ManufactureName>
      <ManufactureCountry />
      <ManufactureItemDescription />
      <UnitQty>'יח</UnitQty>
      <Quantity>7.50</Quantity>
      <UnitMeasure>ל-100 מ"ל</UnitMeasure>
      <BisWeighted>0</BisWeighted>
      <QtyInPackage>1</QtyInPackage>
      <ItemPrice>11.90</ItemPrice>
      <UnitOfMeasurePrice>1.59</UnitOfMeasurePrice>
      <AllowDiscount>1</AllowDiscount>
      <itemStatus>1</itemStatus>
      <LastUpdateDate />
      <LastUpdateTime />
    </Product>
    <Product>
      <PriceUpdateDate>2022/01/17 20:43</PriceUpdateDate>
      <ItemCode>1136362</ItemCode>
      <ItemType>0</ItemType>
      <ItemName>נקה תחליב רחצה ירוק אלוורה 1 ל`</ItemName>
      <ManufactureName>החב. הדרומית לשיווק</ManufactureName>
      <ManufactureCountry />
      <ManufactureItemDescription />
      <UnitQty>'יח</UnitQty>
      <Quantity>10</Quantity>
      <UnitMeasure>לליטר</UnitMeasure>
      <BisWeighted>0</BisWeighted>
      <QtyInPackage>12</QtyInPackage>
      <ItemPrice>13.90</ItemPrice>
      <UnitOfMeasurePrice>1.39</UnitOfMeasurePrice>
      <AllowDiscount>0</AllowDiscount>
      <itemStatus>1</itemStatus>
      <LastUpdateDate />
      <LastUpdateTime />
    </Product>
    <Product>
      <PriceUpdateDate>2021/12/30 18:57</PriceUpdateDate>
      <ItemCode>1136683</ItemCode>
      <ItemType>0</ItemType>
      <ItemName>נקה 7 מרכך לכל סוגי השיער 750 מל</ItemName>
      <ManufactureName>החב. הדרומית לשיווק</ManufactureName>
      <ManufactureCountry />
      <ManufactureItemDescription />
      <UnitQty>'יח</UnitQty>
      <Quantity>7.50</Quantity>
      <UnitMeasure>ל-100 מ"ל</UnitMeasure>
      <BisWeighted>0</BisWeighted>
      <QtyInPackage>1</QtyInPackage>
      <ItemPrice>11.90</ItemPrice>
      <UnitOfMeasurePrice>1.59</UnitOfMeasurePrice>
      <AllowDiscount>1</AllowDiscount>
      <itemStatus>1</itemStatus>
      <LastUpdateDate />
      <LastUpdateTime />
    </Product>
    <Product>
      <PriceUpdateDate>2022/01/17 20:43</PriceUpdateDate>
      <ItemCode>1136799</ItemCode>
      <ItemType>0</ItemType>
      <ItemName>נקה תחליב רחצה ורוד יסמין 1 ל`</ItemName>
      <ManufactureName>החב. הדרומית לשיווק</ManufactureName>
      <ManufactureCountry />
      <ManufactureItemDescription />
      <UnitQty>'יח</UnitQty>
      <Quantity>10</Quantity>
      <UnitMeasure>לליטר</UnitMeasure>
      <BisWeighted>0</BisWeighted>
      <QtyInPackage>12</QtyInPackage>
      <ItemPrice>13.90</ItemPrice>
      <UnitOfMeasurePrice>1.39</UnitOfMeasurePrice>
      <AllowDiscount>0</AllowDiscount>
      <itemStatus>1</itemStatus>
      <LastUpdateDate />
      <LastUpdateTime />
    </Product>
    <Product>
      <PriceUpdateDate>2022/01/17 20:43</PriceUpdateDate>
      <ItemCode>1136973</ItemCode>
      <ItemType>0</ItemType>
      <ItemName>נקה תחליב רחצה לבן קמומיל 1 ל`</ItemName>
      <ManufactureName>החב. הדרומית לשיווק</ManufactureName>
      <ManufactureCountry />
      <ManufactureItemDescription />
      <UnitQty>'יח</UnitQty>
      <Quantity>1</Quantity>
      <UnitMeasure />
      <BisWeighted>0</BisWeighted>
      <QtyInPackage>12</QtyInPackage>
      <ItemPrice>13.90</ItemPrice>
      <UnitOfMeasurePrice>13.90</UnitOfMeasurePrice>
      <AllowDiscount>0</AllowDiscount>
      <itemStatus>1</itemStatus>
      <LastUpdateDate />
      <LastUpdateTime />
    </Product>
    <Product>
      <PriceUpdateDate>2022/01/03 13:00</PriceUpdateDate>
      <ItemCode>1247105</ItemCode>
      <ItemType>0</ItemType>
      <ItemName>ספרינג נקטר אפרסקים קרטון 1 ליטר</ItemName>
      <ManufactureName>יפאורה - שותפות מוגבלת לשיווק</ManufactureName>
      <ManufactureCountry />
      <ManufactureItemDescription />
      <UnitQty>'יח</UnitQty>
      <Quantity>10</Quantity>
      <UnitMeasure>ל-100 מ"ל</UnitMeasure>
      <BisWeighted>0</BisWeighted>
      <QtyInPackage>1</QtyInPackage>
      <ItemPrice>6.90</ItemPrice>
      <UnitOfMeasurePrice>0.69</UnitOfMeasurePrice>
      <AllowDiscount>1</AllowDiscount>
      <itemStatus>1</itemStatus>
      <LastUpdateDate />
      <LastUpdateTime />
    </Product>
    <Product>
      <PriceUpdateDate>2022/01/03 13:00</PriceUpdateDate>
      <ItemCode>1247112</ItemCode>
      <ItemType>0</ItemType>
      <ItemName>ספרינג נקטר לימונים קרטון 1 ליטר</ItemName>
      <ManufactureName>יפאורה - שותפות מוגבלת לשיווק</ManufactureName>
      <ManufactureCountry />
      <ManufactureItemDescription />
      <UnitQty>'יח</UnitQty>
      <Quantity>10</Quantity>
      <UnitMeasure>ל-100 מ"ל</UnitMeasure>
      <BisWeighted>0</BisWeighted>
      <QtyInPackage>1</QtyInPackage>
      <ItemPrice>6.90</ItemPrice>
      <UnitOfMeasurePrice>0.69</UnitOfMeasurePrice>
      <AllowDiscount>1</AllowDiscount>
      <itemStatus>1</itemStatus>
      <LastUpdateDate />
      <LastUpdateTime />
    </Product>
    <Product>
      <PriceUpdateDate>2022/01/03 13:00</PriceUpdateDate>
      <ItemCode>1247129</ItemCode>
      <ItemType>0</ItemType>
      <ItemName>ספרינג נקטר תפוזים 1 ליטר קרטון</ItemName>
      <ManufactureName>יפאורה - שותפות מוגבלת לשיווק</ManufactureName>
      <ManufactureCountry />
      <ManufactureItemDescription />
      <UnitQty>'יח</UnitQty>
      <Quantity>10</Quantity>
      <UnitMeasure>ל-100 מ"ל</UnitMeasure>
      <BisWeighted>0</BisWeighted>
      <QtyInPackage>1</QtyInPackage>
      <ItemPrice>6.90</ItemPrice>
      <UnitOfMeasurePrice>0.69</UnitOfMeasurePrice>
      <AllowDiscount>1</AllowDiscount>
      <itemStatus>1</itemStatus>
      <LastUpdateDate />
      <LastUpdateTime />
    </Product>
    <Product>
      <PriceUpdateDate>2022/01/03 13:00</PriceUpdateDate>
      <ItemCode>1247143</ItemCode>
      <ItemType>0</ItemType>
      <ItemName>ספרינג נקטר תפוחים 1 ליטר</ItemName>
      <ManufactureName>יפאורה - שותפות מוגבלת לשיווק</ManufactureName>
      <ManufactureCountry />
      <ManufactureItemDescription />
      <UnitQty>'יח</UnitQty>
      <Quantity>10</Quantity>
      <UnitMeasure>ל-100 מ"ל</UnitMeasure>
      <BisWeighted>0</BisWeighted>
      <QtyInPackage>1</QtyInPackage>
      <ItemPrice>6.90</ItemPrice>
      <UnitOfMeasurePrice>0.69</UnitOfMeasurePrice>
      <AllowDiscount>1</AllowDiscount>
      <itemStatus>1</itemStatus>
      <LastUpdateDate />
      <LastUpdateTime />
    </Product>
    <Product>
      <PriceUpdateDate>2022/11/01 11:46</PriceUpdateDate>
      <ItemCode>1265642</ItemCode>
      <ItemType>0</ItemType>
      <ItemName>שלישיית מעדני לה-קט פטה 3*400 גר</ItemName>
      <ManufactureName>שחורי אריה ואנסטסיה</ManufactureName>
      <ManufactureCountry />
      <ManufactureItemDescription />
      <UnitQty>'יח</UnitQty>
      <Quantity>12</Quantity>
      <UnitMeasure>ל-100 גרם</UnitMeasure>
      <BisWeighted>0</BisWeighted>
      <QtyInPackage>1</QtyInPackage>
      <ItemPrice>19.90</ItemPrice>
      <UnitOfMeasurePrice>1.66</UnitOfMeasurePrice>
      <AllowDiscount>0</AllowDiscount>
      <itemStatus>1</itemStatus>
      <LastUpdateDate />
      <LastUpdateTime />
    </Product>
    <Product>
      <PriceUpdateDate>2022/07/24 18:01</PriceUpdateDate>
      <ItemCode>1302279</ItemCode>
      <ItemType>0</ItemType>
      <ItemName>במבה קלאסי *60</ItemName>
      <ManufactureName>קבוצת אסם סחר</ManufactureName>
      <ManufactureCountry />
      <ManufactureItemDescription />
      <UnitQty>'יח</UnitQty>
      <Quantity>0.60</Quantity>
      <UnitMeasure>ל-100 גרם</UnitMeasure>
      <BisWeighted>0</BisWeighted>
      <QtyInPackage>1</QtyInPackage>
      <ItemPrice>3.90</ItemPrice>
      <UnitOfMeasurePrice>6.50</UnitOfMeasurePrice>
      <AllowDiscount>1</AllowDiscount>
      <itemStatus>1</itemStatus>
      <LastUpdateDate />
      <LastUpdateTime />
    </Product>
    <Product>
      <PriceUpdateDate>2021/12/01 10:09</PriceUpdateDate>
      <ItemCode>1305188</ItemCode>
      <ItemType>0</ItemType>
      <ItemName>פלמוליב נוזל כלים צהוב לימון 750 מ``</ItemName>
      <ManufactureName>ש. שסטוביץ בע`מ</ManufactureName>
      <ManufactureCountry />
      <ManufactureItemDescription />
      <UnitQty>'יח</UnitQty>
      <Quantity>7.50</Quantity>
      <UnitMeasure>ל-100 מ"ל</UnitMeasure>
      <BisWeighted>0</BisWeighted>
      <QtyInPackage>1</QtyInPackage>
      <ItemPrice>11.90</ItemPrice>
      <UnitOfMeasurePrice>1.59</UnitOfMeasurePrice>
      <AllowDiscount>1</AllowDiscount>
      <itemStatus>1</itemStatus>
      <LastUpdateDate />
      <LastUpdateTime />
    </Product>
    <Product>
      <PriceUpdateDate>2020/08/11 11:07</PriceUpdateDate>
      <ItemCode>1322031</ItemCode>
      <ItemType>0</ItemType>
      <ItemName>כתף קפוא מס`4</ItemName>
      <ManufactureName>בלדי בע`מ</ManufactureName>
      <ManufactureCountry />
      <ManufactureItemDescription />
      <UnitQty>ק"ג</UnitQty>
      <Quantity>1</Quantity>
      <UnitMeasure />
      <BisWeighted>1</BisWeighted>
      <QtyInPackage>1</QtyInPackage>
      <ItemPrice>36.90</ItemPrice>
      <UnitOfMeasurePrice>36.90</UnitOfMeasurePrice>
      <AllowDiscount>1</AllowDiscount>
      <itemStatus>1</itemStatus>
      <LastUpdateDate />
      <LastUpdateTime />
    </Product>
    <Product>
      <PriceUpdateDate>2021/04/26 13:36</PriceUpdateDate>
      <ItemCode>7290001327180</ItemCode>
      <ItemType>1</ItemType>
      <ItemName>גלידת קרמיסימו וניל צ`יפ 1.33 ליטר</ItemName>
      <ManufactureName>שטראוס גלידות</ManufactureName>
      <ManufactureCountry />
      <ManufactureItemDescription />
      <UnitQty>'יח</UnitQty>
      <Quantity>13.30</Quantity>
      <UnitMeasure>ל-100 מ"ל</UnitMeasure>
      <BisWeighted>0</BisWeighted>
      <QtyInPackage>1</QtyInPackage>
      <ItemPrice>19.90</ItemPrice>
      <UnitOfMeasurePrice>1.50</UnitOfMeasurePrice>
      <AllowDiscount>1</AllowDiscount>
      <itemStatus>1</itemStatus>
      <LastUpdateDate />
      <LastUpdateTime />
    </Product>
    <Product>
      <PriceUpdateDate>2022/10/16 09:02</PriceUpdateDate>
      <ItemCode>7290001343845</ItemCode>
      <ItemType>1</ItemType>
      <ItemName>תערובת מיזלי עם פירות מיובשים 1 קג</ItemName>
      <ManufactureName>דין שיווק וקליה 2021 בעמ</ManufactureName>
      <ManufactureCountry />
      <ManufactureItemDescription />
      <UnitQty>'יח</UnitQty>
      <Quantity>10</Quantity>
      <UnitMeasure>ל-100 גרם</UnitMeasure>
      <BisWeighted>0</BisWeighted>
      <QtyInPackage>1</QtyInPackage>
      <ItemPrice>21.90</ItemPrice>
      <UnitOfMeasurePrice>2.19</UnitOfMeasurePrice>
      <AllowDiscount>0</AllowDiscount>
      <itemStatus>1</itemStatus>
      <LastUpdateDate />
      <LastUpdateTime />
    </Product>
    <Product>
      <PriceUpdateDate>2019/01/16 14:38</PriceUpdateDate>
      <ItemCode>1407820</ItemCode>
      <ItemType>0</ItemType>
      <ItemName>בארכה חלבה שאמית 350 גרם</ItemName>
      <ManufactureName>קבוצת אסם סחר</ManufactureName>
      <ManufactureCountry />
      <ManufactureItemDescription />
      <UnitQty>'יח</UnitQty>
      <Quantity>3.50</Quantity>
      <UnitMeasure>ל-100 גרם</UnitMeasure>
      <BisWeighted>0</BisWeighted>
      <QtyInPackage>1</QtyInPackage>
      <ItemPrice>15.90</ItemPrice>
      <UnitOfMeasurePrice>4.54</UnitOfMeasurePrice>
      <AllowDiscount>0</AllowDiscount>
      <itemStatus>1</itemStatus>
      <LastUpdateDate />
      <LastUpdateTime />
    </Product>
    <Product>
      <PriceUpdateDate>2020/11/30 12:54</PriceUpdateDate>
      <ItemCode>7290001407936</ItemCode>
      <ItemType>1</ItemType>
      <ItemName>בארכה טחינה מעודנת לחיץ 310 גר`</ItemName>
      <ManufactureName>קבוצת אסם סחר</ManufactureName>
      <ManufactureCountry />
      <ManufactureItemDescription />
      <UnitQty>'יח</UnitQty>
      <Quantity>3.10</Quantity>
      <UnitMeasure>ל-100 ס"מ</UnitMeasure>
      <BisWeighted>0</BisWeighted>
      <QtyInPackage>1</QtyInPackage>
      <ItemPrice>11.90</ItemPrice>
      <UnitOfMeasurePrice>3.84</UnitOfMeasurePrice>
      <AllowDiscount>0</AllowDiscount>
      <itemStatus>1</itemStatus>
      <LastUpdateDate />
      <LastUpdateTime />
    </Product>
    <Product>
      <PriceUpdateDate>2019/01/16 14:38</PriceUpdateDate>
      <ItemCode>7290001419618</ItemCode>
      <ItemType>1</ItemType>
      <ItemName>וופל בלגי שוקולד 200 גר</ItemName>
      <ManufactureName>מ.ד אטיאס סוכנויות מזון בע`מ</ManufactureName>
      <ManufactureCountry />
      <ManufactureItemDescription />
      <UnitQty>'יח</UnitQty>
      <Quantity>2</Quantity>
      <UnitMeasure>ל-100 גרם</UnitMeasure>
      <BisWeighted>0</BisWeighted>
      <QtyInPackage>1</QtyInPackage>
      <ItemPrice>3.60</ItemPrice>
      <UnitOfMeasurePrice>1.80</UnitOfMeasurePrice>
      <AllowDiscount>0</AllowDiscount>
      <itemStatus>1</itemStatus>
      <LastUpdateDate />
      <LastUpdateTime />
    </Product>
    <Product>
      <PriceUpdateDate>2019/06/18 17:35</PriceUpdateDate>
      <ItemCode>1419779</ItemCode>
      <ItemType>0</ItemType>
      <ItemName>וופל קלאסי 200 גר`</ItemName>
      <ManufactureName>מ.ד אטיאס סוכנויות מזון בע`מ</ManufactureName>
      <ManufactureCountry />
      <ManufactureItemDescription />
      <UnitQty>'יח</UnitQty>
      <Quantity>2</Quantity>
      <UnitMeasure>ל-100 גרם</UnitMeasure>
      <BisWeighted>0</BisWeighted>
      <QtyInPackage>1</QtyInPackage>
      <ItemPrice>3.60</ItemPrice>
      <UnitOfMeasurePrice>1.80</UnitOfMeasurePrice>
      <AllowDiscount>0</AllowDiscount>
      <itemStatus>1</itemStatus>
      <LastUpdateDate />
      <LastUpdateTime />
    </Product>
    <Product>
      <PriceUpdateDate>2019/06/11 07:55</PriceUpdateDate>
      <ItemCode>1419892</ItemCode>
      <ItemType>0</ItemType>
      <ItemName>וופל קלאסי לימון 200 גר`</ItemName>
      <ManufactureName>מ.ד אטיאס סוכנויות מזון בע`מ</ManufactureName>
      <ManufactureCountry />
      <ManufactureItemDescription />
      <UnitQty>'יח</UnitQty>
      <Quantity>2</Quantity>
      <UnitMeasure>ל-100 גרם</UnitMeasure>
      <BisWeighted>0</BisWeighted>
      <QtyInPackage>1</QtyInPackage>
      <ItemPrice>3.60</ItemPrice>
      <UnitOfMeasurePrice>1.80</UnitOfMeasurePrice>
      <AllowDiscount>0</AllowDiscount>
      <itemStatus>1</itemStatus>
      <LastUpdateDate />
      <LastUpdateTime />
    </Product>
    <Product>
      <PriceUpdateDate>2021/02/16 15:40</PriceUpdateDate>
      <ItemCode>1436790</ItemCode>
      <ItemType>0</ItemType>
      <ItemName>מרגז מיני אקסטרה חריף 500  גר`קפוא</ItemName>
      <ManufactureName>בלדי בע`מ</ManufactureName>
      <ManufactureCountry />
      <ManufactureItemDescription />
      <UnitQty>'יח</UnitQty>
      <Quantity>5</Quantity>
      <UnitMeasure>ל-100 גרם</UnitMeasure>
      <BisWeighted>0</BisWeighted>
      <QtyInPackage>8</QtyInPackage>
      <ItemPrice>27.90</ItemPrice>
      <UnitOfMeasurePrice>5.58</UnitOfMeasurePrice>
      <AllowDiscount>1</AllowDiscount>
      <itemStatus>1</itemStatus>
      <LastUpdateDate />
      <LastUpdateTime />
    </Product>
    <Product>
      <PriceUpdateDate>2020/06/30 12:39</PriceUpdateDate>
      <ItemCode>1455418</ItemCode>
      <ItemType>0</ItemType>
      <ItemName>סטייק טונה בוואקום</ItemName>
      <ManufactureName>בלדי בע`מ</ManufactureName>
      <ManufactureCountry />
      <ManufactureItemDescription />
      <UnitQty>ק"ג</UnitQty>
      <Quantity>1</Quantity>
      <UnitMeasure>ל-100 גרם</UnitMeasure>
      <BisWeighted>1</BisWeighted>
      <QtyInPackage>10</QtyInPackage>
      <ItemPrice>39.90</ItemPrice>
      <UnitOfMeasurePrice>39.90</UnitOfMeasurePrice>
      <AllowDiscount>0</AllowDiscount>
      <itemStatus>1</itemStatus>
      <LastUpdateDate />
      <LastUpdateTime />
    </Product>
    <Product>
      <PriceUpdateDate>2022/02/21 17:34</PriceUpdateDate>
      <ItemCode>1455456</ItemCode>
      <ItemType>0</ItemType>
      <ItemName>נסיכת הנילוס פרוס</ItemName>
      <ManufactureName>בלדי בע`מ</ManufactureName>
      <ManufactureCountry />
      <ManufactureItemDescription />
      <UnitQty>ק"ג</UnitQty>
      <Quantity>1</Quantity>
      <UnitMeasure>ל-100 גרם</UnitMeasure>
      <BisWeighted>1</BisWeighted>
      <QtyInPackage>1</QtyInPackage>
      <ItemPrice>69.90</ItemPrice>
      <UnitOfMeasurePrice>69.90</UnitOfMeasurePrice>
      <AllowDiscount>1</AllowDiscount>
      <itemStatus>1</itemStatus>
      <LastUpdateDate />
      <LastUpdateTime />
    </Product>
    <Product>
      <PriceUpdateDate>2019/01/16 14:38</PriceUpdateDate>
      <ItemCode>1459911</ItemCode>
      <ItemType>0</ItemType>
      <ItemName>לקט ירקות קפוא 800 גר`</ItemName>
      <ManufactureName>בלדי בע`מ</ManufactureName>
      <ManufactureCountry />
      <ManufactureItemDescription />
      <UnitQty>'יח</UnitQty>
      <Quantity>8</Quantity>
      <UnitMeasure>ל-100 גרם</UnitMeasure>
      <BisWeighted>0</BisWeighted>
      <QtyInPackage>1</QtyInPackage>
      <ItemPrice>9.90</ItemPrice>
      <UnitOfMeasurePrice>1.24</UnitOfMeasurePrice>
      <AllowDiscount>0</AllowDiscount>
      <itemStatus>1</itemStatus>
      <LastUpdateDate />
      <LastUpdateTime />
    </Product>
    <Product>
      <PriceUpdateDate>2019/01/16 14:38</PriceUpdateDate>
      <ItemCode>1459928</ItemCode>
      <ItemType>0</ItemType>
      <ItemName>גזר גמדי 800 גר`</ItemName>
      <ManufactureName>בלדי בע`מ</ManufactureName>
      <ManufactureCountry />
      <ManufactureItemDescription />
      <UnitQty>'יח</UnitQty>
      <Quantity>8</Quantity>
      <UnitMeasure>ל-100 גרם</UnitMeasure>
      <BisWeighted>0</BisWeighted>
      <QtyInPackage>12</QtyInPackage>
      <ItemPrice>9.90</ItemPrice>
      <UnitOfMeasurePrice>1.24</UnitOfMeasurePrice>
      <AllowDiscount>0</AllowDiscount>
      <itemStatus>1</itemStatus>
      <LastUpdateDate />
      <LastUpdateTime />
    </Product>
    <Product>
      <PriceUpdateDate>2019/01/16 14:38</PriceUpdateDate>
      <ItemCode>1459935</ItemCode>
      <ItemType>0</ItemType>
      <ItemName>אפונה 800 גרם</ItemName>
      <ManufactureName>בלדי בע`מ</ManufactureName>
      <ManufactureCountry />
      <ManufactureItemDescription />
      <UnitQty>'יח</UnitQty>
      <Quantity>8</Quantity>
      <UnitMeasure>ל-100 גרם</UnitMeasure>
      <BisWeighted>0</BisWeighted>
      <QtyInPackage>12</QtyInPackage>
      <ItemPrice>9.90</ItemPrice>
      <UnitOfMeasurePrice>1.24</UnitOfMeasurePrice>
      <AllowDiscount>0</AllowDiscount>
      <itemStatus>1</itemStatus>
      <LastUpdateDate />
      <LastUpdateTime />
    </Product>
    <Product>
      <PriceUpdateDate>2019/01/16 14:38</PriceUpdateDate>
      <ItemCode>1459942</ItemCode>
      <ItemType>0</ItemType>
      <ItemName>אפונה וגזר שלמה 800 גר`</ItemName>
      <ManufactureName>בלדי בע`מ</ManufactureName>
      <ManufactureCountry />
      <ManufactureItemDescription />
      <UnitQty>'יח</UnitQty>
      <Quantity>8</Quantity>
      <UnitMeasure>ל-100 גרם</UnitMeasure>
      <BisWeighted>0</BisWeighted>
      <QtyInPackage>12</QtyInPackage>
      <ItemPrice>9.90</ItemPrice>
      <UnitOfMeasurePrice>1.24</UnitOfMeasurePrice>
      <AllowDiscount>0</AllowDiscount>
      <itemStatus>1</itemStatus>
      <LastUpdateDate />
      <LastUpdateTime />
    </Product>
    <Product>
      <PriceUpdateDate>2021/09/02 12:54</PriceUpdateDate>
      <ItemCode>7290001482094</ItemCode>
      <ItemType>1</ItemType>
      <ItemName>פרמג`נו 200 גרם</ItemName>
      <ManufactureName>ג. וילי-פוד אינטרנשיונל בע`מ</ManufactureName>
      <ManufactureCountry />
      <ManufactureItemDescription />
      <UnitQty>'יח</UnitQty>
      <Quantity>2</Quantity>
      <UnitMeasure>ל-100 גרם</UnitMeasure>
      <BisWeighted>0</BisWeighted>
      <QtyInPackage>1</QtyInPackage>
      <ItemPrice>19.90</ItemPrice>
      <UnitOfMeasurePrice>9.95</UnitOfMeasurePrice>
      <AllowDiscount>1</AllowDiscount>
      <itemStatus>1</itemStatus>
      <LastUpdateDate />
      <LastUpdateTime />
    </Product>
    <Product>
      <PriceUpdateDate>2020/10/07 15:43</PriceUpdateDate>
      <ItemCode>1482186</ItemCode>
      <ItemType>0</ItemType>
      <ItemName>חתיכות אננס בסירופ קל 565 גרם</ItemName>
      <ManufactureName>ג. וילי-פוד אינטרנשיונל בע`מ</ManufactureName>
      <ManufactureCountry />
      <ManufactureItemDescription />
      <UnitQty>'יח</UnitQty>
      <Quantity>5.65</Quantity>
      <UnitMeasure>ל-100 גרם</UnitMeasure>
      <BisWeighted>0</BisWeighted>
      <QtyInPackage>1</QtyInPackage>
      <ItemPrice>6.90</ItemPrice>
      <UnitOfMeasurePrice>1.22</UnitOfMeasurePrice>
      <AllowDiscount>0</AllowDiscount>
      <itemStatus>1</itemStatus>
      <LastUpdateDate />
      <LastUpdateTime />
    </Product>
    <Product>
      <PriceUpdateDate>2020/07/16 11:34</PriceUpdateDate>
      <ItemCode>7290001491010</ItemCode>
      <ItemType>1</ItemType>
      <ItemName>תה ירוק בטעם יסמין 25 שקיקים</ItemName>
      <ManufactureName>תה ויסוצקי בע`מ</ManufactureName>
      <ManufactureCountry />
      <ManufactureItemDescription />
      <UnitQty>'יח</UnitQty>
      <Quantity>0.3750</Quantity>
      <UnitMeasure>ל-100 גרם</UnitMeasure>
      <BisWeighted>0</BisWeighted>
      <QtyInPackage>1</QtyInPackage>
      <ItemPrice>22.90</ItemPrice>
      <UnitOfMeasurePrice>61.07</UnitOfMeasurePrice>
      <AllowDiscount>1</AllowDiscount>
      <itemStatus>1</itemStatus>
      <LastUpdateDate />
      <LastUpdateTime />
    </Product>
    <Product>
      <PriceUpdateDate>2019/10/18 09:44</PriceUpdateDate>
      <ItemCode>7290001491096</ItemCode>
      <ItemType>1</ItemType>
      <ItemName>תה ירוק בתוספת לימונית ולואיזה 50 יח</ItemName>
      <ManufactureName>תה ויסוצקי בע`מ</ManufactureName>
      <ManufactureCountry />
      <ManufactureItemDescription />
      <UnitQty>'יח</UnitQty>
      <Quantity>0.75</Quantity>
      <UnitMeasure>'יח</UnitMeasure>
      <BisWeighted>0</BisWeighted>
      <QtyInPackage>1</QtyInPackage>
      <ItemPrice>41.90</ItemPrice>
      <UnitOfMeasurePrice>55.87</UnitOfMeasurePrice>
      <AllowDiscount>1</AllowDiscount>
      <itemStatus>1</itemStatus>
      <LastUpdateDate />
      <LastUpdateTime />
    </Product>
    <Product>
      <PriceUpdateDate>2021/12/27 08:46</PriceUpdateDate>
      <ItemCode>7290001567708</ItemCode>
      <ItemType>1</ItemType>
      <ItemName>נקניקיות וינר 400  גר`ללא ח`מ</ItemName>
      <ManufactureName>מעדני יחיעם ( 1993 ) בע`מ</ManufactureName>
      <ManufactureCountry />
      <ManufactureItemDescription />
      <UnitQty>'יח</UnitQty>
      <Quantity>4</Quantity>
      <UnitMeasure>ל-100 גרם</UnitMeasure>
      <BisWeighted>0</BisWeighted>
      <QtyInPackage>1</QtyInPackage>
      <ItemPrice>14.90</ItemPrice>
      <UnitOfMeasurePrice>3.73</UnitOfMeasurePrice>
      <AllowDiscount>0</AllowDiscount>
      <itemStatus>1</itemStatus>
      <LastUpdateDate />
      <LastUpdateTime />
    </Product>
    <Product>
      <PriceUpdateDate>2022/09/18 13:44</PriceUpdateDate>
      <ItemCode>7290001567760</ItemCode>
      <ItemType>1</ItemType>
      <ItemName>פסטרמה של פעם 300 גרם לח`מ</ItemName>
      <ManufactureName>מעדני יחיעם ( 1993 ) בע`מ</ManufactureName>
      <ManufactureCountry />
      <ManufactureItemDescription />
      <UnitQty>'יח</UnitQty>
      <Quantity>3</Quantity>
      <UnitMeasure>ל-100 גרם</UnitMeasure>
      <BisWeighted>0</BisWeighted>
      <QtyInPackage>1</QtyInPackage>
      <ItemPrice>29.90</ItemPrice>
      <UnitOfMeasurePrice>9.97</UnitOfMeasurePrice>
      <AllowDiscount>1</AllowDiscount>
      <itemStatus>1</itemStatus>
      <LastUpdateDate />
      <LastUpdateTime />
    </Product>
    <Product>
      <PriceUpdateDate>2022/09/18 13:44</PriceUpdateDate>
      <ItemCode>7290001567791</ItemCode>
      <ItemType>1</ItemType>
      <ItemName>פסטרמה רומנית 250 גרם לח`מ</ItemName>
      <ManufactureName>מעדני יחיעם ( 1993 ) בע`מ</ManufactureName>
      <ManufactureCountry />
      <ManufactureItemDescription />
      <UnitQty>'יח</UnitQty>
      <Quantity>2.50</Quantity>
      <UnitMeasure>ל-100 גרם</UnitMeasure>
      <BisWeighted>0</BisWeighted>
      <QtyInPackage>1</QtyInPackage>
      <ItemPrice>29.90</ItemPrice>
      <UnitOfMeasurePrice>11.96</UnitOfMeasurePrice>
      <AllowDiscount>1</AllowDiscount>
      <itemStatus>1</itemStatus>
      <LastUpdateDate />
      <LastUpdateTime />
    </Product>
    <Product>
      <PriceUpdateDate>2022/09/18 13:44</PriceUpdateDate>
      <ItemCode>7290001567807</ItemCode>
      <ItemType>1</ItemType>
      <ItemName>כתף בקר מעושן 250 גרם לח`מ</ItemName>
      <ManufactureName>מעדני יחיעם ( 1993 ) בע`מ</ManufactureName>
      <ManufactureCountry />
      <ManufactureItemDescription />
      <UnitQty>'יח</UnitQty>
      <Quantity>2.50</Quantity>
      <UnitMeasure>ל-100 גרם</UnitMeasure>
      <BisWeighted>0</BisWeighted>
      <QtyInPackage>1</QtyInPackage>
      <ItemPrice>29.90</ItemPrice>
      <UnitOfMeasurePrice>11.96</UnitOfMeasurePrice>
      <AllowDiscount>1</AllowDiscount>
      <itemStatus>1</itemStatus>
      <LastUpdateDate />
      <LastUpdateTime />
    </Product>
    <Product>
      <PriceUpdateDate>2021/12/26 16:01</PriceUpdateDate>
      <ItemCode>7290001567814</ItemCode>
      <ItemType>1</ItemType>
      <ItemName>סלמי מעושן בסגנון איטלקי 300 גרם</ItemName>
      <ManufactureName>מעדני יחיעם ( 1993 ) בע`מ</ManufactureName>
      <ManufactureCountry />
      <ManufactureItemDescription />
      <UnitQty>'יח</UnitQty>
      <Quantity>3</Quantity>
      <UnitMeasure>ל-100 גרם</UnitMeasure>
      <BisWeighted>0</BisWeighted>
      <QtyInPackage>1</QtyInPackage>
      <ItemPrice>19.90</ItemPrice>
      <UnitOfMeasurePrice>6.63</UnitOfMeasurePrice>
      <AllowDiscount>0</AllowDiscount>
      <itemStatus>1</itemStatus>
      <LastUpdateDate />
      <LastUpdateTime />
    </Product>
    <Product>
      <PriceUpdateDate>2019/01/16 14:38</PriceUpdateDate>
      <ItemCode>1567906</ItemCode>
      <ItemType>0</ItemType>
      <ItemName>פסטרמה מעודנת 200 גרם</ItemName>
      <ManufactureName>מעדני יחיעם ( 1993 ) בע`מ</ManufactureName>
      <ManufactureCountry />
      <ManufactureItemDescription />
      <UnitQty>'יח</UnitQty>
      <Quantity>2</Quantity>
      <UnitMeasure>ל-100 גרם</UnitMeasure>
      <BisWeighted>0</BisWeighted>
      <QtyInPackage>1</QtyInPackage>
      <ItemPrice>12.90</ItemPrice>
      <UnitOfMeasurePrice>6.45</UnitOfMeasurePrice>
      <AllowDiscount>0</AllowDiscount>
      <itemStatus>1</itemStatus>
      <LastUpdateDate />
      <LastUpdateTime />
    </Product>
    <Product>
      <PriceUpdateDate>2019/01/16 14:38</PriceUpdateDate>
      <ItemCode>1567937</ItemCode>
      <ItemType>0</ItemType>
      <ItemName>נקניק איטלקי מפולפל 200 גר`</ItemName>
      <ManufactureName>מעדני יחיעם ( 1993 ) בע`מ</ManufactureName>
      <ManufactureCountry />
      <ManufactureItemDescription />
      <UnitQty>'יח</UnitQty>
      <Quantity>2</Quantity>
      <UnitMeasure>ל-100 גרם</UnitMeasure>
      <BisWeighted>0</BisWeighted>
      <QtyInPackage>1</QtyInPackage>
      <ItemPrice>12.90</ItemPrice>
      <UnitOfMeasurePrice>6.45</UnitOfMeasurePrice>
      <AllowDiscount>0</AllowDiscount>
      <itemStatus>1</itemStatus>
      <LastUpdateDate />
      <LastUpdateTime />
    </Product>
    <Product>
      <PriceUpdateDate>2022/01/03 13:00</PriceUpdateDate>
      <ItemCode>7290001594155</ItemCode>
      <ItemType>1</ItemType>
      <ItemName>קוקה קולה בקבוק 500 מ"ל</ItemName>
      <ManufactureName>החברה המרכזית להפצת משקאות בע`</ManufactureName>
      <ManufactureCountry />
      <ManufactureItemDescription />
      <UnitQty>'יח</UnitQty>
      <Quantity>5</Quantity>
      <UnitMeasure>ל-100 מ"ל</UnitMeasure>
      <BisWeighted>0</BisWeighted>
      <QtyInPackage>24</QtyInPackage>
      <ItemPrice>5.80</ItemPrice>
      <UnitOfMeasurePrice>1.10</UnitOfMeasurePrice>
      <AllowDiscount>0</AllowDiscount>
      <itemStatus>1</itemStatus>
      <LastUpdateDate />
      <LastUpdateTime />
    </Product>
    <Product>
      <PriceUpdateDate>2019/01/16 14:38</PriceUpdateDate>
      <ItemCode>7290001594230</ItemCode>
      <ItemType>1</ItemType>
      <ItemName>קנלי סודה פקק מתברג 250 מל</ItemName>
      <ManufactureName>החברה המרכזית להפצת משקאות בע`</ManufactureName>
      <ManufactureCountry />
      <ManufactureItemDescription />
      <UnitQty>'יח</UnitQty>
      <Quantity>2.50</Quantity>
      <UnitMeasure>ל-100 מ"ל</UnitMeasure>
      <BisWeighted>0</BisWeighted>
      <QtyInPackage>24</QtyInPackage>
      <ItemPrice>3.40</ItemPrice>
      <UnitOfMeasurePrice>1.24</UnitOfMeasurePrice>
      <AllowDiscount>0</AllowDiscount>
      <itemStatus>1</itemStatus>
      <LastUpdateDate />
      <LastUpdateTime />
    </Product>
    <Product>
      <PriceUpdateDate>2019/07/03 08:47</PriceUpdateDate>
      <ItemCode>1594568</ItemCode>
      <ItemType>0</ItemType>
      <ItemName>בירה קרלסברג פחית להחזרה 500 מל</ItemName>
      <ManufactureName>החברה המרכזית להפצת משקאות בע`</ManufactureName>
      <ManufactureCountry />
      <ManufactureItemDescription />
      <UnitQty>'יח</UnitQty>
      <Quantity>5</Quantity>
      <UnitMeasure>ל-100 מ"ל</UnitMeasure>
      <BisWeighted>0</BisWeighted>
      <QtyInPackage>24</QtyInPackage>
      <ItemPrice>9.20</ItemPrice>
      <UnitOfMeasurePrice>1.78</UnitOfMeasurePrice>
      <AllowDiscount>0</AllowDiscount>
      <itemStatus>1</itemStatus>
      <LastUpdateDate />
      <LastUpdateTime />
    </Product>
    <Product>
      <PriceUpdateDate>2019/07/03 08:47</PriceUpdateDate>
      <ItemCode>1594575</ItemCode>
      <ItemType>0</ItemType>
      <ItemName>בירה טובורג פחית להחזרה 500 מל</ItemName>
      <ManufactureName>החברה המרכזית להפצת משקאות בע`</ManufactureName>
      <ManufactureCountry />
      <ManufactureItemDescription />
      <UnitQty>'יח</UnitQty>
      <Quantity>5</Quantity>
      <UnitMeasure>ל-100 מ"ל</UnitMeasure>
      <BisWeighted>0</BisWeighted>
      <QtyInPackage>24</QtyInPackage>
      <ItemPrice>8.90</ItemPrice>
      <UnitOfMeasurePrice>1.72</UnitOfMeasurePrice>
      <AllowDiscount>1</AllowDiscount>
      <itemStatus>1</itemStatus>
      <LastUpdateDate />
      <LastUpdateTime />
    </Product>
    <Product>
      <PriceUpdateDate>2022/07/12 08:16</PriceUpdateDate>
      <ItemCode>1594810</ItemCode>
      <ItemType>0</ItemType>
      <ItemName>בירה שחורה מאלטי בקבוק 6*330מל</ItemName>
      <ManufactureName>החברה המרכזית להפצת משקאות בע`</ManufactureName>
      <ManufactureCountry />
      <ManufactureItemDescription />
      <UnitQty>'יח</UnitQty>
      <Quantity>15</Quantity>
      <UnitMeasure>ל-100 מ"ל</UnitMeasure>
      <BisWeighted>0</BisWeighted>
      <QtyInPackage>4</QtyInPackage>
      <ItemPrice>29.90</ItemPrice>
      <UnitOfMeasurePrice>1.87</UnitOfMeasurePrice>
      <AllowDiscount>1</AllowDiscount>
      <itemStatus>1</itemStatus>
      <LastUpdateDate />
      <LastUpdateTime />
    </Product>
    <Product>
      <PriceUpdateDate>2020/12/28 08:38</PriceUpdateDate>
      <ItemCode>1594858</ItemCode>
      <ItemType>0</ItemType>
      <ItemName>בירה טובורג בקבוק להחזרה 6*330 מל</ItemName>
      <ManufactureName>החברה המרכזית להפצת משקאות בע`</ManufactureName>
      <ManufactureCountry />
      <ManufactureItemDescription />
      <UnitQty>'יח</UnitQty>
      <Quantity>19.80</Quantity>
      <UnitMeasure>ל-100 מ"ל</UnitMeasure>
      <BisWeighted>0</BisWeighted>
      <QtyInPackage>4</QtyInPackage>
      <ItemPrice>34.90</ItemPrice>
      <UnitOfMeasurePrice>1.67</UnitOfMeasurePrice>
      <AllowDiscount>1</AllowDiscount>
      <itemStatus>1</itemStatus>
      <LastUpdateDate />
      <LastUpdateTime />
    </Product>
    <Product>
      <PriceUpdateDate>2020/12/28 08:38</PriceUpdateDate>
      <ItemCode>1594865</ItemCode>
      <ItemType>0</ItemType>
      <ItemName>בירה קרלסברג בקבוק 6*330 מ``</ItemName>
      <ManufactureName>החברה המרכזית להפצת משקאות בע`</ManufactureName>
      <ManufactureCountry />
      <ManufactureItemDescription />
      <UnitQty>'יח</UnitQty>
      <Quantity>19.80</Quantity>
      <UnitMeasure>ל-100 מ"ל</UnitMeasure>
      <BisWeighted>0</BisWeighted>
      <QtyInPackage>4</QtyInPackage>
      <ItemPrice>34.90</ItemPrice>
      <UnitOfMeasurePrice>1.67</UnitOfMeasurePrice>
      <AllowDiscount>1</AllowDiscount>
      <itemStatus>1</itemStatus>
      <LastUpdateDate />
      <LastUpdateTime />
    </Product>
    <Product>
      <PriceUpdateDate>2021/11/15 15:15</PriceUpdateDate>
      <ItemCode>7290001670057</ItemCode>
      <ItemType>1</ItemType>
      <ItemName>כפיות חד פעמי 100 יח`</ItemName>
      <ManufactureName>הנמל אריזות ושיווק 1984 בע`מ</ManufactureName>
      <ManufactureCountry />
      <ManufactureItemDescription />
      <UnitQty>'יח</UnitQty>
      <Quantity>1</Quantity>
      <UnitMeasure />
      <BisWeighted>0</BisWeighted>
      <QtyInPackage>30</QtyInPackage>
      <ItemPrice>10.90</ItemPrice>
      <UnitOfMeasurePrice>10.90</UnitOfMeasurePrice>
      <AllowDiscount>1</AllowDiscount>
      <itemStatus>1</itemStatus>
      <LastUpdateDate />
      <LastUpdateTime />
    </Product>
    <Product>
      <PriceUpdateDate>2021/11/04 10:28</PriceUpdateDate>
      <ItemCode>7290001670071</ItemCode>
      <ItemType>1</ItemType>
      <ItemName>כפות חד פעמיות 100 יח</ItemName>
      <ManufactureName>הנמל אריזות ושיווק 1984 בע`מ</ManufactureName>
      <ManufactureCountry />
      <ManufactureItemDescription />
      <UnitQty>'יח</UnitQty>
      <Quantity>1</Quantity>
      <UnitMeasure />
      <BisWeighted>0</BisWeighted>
      <QtyInPackage>30</QtyInPackage>
      <ItemPrice>12.90</ItemPrice>
      <UnitOfMeasurePrice>12.90</UnitOfMeasurePrice>
      <AllowDiscount>1</AllowDiscount>
      <itemStatus>1</itemStatus>
      <LastUpdateDate />
      <LastUpdateTime />
    </Product>
    <Product>
      <PriceUpdateDate>2021/11/01 15:00</PriceUpdateDate>
      <ItemCode>1670255</ItemCode>
      <ItemType>0</ItemType>
      <ItemName>כוסות חד פעמי שתיה חמה</ItemName>
      <ManufactureName>הנמל אריזות ושיווק 1984 בע`מ</ManufactureName>
      <ManufactureCountry />
      <ManufactureItemDescription />
      <UnitQty>'יח</UnitQty>
      <Quantity>1</Quantity>
      <UnitMeasure />
      <BisWeighted>0</BisWeighted>
      <QtyInPackage>1</QtyInPackage>
      <ItemPrice>13.90</ItemPrice>
      <UnitOfMeasurePrice>13.90</UnitOfMeasurePrice>
      <AllowDiscount>0</AllowDiscount>
      <itemStatus>1</itemStatus>
      <LastUpdateDate />
      <LastUpdateTime />
    </Product>
    <Product>
      <PriceUpdateDate>2021/06/06 15:03</PriceUpdateDate>
      <ItemCode>7290001670385</ItemCode>
      <ItemType>1</ItemType>
      <ItemName>מפיות ארועים חד שכבתי 100 יחידות</ItemName>
      <ManufactureName>הנמל אריזות ושיווק 1984 בע`מ</ManufactureName>
      <ManufactureCountry />
      <ManufactureItemDescription />
      <UnitQty>'יח</UnitQty>
      <Quantity>1</Quantity>
      <UnitMeasure />
      <BisWeighted>0</BisWeighted>
      <QtyInPackage>1</QtyInPackage>
      <ItemPrice>5.90</ItemPrice>
      <UnitOfMeasurePrice>5.90</UnitOfMeasurePrice>
      <AllowDiscount>0</AllowDiscount>
      <itemStatus>1</itemStatus>
      <LastUpdateDate />
      <LastUpdateTime />
    </Product>
    <Product>
      <PriceUpdateDate>2022/10/19 21:02</PriceUpdateDate>
      <ItemCode>7290001670521</ItemCode>
      <ItemType>1</ItemType>
      <ItemName>מלית תפוחים וקינמון 400 גרם</ItemName>
      <ManufactureName>הנמל אריזות ושיווק 1984 בע`מ</ManufactureName>
      <ManufactureCountry />
      <ManufactureItemDescription />
      <UnitQty>'יח</UnitQty>
      <Quantity>4</Quantity>
      <UnitMeasure>ל-100 גרם</UnitMeasure>
      <BisWeighted>0</BisWeighted>
      <QtyInPackage>6</QtyInPackage>
      <ItemPrice>12.90</ItemPrice>
      <UnitOfMeasurePrice>3.23</UnitOfMeasurePrice>
      <AllowDiscount>1</AllowDiscount>
      <itemStatus>1</itemStatus>
      <LastUpdateDate />
      <LastUpdateTime />
    </Product>
    <Product>
      <PriceUpdateDate>2019/01/16 14:38</PriceUpdateDate>
      <ItemCode>1670668</ItemCode>
      <ItemType>0</ItemType>
      <ItemName>קרחונית 12 יח`</ItemName>
      <ManufactureName>הנמל אריזות ושיווק 1984 בע`מ</ManufactureName>
      <ManufactureCountry />
      <ManufactureItemDescription />
      <UnitQty>'יח</UnitQty>
      <Quantity>1</Quantity>
      <UnitMeasure />
      <BisWeighted>0</BisWeighted>
      <QtyInPackage>24</QtyInPackage>
      <ItemPrice>4.90</ItemPrice>
      <UnitOfMeasurePrice>4.90</UnitOfMeasurePrice>
      <AllowDiscount>0</AllowDiscount>
      <itemStatus>1</itemStatus>
      <LastUpdateDate />
      <LastUpdateTime />
    </Product>
    <Product>
      <PriceUpdateDate>2021/11/15 15:15</PriceUpdateDate>
      <ItemCode>7290001670873</ItemCode>
      <ItemType>1</ItemType>
      <ItemName>צלחות לבנות עבות במיוחד 66 יח`</ItemName>
      <ManufactureName>הנמל אריזות ושיווק 1984 בע`מ</ManufactureName>
      <ManufactureCountry />
      <ManufactureItemDescription />
      <UnitQty>'יח</UnitQty>
      <Quantity>1</Quantity>
      <UnitMeasure>'יח</UnitMeasure>
      <BisWeighted>0</BisWeighted>
      <QtyInPackage>10</QtyInPackage>
      <ItemPrice>39.90</ItemPrice>
      <UnitOfMeasurePrice>39.90</UnitOfMeasurePrice>
      <AllowDiscount>0</AllowDiscount>
      <itemStatus>1</itemStatus>
      <LastUpdateDate />
      <LastUpdateTime />
    </Product>
    <Product>
      <PriceUpdateDate>2019/01/16 14:38</PriceUpdateDate>
      <ItemCode>1696071</ItemCode>
      <ItemType>0</ItemType>
      <ItemName>שקד מולבן שבבים 100 גר`</ItemName>
      <ManufactureName>בוטנת בעמ חברה לקלייה ואריזת פ</ManufactureName>
      <ManufactureCountry />
      <ManufactureItemDescription />
      <UnitQty>'יח</UnitQty>
      <Quantity>2.50</Quantity>
      <UnitMeasure>ל-100 גרם</UnitMeasure>
      <BisWeighted>0</BisWeighted>
      <QtyInPackage>1</QtyInPackage>
      <ItemPrice>11.30</ItemPrice>
      <UnitOfMeasurePrice>4.52</UnitOfMeasurePrice>
      <AllowDiscount>0</AllowDiscount>
      <itemStatus>1</itemStatus>
      <LastUpdateDate />
      <LastUpdateTime />
    </Product>
    <Product>
      <PriceUpdateDate>2020/03/15 19:26</PriceUpdateDate>
      <ItemCode>7290001696620</ItemCode>
      <ItemType>1</ItemType>
      <ItemName>מיקס 350 גרם</ItemName>
      <ManufactureName>בוטנת בעמ חברה לקלייה ואריזת פ</ManufactureName>
      <ManufactureCountry />
      <ManufactureItemDescription />
      <UnitQty>'יח</UnitQty>
      <Quantity>3.50</Quantity>
      <UnitMeasure>ל-100 גרם</UnitMeasure>
      <BisWeighted>0</BisWeighted>
      <QtyInPackage>1</QtyInPackage>
      <ItemPrice>11.90</ItemPrice>
      <UnitOfMeasurePrice>3.40</UnitOfMeasurePrice>
      <AllowDiscount>0</AllowDiscount>
      <itemStatus>1</itemStatus>
      <LastUpdateDate />
      <LastUpdateTime />
    </Product>
    <Product>
      <PriceUpdateDate>2022/08/22 20:45</PriceUpdateDate>
      <ItemCode>7290001696729</ItemCode>
      <ItemType>1</ItemType>
      <ItemName>פקאן טבעי 100 גרם</ItemName>
      <ManufactureName>בוטנת בעמ חברה לקלייה ואריזת פ</ManufactureName>
      <ManufactureCountry />
      <ManufactureItemDescription />
      <UnitQty>'יח</UnitQty>
      <Quantity>1</Quantity>
      <UnitMeasure />
      <BisWeighted>0</BisWeighted>
      <QtyInPackage>1</QtyInPackage>
      <ItemPrice>16.90</ItemPrice>
      <UnitOfMeasurePrice>16.90</UnitOfMeasurePrice>
      <AllowDiscount>1</AllowDiscount>
      <itemStatus>1</itemStatus>
      <LastUpdateDate />
      <LastUpdateTime />
    </Product>
    <Product>
      <PriceUpdateDate>2019/01/16 14:38</PriceUpdateDate>
      <ItemCode>7290001696989</ItemCode>
      <ItemType>1</ItemType>
      <ItemName>גרעינים שחורים ללא מלח</ItemName>
      <ManufactureName>בוטנת בעמ חברה לקלייה ואריזת פ</ManufactureName>
      <ManufactureCountry />
      <ManufactureItemDescription />
      <UnitQty>'יח</UnitQty>
      <Quantity>2</Quantity>
      <UnitMeasure>ל-100 גרם</UnitMeasure>
      <BisWeighted>0</BisWeighted>
      <QtyInPackage>1</QtyInPackage>
      <ItemPrice>7.40</ItemPrice>
      <UnitOfMeasurePrice>3.70</UnitOfMeasurePrice>
      <AllowDiscount>0</AllowDiscount>
      <itemStatus>1</itemStatus>
      <LastUpdateDate />
      <LastUpdateTime />
    </Product>
    <Product>
      <PriceUpdateDate>2021/11/28 18:15</PriceUpdateDate>
      <ItemCode>1713150</ItemCode>
      <ItemType>0</ItemType>
      <ItemName>מתז אקונומיקה קצף לימון 1 ליטר</ItemName>
      <ManufactureName>קומפלקס כימקלים בעמ`</ManufactureName>
      <ManufactureCountry />
      <ManufactureItemDescription />
      <UnitQty>'יח</UnitQty>
      <Quantity>1</Quantity>
      <UnitMeasure />
      <BisWeighted>0</BisWeighted>
      <QtyInPackage>1</QtyInPackage>
      <ItemPrice>9.90</ItemPrice>
      <UnitOfMeasurePrice>9.90</UnitOfMeasurePrice>
      <AllowDiscount>1</AllowDiscount>
      <itemStatus>1</itemStatus>
      <LastUpdateDate />
      <LastUpdateTime />
    </Product>
    <Product>
      <PriceUpdateDate>2019/11/28 08:54</PriceUpdateDate>
      <ItemCode>1713167</ItemCode>
      <ItemType>0</ItemType>
      <ItemName>מתז קצף ניקוי 1 ליטר</ItemName>
      <ManufactureName>קומפלקס כימקלים בעמ`</ManufactureName>
      <ManufactureCountry />
      <ManufactureItemDescription />
      <UnitQty>'יח</UnitQty>
      <Quantity>1</Quantity>
      <UnitMeasure />
      <BisWeighted>0</BisWeighted>
      <QtyInPackage>1</QtyInPackage>
      <ItemPrice>9.90</ItemPrice>
      <UnitOfMeasurePrice>9.90</UnitOfMeasurePrice>
      <AllowDiscount>1</AllowDiscount>
      <itemStatus>1</itemStatus>
      <LastUpdateDate />
      <LastUpdateTime />
    </Product>
    <Product>
      <PriceUpdateDate>2022/02/15 11:52</PriceUpdateDate>
      <ItemCode>7290001780428</ItemCode>
      <ItemType>1</ItemType>
      <ItemName>שלגוני שוקולד לייט 6*50 גרם</ItemName>
      <ManufactureName>נגה גלידות שותפות מוגבלת</ManufactureName>
      <ManufactureCountry />
      <ManufactureItemDescription />
      <UnitQty>'יח</UnitQty>
      <Quantity>0.50</Quantity>
      <UnitMeasure>ל-100 גרם</UnitMeasure>
      <BisWeighted>0</BisWeighted>
      <QtyInPackage>1</QtyInPackage>
      <ItemPrice>27.90</ItemPrice>
      <UnitOfMeasurePrice>55.80</UnitOfMeasurePrice>
      <AllowDiscount>0</AllowDiscount>
      <itemStatus>1</itemStatus>
      <LastUpdateDate />
      <LastUpdateTime />
    </Product>
    <Product>
      <PriceUpdateDate>2022/03/27 09:40</PriceUpdateDate>
      <ItemCode>7290001791349</ItemCode>
      <ItemType>1</ItemType>
      <ItemName>פיסגה אקונומיקה ריחנית 4 ליטר</ItemName>
      <ManufactureName>החב. הדרומית לשיווק</ManufactureName>
      <ManufactureCountry />
      <ManufactureItemDescription />
      <UnitQty>'יח</UnitQty>
      <Quantity>4</Quantity>
      <UnitMeasure>לליטר</UnitMeasure>
      <BisWeighted>0</BisWeighted>
      <QtyInPackage>6</QtyInPackage>
      <ItemPrice>11.90</ItemPrice>
      <UnitOfMeasurePrice>2.98</UnitOfMeasurePrice>
      <AllowDiscount>1</AllowDiscount>
      <itemStatus>1</itemStatus>
      <LastUpdateDate />
      <LastUpdateTime />
    </Product>
    <Product>
      <PriceUpdateDate>2021/12/30 18:57</PriceUpdateDate>
      <ItemCode>7290001791363</ItemCode>
      <ItemType>1</ItemType>
      <ItemName>סנו פרש אוטומטיק וניל 250 מל</ItemName>
      <ManufactureName>החב. הדרומית לשיווק</ManufactureName>
      <ManufactureCountry />
      <ManufactureItemDescription />
      <UnitQty>'יח</UnitQty>
      <Quantity>2.50</Quantity>
      <UnitMeasure>ל-100 מ"ל</UnitMeasure>
      <BisWeighted>0</BisWeighted>
      <QtyInPackage>1</QtyInPackage>
      <ItemPrice>14.90</ItemPrice>
      <UnitOfMeasurePrice>5.96</UnitOfMeasurePrice>
      <AllowDiscount>0</AllowDiscount>
      <itemStatus>1</itemStatus>
      <LastUpdateDate />
      <LastUpdateTime />
    </Product>
    <Product>
      <PriceUpdateDate>2019/07/03 08:47</PriceUpdateDate>
      <ItemCode>7290001813454</ItemCode>
      <ItemType>1</ItemType>
      <ItemName>עוגיות חיוכים של שוקו 6  יח `900גרם</ItemName>
      <ManufactureName>שטראוס גרופ בע`מ</ManufactureName>
      <ManufactureCountry />
      <ManufactureItemDescription />
      <UnitQty>'יח</UnitQty>
      <Quantity>9</Quantity>
      <UnitMeasure>ל-100 גרם</UnitMeasure>
      <BisWeighted>0</BisWeighted>
      <QtyInPackage>6</QtyInPackage>
      <ItemPrice>21.90</ItemPrice>
      <UnitOfMeasurePrice>2.43</UnitOfMeasurePrice>
      <AllowDiscount>0</AllowDiscount>
      <itemStatus>1</itemStatus>
      <LastUpdateDate />
      <LastUpdateTime />
    </Product>
    <Product>
      <PriceUpdateDate>2019/07/03 08:47</PriceUpdateDate>
      <ItemCode>1813478</ItemCode>
      <ItemType>0</ItemType>
      <ItemName>עוגיות חיוכים וניל 6  יח `900גרם</ItemName>
      <ManufactureName>שטראוס גרופ בע`מ</ManufactureName>
      <ManufactureCountry />
      <ManufactureItemDescription />
      <UnitQty>'יח</UnitQty>
      <Quantity>9</Quantity>
      <UnitMeasure>ל-100 גרם</UnitMeasure>
      <BisWeighted>0</BisWeighted>
      <QtyInPackage>6</QtyInPackage>
      <ItemPrice>21.90</ItemPrice>
      <UnitOfMeasurePrice>2.43</UnitOfMeasurePrice>
      <AllowDiscount>0</AllowDiscount>
      <itemStatus>1</itemStatus>
      <LastUpdateDate />
      <LastUpdateTime />
    </Product>
    <Product>
      <PriceUpdateDate>2022/07/20 20:07</PriceUpdateDate>
      <ItemCode>7290001817728</ItemCode>
      <ItemType>1</ItemType>
      <ItemName>צ`יטוס כאפה בטעם קטשופ 55 גרם</ItemName>
      <ManufactureName>שטראוס פריטו ליי בע`מ</ManufactureName>
      <ManufactureCountry />
      <ManufactureItemDescription />
      <UnitQty>'יח</UnitQty>
      <Quantity>0.55</Quantity>
      <UnitMeasure>ל-100 גרם</UnitMeasure>
      <BisWeighted>0</BisWeighted>
      <QtyInPackage>1</QtyInPackage>
      <ItemPrice>3.90</ItemPrice>
      <UnitOfMeasurePrice>7.09</UnitOfMeasurePrice>
      <AllowDiscount>1</AllowDiscount>
      <itemStatus>1</itemStatus>
      <LastUpdateDate />
      <LastUpdateTime />
    </Product>
    <Product>
      <PriceUpdateDate>2022/11/01 11:47</PriceUpdateDate>
      <ItemCode>1835340</ItemCode>
      <ItemType>0</ItemType>
      <ItemName>פרמיו לבבות 100 גרם</ItemName>
      <ManufactureName>שחורי אריה ואנסטסיה</ManufactureName>
      <ManufactureCountry />
      <ManufactureItemDescription />
      <UnitQty>'יח</UnitQty>
      <Quantity>1</Quantity>
      <UnitMeasure>ל-100 גרם</UnitMeasure>
      <BisWeighted>0</BisWeighted>
      <QtyInPackage>1</QtyInPackage>
      <ItemPrice>16.90</ItemPrice>
      <UnitOfMeasurePrice>16.90</UnitOfMeasurePrice>
      <AllowDiscount>0</AllowDiscount>
      <itemStatus>1</itemStatus>
      <LastUpdateDate />
      <LastUpdateTime />
    </Product>
    <Product>
      <PriceUpdateDate>2022/11/01 11:47</PriceUpdateDate>
      <ItemCode>1835357</ItemCode>
      <ItemType>0</ItemType>
      <ItemName>פרמיו מיני 100 ג</ItemName>
      <ManufactureName>שחורי אריה ואנסטסיה</ManufactureName>
      <ManufactureCountry />
      <ManufactureItemDescription />
      <UnitQty>'יח</UnitQty>
      <Quantity>1</Quantity>
      <UnitMeasure>ל-100 גרם</UnitMeasure>
      <BisWeighted>0</BisWeighted>
      <QtyInPackage>1</QtyInPackage>
      <ItemPrice>16.90</ItemPrice>
      <UnitOfMeasurePrice>16.90</UnitOfMeasurePrice>
      <AllowDiscount>0</AllowDiscount>
      <itemStatus>1</itemStatus>
      <LastUpdateDate />
      <LastUpdateTime />
    </Product>
    <Product>
      <PriceUpdateDate>2022/11/01 11:47</PriceUpdateDate>
      <ItemCode>1835364</ItemCode>
      <ItemType>0</ItemType>
      <ItemName>פרמיו חטיפי ברווז מובחרים</ItemName>
      <ManufactureName>שחורי אריה ואנסטסיה</ManufactureName>
      <ManufactureCountry />
      <ManufactureItemDescription />
      <UnitQty>'יח</UnitQty>
      <Quantity>1</Quantity>
      <UnitMeasure>ל-100 גרם</UnitMeasure>
      <BisWeighted>0</BisWeighted>
      <QtyInPackage>1</QtyInPackage>
      <ItemPrice>16.90</ItemPrice>
      <UnitOfMeasurePrice>16.90</UnitOfMeasurePrice>
      <AllowDiscount>0</AllowDiscount>
      <itemStatus>1</itemStatus>
      <LastUpdateDate />
      <LastUpdateTime />
    </Product>
    <Product>
      <PriceUpdateDate>2022/11/01 11:46</PriceUpdateDate>
      <ItemCode>1835388</ItemCode>
      <ItemType>0</ItemType>
      <ItemName>פרמיו חטיף סטריפס לכלב 85גר</ItemName>
      <ManufactureName>שחורי אריה ואנסטסיה</ManufactureName>
      <ManufactureCountry />
      <ManufactureItemDescription />
      <UnitQty>'יח</UnitQty>
      <Quantity>0.85</Quantity>
      <UnitMeasure>ל-100 גרם</UnitMeasure>
      <BisWeighted>0</BisWeighted>
      <QtyInPackage>1</QtyInPackage>
      <ItemPrice>14.90</ItemPrice>
      <UnitOfMeasurePrice>17.53</UnitOfMeasurePrice>
      <AllowDiscount>0</AllowDiscount>
      <itemStatus>1</itemStatus>
      <LastUpdateDate />
      <LastUpdateTime />
    </Product>
    <Product>
      <PriceUpdateDate>2022/10/16 09:02</PriceUpdateDate>
      <ItemCode>7290001946121</ItemCode>
      <ItemType>1</ItemType>
      <ItemName>פפריקה מתוקה 400 גרם</ItemName>
      <ManufactureName>דין שיווק וקליה 2021 בעמ</ManufactureName>
      <ManufactureCountry />
      <ManufactureItemDescription />
      <UnitQty>'יח</UnitQty>
      <Quantity>4</Quantity>
      <UnitMeasure>ל-100 גרם</UnitMeasure>
      <BisWeighted>0</BisWeighted>
      <QtyInPackage>1</QtyInPackage>
      <ItemPrice>19.90</ItemPrice>
      <UnitOfMeasurePrice>4.98</UnitOfMeasurePrice>
      <AllowDiscount>0</AllowDiscount>
      <itemStatus>1</itemStatus>
      <LastUpdateDate />
      <LastUpdateTime />
    </Product>
    <Product>
      <PriceUpdateDate>2019/07/03 08:47</PriceUpdateDate>
      <ItemCode>7290001990117</ItemCode>
      <ItemType>1</ItemType>
      <ItemName>שומשום 100 גרם</ItemName>
      <ManufactureName>סוגת</ManufactureName>
      <ManufactureCountry />
      <ManufactureItemDescription />
      <UnitQty>'יח</UnitQty>
      <Quantity>1</Quantity>
      <UnitMeasure>ל-100 גרם</UnitMeasure>
      <BisWeighted>0</BisWeighted>
      <QtyInPackage>1</QtyInPackage>
      <ItemPrice>3.90</ItemPrice>
      <UnitOfMeasurePrice>3.90</UnitOfMeasurePrice>
      <AllowDiscount>0</AllowDiscount>
      <itemStatus>1</itemStatus>
      <LastUpdateDate />
      <LastUpdateTime />
    </Product>
    <Product>
      <PriceUpdateDate>2022/01/05 17:19</PriceUpdateDate>
      <ItemCode>1990261</ItemCode>
      <ItemType>0</ItemType>
      <ItemName>חומוס 1 קג`</ItemName>
      <ManufactureName>סוגת</ManufactureName>
      <ManufactureCountry />
      <ManufactureItemDescription />
      <UnitQty>'יח</UnitQty>
      <Quantity>10</Quantity>
      <UnitMeasure>ל-100 גרם</UnitMeasure>
      <BisWeighted>0</BisWeighted>
      <QtyInPackage>1</QtyInPackage>
      <ItemPrice>13.90</ItemPrice>
      <UnitOfMeasurePrice>1.39</UnitOfMeasurePrice>
      <AllowDiscount>0</AllowDiscount>
      <itemStatus>1</itemStatus>
      <LastUpdateDate />
      <LastUpdateTime />
    </Product>
    <Product>
      <PriceUpdateDate>2021/04/11 15:23</PriceUpdateDate>
      <ItemCode>1990278</ItemCode>
      <ItemType>0</ItemType>
      <ItemName>שעועית לבנה 1קג`</ItemName>
      <ManufactureName>סוגת</ManufactureName>
      <ManufactureCountry />
      <ManufactureItemDescription />
      <UnitQty>'יח</UnitQty>
      <Quantity>10</Quantity>
      <UnitMeasure>ל-100 גרם</UnitMeasure>
      <BisWeighted>0</BisWeighted>
      <QtyInPackage>1</QtyInPackage>
      <ItemPrice>16.90</ItemPrice>
      <UnitOfMeasurePrice>1.69</UnitOfMeasurePrice>
      <AllowDiscount>1</AllowDiscount>
      <itemStatus>1</itemStatus>
      <LastUpdateDate />
      <LastUpdateTime />
    </Product>
    <Product>
      <PriceUpdateDate>2021/12/15 15:21</PriceUpdateDate>
      <ItemCode>7290001990407</ItemCode>
      <ItemType>1</ItemType>
      <ItemName>עדשים ירוקים 1 ק*ג</ItemName>
      <ManufactureName>סוגת</ManufactureName>
      <ManufactureCountry />
      <ManufactureItemDescription />
      <UnitQty>'יח</UnitQty>
      <Quantity>10</Quantity>
      <UnitMeasure>ל-100 גרם</UnitMeasure>
      <BisWeighted>0</BisWeighted>
      <QtyInPackage>1</QtyInPackage>
      <ItemPrice>13.90</ItemPrice>
      <UnitOfMeasurePrice>1.39</UnitOfMeasurePrice>
      <AllowDiscount>0</AllowDiscount>
      <itemStatus>1</itemStatus>
      <LastUpdateDate />
      <LastUpdateTime />
    </Product>
    <Product>
      <PriceUpdateDate>2022/01/05 17:19</PriceUpdateDate>
      <ItemCode>7290001990414</ItemCode>
      <ItemType>1</ItemType>
      <ItemName>עדשים אדומים 1 ק*ג</ItemName>
      <ManufactureName>סוגת</ManufactureName>
      <ManufactureCountry />
      <ManufactureItemDescription />
      <UnitQty>'יח</UnitQty>
      <Quantity>10</Quantity>
      <UnitMeasure>ל-100 גרם</UnitMeasure>
      <BisWeighted>0</BisWeighted>
      <QtyInPackage>1</QtyInPackage>
      <ItemPrice>12.90</ItemPrice>
      <UnitOfMeasurePrice>1.29</UnitOfMeasurePrice>
      <AllowDiscount>0</AllowDiscount>
      <itemStatus>1</itemStatus>
      <LastUpdateDate />
      <LastUpdateTime />
    </Product>
    <Product>
      <PriceUpdateDate>2020/09/02 18:43</PriceUpdateDate>
      <ItemCode>7290001990421</ItemCode>
      <ItemType>1</ItemType>
      <ItemName>פופקורן 1 ק*ג</ItemName>
      <ManufactureName>סוגת</ManufactureName>
      <ManufactureCountry />
      <ManufactureItemDescription />
      <UnitQty>'יח</UnitQty>
      <Quantity>10</Quantity>
      <UnitMeasure>ל-100 גרם</UnitMeasure>
      <BisWeighted>0</BisWeighted>
      <QtyInPackage>1</QtyInPackage>
      <ItemPrice>9.90</ItemPrice>
      <UnitOfMeasurePrice>0.99</UnitOfMeasurePrice>
      <AllowDiscount>0</AllowDiscount>
      <itemStatus>1</itemStatus>
      <LastUpdateDate />
      <LastUpdateTime />
    </Product>
    <Product>
      <PriceUpdateDate>2021/01/31 14:59</PriceUpdateDate>
      <ItemCode>7290002000136</ItemCode>
      <ItemType>1</ItemType>
      <ItemName>מגע המשי למיקרו דבש 500 גרם</ItemName>
      <ManufactureName>דנאגיס בעמ</ManufactureName>
      <ManufactureCountry />
      <ManufactureItemDescription />
      <UnitQty>'יח</UnitQty>
      <Quantity>5</Quantity>
      <UnitMeasure>ל-100 גרם</UnitMeasure>
      <BisWeighted>0</BisWeighted>
      <QtyInPackage>1</QtyInPackage>
      <ItemPrice>19.90</ItemPrice>
      <UnitOfMeasurePrice>3.98</UnitOfMeasurePrice>
      <AllowDiscount>1</AllowDiscount>
      <itemStatus>1</itemStatus>
      <LastUpdateDate />
      <LastUpdateTime />
    </Product>
    <Product>
      <PriceUpdateDate>2022/02/21 17:35</PriceUpdateDate>
      <ItemCode>7290002000143</ItemCode>
      <ItemType>1</ItemType>
      <ItemName>קרם ידיים פנג`ל 80 גרם</ItemName>
      <ManufactureName>דנאגיס בעמ</ManufactureName>
      <ManufactureCountry />
      <ManufactureItemDescription />
      <UnitQty>'יח</UnitQty>
      <Quantity>0.80</Quantity>
      <UnitMeasure>ל-100 גרם</UnitMeasure>
      <BisWeighted>0</BisWeighted>
      <QtyInPackage>1</QtyInPackage>
      <ItemPrice>7.90</ItemPrice>
      <UnitOfMeasurePrice>9.88</UnitOfMeasurePrice>
      <AllowDiscount>0</AllowDiscount>
      <itemStatus>1</itemStatus>
      <LastUpdateDate />
      <LastUpdateTime />
    </Product>
    <Product>
      <PriceUpdateDate>2021/01/31 14:59</PriceUpdateDate>
      <ItemCode>7290002000266</ItemCode>
      <ItemType>1</ItemType>
      <ItemName>מגע המשי למיקרו תפוח 500 גרם</ItemName>
      <ManufactureName>דנאגיס בעמ</ManufactureName>
      <ManufactureCountry />
      <ManufactureItemDescription />
      <UnitQty>'יח</UnitQty>
      <Quantity>5</Quantity>
      <UnitMeasure>ל-100 גרם</UnitMeasure>
      <BisWeighted>0</BisWeighted>
      <QtyInPackage>1</QtyInPackage>
      <ItemPrice>19.90</ItemPrice>
      <UnitOfMeasurePrice>3.98</UnitOfMeasurePrice>
      <AllowDiscount>1</AllowDiscount>
      <itemStatus>1</itemStatus>
      <LastUpdateDate />
      <LastUpdateTime />
    </Product>
    <Product>
      <PriceUpdateDate>2021/01/31 14:59</PriceUpdateDate>
      <ItemCode>7290002002857</ItemCode>
      <ItemType>1</ItemType>
      <ItemName>מגע המשי נייר שעווה 50 יח`</ItemName>
      <ManufactureName>דנאגיס בעמ</ManufactureName>
      <ManufactureCountry />
      <ManufactureItemDescription />
      <UnitQty>'יח</UnitQty>
      <Quantity>1</Quantity>
      <UnitMeasure />
      <BisWeighted>0</BisWeighted>
      <QtyInPackage>1</QtyInPackage>
      <ItemPrice>19.90</ItemPrice>
      <UnitOfMeasurePrice>19.90</UnitOfMeasurePrice>
      <AllowDiscount>1</AllowDiscount>
      <itemStatus>1</itemStatus>
      <LastUpdateDate />
      <LastUpdateTime />
    </Product>
    <Product>
      <PriceUpdateDate>2019/10/30 11:35</PriceUpdateDate>
      <ItemCode>2007029</ItemCode>
      <ItemType>0</ItemType>
      <ItemName>קוקוס 100 גרם</ItemName>
      <ManufactureName>הנמל אריזות ושיווק 1984 בע`מ</ManufactureName>
      <ManufactureCountry />
      <ManufactureItemDescription />
      <UnitQty>'יח</UnitQty>
      <Quantity>1</Quantity>
      <UnitMeasure>ל-100 גרם</UnitMeasure>
      <BisWeighted>0</BisWeighted>
      <QtyInPackage>24</QtyInPackage>
      <ItemPrice>3.90</ItemPrice>
      <UnitOfMeasurePrice>3.90</UnitOfMeasurePrice>
      <AllowDiscount>0</AllowDiscount>
      <itemStatus>1</itemStatus>
      <LastUpdateDate />
      <LastUpdateTime />
    </Product>
    <Product>
      <PriceUpdateDate>2019/07/25 09:19</PriceUpdateDate>
      <ItemCode>7290002007234</ItemCode>
      <ItemType>1</ItemType>
      <ItemName>אבקת סוכר 100 גרם</ItemName>
      <ManufactureName>הנמל אריזות ושיווק 1984 בע`מ</ManufactureName>
      <ManufactureCountry />
      <ManufactureItemDescription />
      <UnitQty>'יח</UnitQty>
      <Quantity>1</Quantity>
      <UnitMeasure>ל-100 גרם</UnitMeasure>
      <BisWeighted>0</BisWeighted>
      <QtyInPackage>24</QtyInPackage>
      <ItemPrice>1.70</ItemPrice>
      <UnitOfMeasurePrice>1.70</UnitOfMeasurePrice>
      <AllowDiscount>1</AllowDiscount>
      <itemStatus>1</itemStatus>
      <LastUpdateDate />
      <LastUpdateTime />
    </Product>
    <Product>
      <PriceUpdateDate>2019/07/25 09:19</PriceUpdateDate>
      <ItemCode>7290002007241</ItemCode>
      <ItemType>1</ItemType>
      <ItemName>סודה לשתייה 50 גרם</ItemName>
      <ManufactureName>הנמל אריזות ושיווק 1984 בע`מ</ManufactureName>
      <ManufactureCountry />
      <ManufactureItemDescription />
      <UnitQty>'יח</UnitQty>
      <Quantity>0.50</Quantity>
      <UnitMeasure>ל-100 גרם</UnitMeasure>
      <BisWeighted>0</BisWeighted>
      <QtyInPackage>24</QtyInPackage>
      <ItemPrice>1.70</ItemPrice>
      <UnitOfMeasurePrice>3.40</UnitOfMeasurePrice>
      <AllowDiscount>0</AllowDiscount>
      <itemStatus>1</itemStatus>
      <LastUpdateDate />
      <LastUpdateTime />
    </Product>
    <Product>
      <PriceUpdateDate>2019/07/25 09:19</PriceUpdateDate>
      <ItemCode>7290002007357</ItemCode>
      <ItemType>1</ItemType>
      <ItemName>שקיות לצליה דליקטס מיקרוגל 10 יח</ItemName>
      <ManufactureName>הנמל אריזות ושיווק 1984 בע`מ</ManufactureName>
      <ManufactureCountry />
      <ManufactureItemDescription />
      <UnitQty>'יח</UnitQty>
      <Quantity>1</Quantity>
      <UnitMeasure />
      <BisWeighted>0</BisWeighted>
      <QtyInPackage>40</QtyInPackage>
      <ItemPrice>3.90</ItemPrice>
      <UnitOfMeasurePrice>3.90</UnitOfMeasurePrice>
      <AllowDiscount>1</AllowDiscount>
      <itemStatus>1</itemStatus>
      <LastUpdateDate />
      <LastUpdateTime />
    </Product>
    <Product>
      <PriceUpdateDate>2019/07/25 09:19</PriceUpdateDate>
      <ItemCode>7290002007371</ItemCode>
      <ItemType>1</ItemType>
      <ItemName>פירורית לחם 500 גרם</ItemName>
      <ManufactureName>הנמל אריזות ושיווק 1984 בע`מ</ManufactureName>
      <ManufactureCountry />
      <ManufactureItemDescription />
      <UnitQty>'יח</UnitQty>
      <Quantity>5</Quantity>
      <UnitMeasure>ל-100 גרם</UnitMeasure>
      <BisWeighted>0</BisWeighted>
      <QtyInPackage>24</QtyInPackage>
      <ItemPrice>5.90</ItemPrice>
      <UnitOfMeasurePrice>1.18</UnitOfMeasurePrice>
      <AllowDiscount>0</AllowDiscount>
      <itemStatus>1</itemStatus>
      <LastUpdateDate />
      <LastUpdateTime />
    </Product>
    <Product>
      <PriceUpdateDate>2019/07/25 09:19</PriceUpdateDate>
      <ItemCode>7290002007487</ItemCode>
      <ItemType>1</ItemType>
      <ItemName>צמר פלדה CAPRI</ItemName>
      <ManufactureName>הנמל אריזות ושיווק 1984 בע`מ</ManufactureName>
      <ManufactureCountry />
      <ManufactureItemDescription />
      <UnitQty>'יח</UnitQty>
      <Quantity>1</Quantity>
      <UnitMeasure />
      <BisWeighted>0</BisWeighted>
      <QtyInPackage>50</QtyInPackage>
      <ItemPrice>3.90</ItemPrice>
      <UnitOfMeasurePrice>3.90</UnitOfMeasurePrice>
      <AllowDiscount>0</AllowDiscount>
      <itemStatus>1</itemStatus>
      <LastUpdateDate />
      <LastUpdateTime />
    </Product>
    <Product>
      <PriceUpdateDate>2019/07/25 09:19</PriceUpdateDate>
      <ItemCode>7290002007500</ItemCode>
      <ItemType>1</ItemType>
      <ItemName>קיסמי שיניים במבוק 500 יחידות</ItemName>
      <ManufactureName>הנמל אריזות ושיווק 1984 בע`מ</ManufactureName>
      <ManufactureCountry />
      <ManufactureItemDescription />
      <UnitQty>'יח</UnitQty>
      <Quantity>0</Quantity>
      <UnitMeasure>ל-100 גרם</UnitMeasure>
      <BisWeighted>0</BisWeighted>
      <QtyInPackage>30</QtyInPackage>
      <ItemPrice>2.90</ItemPrice>
      <UnitOfMeasurePrice>2.90</UnitOfMeasurePrice>
      <AllowDiscount>0</AllowDiscount>
      <itemStatus>1</itemStatus>
      <LastUpdateDate />
      <LastUpdateTime />
    </Product>
    <Product>
      <PriceUpdateDate>2019/07/25 09:19</PriceUpdateDate>
      <ItemCode>7290002007715</ItemCode>
      <ItemType>1</ItemType>
      <ItemName>סיר אלומיניום ענק 1 יח`</ItemName>
      <ManufactureName>הנמל אריזות ושיווק 1984 בע`מ</ManufactureName>
      <ManufactureCountry />
      <ManufactureItemDescription />
      <UnitQty>'יח</UnitQty>
      <Quantity>1</Quantity>
      <UnitMeasure />
      <BisWeighted>0</BisWeighted>
      <QtyInPackage>1</QtyInPackage>
      <ItemPrice>14.90</ItemPrice>
      <UnitOfMeasurePrice>14.90</UnitOfMeasurePrice>
      <AllowDiscount>0</AllowDiscount>
      <itemStatus>1</itemStatus>
      <LastUpdateDate />
      <LastUpdateTime />
    </Product>
    <Product>
      <PriceUpdateDate>2019/07/25 09:19</PriceUpdateDate>
      <ItemCode>2007746</ItemCode>
      <ItemType>0</ItemType>
      <ItemName>צבע מאכל כחול 55 מ``ל</ItemName>
      <ManufactureName>הנמל אריזות ושיווק 1984 בע`מ</ManufactureName>
      <ManufactureCountry />
      <ManufactureItemDescription />
      <UnitQty>'יח</UnitQty>
      <Quantity>0.55</Quantity>
      <UnitMeasure>ל-100 מ"ל</UnitMeasure>
      <BisWeighted>0</BisWeighted>
      <QtyInPackage>1</QtyInPackage>
      <ItemPrice>3.90</ItemPrice>
      <UnitOfMeasurePrice>7.09</UnitOfMeasurePrice>
      <AllowDiscount>0</AllowDiscount>
      <itemStatus>1</itemStatus>
      <LastUpdateDate />
      <LastUpdateTime />
    </Product>
    <Product>
      <PriceUpdateDate>2019/07/25 09:19</PriceUpdateDate>
      <ItemCode>7290002007852</ItemCode>
      <ItemType>1</ItemType>
      <ItemName>תמצית אפייה בטעמים שונים 55 מ``ל</ItemName>
      <ManufactureName>הנמל אריזות ושיווק 1984 בע`מ</ManufactureName>
      <ManufactureCountry />
      <ManufactureItemDescription />
      <UnitQty>'יח</UnitQty>
      <Quantity>0.55</Quantity>
      <UnitMeasure>ל-100 מ"ל</UnitMeasure>
      <BisWeighted>0</BisWeighted>
      <QtyInPackage>24</QtyInPackage>
      <ItemPrice>3.90</ItemPrice>
      <UnitOfMeasurePrice>7.09</UnitOfMeasurePrice>
      <AllowDiscount>0</AllowDiscount>
      <itemStatus>1</itemStatus>
      <LastUpdateDate />
      <LastUpdateTime />
    </Product>
    <Product>
      <PriceUpdateDate>2021/11/15 15:15</PriceUpdateDate>
      <ItemCode>7290002007890</ItemCode>
      <ItemType>1</ItemType>
      <ItemName>כוסות חד פעמיות מפלסטיק 100 יח`</ItemName>
      <ManufactureName>הנמל אריזות ושיווק 1984 בע`מ</ManufactureName>
      <ManufactureCountry />
      <ManufactureItemDescription />
      <UnitQty>'יח</UnitQty>
      <Quantity>1</Quantity>
      <UnitMeasure />
      <BisWeighted>0</BisWeighted>
      <QtyInPackage>1</QtyInPackage>
      <ItemPrice>9.90</ItemPrice>
      <UnitOfMeasurePrice>9.90</UnitOfMeasurePrice>
      <AllowDiscount>0</AllowDiscount>
      <itemStatus>1</itemStatus>
      <LastUpdateDate />
      <LastUpdateTime />
    </Product>
    <Product>
      <PriceUpdateDate>2021/11/04 10:28</PriceUpdateDate>
      <ItemCode>7290002007975</ItemCode>
      <ItemType>1</ItemType>
      <ItemName>צלחות פלסטיק קטנות חד פעמיות 50 יח</ItemName>
      <ManufactureName>הנמל אריזות ושיווק 1984 בע`מ</ManufactureName>
      <ManufactureCountry />
      <ManufactureItemDescription />
      <UnitQty>'יח</UnitQty>
      <Quantity>1</Quantity>
      <UnitMeasure />
      <BisWeighted>0</BisWeighted>
      <QtyInPackage>1</QtyInPackage>
      <ItemPrice>10.90</ItemPrice>
      <UnitOfMeasurePrice>10.90</UnitOfMeasurePrice>
      <AllowDiscount>0</AllowDiscount>
      <itemStatus>1</itemStatus>
      <LastUpdateDate />
      <LastUpdateTime />
    </Product>
    <Product>
      <PriceUpdateDate>2021/11/04 10:28</PriceUpdateDate>
      <ItemCode>7290002007982</ItemCode>
      <ItemType>1</ItemType>
      <ItemName>מזלגות חד פעמי 100 יח</ItemName>
      <ManufactureName>הנמל אריזות ושיווק 1984 בע`מ</ManufactureName>
      <ManufactureCountry />
      <ManufactureItemDescription />
      <UnitQty>'יח</UnitQty>
      <Quantity>1</Quantity>
      <UnitMeasure />
      <BisWeighted>0</BisWeighted>
      <QtyInPackage>1</QtyInPackage>
      <ItemPrice>12.90</ItemPrice>
      <UnitOfMeasurePrice>12.90</UnitOfMeasurePrice>
      <AllowDiscount>1</AllowDiscount>
      <itemStatus>1</itemStatus>
      <LastUpdateDate />
      <LastUpdateTime />
    </Product>
    <Product>
      <PriceUpdateDate>2019/07/25 09:19</PriceUpdateDate>
      <ItemCode>7290002008040</ItemCode>
      <ItemType>1</ItemType>
      <ItemName>שיפודי עץ 30 ס`מ</ItemName>
      <ManufactureName>הנמל אריזות ושיווק 1984 בע`מ</ManufactureName>
      <ManufactureCountry />
      <ManufactureItemDescription />
      <UnitQty>'יח</UnitQty>
      <Quantity>1</Quantity>
      <UnitMeasure />
      <BisWeighted>0</BisWeighted>
      <QtyInPackage>25</QtyInPackage>
      <ItemPrice>2.90</ItemPrice>
      <UnitOfMeasurePrice>2.90</UnitOfMeasurePrice>
      <AllowDiscount>0</AllowDiscount>
      <itemStatus>1</itemStatus>
      <LastUpdateDate />
      <LastUpdateTime />
    </Product>
    <Product>
      <PriceUpdateDate>2019/07/25 09:19</PriceUpdateDate>
      <ItemCode>2008088</ItemCode>
      <ItemType>0</ItemType>
      <ItemName>צבע מאכל צהוב 55 מ``ל</ItemName>
      <ManufactureName>הנמל אריזות ושיווק 1984 בע`מ</ManufactureName>
      <ManufactureCountry />
      <ManufactureItemDescription />
      <UnitQty>'יח</UnitQty>
      <Quantity>0.55</Quantity>
      <UnitMeasure>ל-100 מ"ל</UnitMeasure>
      <BisWeighted>0</BisWeighted>
      <QtyInPackage>1</QtyInPackage>
      <ItemPrice>3.90</ItemPrice>
      <UnitOfMeasurePrice>7.09</UnitOfMeasurePrice>
      <AllowDiscount>0</AllowDiscount>
      <itemStatus>1</itemStatus>
      <LastUpdateDate />
      <LastUpdateTime />
    </Product>
    <Product>
      <PriceUpdateDate>2019/07/25 09:19</PriceUpdateDate>
      <ItemCode>7290002008156</ItemCode>
      <ItemType>1</ItemType>
      <ItemName>עטרות לעוגה  מס*5</ItemName>
      <ManufactureName>הנמל אריזות ושיווק 1984 בע`מ</ManufactureName>
      <ManufactureCountry />
      <ManufactureItemDescription />
      <UnitQty>'יח</UnitQty>
      <Quantity>1</Quantity>
      <UnitMeasure />
      <BisWeighted>0</BisWeighted>
      <QtyInPackage>15</QtyInPackage>
      <ItemPrice>5.90</ItemPrice>
      <UnitOfMeasurePrice>5.90</UnitOfMeasurePrice>
      <AllowDiscount>0</AllowDiscount>
      <itemStatus>1</itemStatus>
      <LastUpdateDate />
      <LastUpdateTime />
    </Product>
    <Product>
      <PriceUpdateDate>2019/07/25 09:19</PriceUpdateDate>
      <ItemCode>7290002008309</ItemCode>
      <ItemType>1</ItemType>
      <ItemName>עטרות לעוגה  מס*4</ItemName>
      <ManufactureName>הנמל אריזות ושיווק 1984 בע`מ</ManufactureName>
      <ManufactureCountry />
      <ManufactureItemDescription />
      <UnitQty>'יח</UnitQty>
      <Quantity>1</Quantity>
      <UnitMeasure />
      <BisWeighted>0</BisWeighted>
      <QtyInPackage>15</QtyInPackage>
      <ItemPrice>5.90</ItemPrice>
      <UnitOfMeasurePrice>5.90</UnitOfMeasurePrice>
      <AllowDiscount>0</AllowDiscount>
      <itemStatus>1</itemStatus>
      <LastUpdateDate />
      <LastUpdateTime />
    </Product>
    <Product>
      <PriceUpdateDate>2019/07/25 09:19</PriceUpdateDate>
      <ItemCode>7290002008347</ItemCode>
      <ItemType>1</ItemType>
      <ItemName>קורנפלור 500 גרם</ItemName>
      <ManufactureName>הנמל אריזות ושיווק 1984 בע`מ</ManufactureName>
      <ManufactureCountry />
      <ManufactureItemDescription />
      <UnitQty>'יח</UnitQty>
      <Quantity>5</Quantity>
      <UnitMeasure>ל-100 גרם</UnitMeasure>
      <BisWeighted>0</BisWeighted>
      <QtyInPackage>20</QtyInPackage>
      <ItemPrice>5.90</ItemPrice>
      <UnitOfMeasurePrice>1.18</UnitOfMeasurePrice>
      <AllowDiscount>0</AllowDiscount>
      <itemStatus>1</itemStatus>
      <LastUpdateDate />
      <LastUpdateTime />
    </Product>
    <Product>
      <PriceUpdateDate>2022/09/06 08:08</PriceUpdateDate>
      <ItemCode>7290002008507</ItemCode>
      <ItemType>1</ItemType>
      <ItemName>נייר אפיה 50 דפים</ItemName>
      <ManufactureName>הנמל אריזות ושיווק 1984 בע`מ</ManufactureName>
      <ManufactureCountry />
      <ManufactureItemDescription />
      <UnitQty>'יח</UnitQty>
      <Quantity>1</Quantity>
      <UnitMeasure />
      <BisWeighted>0</BisWeighted>
      <QtyInPackage>24</QtyInPackage>
      <ItemPrice>9</ItemPrice>
      <UnitOfMeasurePrice>9</UnitOfMeasurePrice>
      <AllowDiscount>1</AllowDiscount>
      <itemStatus>1</itemStatus>
      <LastUpdateDate />
      <LastUpdateTime />
    </Product>
    <Product>
      <PriceUpdateDate>2019/07/25 09:19</PriceUpdateDate>
      <ItemCode>7290002008576</ItemCode>
      <ItemType>1</ItemType>
      <ItemName>מפיון 100</ItemName>
      <ManufactureName>הנמל אריזות ושיווק 1984 בע`מ</ManufactureName>
      <ManufactureCountry />
      <ManufactureItemDescription />
      <UnitQty>'יח</UnitQty>
      <Quantity>1</Quantity>
      <UnitMeasure />
      <BisWeighted>0</BisWeighted>
      <QtyInPackage>40</QtyInPackage>
      <ItemPrice>3.90</ItemPrice>
      <UnitOfMeasurePrice>3.90</UnitOfMeasurePrice>
      <AllowDiscount>0</AllowDiscount>
      <itemStatus>1</itemStatus>
      <LastUpdateDate />
      <LastUpdateTime />
    </Product>
    <Product>
      <PriceUpdateDate>2019/07/25 09:19</PriceUpdateDate>
      <ItemCode>7290002008668</ItemCode>
      <ItemType>1</ItemType>
      <ItemName>צימרונים קלירי 200 יחידות כוס עגולה</ItemName>
      <ManufactureName>הנמל אריזות ושיווק 1984 בע`מ</ManufactureName>
      <ManufactureCountry />
      <ManufactureItemDescription />
      <UnitQty>'יח</UnitQty>
      <Quantity>1</Quantity>
      <UnitMeasure>ל-100 גרם</UnitMeasure>
      <BisWeighted>0</BisWeighted>
      <QtyInPackage>1</QtyInPackage>
      <ItemPrice>3.90</ItemPrice>
      <UnitOfMeasurePrice>3.90</UnitOfMeasurePrice>
      <AllowDiscount>0</AllowDiscount>
      <itemStatus>1</itemStatus>
      <LastUpdateDate />
      <LastUpdateTime />
    </Product>
    <Product>
      <PriceUpdateDate>2019/07/25 09:19</PriceUpdateDate>
      <ItemCode>7290002008743</ItemCode>
      <ItemType>1</ItemType>
      <ItemName>סוכר וניל 10*10 גרם</ItemName>
      <ManufactureName>הנמל אריזות ושיווק 1984 בע`מ</ManufactureName>
      <ManufactureCountry />
      <ManufactureItemDescription />
      <UnitQty>'יח</UnitQty>
      <Quantity>1</Quantity>
      <UnitMeasure>ל-100 גרם</UnitMeasure>
      <BisWeighted>0</BisWeighted>
      <QtyInPackage>50</QtyInPackage>
      <ItemPrice>1.90</ItemPrice>
      <UnitOfMeasurePrice>1.90</UnitOfMeasurePrice>
      <AllowDiscount>1</AllowDiscount>
      <itemStatus>1</itemStatus>
      <LastUpdateDate />
      <LastUpdateTime />
    </Product>
    <Product>
      <PriceUpdateDate>2019/07/25 09:19</PriceUpdateDate>
      <ItemCode>7290002008750</ItemCode>
      <ItemType>1</ItemType>
      <ItemName>אבקת אפיה 10 שקיות</ItemName>
      <ManufactureName>הנמל אריזות ושיווק 1984 בע`מ</ManufactureName>
      <ManufactureCountry />
      <ManufactureItemDescription />
      <UnitQty>'יח</UnitQty>
      <Quantity>1</Quantity>
      <UnitMeasure>ל-100 גרם</UnitMeasure>
      <BisWeighted>0</BisWeighted>
      <QtyInPackage>50</QtyInPackage>
      <ItemPrice>1.90</ItemPrice>
      <UnitOfMeasurePrice>1.90</UnitOfMeasurePrice>
      <AllowDiscount>1</AllowDiscount>
      <itemStatus>1</itemStatus>
      <LastUpdateDate />
      <LastUpdateTime />
    </Product>
    <Product>
      <PriceUpdateDate>2022/01/23 20:22</PriceUpdateDate>
      <ItemCode>7290002008774</ItemCode>
      <ItemType>1</ItemType>
      <ItemName>שומשום 200 גרם</ItemName>
      <ManufactureName>הנמל אריזות ושיווק 1984 בע`מ</ManufactureName>
      <ManufactureCountry />
      <ManufactureItemDescription />
      <UnitQty>'יח</UnitQty>
      <Quantity>2</Quantity>
      <UnitMeasure>ל-100 גרם</UnitMeasure>
      <BisWeighted>0</BisWeighted>
      <QtyInPackage>24</QtyInPackage>
      <ItemPrice>5.90</ItemPrice>
      <UnitOfMeasurePrice>2.95</UnitOfMeasurePrice>
      <AllowDiscount>0</AllowDiscount>
      <itemStatus>1</itemStatus>
      <LastUpdateDate />
      <LastUpdateTime />
    </Product>
    <Product>
      <PriceUpdateDate>2022/01/23 20:22</PriceUpdateDate>
      <ItemCode>2008934</ItemCode>
      <ItemType>0</ItemType>
      <ItemName>סוכריות צבעוניות לקישוט</ItemName>
      <ManufactureName>הנמל אריזות ושיווק 1984 בע`מ</ManufactureName>
      <ManufactureCountry />
      <ManufactureItemDescription />
      <UnitQty>'יח</UnitQty>
      <Quantity>2</Quantity>
      <UnitMeasure>ל-100 גרם</UnitMeasure>
      <BisWeighted>0</BisWeighted>
      <QtyInPackage>15</QtyInPackage>
      <ItemPrice>7.90</ItemPrice>
      <UnitOfMeasurePrice>3.95</UnitOfMeasurePrice>
      <AllowDiscount>0</AllowDiscount>
      <itemStatus>1</itemStatus>
      <LastUpdateDate />
      <LastUpdateTime />
    </Product>
    <Product>
      <PriceUpdateDate>2019/07/25 09:19</PriceUpdateDate>
      <ItemCode>2008989</ItemCode>
      <ItemType>0</ItemType>
      <ItemName>קישקשים 225 יח`</ItemName>
      <ManufactureName>הנמל אריזות ושיווק 1984 בע`מ</ManufactureName>
      <ManufactureCountry />
      <ManufactureItemDescription />
      <UnitQty>'יח</UnitQty>
      <Quantity>1</Quantity>
      <UnitMeasure />
      <BisWeighted>0</BisWeighted>
      <QtyInPackage>24</QtyInPackage>
      <ItemPrice>6.90</ItemPrice>
      <UnitOfMeasurePrice>6.90</UnitOfMeasurePrice>
      <AllowDiscount>0</AllowDiscount>
      <itemStatus>1</itemStatus>
      <LastUpdateDate />
      <LastUpdateTime />
    </Product>
    <Product>
      <PriceUpdateDate>2019/01/16 14:38</PriceUpdateDate>
      <ItemCode>2019183</ItemCode>
      <ItemType>0</ItemType>
      <ItemName>עגבניות מקולפות 800 גרם פרי ניר</ItemName>
      <ManufactureName>מ.ד אטיאס סוכנויות מזון בע`מ</ManufactureName>
      <ManufactureCountry />
      <ManufactureItemDescription />
      <UnitQty>'יח</UnitQty>
      <Quantity>1</Quantity>
      <UnitMeasure>ל-100 גרם</UnitMeasure>
      <BisWeighted>0</BisWeighted>
      <QtyInPackage>1</QtyInPackage>
      <ItemPrice>6.40</ItemPrice>
      <UnitOfMeasurePrice>6.40</UnitOfMeasurePrice>
      <AllowDiscount>0</AllowDiscount>
      <itemStatus>1</itemStatus>
      <LastUpdateDate />
      <LastUpdateTime />
    </Product>
    <Product>
      <PriceUpdateDate>2022/09/19 16:07</PriceUpdateDate>
      <ItemCode>2019787</ItemCode>
      <ItemType>0</ItemType>
      <ItemName>רסק עגבניות טבע טרי %22 260 גרם פרי ני</ItemName>
      <ManufactureName>מ.ד אטיאס סוכנויות מזון בע`מ</ManufactureName>
      <ManufactureCountry />
      <ManufactureItemDescription />
      <UnitQty>'יח</UnitQty>
      <Quantity>2.60</Quantity>
      <UnitMeasure>ל-100 גרם</UnitMeasure>
      <BisWeighted>0</BisWeighted>
      <QtyInPackage>1</QtyInPackage>
      <ItemPrice>3.90</ItemPrice>
      <UnitOfMeasurePrice>1.50</UnitOfMeasurePrice>
      <AllowDiscount>1</AllowDiscount>
      <itemStatus>1</itemStatus>
      <LastUpdateDate />
      <LastUpdateTime />
    </Product>
    <Product>
      <PriceUpdateDate>2021/07/13 19:32</PriceUpdateDate>
      <ItemCode>2019794</ItemCode>
      <ItemType>0</ItemType>
      <ItemName>רסק עגבניות טבע טרי %100 100 גרם פרי</ItemName>
      <ManufactureName>מ.ד אטיאס סוכנויות מזון בע`מ</ManufactureName>
      <ManufactureCountry />
      <ManufactureItemDescription />
      <UnitQty>'יח</UnitQty>
      <Quantity>1</Quantity>
      <UnitMeasure>ל-100 גרם</UnitMeasure>
      <BisWeighted>0</BisWeighted>
      <QtyInPackage>1</QtyInPackage>
      <ItemPrice>1.90</ItemPrice>
      <UnitOfMeasurePrice>1.90</UnitOfMeasurePrice>
      <AllowDiscount>1</AllowDiscount>
      <itemStatus>1</itemStatus>
      <LastUpdateDate />
      <LastUpdateTime />
    </Product>
    <Product>
      <PriceUpdateDate>2019/01/16 14:38</PriceUpdateDate>
      <ItemCode>2026341</ItemCode>
      <ItemType>0</ItemType>
      <ItemName>ציפס בטטה פלאנק</ItemName>
      <ManufactureName>מוצרי איכות אמריקאים</ManufactureName>
      <ManufactureCountry />
      <ManufactureItemDescription />
      <UnitQty>'יח</UnitQty>
      <Quantity>10</Quantity>
      <UnitMeasure>ל-100 גרם</UnitMeasure>
      <BisWeighted>0</BisWeighted>
      <QtyInPackage>1</QtyInPackage>
      <ItemPrice>16.90</ItemPrice>
      <UnitOfMeasurePrice>1.69</UnitOfMeasurePrice>
      <AllowDiscount>0</AllowDiscount>
      <itemStatus>1</itemStatus>
      <LastUpdateDate />
      <LastUpdateTime />
    </Product>
    <Product>
      <PriceUpdateDate>2022/06/23 14:48</PriceUpdateDate>
      <ItemCode>2026440</ItemCode>
      <ItemType>0</ItemType>
      <ItemName>פרצלס בראנץ</ItemName>
      <ManufactureName>מוצרי איכות אמריקאים</ManufactureName>
      <ManufactureCountry />
      <ManufactureItemDescription />
      <UnitQty>'יח</UnitQty>
      <Quantity>7</Quantity>
      <UnitMeasure>ל-100 גרם</UnitMeasure>
      <BisWeighted>0</BisWeighted>
      <QtyInPackage>1</QtyInPackage>
      <ItemPrice>14.90</ItemPrice>
      <UnitOfMeasurePrice>2.13</UnitOfMeasurePrice>
      <AllowDiscount>1</AllowDiscount>
      <itemStatus>1</itemStatus>
      <LastUpdateDate />
      <LastUpdateTime />
    </Product>
    <Product>
      <PriceUpdateDate>2019/12/31 16:11</PriceUpdateDate>
      <ItemCode>2037194</ItemCode>
      <ItemType>0</ItemType>
      <ItemName>לחם שחור מקמח מלא ברמן 750 גר`</ItemName>
      <ManufactureName>מאפיית י.את א. ברמן בעמ</ManufactureName>
      <ManufactureCountry />
      <ManufactureItemDescription />
      <UnitQty>'יח</UnitQty>
      <Quantity>7.50</Quantity>
      <UnitMeasure>ל-100 גרם</UnitMeasure>
      <BisWeighted>0</BisWeighted>
      <QtyInPackage>1</QtyInPackage>
      <ItemPrice>12.90</ItemPrice>
      <UnitOfMeasurePrice>1.72</UnitOfMeasurePrice>
      <AllowDiscount>0</AllowDiscount>
      <itemStatus>1</itemStatus>
      <LastUpdateDate />
      <LastUpdateTime />
    </Product>
    <Product>
      <PriceUpdateDate>2022/07/06 08:54</PriceUpdateDate>
      <ItemCode>2037309</ItemCode>
      <ItemType>0</ItemType>
      <ItemName>לחמניות המבורגר  8בשקית ברמן</ItemName>
      <ManufactureName>מאפיית י.את א. ברמן בעמ</ManufactureName>
      <ManufactureCountry />
      <ManufactureItemDescription />
      <UnitQty>'יח</UnitQty>
      <Quantity>1</Quantity>
      <UnitMeasure>ל-100 גרם</UnitMeasure>
      <BisWeighted>0</BisWeighted>
      <QtyInPackage>1</QtyInPackage>
      <ItemPrice>12.90</ItemPrice>
      <UnitOfMeasurePrice>12.90</UnitOfMeasurePrice>
      <AllowDiscount>0</AllowDiscount>
      <itemStatus>1</itemStatus>
      <LastUpdateDate />
      <LastUpdateTime />
    </Product>
    <Product>
      <PriceUpdateDate>2022/07/06 08:54</PriceUpdateDate>
      <ItemCode>2037637</ItemCode>
      <ItemType>0</ItemType>
      <ItemName>חליה מתוקה 4 בשקית ברמן</ItemName>
      <ManufactureName>מאפיית י.את א. ברמן בעמ</ManufactureName>
      <ManufactureCountry />
      <ManufactureItemDescription />
      <UnitQty>'יח</UnitQty>
      <Quantity>1</Quantity>
      <UnitMeasure>ל-100 גרם</UnitMeasure>
      <BisWeighted>0</BisWeighted>
      <QtyInPackage>1</QtyInPackage>
      <ItemPrice>12.90</ItemPrice>
      <UnitOfMeasurePrice>12.90</UnitOfMeasurePrice>
      <AllowDiscount>0</AllowDiscount>
      <itemStatus>1</itemStatus>
      <LastUpdateDate />
      <LastUpdateTime />
    </Product>
    <Product>
      <PriceUpdateDate>2019/07/25 09:19</PriceUpdateDate>
      <ItemCode>7290002040019</ItemCode>
      <ItemType>1</ItemType>
      <ItemName>קוסקוס רגיל להכנה מהירה 350 גרם</ItemName>
      <ManufactureName>הנמל אריזות ושיווק 1984 בע`מ</ManufactureName>
      <ManufactureCountry />
      <ManufactureItemDescription />
      <UnitQty>'יח</UnitQty>
      <Quantity>3.50</Quantity>
      <UnitMeasure>ל-100 גרם</UnitMeasure>
      <BisWeighted>0</BisWeighted>
      <QtyInPackage>24</QtyInPackage>
      <ItemPrice>5.90</ItemPrice>
      <UnitOfMeasurePrice>1.69</UnitOfMeasurePrice>
      <AllowDiscount>0</AllowDiscount>
      <itemStatus>1</itemStatus>
      <LastUpdateDate />
      <LastUpdateTime />
    </Product>
    <Product>
      <PriceUpdateDate>2019/07/25 09:19</PriceUpdateDate>
      <ItemCode>7290002040064</ItemCode>
      <ItemType>1</ItemType>
      <ItemName>קוסקוס דק להכנה מהירה בשקית 350 גרם</ItemName>
      <ManufactureName>הנמל אריזות ושיווק 1984 בע`מ</ManufactureName>
      <ManufactureCountry />
      <ManufactureItemDescription />
      <UnitQty>'יח</UnitQty>
      <Quantity>3.50</Quantity>
      <UnitMeasure>ל-100 גרם</UnitMeasure>
      <BisWeighted>0</BisWeighted>
      <QtyInPackage>1</QtyInPackage>
      <ItemPrice>5.90</ItemPrice>
      <UnitOfMeasurePrice>1.69</UnitOfMeasurePrice>
      <AllowDiscount>0</AllowDiscount>
      <itemStatus>1</itemStatus>
      <LastUpdateDate />
      <LastUpdateTime />
    </Product>
    <Product>
      <PriceUpdateDate>2019/07/25 09:19</PriceUpdateDate>
      <ItemCode>7290002040071</ItemCode>
      <ItemType>1</ItemType>
      <ItemName>קוסקוס עבה להכנה קלה ומהירה 350 גרם</ItemName>
      <ManufactureName>הנמל אריזות ושיווק 1984 בע`מ</ManufactureName>
      <ManufactureCountry />
      <ManufactureItemDescription />
      <UnitQty>'יח</UnitQty>
      <Quantity>3.50</Quantity>
      <UnitMeasure>ל-100 גרם</UnitMeasure>
      <BisWeighted>0</BisWeighted>
      <QtyInPackage>24</QtyInPackage>
      <ItemPrice>5.90</ItemPrice>
      <UnitOfMeasurePrice>1.69</UnitOfMeasurePrice>
      <AllowDiscount>0</AllowDiscount>
      <itemStatus>1</itemStatus>
      <LastUpdateDate />
      <LastUpdateTime />
    </Product>
    <Product>
      <PriceUpdateDate>2019/07/25 09:19</PriceUpdateDate>
      <ItemCode>2040095</ItemCode>
      <ItemType>0</ItemType>
      <ItemName>קוסקוס מארז שלישייה</ItemName>
      <ManufactureName>הנמל אריזות ושיווק 1984 בע`מ</ManufactureName>
      <ManufactureCountry />
      <ManufactureItemDescription />
      <UnitQty>'יח</UnitQty>
      <Quantity>3.50</Quantity>
      <UnitMeasure>ל-100 גרם</UnitMeasure>
      <BisWeighted>0</BisWeighted>
      <QtyInPackage>8</QtyInPackage>
      <ItemPrice>15.90</ItemPrice>
      <UnitOfMeasurePrice>4.54</UnitOfMeasurePrice>
      <AllowDiscount>0</AllowDiscount>
      <itemStatus>1</itemStatus>
      <LastUpdateDate />
      <LastUpdateTime />
    </Product>
    <Product>
      <PriceUpdateDate>2022/06/23 14:12</PriceUpdateDate>
      <ItemCode>2043348</ItemCode>
      <ItemType>0</ItemType>
      <ItemName>ציפס אורז חום מלא ציה וקינואה 60 גר`</ItemName>
      <ManufactureName>א.ל. ייצור ושיווק תבלינים בע`מ</ManufactureName>
      <ManufactureCountry />
      <ManufactureItemDescription />
      <UnitQty>'יח</UnitQty>
      <Quantity>0.60</Quantity>
      <UnitMeasure>ל-100 גרם</UnitMeasure>
      <BisWeighted>0</BisWeighted>
      <QtyInPackage>1</QtyInPackage>
      <ItemPrice>7.90</ItemPrice>
      <UnitOfMeasurePrice>13.17</UnitOfMeasurePrice>
      <AllowDiscount>1</AllowDiscount>
      <itemStatus>1</itemStatus>
      <LastUpdateDate />
      <LastUpdateTime />
    </Product>
    <Product>
      <PriceUpdateDate>2021/07/01 22:18</PriceUpdateDate>
      <ItemCode>2057017</ItemCode>
      <ItemType>0</ItemType>
      <ItemName>זיתים נובו ענק A-2 יבנה 540 גר`</ItemName>
      <ManufactureName>קבוצת יבנה</ManufactureName>
      <ManufactureCountry />
      <ManufactureItemDescription />
      <UnitQty>'יח</UnitQty>
      <Quantity>5.40</Quantity>
      <UnitMeasure>ל-100 גרם</UnitMeasure>
      <BisWeighted>0</BisWeighted>
      <QtyInPackage>1</QtyInPackage>
      <ItemPrice>9.90</ItemPrice>
      <UnitOfMeasurePrice>1.83</UnitOfMeasurePrice>
      <AllowDiscount>0</AllowDiscount>
      <itemStatus>1</itemStatus>
      <LastUpdateDate />
      <LastUpdateTime />
    </Product>
    <Product>
      <PriceUpdateDate>2021/07/01 22:18</PriceUpdateDate>
      <ItemCode>2057031</ItemCode>
      <ItemType>0</ItemType>
      <ItemName>זיתים מבוקע פיקנטי A-2 יבנה 540 גר`</ItemName>
      <ManufactureName>קבוצת יבנה</ManufactureName>
      <ManufactureCountry />
      <ManufactureItemDescription />
      <UnitQty>'יח</UnitQty>
      <Quantity>5.60</Quantity>
      <UnitMeasure>ל-100 גרם</UnitMeasure>
      <BisWeighted>0</BisWeighted>
      <QtyInPackage>1</QtyInPackage>
      <ItemPrice>9.90</ItemPrice>
      <UnitOfMeasurePrice>1.77</UnitOfMeasurePrice>
      <AllowDiscount>0</AllowDiscount>
      <itemStatus>1</itemStatus>
      <LastUpdateDate />
      <LastUpdateTime />
    </Product>
    <Product>
      <PriceUpdateDate>2021/07/01 22:18</PriceUpdateDate>
      <ItemCode>2057048</ItemCode>
      <ItemType>0</ItemType>
      <ItemName>זיתים סורי מבוקע A-2 יבנה 540 גר`</ItemName>
      <ManufactureName>קבוצת יבנה</ManufactureName>
      <ManufactureCountry />
      <ManufactureItemDescription />
      <UnitQty>'יח</UnitQty>
      <Quantity>5.40</Quantity>
      <UnitMeasure>ל-100 גרם</UnitMeasure>
      <BisWeighted>0</BisWeighted>
      <QtyInPackage>1</QtyInPackage>
      <ItemPrice>10.90</ItemPrice>
      <UnitOfMeasurePrice>2.02</UnitOfMeasurePrice>
      <AllowDiscount>0</AllowDiscount>
      <itemStatus>1</itemStatus>
      <LastUpdateDate />
      <LastUpdateTime />
    </Product>
    <Product>
      <PriceUpdateDate>2019/01/16 14:38</PriceUpdateDate>
      <ItemCode>2057062</ItemCode>
      <ItemType>0</ItemType>
      <ItemName>זיתים מנזלינו ירוק בינוני A-2 יבנה 540 ג</ItemName>
      <ManufactureName>קבוצת יבנה</ManufactureName>
      <ManufactureCountry />
      <ManufactureItemDescription />
      <UnitQty>'יח</UnitQty>
      <Quantity>5.40</Quantity>
      <UnitMeasure>ל-100 גרם</UnitMeasure>
      <BisWeighted>0</BisWeighted>
      <QtyInPackage>1</QtyInPackage>
      <ItemPrice>6.90</ItemPrice>
      <UnitOfMeasurePrice>1.28</UnitOfMeasurePrice>
      <AllowDiscount>0</AllowDiscount>
      <itemStatus>1</itemStatus>
      <LastUpdateDate />
      <LastUpdateTime />
    </Product>
    <Product>
      <PriceUpdateDate>2021/07/01 22:18</PriceUpdateDate>
      <ItemCode>2057086</ItemCode>
      <ItemType>0</ItemType>
      <ItemName>זיתים מנזלינו גדול 43  או`יבנה</ItemName>
      <ManufactureName>קבוצת יבנה</ManufactureName>
      <ManufactureCountry />
      <ManufactureItemDescription />
      <UnitQty>'יח</UnitQty>
      <Quantity>5.40</Quantity>
      <UnitMeasure>ל-100 גרם</UnitMeasure>
      <BisWeighted>0</BisWeighted>
      <QtyInPackage>1</QtyInPackage>
      <ItemPrice>19.90</ItemPrice>
      <UnitOfMeasurePrice>3.69</UnitOfMeasurePrice>
      <AllowDiscount>0</AllowDiscount>
      <itemStatus>1</itemStatus>
      <LastUpdateDate />
      <LastUpdateTime />
    </Product>
    <Product>
      <PriceUpdateDate>2021/07/01 22:18</PriceUpdateDate>
      <ItemCode>2057093</ItemCode>
      <ItemType>0</ItemType>
      <ItemName>זיתים מנזלינו ירוק גדול A-2 יבנה 540 ג</ItemName>
      <ManufactureName>קבוצת יבנה</ManufactureName>
      <ManufactureCountry />
      <ManufactureItemDescription />
      <UnitQty>'יח</UnitQty>
      <Quantity>5.40</Quantity>
      <UnitMeasure>ל-100 גרם</UnitMeasure>
      <BisWeighted>0</BisWeighted>
      <QtyInPackage>1</QtyInPackage>
      <ItemPrice>8.90</ItemPrice>
      <UnitOfMeasurePrice>1.65</UnitOfMeasurePrice>
      <AllowDiscount>0</AllowDiscount>
      <itemStatus>1</itemStatus>
      <LastUpdateDate />
      <LastUpdateTime />
    </Product>
    <Product>
      <PriceUpdateDate>2021/07/01 22:18</PriceUpdateDate>
      <ItemCode>2057123</ItemCode>
      <ItemType>0</ItemType>
      <ItemName>זיתים חרוזית A-2 יבנה 540 גר`</ItemName>
      <ManufactureName>קבוצת יבנה</ManufactureName>
      <ManufactureCountry />
      <ManufactureItemDescription />
      <UnitQty>'יח</UnitQty>
      <Quantity>5.40</Quantity>
      <UnitMeasure>ל-100 גרם</UnitMeasure>
      <BisWeighted>0</BisWeighted>
      <QtyInPackage>1</QtyInPackage>
      <ItemPrice>9.90</ItemPrice>
      <UnitOfMeasurePrice>1.83</UnitOfMeasurePrice>
      <AllowDiscount>1</AllowDiscount>
      <itemStatus>1</itemStatus>
      <LastUpdateDate />
      <LastUpdateTime />
    </Product>
    <Product>
      <PriceUpdateDate>2021/07/01 22:18</PriceUpdateDate>
      <ItemCode>2057130</ItemCode>
      <ItemType>0</ItemType>
      <ItemName>זיתים חרוזית 43 או`יבנה</ItemName>
      <ManufactureName>קבוצת יבנה</ManufactureName>
      <ManufactureCountry />
      <ManufactureItemDescription />
      <UnitQty>'יח</UnitQty>
      <Quantity>5.40</Quantity>
      <UnitMeasure>ל-100 גרם</UnitMeasure>
      <BisWeighted>0</BisWeighted>
      <QtyInPackage>1</QtyInPackage>
      <ItemPrice>22.90</ItemPrice>
      <UnitOfMeasurePrice>4.24</UnitOfMeasurePrice>
      <AllowDiscount>0</AllowDiscount>
      <itemStatus>1</itemStatus>
      <LastUpdateDate />
      <LastUpdateTime />
    </Product>
    <Product>
      <PriceUpdateDate>2021/07/01 22:18</PriceUpdateDate>
      <ItemCode>2057185</ItemCode>
      <ItemType>0</ItemType>
      <ItemName>זיתים טבעות ירוקים A-2 יבנה 540 גר`</ItemName>
      <ManufactureName>קבוצת יבנה</ManufactureName>
      <ManufactureCountry />
      <ManufactureItemDescription />
      <UnitQty>'יח</UnitQty>
      <Quantity>5.40</Quantity>
      <UnitMeasure>ל-100 גרם</UnitMeasure>
      <BisWeighted>0</BisWeighted>
      <QtyInPackage>1</QtyInPackage>
      <ItemPrice>9.90</ItemPrice>
      <UnitOfMeasurePrice>1.83</UnitOfMeasurePrice>
      <AllowDiscount>0</AllowDiscount>
      <itemStatus>1</itemStatus>
      <LastUpdateDate />
      <LastUpdateTime />
    </Product>
    <Product>
      <PriceUpdateDate>2021/07/01 22:18</PriceUpdateDate>
      <ItemCode>2057314</ItemCode>
      <ItemType>0</ItemType>
      <ItemName>מלפפון במלח 15-20 יבנה 1.300 ק`ג</ItemName>
      <ManufactureName>קבוצת יבנה</ManufactureName>
      <ManufactureCountry />
      <ManufactureItemDescription />
      <UnitQty>'יח</UnitQty>
      <Quantity>13</Quantity>
      <UnitMeasure>ל-100 גרם</UnitMeasure>
      <BisWeighted>0</BisWeighted>
      <QtyInPackage>1</QtyInPackage>
      <ItemPrice>14.90</ItemPrice>
      <UnitOfMeasurePrice>1.15</UnitOfMeasurePrice>
      <AllowDiscount>0</AllowDiscount>
      <itemStatus>1</itemStatus>
      <LastUpdateDate />
      <LastUpdateTime />
    </Product>
    <Product>
      <PriceUpdateDate>2021/07/01 22:18</PriceUpdateDate>
      <ItemCode>2057352</ItemCode>
      <ItemType>0</ItemType>
      <ItemName>מלפפון במלח 7-9 A-2 יבנה 540 גר`</ItemName>
      <ManufactureName>קבוצת יבנה</ManufactureName>
      <ManufactureCountry />
      <ManufactureItemDescription />
      <UnitQty>'יח</UnitQty>
      <Quantity>5.40</Quantity>
      <UnitMeasure>ל-100 גרם</UnitMeasure>
      <BisWeighted>0</BisWeighted>
      <QtyInPackage>1</QtyInPackage>
      <ItemPrice>7.90</ItemPrice>
      <UnitOfMeasurePrice>1.46</UnitOfMeasurePrice>
      <AllowDiscount>0</AllowDiscount>
      <itemStatus>1</itemStatus>
      <LastUpdateDate />
      <LastUpdateTime />
    </Product>
    <Product>
      <PriceUpdateDate>2021/07/01 22:18</PriceUpdateDate>
      <ItemCode>2057369</ItemCode>
      <ItemType>0</ItemType>
      <ItemName>מלפפון במלח 10-12 A-2 ביבנה 540 גר`</ItemName>
      <ManufactureName>קבוצת יבנה</ManufactureName>
      <ManufactureCountry />
      <ManufactureItemDescription />
      <UnitQty>'יח</UnitQty>
      <Quantity>5.40</Quantity>
      <UnitMeasure>ל-100 גרם</UnitMeasure>
      <BisWeighted>0</BisWeighted>
      <QtyInPackage>1</QtyInPackage>
      <ItemPrice>7.90</ItemPrice>
      <UnitOfMeasurePrice>1.46</UnitOfMeasurePrice>
      <AllowDiscount>0</AllowDiscount>
      <itemStatus>1</itemStatus>
      <LastUpdateDate />
      <LastUpdateTime />
    </Product>
    <Product>
      <PriceUpdateDate>2021/07/01 22:18</PriceUpdateDate>
      <ItemCode>2057376</ItemCode>
      <ItemType>0</ItemType>
      <ItemName>מלפפון במלח 13-17 A-2 יבנה 540 גר`</ItemName>
      <ManufactureName>קבוצת יבנה</ManufactureName>
      <ManufactureCountry />
      <ManufactureItemDescription />
      <UnitQty>'יח</UnitQty>
      <Quantity>5.40</Quantity>
      <UnitMeasure>ל-100 גרם</UnitMeasure>
      <BisWeighted>0</BisWeighted>
      <QtyInPackage>1</QtyInPackage>
      <ItemPrice>10.90</ItemPrice>
      <UnitOfMeasurePrice>2.02</UnitOfMeasurePrice>
      <AllowDiscount>1</AllowDiscount>
      <itemStatus>1</itemStatus>
      <LastUpdateDate />
      <LastUpdateTime />
    </Product>
    <Product>
      <PriceUpdateDate>2021/07/01 22:18</PriceUpdateDate>
      <ItemCode>2057383</ItemCode>
      <ItemType>0</ItemType>
      <ItemName>מלפפון במלח 18-25 A-2 יבנה 540 גר`</ItemName>
      <ManufactureName>קבוצת יבנה</ManufactureName>
      <ManufactureCountry />
      <ManufactureItemDescription />
      <UnitQty>'יח</UnitQty>
      <Quantity>5.40</Quantity>
      <UnitMeasure>ל-100 גרם</UnitMeasure>
      <BisWeighted>0</BisWeighted>
      <QtyInPackage>1</QtyInPackage>
      <ItemPrice>13.90</ItemPrice>
      <UnitOfMeasurePrice>2.57</UnitOfMeasurePrice>
      <AllowDiscount>1</AllowDiscount>
      <itemStatus>1</itemStatus>
      <LastUpdateDate />
      <LastUpdateTime />
    </Product>
    <Product>
      <PriceUpdateDate>2019/01/16 14:38</PriceUpdateDate>
      <ItemCode>2057413</ItemCode>
      <ItemType>0</ItemType>
      <ItemName>מלפפון בחומץ 15-20 יבנה 1.300 ק`ג</ItemName>
      <ManufactureName>קבוצת יבנה</ManufactureName>
      <ManufactureCountry />
      <ManufactureItemDescription />
      <UnitQty>'יח</UnitQty>
      <Quantity>13</Quantity>
      <UnitMeasure>ל-100 גרם</UnitMeasure>
      <BisWeighted>0</BisWeighted>
      <QtyInPackage>1</QtyInPackage>
      <ItemPrice>13.40</ItemPrice>
      <UnitOfMeasurePrice>1.03</UnitOfMeasurePrice>
      <AllowDiscount>0</AllowDiscount>
      <itemStatus>1</itemStatus>
      <LastUpdateDate />
      <LastUpdateTime />
    </Product>
    <Product>
      <PriceUpdateDate>2021/07/01 22:18</PriceUpdateDate>
      <ItemCode>2057437</ItemCode>
      <ItemType>0</ItemType>
      <ItemName>שיפקונית קבוצת יבנה</ItemName>
      <ManufactureName>קבוצת יבנה</ManufactureName>
      <ManufactureCountry />
      <ManufactureItemDescription />
      <UnitQty>'יח</UnitQty>
      <Quantity>5.40</Quantity>
      <UnitMeasure>ל-100 גרם</UnitMeasure>
      <BisWeighted>0</BisWeighted>
      <QtyInPackage>1</QtyInPackage>
      <ItemPrice>10.90</ItemPrice>
      <UnitOfMeasurePrice>2.02</UnitOfMeasurePrice>
      <AllowDiscount>0</AllowDiscount>
      <itemStatus>1</itemStatus>
      <LastUpdateDate />
      <LastUpdateTime />
    </Product>
    <Product>
      <PriceUpdateDate>2021/07/01 22:18</PriceUpdateDate>
      <ItemCode>2057451</ItemCode>
      <ItemType>0</ItemType>
      <ItemName>מלפפון בחומץ  %7-9 20 A-2 יבנה</ItemName>
      <ManufactureName>קבוצת יבנה</ManufactureName>
      <ManufactureCountry />
      <ManufactureItemDescription />
      <UnitQty>'יח</UnitQty>
      <Quantity>5.40</Quantity>
      <UnitMeasure>ל-100 גרם</UnitMeasure>
      <BisWeighted>0</BisWeighted>
      <QtyInPackage>1</QtyInPackage>
      <ItemPrice>7.90</ItemPrice>
      <UnitOfMeasurePrice>1.46</UnitOfMeasurePrice>
      <AllowDiscount>0</AllowDiscount>
      <itemStatus>1</itemStatus>
      <LastUpdateDate />
      <LastUpdateTime />
    </Product>
    <Product>
      <PriceUpdateDate>2021/07/01 22:18</PriceUpdateDate>
      <ItemCode>2057468</ItemCode>
      <ItemType>0</ItemType>
      <ItemName>מלפפון בחומץ 10-12 A-2 יבנה 540</ItemName>
      <ManufactureName>קבוצת יבנה</ManufactureName>
      <ManufactureCountry />
      <ManufactureItemDescription />
      <UnitQty>'יח</UnitQty>
      <Quantity>5.40</Quantity>
      <UnitMeasure>ל-100 גרם</UnitMeasure>
      <BisWeighted>0</BisWeighted>
      <QtyInPackage>1</QtyInPackage>
      <ItemPrice>7.90</ItemPrice>
      <UnitOfMeasurePrice>1.46</UnitOfMeasurePrice>
      <AllowDiscount>0</AllowDiscount>
      <itemStatus>1</itemStatus>
      <LastUpdateDate />
      <LastUpdateTime />
    </Product>
    <Product>
      <PriceUpdateDate>2021/07/01 22:18</PriceUpdateDate>
      <ItemCode>2057475</ItemCode>
      <ItemType>0</ItemType>
      <ItemName>מלפפון בחומץ 13-17 יבנה 540 גר`</ItemName>
      <ManufactureName>קבוצת יבנה</ManufactureName>
      <ManufactureCountry />
      <ManufactureItemDescription />
      <UnitQty>'יח</UnitQty>
      <Quantity>5.40</Quantity>
      <UnitMeasure>ל-100 גרם</UnitMeasure>
      <BisWeighted>0</BisWeighted>
      <QtyInPackage>1</QtyInPackage>
      <ItemPrice>10.90</ItemPrice>
      <UnitOfMeasurePrice>2.02</UnitOfMeasurePrice>
      <AllowDiscount>1</AllowDiscount>
      <itemStatus>1</itemStatus>
      <LastUpdateDate />
      <LastUpdateTime />
    </Product>
    <Product>
      <PriceUpdateDate>2021/07/01 22:18</PriceUpdateDate>
      <ItemCode>2057482</ItemCode>
      <ItemType>0</ItemType>
      <ItemName>מלפפון בחומץ 18-25 A-2 יבנה 540 גר`</ItemName>
      <ManufactureName>קבוצת יבנה</ManufactureName>
      <ManufactureCountry />
      <ManufactureItemDescription />
      <UnitQty>'יח</UnitQty>
      <Quantity>5.40</Quantity>
      <UnitMeasure>ל-100 גרם</UnitMeasure>
      <BisWeighted>0</BisWeighted>
      <QtyInPackage>1</QtyInPackage>
      <ItemPrice>13.90</ItemPrice>
      <UnitOfMeasurePrice>2.57</UnitOfMeasurePrice>
      <AllowDiscount>1</AllowDiscount>
      <itemStatus>1</itemStatus>
      <LastUpdateDate />
      <LastUpdateTime />
    </Product>
    <Product>
      <PriceUpdateDate>2021/07/01 22:18</PriceUpdateDate>
      <ItemCode>2057604</ItemCode>
      <ItemType>0</ItemType>
      <ItemName>שיפקה A-2 יבנה 540 גר`</ItemName>
      <ManufactureName>קבוצת יבנה</ManufactureName>
      <ManufactureCountry />
      <ManufactureItemDescription />
      <UnitQty>'יח</UnitQty>
      <Quantity>5.40</Quantity>
      <UnitMeasure>ל-100 גרם</UnitMeasure>
      <BisWeighted>0</BisWeighted>
      <QtyInPackage>1</QtyInPackage>
      <ItemPrice>5.90</ItemPrice>
      <UnitOfMeasurePrice>1.09</UnitOfMeasurePrice>
      <AllowDiscount>0</AllowDiscount>
      <itemStatus>1</itemStatus>
      <LastUpdateDate />
      <LastUpdateTime />
    </Product>
    <Product>
      <PriceUpdateDate>2019/07/03 08:47</PriceUpdateDate>
      <ItemCode>2057628</ItemCode>
      <ItemType>0</ItemType>
      <ItemName>זיתים טבעות מושחר A-2 יבנה 540 גר`</ItemName>
      <ManufactureName>קבוצת יבנה</ManufactureName>
      <ManufactureCountry />
      <ManufactureItemDescription />
      <UnitQty>'יח</UnitQty>
      <Quantity>5.40</Quantity>
      <UnitMeasure>ל-100 גרם</UnitMeasure>
      <BisWeighted>0</BisWeighted>
      <QtyInPackage>1</QtyInPackage>
      <ItemPrice>9.90</ItemPrice>
      <UnitOfMeasurePrice>1.83</UnitOfMeasurePrice>
      <AllowDiscount>0</AllowDiscount>
      <itemStatus>1</itemStatus>
      <LastUpdateDate />
      <LastUpdateTime />
    </Product>
    <Product>
      <PriceUpdateDate>2021/07/01 22:18</PriceUpdateDate>
      <ItemCode>2057703</ItemCode>
      <ItemType>0</ItemType>
      <ItemName>חצילים A-2 יבנה 540 גר`</ItemName>
      <ManufactureName>קבוצת יבנה</ManufactureName>
      <ManufactureCountry />
      <ManufactureItemDescription />
      <UnitQty>'יח</UnitQty>
      <Quantity>5.40</Quantity>
      <UnitMeasure>ל-100 גרם</UnitMeasure>
      <BisWeighted>0</BisWeighted>
      <QtyInPackage>1</QtyInPackage>
      <ItemPrice>6.90</ItemPrice>
      <UnitOfMeasurePrice>1.28</UnitOfMeasurePrice>
      <AllowDiscount>0</AllowDiscount>
      <itemStatus>1</itemStatus>
      <LastUpdateDate />
      <LastUpdateTime />
    </Product>
    <Product>
      <PriceUpdateDate>2022/10/19 16:47</PriceUpdateDate>
      <ItemCode>7290002107071</ItemCode>
      <ItemType>1</ItemType>
      <ItemName>גבינת פטה עיזים מעודנת טבעי 200 גרם</ItemName>
      <ManufactureName>החברה המרכזית להפצה</ManufactureName>
      <ManufactureCountry />
      <ManufactureItemDescription />
      <UnitQty>'יח</UnitQty>
      <Quantity>2</Quantity>
      <UnitMeasure>ל-100 גרם</UnitMeasure>
      <BisWeighted>0</BisWeighted>
      <QtyInPackage>1</QtyInPackage>
      <ItemPrice>26.90</ItemPrice>
      <UnitOfMeasurePrice>13.45</UnitOfMeasurePrice>
      <AllowDiscount>0</AllowDiscount>
      <itemStatus>1</itemStatus>
      <LastUpdateDate />
      <LastUpdateTime />
    </Product>
    <Product>
      <PriceUpdateDate>2022/10/19 16:47</PriceUpdateDate>
      <ItemCode>7290002107385</ItemCode>
      <ItemType>1</ItemType>
      <ItemName>מה-עז גבינה עיזים בגליל 180 גרם</ItemName>
      <ManufactureName>החברה המרכזית להפצה</ManufactureName>
      <ManufactureCountry />
      <ManufactureItemDescription />
      <UnitQty>'יח</UnitQty>
      <Quantity>1.80</Quantity>
      <UnitMeasure>ל-100 גרם</UnitMeasure>
      <BisWeighted>0</BisWeighted>
      <QtyInPackage>1</QtyInPackage>
      <ItemPrice>24.90</ItemPrice>
      <UnitOfMeasurePrice>13.83</UnitOfMeasurePrice>
      <AllowDiscount>0</AllowDiscount>
      <itemStatus>1</itemStatus>
      <LastUpdateDate />
      <LastUpdateTime />
    </Product>
    <Product>
      <PriceUpdateDate>2022/10/19 16:47</PriceUpdateDate>
      <ItemCode>7290002107491</ItemCode>
      <ItemType>1</ItemType>
      <ItemName>גבינת עיזים למריחה %5 250 גרם</ItemName>
      <ManufactureName>החברה המרכזית להפצה</ManufactureName>
      <ManufactureCountry />
      <ManufactureItemDescription />
      <UnitQty>'יח</UnitQty>
      <Quantity>2.50</Quantity>
      <UnitMeasure>ל-100 גרם</UnitMeasure>
      <BisWeighted>0</BisWeighted>
      <QtyInPackage>1</QtyInPackage>
      <ItemPrice>15.90</ItemPrice>
      <UnitOfMeasurePrice>6.36</UnitOfMeasurePrice>
      <AllowDiscount>1</AllowDiscount>
      <itemStatus>1</itemStatus>
      <LastUpdateDate />
      <LastUpdateTime />
    </Product>
    <Product>
      <PriceUpdateDate>2022/10/19 16:47</PriceUpdateDate>
      <ItemCode>2107798</ItemCode>
      <ItemType>0</ItemType>
      <ItemName>גבינה בולגרית בקר 5% בגביע 250 ג</ItemName>
      <ManufactureName>החברה המרכזית להפצה</ManufactureName>
      <ManufactureCountry />
      <ManufactureItemDescription />
      <UnitQty>'יח</UnitQty>
      <Quantity>2.50</Quantity>
      <UnitMeasure>ל-100 גרם</UnitMeasure>
      <BisWeighted>0</BisWeighted>
      <QtyInPackage>1</QtyInPackage>
      <ItemPrice>22.90</ItemPrice>
      <UnitOfMeasurePrice>9.16</UnitOfMeasurePrice>
      <AllowDiscount>0</AllowDiscount>
      <itemStatus>1</itemStatus>
      <LastUpdateDate />
      <LastUpdateTime />
    </Product>
    <Product>
      <PriceUpdateDate>2019/01/16 14:38</PriceUpdateDate>
      <ItemCode>7290002107965</ItemCode>
      <ItemType>1</ItemType>
      <ItemName>גבינת טבורוג לאפייה ומילוי %5 500גרם</ItemName>
      <ManufactureName>החברה המרכזית להפצה</ManufactureName>
      <ManufactureCountry />
      <ManufactureItemDescription />
      <UnitQty>'יח</UnitQty>
      <Quantity>5</Quantity>
      <UnitMeasure>ל-100 גרם</UnitMeasure>
      <BisWeighted>0</BisWeighted>
      <QtyInPackage>1</QtyInPackage>
      <ItemPrice>27.90</ItemPrice>
      <UnitOfMeasurePrice>5.58</UnitOfMeasurePrice>
      <AllowDiscount>1</AllowDiscount>
      <itemStatus>1</itemStatus>
      <LastUpdateDate />
      <LastUpdateTime />
    </Product>
    <Product>
      <PriceUpdateDate>2022/06/19 15:06</PriceUpdateDate>
      <ItemCode>7290002109372</ItemCode>
      <ItemType>1</ItemType>
      <ItemName>בורקס פילו אצבעות בולגרית 700  גר`קפוא</ItemName>
      <ManufactureName>נטו מלינדה סחר בע`מ</ManufactureName>
      <ManufactureCountry />
      <ManufactureItemDescription />
      <UnitQty>'יח</UnitQty>
      <Quantity>7</Quantity>
      <UnitMeasure>ל-100 גרם</UnitMeasure>
      <BisWeighted>0</BisWeighted>
      <QtyInPackage>12</QtyInPackage>
      <ItemPrice>19.90</ItemPrice>
      <UnitOfMeasurePrice>2.84</UnitOfMeasurePrice>
      <AllowDiscount>1</AllowDiscount>
      <itemStatus>1</itemStatus>
      <LastUpdateDate />
      <LastUpdateTime />
    </Product>
    <Product>
      <PriceUpdateDate>2019/01/16 14:38</PriceUpdateDate>
      <ItemCode>2129455</ItemCode>
      <ItemType>0</ItemType>
      <ItemName>פיצה איטלקית XL גדולה 450 גר`</ItemName>
      <ManufactureName>נטו מלינדה סחר בע`מ</ManufactureName>
      <ManufactureCountry />
      <ManufactureItemDescription />
      <UnitQty>'יח</UnitQty>
      <Quantity>4.50</Quantity>
      <UnitMeasure>ל-100 גרם</UnitMeasure>
      <BisWeighted>0</BisWeighted>
      <QtyInPackage>8</QtyInPackage>
      <ItemPrice>19.90</ItemPrice>
      <UnitOfMeasurePrice>4.42</UnitOfMeasurePrice>
      <AllowDiscount>0</AllowDiscount>
      <itemStatus>1</itemStatus>
      <LastUpdateDate />
      <LastUpdateTime />
    </Product>
    <Product>
      <PriceUpdateDate>2019/08/11 15:34</PriceUpdateDate>
      <ItemCode>7290002130567</ItemCode>
      <ItemType>1</ItemType>
      <ItemName>דבש יד מרדכי מפרחי בר 350 גרם</ItemName>
      <ManufactureName>שטראוס גרופ בע`מ</ManufactureName>
      <ManufactureCountry />
      <ManufactureItemDescription />
      <UnitQty>'יח</UnitQty>
      <Quantity>3.50</Quantity>
      <UnitMeasure>ל-100 גרם</UnitMeasure>
      <BisWeighted>0</BisWeighted>
      <QtyInPackage>12</QtyInPackage>
      <ItemPrice>17.90</ItemPrice>
      <UnitOfMeasurePrice>5.11</UnitOfMeasurePrice>
      <AllowDiscount>0</AllowDiscount>
      <itemStatus>1</itemStatus>
      <LastUpdateDate />
      <LastUpdateTime />
    </Product>
    <Product>
      <PriceUpdateDate>2019/08/11 15:34</PriceUpdateDate>
      <ItemCode>7290002130574</ItemCode>
      <ItemType>1</ItemType>
      <ItemName>דבש דבורים טהור מפרחי בר 500 גרם</ItemName>
      <ManufactureName>שטראוס גרופ בע`מ</ManufactureName>
      <ManufactureCountry />
      <ManufactureItemDescription />
      <UnitQty>'יח</UnitQty>
      <Quantity>5</Quantity>
      <UnitMeasure>ל-100 גרם</UnitMeasure>
      <BisWeighted>0</BisWeighted>
      <QtyInPackage>12</QtyInPackage>
      <ItemPrice>24.90</ItemPrice>
      <UnitOfMeasurePrice>4.98</UnitOfMeasurePrice>
      <AllowDiscount>0</AllowDiscount>
      <itemStatus>1</itemStatus>
      <LastUpdateDate />
      <LastUpdateTime />
    </Product>
    <Product>
      <PriceUpdateDate>2019/08/11 15:34</PriceUpdateDate>
      <ItemCode>2130581</ItemCode>
      <ItemType>0</ItemType>
      <ItemName>דבש טהור פרחי בר יד מרדכי 1 ק``ג</ItemName>
      <ManufactureName>שטראוס גרופ בע`מ</ManufactureName>
      <ManufactureCountry />
      <ManufactureItemDescription />
      <UnitQty>'יח</UnitQty>
      <Quantity>10</Quantity>
      <UnitMeasure>ק"ג</UnitMeasure>
      <BisWeighted>0</BisWeighted>
      <QtyInPackage>6</QtyInPackage>
      <ItemPrice>42.90</ItemPrice>
      <UnitOfMeasurePrice>4.29</UnitOfMeasurePrice>
      <AllowDiscount>0</AllowDiscount>
      <itemStatus>1</itemStatus>
      <LastUpdateDate />
      <LastUpdateTime />
    </Product>
    <Product>
      <PriceUpdateDate>2022/07/01 13:42</PriceUpdateDate>
      <ItemCode>2132011</ItemCode>
      <ItemType>0</ItemType>
      <ItemName>עוגיות מזרחיות עבאדי 400 גרם</ItemName>
      <ManufactureName>תה ויסוצקי בע`מ</ManufactureName>
      <ManufactureCountry />
      <ManufactureItemDescription />
      <UnitQty>'יח</UnitQty>
      <Quantity>4</Quantity>
      <UnitMeasure>ל-100 גרם</UnitMeasure>
      <BisWeighted>0</BisWeighted>
      <QtyInPackage>1</QtyInPackage>
      <ItemPrice>17.90</ItemPrice>
      <UnitOfMeasurePrice>4.48</UnitOfMeasurePrice>
      <AllowDiscount>0</AllowDiscount>
      <itemStatus>1</itemStatus>
      <LastUpdateDate />
      <LastUpdateTime />
    </Product>
    <Product>
      <PriceUpdateDate>2019/01/16 14:38</PriceUpdateDate>
      <ItemCode>7290002157953</ItemCode>
      <ItemType>1</ItemType>
      <ItemName>טונה קנולה 140  גר`מארז רביעייה ויליגר</ItemName>
      <ManufactureName>נטו מלינדה סחר בע`מ</ManufactureName>
      <ManufactureCountry />
      <ManufactureItemDescription />
      <UnitQty>'יח</UnitQty>
      <Quantity>1.40</Quantity>
      <UnitMeasure>ל-100 גרם</UnitMeasure>
      <BisWeighted>0</BisWeighted>
      <QtyInPackage>12</QtyInPackage>
      <ItemPrice>19.90</ItemPrice>
      <UnitOfMeasurePrice>14.21</UnitOfMeasurePrice>
      <AllowDiscount>0</AllowDiscount>
      <itemStatus>1</itemStatus>
      <LastUpdateDate />
      <LastUpdateTime />
    </Product>
    <Product>
      <PriceUpdateDate>2019/01/16 14:38</PriceUpdateDate>
      <ItemCode>2157960</ItemCode>
      <ItemType>0</ItemType>
      <ItemName>טונה במים 140  גר`מארז רביעייה ויליגר</ItemName>
      <ManufactureName>נטו מלינדה סחר בע`מ</ManufactureName>
      <ManufactureCountry />
      <ManufactureItemDescription />
      <UnitQty>'יח</UnitQty>
      <Quantity>1.40</Quantity>
      <UnitMeasure>ל-100 גרם</UnitMeasure>
      <BisWeighted>0</BisWeighted>
      <QtyInPackage>1</QtyInPackage>
      <ItemPrice>19.90</ItemPrice>
      <UnitOfMeasurePrice>14.21</UnitOfMeasurePrice>
      <AllowDiscount>0</AllowDiscount>
      <itemStatus>1</itemStatus>
      <LastUpdateDate />
      <LastUpdateTime />
    </Product>
    <Product>
      <PriceUpdateDate>2019/01/16 14:38</PriceUpdateDate>
      <ItemCode>2190516</ItemCode>
      <ItemType>0</ItemType>
      <ItemName>ממרח ריבת חלב 500 גרם</ItemName>
      <ManufactureName>תומר ייבוא ושיווק מוצרי מזון [</ManufactureName>
      <ManufactureCountry />
      <ManufactureItemDescription />
      <UnitQty>'יח</UnitQty>
      <Quantity>1</Quantity>
      <UnitMeasure />
      <BisWeighted>0</BisWeighted>
      <QtyInPackage>12</QtyInPackage>
      <ItemPrice>14.90</ItemPrice>
      <UnitOfMeasurePrice>14.90</UnitOfMeasurePrice>
      <AllowDiscount>0</AllowDiscount>
      <itemStatus>1</itemStatus>
      <LastUpdateDate />
      <LastUpdateTime />
    </Product>
    <Product>
      <PriceUpdateDate>2019/10/10 09:24</PriceUpdateDate>
      <ItemCode>2195054</ItemCode>
      <ItemType>0</ItemType>
      <ItemName>המבורגר בלדי 400גר</ItemName>
      <ManufactureName>בלדי בע`מ</ManufactureName>
      <ManufactureCountry />
      <ManufactureItemDescription />
      <UnitQty>'יח</UnitQty>
      <Quantity>4</Quantity>
      <UnitMeasure>ל-100 גרם</UnitMeasure>
      <BisWeighted>0</BisWeighted>
      <QtyInPackage>12</QtyInPackage>
      <ItemPrice>11.90</ItemPrice>
      <UnitOfMeasurePrice>2.98</UnitOfMeasurePrice>
      <AllowDiscount>1</AllowDiscount>
      <itemStatus>1</itemStatus>
      <LastUpdateDate />
      <LastUpdateTime />
    </Product>
    <Product>
      <PriceUpdateDate>2019/10/18 09:44</PriceUpdateDate>
      <ItemCode>2195078</ItemCode>
      <ItemType>0</ItemType>
      <ItemName>קבב כבש בלדי 400גר</ItemName>
      <ManufactureName>בלדי בע`מ</ManufactureName>
      <ManufactureCountry />
      <ManufactureItemDescription />
      <UnitQty>'יח</UnitQty>
      <Quantity>4</Quantity>
      <UnitMeasure>ל-100 גרם</UnitMeasure>
      <BisWeighted>0</BisWeighted>
      <QtyInPackage>12</QtyInPackage>
      <ItemPrice>11.90</ItemPrice>
      <UnitOfMeasurePrice>2.98</UnitOfMeasurePrice>
      <AllowDiscount>1</AllowDiscount>
      <itemStatus>1</itemStatus>
      <LastUpdateDate />
      <LastUpdateTime />
    </Product>
    <Product>
      <PriceUpdateDate>2019/10/18 09:44</PriceUpdateDate>
      <ItemCode>2195085</ItemCode>
      <ItemType>0</ItemType>
      <ItemName>קבב מזרחי בלדי 400 גרם</ItemName>
      <ManufactureName>בלדי בע`מ</ManufactureName>
      <ManufactureCountry />
      <ManufactureItemDescription />
      <UnitQty>'יח</UnitQty>
      <Quantity>4</Quantity>
      <UnitMeasure>ל-100 גרם</UnitMeasure>
      <BisWeighted>0</BisWeighted>
      <QtyInPackage>12</QtyInPackage>
      <ItemPrice>11.90</ItemPrice>
      <UnitOfMeasurePrice>2.98</UnitOfMeasurePrice>
      <AllowDiscount>1</AllowDiscount>
      <itemStatus>1</itemStatus>
      <LastUpdateDate />
      <LastUpdateTime />
    </Product>
    <Product>
      <PriceUpdateDate>2019/11/19 14:04</PriceUpdateDate>
      <ItemCode>2195092</ItemCode>
      <ItemType>0</ItemType>
      <ItemName>קבב רומני בלדי 400גר</ItemName>
      <ManufactureName>בלדי בע`מ</ManufactureName>
      <ManufactureCountry />
      <ManufactureItemDescription />
      <UnitQty>'יח</UnitQty>
      <Quantity>4</Quantity>
      <UnitMeasure>ל-100 גרם</UnitMeasure>
      <BisWeighted>0</BisWeighted>
      <QtyInPackage>12</QtyInPackage>
      <ItemPrice>11.90</ItemPrice>
      <UnitOfMeasurePrice>2.98</UnitOfMeasurePrice>
      <AllowDiscount>1</AllowDiscount>
      <itemStatus>1</itemStatus>
      <LastUpdateDate />
      <LastUpdateTime />
    </Product>
    <Product>
      <PriceUpdateDate>2019/07/29 10:15</PriceUpdateDate>
      <ItemCode>7290002239185</ItemCode>
      <ItemType>1</ItemType>
      <ItemName>אפונת גינה מוקפאת 800 גרם</ItemName>
      <ManufactureName>ויטה פרי גליל (החדשה) בע`מ</ManufactureName>
      <ManufactureCountry />
      <ManufactureItemDescription />
      <UnitQty>'יח</UnitQty>
      <Quantity>8</Quantity>
      <UnitMeasure>ל-100 גרם</UnitMeasure>
      <BisWeighted>0</BisWeighted>
      <QtyInPackage>20</QtyInPackage>
      <ItemPrice>10.90</ItemPrice>
      <UnitOfMeasurePrice>1.36</UnitOfMeasurePrice>
      <AllowDiscount>1</AllowDiscount>
      <itemStatus>1</itemStatus>
      <LastUpdateDate />
      <LastUpdateTime />
    </Product>
    <Product>
      <PriceUpdateDate>2019/07/29 10:15</PriceUpdateDate>
      <ItemCode>7290002239215</ItemCode>
      <ItemType>1</ItemType>
      <ItemName>אפונה וגזר מוקפאים 800 גרם</ItemName>
      <ManufactureName>ויטה פרי גליל (החדשה) בע`מ</ManufactureName>
      <ManufactureCountry />
      <ManufactureItemDescription />
      <UnitQty>'יח</UnitQty>
      <Quantity>5</Quantity>
      <UnitMeasure>ל-100 גרם</UnitMeasure>
      <BisWeighted>0</BisWeighted>
      <QtyInPackage>20</QtyInPackage>
      <ItemPrice>10.90</ItemPrice>
      <UnitOfMeasurePrice>2.18</UnitOfMeasurePrice>
      <AllowDiscount>1</AllowDiscount>
      <itemStatus>1</itemStatus>
      <LastUpdateDate />
      <LastUpdateTime />
    </Product>
    <Product>
      <PriceUpdateDate>2019/07/29 10:15</PriceUpdateDate>
      <ItemCode>7290002239277</ItemCode>
      <ItemType>1</ItemType>
      <ItemName>גזר גמדי מוקפא 800 גרם</ItemName>
      <ManufactureName>ויטה פרי גליל (החדשה) בע`מ</ManufactureName>
      <ManufactureCountry />
      <ManufactureItemDescription />
      <UnitQty>'יח</UnitQty>
      <Quantity>8</Quantity>
      <UnitMeasure>ל-100 גרם</UnitMeasure>
      <BisWeighted>0</BisWeighted>
      <QtyInPackage>20</QtyInPackage>
      <ItemPrice>9.90</ItemPrice>
      <UnitOfMeasurePrice>1.24</UnitOfMeasurePrice>
      <AllowDiscount>1</AllowDiscount>
      <itemStatus>1</itemStatus>
      <LastUpdateDate />
      <LastUpdateTime />
    </Product>
    <Product>
      <PriceUpdateDate>2019/07/03 08:47</PriceUpdateDate>
      <ItemCode>7290002239307</ItemCode>
      <ItemType>1</ItemType>
      <ItemName>שעועית צהובה חתוכה 800 גרם</ItemName>
      <ManufactureName>ויטה פרי גליל (החדשה) בע`מ</ManufactureName>
      <ManufactureCountry />
      <ManufactureItemDescription />
      <UnitQty>'יח</UnitQty>
      <Quantity>8</Quantity>
      <UnitMeasure>ל-100 גרם</UnitMeasure>
      <BisWeighted>0</BisWeighted>
      <QtyInPackage>20</QtyInPackage>
      <ItemPrice>10.90</ItemPrice>
      <UnitOfMeasurePrice>1.36</UnitOfMeasurePrice>
      <AllowDiscount>1</AllowDiscount>
      <itemStatus>1</itemStatus>
      <LastUpdateDate />
      <LastUpdateTime />
    </Product>
    <Product>
      <PriceUpdateDate>2019/07/03 08:47</PriceUpdateDate>
      <ItemCode>7290002239338</ItemCode>
      <ItemType>1</ItemType>
      <ItemName>שעועית ירוקה חתוכה 800 גרם</ItemName>
      <ManufactureName>ויטה פרי גליל (החדשה) בע`מ</ManufactureName>
      <ManufactureCountry />
      <ManufactureItemDescription />
      <UnitQty>'יח</UnitQty>
      <Quantity>8</Quantity>
      <UnitMeasure>ל-100 גרם</UnitMeasure>
      <BisWeighted>0</BisWeighted>
      <QtyInPackage>20</QtyInPackage>
      <ItemPrice>10.90</ItemPrice>
      <UnitOfMeasurePrice>1.36</UnitOfMeasurePrice>
      <AllowDiscount>1</AllowDiscount>
      <itemStatus>1</itemStatus>
      <LastUpdateDate />
      <LastUpdateTime />
    </Product>
    <Product>
      <PriceUpdateDate>2021/07/26 12:17</PriceUpdateDate>
      <ItemCode>7290002239369</ItemCode>
      <ItemType>1</ItemType>
      <ItemName>שעועית ירוקה שלמה 800 גרם</ItemName>
      <ManufactureName>ויטה פרי גליל (החדשה) בע`מ</ManufactureName>
      <ManufactureCountry />
      <ManufactureItemDescription />
      <UnitQty>'יח</UnitQty>
      <Quantity>8</Quantity>
      <UnitMeasure>ל-100 גרם</UnitMeasure>
      <BisWeighted>0</BisWeighted>
      <QtyInPackage>16</QtyInPackage>
      <ItemPrice>10.90</ItemPrice>
      <UnitOfMeasurePrice>1.36</UnitOfMeasurePrice>
      <AllowDiscount>0</AllowDiscount>
      <itemStatus>1</itemStatus>
      <LastUpdateDate />
      <LastUpdateTime />
    </Product>
    <Product>
      <PriceUpdateDate>2019/07/03 08:47</PriceUpdateDate>
      <ItemCode>7290002239420</ItemCode>
      <ItemType>1</ItemType>
      <ItemName>תירס גרעינים קפואים 800 גרם</ItemName>
      <ManufactureName>ויטה פרי גליל (החדשה) בע`מ</ManufactureName>
      <ManufactureCountry />
      <ManufactureItemDescription />
      <UnitQty>'יח</UnitQty>
      <Quantity>8</Quantity>
      <UnitMeasure>ל-100 גרם</UnitMeasure>
      <BisWeighted>0</BisWeighted>
      <QtyInPackage>20</QtyInPackage>
      <ItemPrice>10.90</ItemPrice>
      <UnitOfMeasurePrice>1.36</UnitOfMeasurePrice>
      <AllowDiscount>1</AllowDiscount>
      <itemStatus>1</itemStatus>
      <LastUpdateDate />
      <LastUpdateTime />
    </Product>
    <Product>
      <PriceUpdateDate>2019/01/16 14:38</PriceUpdateDate>
      <ItemCode>7290002253105</ItemCode>
      <ItemType>1</ItemType>
      <ItemName>שום במגשית 20 שיניים כתושות קפוא 80</ItemName>
      <ManufactureName>קבוצת אסם סחר</ManufactureName>
      <ManufactureCountry />
      <ManufactureItemDescription />
      <UnitQty>'יח</UnitQty>
      <Quantity>0.80</Quantity>
      <UnitMeasure>ל-100 גרם</UnitMeasure>
      <BisWeighted>0</BisWeighted>
      <QtyInPackage>1</QtyInPackage>
      <ItemPrice>12.90</ItemPrice>
      <UnitOfMeasurePrice>16.13</UnitOfMeasurePrice>
      <AllowDiscount>0</AllowDiscount>
      <itemStatus>1</itemStatus>
      <LastUpdateDate />
      <LastUpdateTime />
    </Product>
    <Product>
      <PriceUpdateDate>2019/07/03 08:47</PriceUpdateDate>
      <ItemCode>7290002253167</ItemCode>
      <ItemType>1</ItemType>
      <ItemName>פטרוזיליה טרייה קצוצה מוקפאת 70 גרם</ItemName>
      <ManufactureName>קבוצת אסם סחר</ManufactureName>
      <ManufactureCountry />
      <ManufactureItemDescription />
      <UnitQty>'יח</UnitQty>
      <Quantity>0.70</Quantity>
      <UnitMeasure>ל-100 גרם</UnitMeasure>
      <BisWeighted>0</BisWeighted>
      <QtyInPackage>1</QtyInPackage>
      <ItemPrice>10.90</ItemPrice>
      <UnitOfMeasurePrice>15.57</UnitOfMeasurePrice>
      <AllowDiscount>0</AllowDiscount>
      <itemStatus>1</itemStatus>
      <LastUpdateDate />
      <LastUpdateTime />
    </Product>
    <Product>
      <PriceUpdateDate>2019/07/03 08:47</PriceUpdateDate>
      <ItemCode>7290002253181</ItemCode>
      <ItemType>1</ItemType>
      <ItemName>כוסברה טרייה קצוצה 20 קוביות 70 גרם קפוא</ItemName>
      <ManufactureName>קבוצת אסם סחר</ManufactureName>
      <ManufactureCountry />
      <ManufactureItemDescription />
      <UnitQty>'יח</UnitQty>
      <Quantity>0.70</Quantity>
      <UnitMeasure>ל-100 גרם</UnitMeasure>
      <BisWeighted>0</BisWeighted>
      <QtyInPackage>1</QtyInPackage>
      <ItemPrice>10.90</ItemPrice>
      <UnitOfMeasurePrice>15.57</UnitOfMeasurePrice>
      <AllowDiscount>0</AllowDiscount>
      <itemStatus>1</itemStatus>
      <LastUpdateDate />
      <LastUpdateTime />
    </Product>
    <Product>
      <PriceUpdateDate>2019/01/16 14:38</PriceUpdateDate>
      <ItemCode>7290002253198</ItemCode>
      <ItemType>1</ItemType>
      <ItemName>גינג`ר טרי קצוץ קפוא 20  יח `70גרם</ItemName>
      <ManufactureName>קבוצת אסם סחר</ManufactureName>
      <ManufactureCountry />
      <ManufactureItemDescription />
      <UnitQty>'יח</UnitQty>
      <Quantity>0.70</Quantity>
      <UnitMeasure>ל-100 גרם</UnitMeasure>
      <BisWeighted>0</BisWeighted>
      <QtyInPackage>1</QtyInPackage>
      <ItemPrice>12.90</ItemPrice>
      <UnitOfMeasurePrice>18.43</UnitOfMeasurePrice>
      <AllowDiscount>0</AllowDiscount>
      <itemStatus>1</itemStatus>
      <LastUpdateDate />
      <LastUpdateTime />
    </Product>
    <Product>
      <PriceUpdateDate>2022/09/19 16:22</PriceUpdateDate>
      <ItemCode>7290002259640</ItemCode>
      <ItemType>1</ItemType>
      <ItemName>רדיד אלומיניום 13 מיקרון 7.6*0.30</ItemName>
      <ManufactureName>גורי ע.ע.ע. בע`מ</ManufactureName>
      <ManufactureCountry />
      <ManufactureItemDescription />
      <UnitQty>'יח</UnitQty>
      <Quantity>0</Quantity>
      <UnitMeasure>'יח</UnitMeasure>
      <BisWeighted>0</BisWeighted>
      <QtyInPackage>24</QtyInPackage>
      <ItemPrice>11.90</ItemPrice>
      <UnitOfMeasurePrice>11.90</UnitOfMeasurePrice>
      <AllowDiscount>1</AllowDiscount>
      <itemStatus>1</itemStatus>
      <LastUpdateDate />
      <LastUpdateTime />
    </Product>
    <Product>
      <PriceUpdateDate>2022/09/19 16:22</PriceUpdateDate>
      <ItemCode>2259664</ItemCode>
      <ItemType>0</ItemType>
      <ItemName>רדיד אלומיניום דיאמונד 0.60*60</ItemName>
      <ManufactureName>גורי ע.ע.ע. בע`מ</ManufactureName>
      <ManufactureCountry />
      <ManufactureItemDescription />
      <UnitQty>'יח</UnitQty>
      <Quantity>1</Quantity>
      <UnitMeasure>'יח</UnitMeasure>
      <BisWeighted>0</BisWeighted>
      <QtyInPackage>1</QtyInPackage>
      <ItemPrice>54.90</ItemPrice>
      <UnitOfMeasurePrice>54.90</UnitOfMeasurePrice>
      <AllowDiscount>1</AllowDiscount>
      <itemStatus>1</itemStatus>
      <LastUpdateDate />
      <LastUpdateTime />
    </Product>
    <Product>
      <PriceUpdateDate>2022/07/24 18:01</PriceUpdateDate>
      <ItemCode>2260059</ItemCode>
      <ItemType>0</ItemType>
      <ItemName>במבה יום הולדת *60</ItemName>
      <ManufactureName>קבוצת אסם סחר</ManufactureName>
      <ManufactureCountry />
      <ManufactureItemDescription />
      <UnitQty>'יח</UnitQty>
      <Quantity>0.60</Quantity>
      <UnitMeasure>ל-100 גרם</UnitMeasure>
      <BisWeighted>0</BisWeighted>
      <QtyInPackage>1</QtyInPackage>
      <ItemPrice>3.90</ItemPrice>
      <UnitOfMeasurePrice>6.50</UnitOfMeasurePrice>
      <AllowDiscount>1</AllowDiscount>
      <itemStatus>1</itemStatus>
      <LastUpdateDate />
      <LastUpdateTime />
    </Product>
    <Product>
      <PriceUpdateDate>2022/06/19 15:06</PriceUpdateDate>
      <ItemCode>7290002277422</ItemCode>
      <ItemType>1</ItemType>
      <ItemName>ריבועי בצק עלים מרודד</ItemName>
      <ManufactureName>נטו מלינדה סחר בע`מ</ManufactureName>
      <ManufactureCountry />
      <ManufactureItemDescription />
      <UnitQty>'יח</UnitQty>
      <Quantity>7</Quantity>
      <UnitMeasure>ל-100 גרם</UnitMeasure>
      <BisWeighted>0</BisWeighted>
      <QtyInPackage>12</QtyInPackage>
      <ItemPrice>19.90</ItemPrice>
      <UnitOfMeasurePrice>2.84</UnitOfMeasurePrice>
      <AllowDiscount>1</AllowDiscount>
      <itemStatus>1</itemStatus>
      <LastUpdateDate />
      <LastUpdateTime />
    </Product>
    <Product>
      <PriceUpdateDate>2020/11/10 20:13</PriceUpdateDate>
      <ItemCode>2278528</ItemCode>
      <ItemType>0</ItemType>
      <ItemName>כרית שבת קלין 2 יח`</ItemName>
      <ManufactureName>מ.א. יצור ויבוא מטליות בעמ`</ManufactureName>
      <ManufactureCountry />
      <ManufactureItemDescription />
      <UnitQty>'יח</UnitQty>
      <Quantity>2</Quantity>
      <UnitMeasure>'יח</UnitMeasure>
      <BisWeighted>0</BisWeighted>
      <QtyInPackage>1</QtyInPackage>
      <ItemPrice>7.90</ItemPrice>
      <UnitOfMeasurePrice>3.95</UnitOfMeasurePrice>
      <AllowDiscount>0</AllowDiscount>
      <itemStatus>1</itemStatus>
      <LastUpdateDate />
      <LastUpdateTime />
    </Product>
    <Product>
      <PriceUpdateDate>2021/07/13 19:32</PriceUpdateDate>
      <ItemCode>7290002327059</ItemCode>
      <ItemType>1</ItemType>
      <ItemName>בצק עלים מרודד 1 ק``ג קפוא</ItemName>
      <ManufactureName>נטו מלינדה סחר בע`מ</ManufactureName>
      <ManufactureCountry />
      <ManufactureItemDescription />
      <UnitQty>'יח</UnitQty>
      <Quantity>10</Quantity>
      <UnitMeasure>ל-100 גרם</UnitMeasure>
      <BisWeighted>0</BisWeighted>
      <QtyInPackage>12</QtyInPackage>
      <ItemPrice>17.90</ItemPrice>
      <UnitOfMeasurePrice>1.79</UnitOfMeasurePrice>
      <AllowDiscount>1</AllowDiscount>
      <itemStatus>1</itemStatus>
      <LastUpdateDate />
      <LastUpdateTime />
    </Product>
    <Product>
      <PriceUpdateDate>2022/07/20 20:08</PriceUpdateDate>
      <ItemCode>7290002327073</ItemCode>
      <ItemType>1</ItemType>
      <ItemName>בורקס גבינה 800 גרם קפוא</ItemName>
      <ManufactureName>נטו מלינדה סחר בע`מ</ManufactureName>
      <ManufactureCountry />
      <ManufactureItemDescription />
      <UnitQty>'יח</UnitQty>
      <Quantity>8</Quantity>
      <UnitMeasure>ל-100 גרם</UnitMeasure>
      <BisWeighted>0</BisWeighted>
      <QtyInPackage>1</QtyInPackage>
      <ItemPrice>19.90</ItemPrice>
      <UnitOfMeasurePrice>2.49</UnitOfMeasurePrice>
      <AllowDiscount>1</AllowDiscount>
      <itemStatus>1</itemStatus>
      <LastUpdateDate />
      <LastUpdateTime />
    </Product>
    <Product>
      <PriceUpdateDate>2022/06/19 15:06</PriceUpdateDate>
      <ItemCode>2327912</ItemCode>
      <ItemType>0</ItemType>
      <ItemName>מיני בורקס גבינה 800 גרם</ItemName>
      <ManufactureName>נטו מלינדה סחר בע`מ</ManufactureName>
      <ManufactureCountry />
      <ManufactureItemDescription />
      <UnitQty>'יח</UnitQty>
      <Quantity>7</Quantity>
      <UnitMeasure>ל-100 גרם</UnitMeasure>
      <BisWeighted>0</BisWeighted>
      <QtyInPackage>12</QtyInPackage>
      <ItemPrice>19.90</ItemPrice>
      <UnitOfMeasurePrice>2.84</UnitOfMeasurePrice>
      <AllowDiscount>1</AllowDiscount>
      <itemStatus>1</itemStatus>
      <LastUpdateDate />
      <LastUpdateTime />
    </Product>
    <Product>
      <PriceUpdateDate>2019/01/16 14:38</PriceUpdateDate>
      <ItemCode>2331025</ItemCode>
      <ItemType>0</ItemType>
      <ItemName>נביעות מים מינרלים ספורט להחזרה 500מ</ItemName>
      <ManufactureName>החברה המרכזית להפצת משקאות בע`</ManufactureName>
      <ManufactureCountry />
      <ManufactureItemDescription />
      <UnitQty>'יח</UnitQty>
      <Quantity>5</Quantity>
      <UnitMeasure>ל-100 מ"ל</UnitMeasure>
      <BisWeighted>0</BisWeighted>
      <QtyInPackage>24</QtyInPackage>
      <ItemPrice>3.80</ItemPrice>
      <UnitOfMeasurePrice>0.70</UnitOfMeasurePrice>
      <AllowDiscount>0</AllowDiscount>
      <itemStatus>1</itemStatus>
      <LastUpdateDate />
      <LastUpdateTime />
    </Product>
    <Product>
      <PriceUpdateDate>2022/07/28 15:03</PriceUpdateDate>
      <ItemCode>2331322</ItemCode>
      <ItemType>0</ItemType>
      <ItemName>נביעות שישייה מים מינרלים שקט 1.5 ל`</ItemName>
      <ManufactureName>החברה המרכזית להפצת משקאות בע`</ManufactureName>
      <ManufactureCountry />
      <ManufactureItemDescription />
      <UnitQty>'יח</UnitQty>
      <Quantity>90</Quantity>
      <UnitMeasure>ל-100 מ"ל</UnitMeasure>
      <BisWeighted>0</BisWeighted>
      <QtyInPackage>1</QtyInPackage>
      <ItemPrice>12.90</ItemPrice>
      <UnitOfMeasurePrice>0.12</UnitOfMeasurePrice>
      <AllowDiscount>0</AllowDiscount>
      <itemStatus>1</itemStatus>
      <LastUpdateDate />
      <LastUpdateTime />
    </Product>
    <Product>
      <PriceUpdateDate>2022/08/22 20:25</PriceUpdateDate>
      <ItemCode>7290002331360</ItemCode>
      <ItemType>1</ItemType>
      <ItemName>נביעות מים מינרלים שישיה 0.5 ליטר</ItemName>
      <ManufactureName>החברה המרכזית להפצת משקאות בע`</ManufactureName>
      <ManufactureCountry />
      <ManufactureItemDescription />
      <UnitQty>'יח</UnitQty>
      <Quantity>30</Quantity>
      <UnitMeasure>ל-100 מ"ל</UnitMeasure>
      <BisWeighted>0</BisWeighted>
      <QtyInPackage>4</QtyInPackage>
      <ItemPrice>14.90</ItemPrice>
      <UnitOfMeasurePrice>0.44</UnitOfMeasurePrice>
      <AllowDiscount>1</AllowDiscount>
      <itemStatus>1</itemStatus>
      <LastUpdateDate />
      <LastUpdateTime />
    </Product>
    <Product>
      <PriceUpdateDate>2021/08/30 15:10</PriceUpdateDate>
      <ItemCode>7290002331421</ItemCode>
      <ItemType>1</ItemType>
      <ItemName>נביעות מים מינרלים ספורט 6*755 מל</ItemName>
      <ManufactureName>החברה המרכזית להפצת משקאות בע`</ManufactureName>
      <ManufactureCountry />
      <ManufactureItemDescription />
      <UnitQty>'יח</UnitQty>
      <Quantity>45.30</Quantity>
      <UnitMeasure>ל-100 מ"ל</UnitMeasure>
      <BisWeighted>0</BisWeighted>
      <QtyInPackage>4</QtyInPackage>
      <ItemPrice>16.90</ItemPrice>
      <UnitOfMeasurePrice>0.33</UnitOfMeasurePrice>
      <AllowDiscount>0</AllowDiscount>
      <itemStatus>1</itemStatus>
      <LastUpdateDate />
      <LastUpdateTime />
    </Product>
    <Product>
      <PriceUpdateDate>2019/01/16 14:38</PriceUpdateDate>
      <ItemCode>2331490</ItemCode>
      <ItemType>0</ItemType>
      <ItemName>נביעות מים מינרלים 1 ליטר פיקדון</ItemName>
      <ManufactureName>החברה המרכזית להפצת משקאות בע`</ManufactureName>
      <ManufactureCountry />
      <ManufactureItemDescription />
      <UnitQty>'יח</UnitQty>
      <Quantity>10</Quantity>
      <UnitMeasure>ל-100 מ"ל</UnitMeasure>
      <BisWeighted>0</BisWeighted>
      <QtyInPackage>15</QtyInPackage>
      <ItemPrice>3.40</ItemPrice>
      <UnitOfMeasurePrice>0.31</UnitOfMeasurePrice>
      <AllowDiscount>1</AllowDiscount>
      <itemStatus>1</itemStatus>
      <LastUpdateDate />
      <LastUpdateTime />
    </Product>
    <Product>
      <PriceUpdateDate>2019/01/16 14:38</PriceUpdateDate>
      <ItemCode>2345015</ItemCode>
      <ItemType>0</ItemType>
      <ItemName>סינטה דקדק 250 גר`</ItemName>
      <ManufactureName>נטו מלינדה סחר בע`מ</ManufactureName>
      <ManufactureCountry />
      <ManufactureItemDescription />
      <UnitQty>'יח</UnitQty>
      <Quantity>2.50</Quantity>
      <UnitMeasure>ל-100 גרם</UnitMeasure>
      <BisWeighted>0</BisWeighted>
      <QtyInPackage>1</QtyInPackage>
      <ItemPrice>28.90</ItemPrice>
      <UnitOfMeasurePrice>11.56</UnitOfMeasurePrice>
      <AllowDiscount>1</AllowDiscount>
      <itemStatus>1</itemStatus>
      <LastUpdateDate />
      <LastUpdateTime />
    </Product>
    <Product>
      <PriceUpdateDate>2019/01/16 14:38</PriceUpdateDate>
      <ItemCode>7290002360230</ItemCode>
      <ItemType>1</ItemType>
      <ItemName>חרדל דיז`ון עם גרגרים שלמים 210גר`</ItemName>
      <ManufactureName>ש. שסטוביץ בע`מ</ManufactureName>
      <ManufactureCountry />
      <ManufactureItemDescription />
      <UnitQty>'יח</UnitQty>
      <Quantity>2.10</Quantity>
      <UnitMeasure>ל-100 גרם</UnitMeasure>
      <BisWeighted>0</BisWeighted>
      <QtyInPackage>1</QtyInPackage>
      <ItemPrice>11.70</ItemPrice>
      <UnitOfMeasurePrice>5.57</UnitOfMeasurePrice>
      <AllowDiscount>0</AllowDiscount>
      <itemStatus>1</itemStatus>
      <LastUpdateDate />
      <LastUpdateTime />
    </Product>
    <Product>
      <PriceUpdateDate>2022/10/19 11:20</PriceUpdateDate>
      <ItemCode>7290002360285</ItemCode>
      <ItemType>1</ItemType>
      <ItemName>תה חליטת קמומיל 20 שק *1.5גרם</ItemName>
      <ManufactureName>ש. שסטוביץ בע`מ</ManufactureName>
      <ManufactureCountry />
      <ManufactureItemDescription />
      <UnitQty>'יח</UnitQty>
      <Quantity>0.30</Quantity>
      <UnitMeasure>ל-100 גרם</UnitMeasure>
      <BisWeighted>0</BisWeighted>
      <QtyInPackage>1</QtyInPackage>
      <ItemPrice>15.90</ItemPrice>
      <UnitOfMeasurePrice>53</UnitOfMeasurePrice>
      <AllowDiscount>1</AllowDiscount>
      <itemStatus>1</itemStatus>
      <LastUpdateDate />
      <LastUpdateTime />
    </Product>
    <Product>
      <PriceUpdateDate>2022/03/18 06:40</PriceUpdateDate>
      <ItemCode>7290002371533</ItemCode>
      <ItemType>1</ItemType>
      <ItemName>סלסולי פסטרמה דבש 120 גר`</ItemName>
      <ManufactureName>תנובה מרכז שיתופי לשיווק תוצרת</ManufactureName>
      <ManufactureCountry />
      <ManufactureItemDescription />
      <UnitQty>'יח</UnitQty>
      <Quantity>1.20</Quantity>
      <UnitMeasure>ל-100 גרם</UnitMeasure>
      <BisWeighted>0</BisWeighted>
      <QtyInPackage>1</QtyInPackage>
      <ItemPrice>15.90</ItemPrice>
      <UnitOfMeasurePrice>13.25</UnitOfMeasurePrice>
      <AllowDiscount>1</AllowDiscount>
      <itemStatus>1</itemStatus>
      <LastUpdateDate />
      <LastUpdateTime />
    </Product>
    <Product>
      <PriceUpdateDate>2022/07/18 16:26</PriceUpdateDate>
      <ItemCode>7290002371854</ItemCode>
      <ItemType>1</ItemType>
      <ItemName>נקניקיות עוף 1 קג חריפות</ItemName>
      <ManufactureName>תנובה מרכז שיתופי לשיווק תוצרת</ManufactureName>
      <ManufactureCountry />
      <ManufactureItemDescription />
      <UnitQty>'יח</UnitQty>
      <Quantity>10</Quantity>
      <UnitMeasure>ל-100 גרם</UnitMeasure>
      <BisWeighted>0</BisWeighted>
      <QtyInPackage>1</QtyInPackage>
      <ItemPrice>29.90</ItemPrice>
      <UnitOfMeasurePrice>2.99</UnitOfMeasurePrice>
      <AllowDiscount>1</AllowDiscount>
      <itemStatus>1</itemStatus>
      <LastUpdateDate />
      <LastUpdateTime />
    </Product>
    <Product>
      <PriceUpdateDate>2022/06/01 10:48</PriceUpdateDate>
      <ItemCode>7290002409014</ItemCode>
      <ItemType>1</ItemType>
      <ItemName>ג`חנון אפוי מוכן להגשה 600 גרם קפוא</ItemName>
      <ManufactureName>ציפור השרון יהוד 1990 בעמ</ManufactureName>
      <ManufactureCountry />
      <ManufactureItemDescription />
      <UnitQty>'יח</UnitQty>
      <Quantity>6</Quantity>
      <UnitMeasure>ל-100 גרם</UnitMeasure>
      <BisWeighted>0</BisWeighted>
      <QtyInPackage>1</QtyInPackage>
      <ItemPrice>16.90</ItemPrice>
      <UnitOfMeasurePrice>2.82</UnitOfMeasurePrice>
      <AllowDiscount>0</AllowDiscount>
      <itemStatus>1</itemStatus>
      <LastUpdateDate />
      <LastUpdateTime />
    </Product>
    <Product>
      <PriceUpdateDate>2022/06/01 10:48</PriceUpdateDate>
      <ItemCode>7290002409038</ItemCode>
      <ItemType>1</ItemType>
      <ItemName>בורקס גבינה 800 גרם ציפור השרון</ItemName>
      <ManufactureName>ציפור השרון יהוד 1990 בעמ</ManufactureName>
      <ManufactureCountry />
      <ManufactureItemDescription />
      <UnitQty>'יח</UnitQty>
      <Quantity>8</Quantity>
      <UnitMeasure>ל-100 גרם</UnitMeasure>
      <BisWeighted>0</BisWeighted>
      <QtyInPackage>1</QtyInPackage>
      <ItemPrice>17.90</ItemPrice>
      <UnitOfMeasurePrice>2.24</UnitOfMeasurePrice>
      <AllowDiscount>0</AllowDiscount>
      <itemStatus>1</itemStatus>
      <LastUpdateDate />
      <LastUpdateTime />
    </Product>
    <Product>
      <PriceUpdateDate>2022/06/01 10:48</PriceUpdateDate>
      <ItemCode>7290002409045</ItemCode>
      <ItemType>1</ItemType>
      <ItemName>בורקס תפו``א 800 גרם ציפור השרון</ItemName>
      <ManufactureName>ציפור השרון יהוד 1990 בעמ</ManufactureName>
      <ManufactureCountry />
      <ManufactureItemDescription />
      <UnitQty>'יח</UnitQty>
      <Quantity>8</Quantity>
      <UnitMeasure>ל-100 גרם</UnitMeasure>
      <BisWeighted>0</BisWeighted>
      <QtyInPackage>1</QtyInPackage>
      <ItemPrice>16.90</ItemPrice>
      <UnitOfMeasurePrice>2.11</UnitOfMeasurePrice>
      <AllowDiscount>0</AllowDiscount>
      <itemStatus>1</itemStatus>
      <LastUpdateDate />
      <LastUpdateTime />
    </Product>
    <Product>
      <PriceUpdateDate>2022/05/09 20:31</PriceUpdateDate>
      <ItemCode>2409069</ItemCode>
      <ItemType>0</ItemType>
      <ItemName>בורקס ביס גבינה קפוא 800 גר`</ItemName>
      <ManufactureName>ציפור השרון יהוד 1990 בעמ</ManufactureName>
      <ManufactureCountry />
      <ManufactureItemDescription />
      <UnitQty>'יח</UnitQty>
      <Quantity>8</Quantity>
      <UnitMeasure>ל-100 גרם</UnitMeasure>
      <BisWeighted>0</BisWeighted>
      <QtyInPackage>1</QtyInPackage>
      <ItemPrice>18.90</ItemPrice>
      <UnitOfMeasurePrice>2.36</UnitOfMeasurePrice>
      <AllowDiscount>0</AllowDiscount>
      <itemStatus>1</itemStatus>
      <LastUpdateDate />
      <LastUpdateTime />
    </Product>
    <Product>
      <PriceUpdateDate>2022/05/09 20:31</PriceUpdateDate>
      <ItemCode>2409076</ItemCode>
      <ItemType>0</ItemType>
      <ItemName>ג`חנון בצק 800 גרם</ItemName>
      <ManufactureName>ציפור השרון יהוד 1990 בעמ</ManufactureName>
      <ManufactureCountry />
      <ManufactureItemDescription />
      <UnitQty>'יח</UnitQty>
      <Quantity>8</Quantity>
      <UnitMeasure>ל-100 גרם</UnitMeasure>
      <BisWeighted>0</BisWeighted>
      <QtyInPackage>1</QtyInPackage>
      <ItemPrice>13.90</ItemPrice>
      <UnitOfMeasurePrice>1.74</UnitOfMeasurePrice>
      <AllowDiscount>0</AllowDiscount>
      <itemStatus>1</itemStatus>
      <LastUpdateDate />
      <LastUpdateTime />
    </Product>
    <Product>
      <PriceUpdateDate>2022/06/01 10:48</PriceUpdateDate>
      <ItemCode>7290002409175</ItemCode>
      <ItemType>1</ItemType>
      <ItemName>בצק עלים צרפתי 1 ק``ג קפוא</ItemName>
      <ManufactureName>ציפור השרון יהוד 1990 בעמ</ManufactureName>
      <ManufactureCountry />
      <ManufactureItemDescription />
      <UnitQty>'יח</UnitQty>
      <Quantity>10</Quantity>
      <UnitMeasure>ל-100 גרם</UnitMeasure>
      <BisWeighted>0</BisWeighted>
      <QtyInPackage>1</QtyInPackage>
      <ItemPrice>14.90</ItemPrice>
      <UnitOfMeasurePrice>1.49</UnitOfMeasurePrice>
      <AllowDiscount>0</AllowDiscount>
      <itemStatus>1</itemStatus>
      <LastUpdateDate />
      <LastUpdateTime />
    </Product>
    <Product>
      <PriceUpdateDate>2022/05/09 20:31</PriceUpdateDate>
      <ItemCode>2409274</ItemCode>
      <ItemType>0</ItemType>
      <ItemName>מלווח 800 גרם</ItemName>
      <ManufactureName>ציפור השרון יהוד 1990 בעמ</ManufactureName>
      <ManufactureCountry />
      <ManufactureItemDescription />
      <UnitQty>'יח</UnitQty>
      <Quantity>8</Quantity>
      <UnitMeasure>ל-100 גרם</UnitMeasure>
      <BisWeighted>0</BisWeighted>
      <QtyInPackage>1</QtyInPackage>
      <ItemPrice>14.90</ItemPrice>
      <UnitOfMeasurePrice>1.86</UnitOfMeasurePrice>
      <AllowDiscount>0</AllowDiscount>
      <itemStatus>1</itemStatus>
      <LastUpdateDate />
      <LastUpdateTime />
    </Product>
    <Product>
      <PriceUpdateDate>2022/05/09 20:31</PriceUpdateDate>
      <ItemCode>7290002409281</ItemCode>
      <ItemType>1</ItemType>
      <ItemName>מאפה זיוה סבבה 750 גרם קפוא</ItemName>
      <ManufactureName>ציפור השרון יהוד 1990 בעמ</ManufactureName>
      <ManufactureCountry />
      <ManufactureItemDescription />
      <UnitQty>'יח</UnitQty>
      <Quantity>7.50</Quantity>
      <UnitMeasure>ל-100 גרם</UnitMeasure>
      <BisWeighted>0</BisWeighted>
      <QtyInPackage>1</QtyInPackage>
      <ItemPrice>17.90</ItemPrice>
      <UnitOfMeasurePrice>2.39</UnitOfMeasurePrice>
      <AllowDiscount>0</AllowDiscount>
      <itemStatus>1</itemStatus>
      <LastUpdateDate />
      <LastUpdateTime />
    </Product>
    <Product>
      <PriceUpdateDate>2022/11/01 11:47</PriceUpdateDate>
      <ItemCode>2448280</ItemCode>
      <ItemType>0</ItemType>
      <ItemName>חטיף נקניקיות עוף 100גרם</ItemName>
      <ManufactureName>שחורי אריה ואנסטסיה</ManufactureName>
      <ManufactureCountry />
      <ManufactureItemDescription />
      <UnitQty>'יח</UnitQty>
      <Quantity>1</Quantity>
      <UnitMeasure>ל-100 גרם</UnitMeasure>
      <BisWeighted>0</BisWeighted>
      <QtyInPackage>1</QtyInPackage>
      <ItemPrice>16.90</ItemPrice>
      <UnitOfMeasurePrice>16.90</UnitOfMeasurePrice>
      <AllowDiscount>0</AllowDiscount>
      <itemStatus>1</itemStatus>
      <LastUpdateDate />
      <LastUpdateTime />
    </Product>
    <Product>
      <PriceUpdateDate>2022/11/01 11:46</PriceUpdateDate>
      <ItemCode>2448716</ItemCode>
      <ItemType>0</ItemType>
      <ItemName>חטיף סושי רך לכלב 100 גר</ItemName>
      <ManufactureName>שחורי אריה ואנסטסיה</ManufactureName>
      <ManufactureCountry />
      <ManufactureItemDescription />
      <UnitQty>'יח</UnitQty>
      <Quantity>1</Quantity>
      <UnitMeasure>ל-100 גרם</UnitMeasure>
      <BisWeighted>0</BisWeighted>
      <QtyInPackage>1</QtyInPackage>
      <ItemPrice>16.90</ItemPrice>
      <UnitOfMeasurePrice>16.90</UnitOfMeasurePrice>
      <AllowDiscount>0</AllowDiscount>
      <itemStatus>1</itemStatus>
      <LastUpdateDate />
      <LastUpdateTime />
    </Product>
    <Product>
      <PriceUpdateDate>2022/11/01 11:46</PriceUpdateDate>
      <ItemCode>7290002448723</ItemCode>
      <ItemType>1</ItemType>
      <ItemName>חטיף עוף רך לכלב 100 גר</ItemName>
      <ManufactureName>שחורי אריה ואנסטסיה</ManufactureName>
      <ManufactureCountry />
      <ManufactureItemDescription />
      <UnitQty>'יח</UnitQty>
      <Quantity>1</Quantity>
      <UnitMeasure>ל-100 גרם</UnitMeasure>
      <BisWeighted>0</BisWeighted>
      <QtyInPackage>1</QtyInPackage>
      <ItemPrice>16.90</ItemPrice>
      <UnitOfMeasurePrice>16.90</UnitOfMeasurePrice>
      <AllowDiscount>0</AllowDiscount>
      <itemStatus>1</itemStatus>
      <LastUpdateDate />
      <LastUpdateTime />
    </Product>
    <Product>
      <PriceUpdateDate>2022/11/01 11:46</PriceUpdateDate>
      <ItemCode>2448747</ItemCode>
      <ItemType>0</ItemType>
      <ItemName>חטיף עוף לכלבים קטנים 100 גר</ItemName>
      <ManufactureName>שחורי אריה ואנסטסיה</ManufactureName>
      <ManufactureCountry />
      <ManufactureItemDescription />
      <UnitQty>'יח</UnitQty>
      <Quantity>1</Quantity>
      <UnitMeasure>ל-100 גרם</UnitMeasure>
      <BisWeighted>0</BisWeighted>
      <QtyInPackage>1</QtyInPackage>
      <ItemPrice>16.90</ItemPrice>
      <UnitOfMeasurePrice>16.90</UnitOfMeasurePrice>
      <AllowDiscount>0</AllowDiscount>
      <itemStatus>1</itemStatus>
      <LastUpdateDate />
      <LastUpdateTime />
    </Product>
    <Product>
      <PriceUpdateDate>2022/11/01 11:47</PriceUpdateDate>
      <ItemCode>2448853</ItemCode>
      <ItemType>0</ItemType>
      <ItemName>חטיף לבבות לכלב 100ג</ItemName>
      <ManufactureName>שחורי אריה ואנסטסיה</ManufactureName>
      <ManufactureCountry />
      <ManufactureItemDescription />
      <UnitQty>'יח</UnitQty>
      <Quantity>1</Quantity>
      <UnitMeasure>ל-100 גרם</UnitMeasure>
      <BisWeighted>0</BisWeighted>
      <QtyInPackage>1</QtyInPackage>
      <ItemPrice>16.90</ItemPrice>
      <UnitOfMeasurePrice>16.90</UnitOfMeasurePrice>
      <AllowDiscount>0</AllowDiscount>
      <itemStatus>1</itemStatus>
      <LastUpdateDate />
      <LastUpdateTime />
    </Product>
    <Product>
      <PriceUpdateDate>2022/11/01 11:47</PriceUpdateDate>
      <ItemCode>2448860</ItemCode>
      <ItemType>0</ItemType>
      <ItemName>חטיף רצועות סושי לכלב 100ג</ItemName>
      <ManufactureName>שחורי אריה ואנסטסיה</ManufactureName>
      <ManufactureCountry />
      <ManufactureItemDescription />
      <UnitQty>'יח</UnitQty>
      <Quantity>1</Quantity>
      <UnitMeasure>ל-100 גרם</UnitMeasure>
      <BisWeighted>0</BisWeighted>
      <QtyInPackage>1</QtyInPackage>
      <ItemPrice>16.90</ItemPrice>
      <UnitOfMeasurePrice>16.90</UnitOfMeasurePrice>
      <AllowDiscount>0</AllowDiscount>
      <itemStatus>1</itemStatus>
      <LastUpdateDate />
      <LastUpdateTime />
    </Product>
    <Product>
      <PriceUpdateDate>2022/11/01 11:47</PriceUpdateDate>
      <ItemCode>2448976</ItemCode>
      <ItemType>0</ItemType>
      <ItemName>חטיף משקולות עוף 100גרם</ItemName>
      <ManufactureName>שחורי אריה ואנסטסיה</ManufactureName>
      <ManufactureCountry />
      <ManufactureItemDescription />
      <UnitQty>'יח</UnitQty>
      <Quantity>1</Quantity>
      <UnitMeasure>ל-100 גרם</UnitMeasure>
      <BisWeighted>0</BisWeighted>
      <QtyInPackage>1</QtyInPackage>
      <ItemPrice>16.90</ItemPrice>
      <UnitOfMeasurePrice>16.90</UnitOfMeasurePrice>
      <AllowDiscount>0</AllowDiscount>
      <itemStatus>1</itemStatus>
      <LastUpdateDate />
      <LastUpdateTime />
    </Product>
    <Product>
      <PriceUpdateDate>2022/11/01 11:47</PriceUpdateDate>
      <ItemCode>2448983</ItemCode>
      <ItemType>0</ItemType>
      <ItemName>חטיף סושי ברווז 100גרם</ItemName>
      <ManufactureName>שחורי אריה ואנסטסיה</ManufactureName>
      <ManufactureCountry />
      <ManufactureItemDescription />
      <UnitQty>'יח</UnitQty>
      <Quantity>1</Quantity>
      <UnitMeasure>ל-100 גרם</UnitMeasure>
      <BisWeighted>0</BisWeighted>
      <QtyInPackage>1</QtyInPackage>
      <ItemPrice>16.90</ItemPrice>
      <UnitOfMeasurePrice>16.90</UnitOfMeasurePrice>
      <AllowDiscount>0</AllowDiscount>
      <itemStatus>1</itemStatus>
      <LastUpdateDate />
      <LastUpdateTime />
    </Product>
    <Product>
      <PriceUpdateDate>2022/11/01 11:47</PriceUpdateDate>
      <ItemCode>2448990</ItemCode>
      <ItemType>0</ItemType>
      <ItemName>חטיף נקניקיות ברווז 100גרם</ItemName>
      <ManufactureName>שחורי אריה ואנסטסיה</ManufactureName>
      <ManufactureCountry />
      <ManufactureItemDescription />
      <UnitQty>'יח</UnitQty>
      <Quantity>1</Quantity>
      <UnitMeasure>ל-100 גרם</UnitMeasure>
      <BisWeighted>0</BisWeighted>
      <QtyInPackage>1</QtyInPackage>
      <ItemPrice>16.90</ItemPrice>
      <UnitOfMeasurePrice>16.90</UnitOfMeasurePrice>
      <AllowDiscount>0</AllowDiscount>
      <itemStatus>1</itemStatus>
      <LastUpdateDate />
      <LastUpdateTime />
    </Product>
    <Product>
      <PriceUpdateDate>2022/06/23 14:08</PriceUpdateDate>
      <ItemCode>2453383</ItemCode>
      <ItemType>0</ItemType>
      <ItemName>מרגז טלה 400 גרם</ItemName>
      <ManufactureName>זהר עופות ובשר בעמ</ManufactureName>
      <ManufactureCountry />
      <ManufactureItemDescription />
      <UnitQty>'יח</UnitQty>
      <Quantity>4</Quantity>
      <UnitMeasure>ל-100 גרם</UnitMeasure>
      <BisWeighted>0</BisWeighted>
      <QtyInPackage>1</QtyInPackage>
      <ItemPrice>24.90</ItemPrice>
      <UnitOfMeasurePrice>6.23</UnitOfMeasurePrice>
      <AllowDiscount>0</AllowDiscount>
      <itemStatus>1</itemStatus>
      <LastUpdateDate />
      <LastUpdateTime />
    </Product>
    <Product>
      <PriceUpdateDate>2022/06/23 14:08</PriceUpdateDate>
      <ItemCode>2453512</ItemCode>
      <ItemType>0</ItemType>
      <ItemName>קבב ביתי גורמה 800 גרם</ItemName>
      <ManufactureName>זהר עופות ובשר בעמ</ManufactureName>
      <ManufactureCountry />
      <ManufactureItemDescription />
      <UnitQty>'יח</UnitQty>
      <Quantity>8</Quantity>
      <UnitMeasure>ל-100 גרם</UnitMeasure>
      <BisWeighted>0</BisWeighted>
      <QtyInPackage>1</QtyInPackage>
      <ItemPrice>34.90</ItemPrice>
      <UnitOfMeasurePrice>4.36</UnitOfMeasurePrice>
      <AllowDiscount>0</AllowDiscount>
      <itemStatus>1</itemStatus>
      <LastUpdateDate />
      <LastUpdateTime />
    </Product>
    <Product>
      <PriceUpdateDate>2022/06/23 14:08</PriceUpdateDate>
      <ItemCode>2453529</ItemCode>
      <ItemType>0</ItemType>
      <ItemName>אנטריקוט בורגר 400 גרם</ItemName>
      <ManufactureName>זהר עופות ובשר בעמ</ManufactureName>
      <ManufactureCountry />
      <ManufactureItemDescription />
      <UnitQty>'יח</UnitQty>
      <Quantity>4</Quantity>
      <UnitMeasure>ל-100 גרם</UnitMeasure>
      <BisWeighted>0</BisWeighted>
      <QtyInPackage>1</QtyInPackage>
      <ItemPrice>21.90</ItemPrice>
      <UnitOfMeasurePrice>5.48</UnitOfMeasurePrice>
      <AllowDiscount>0</AllowDiscount>
      <itemStatus>1</itemStatus>
      <LastUpdateDate />
      <LastUpdateTime />
    </Product>
    <Product>
      <PriceUpdateDate>2022/06/23 14:08</PriceUpdateDate>
      <ItemCode>2453697</ItemCode>
      <ItemType>0</ItemType>
      <ItemName>קבב אנטריקוט קצבים עם שומן כבש 400 גר</ItemName>
      <ManufactureName>זהר עופות ובשר בעמ</ManufactureName>
      <ManufactureCountry />
      <ManufactureItemDescription />
      <UnitQty>'יח</UnitQty>
      <Quantity>4</Quantity>
      <UnitMeasure>ל-100 גרם</UnitMeasure>
      <BisWeighted>0</BisWeighted>
      <QtyInPackage>1</QtyInPackage>
      <ItemPrice>21.90</ItemPrice>
      <UnitOfMeasurePrice>5.48</UnitOfMeasurePrice>
      <AllowDiscount>0</AllowDiscount>
      <itemStatus>1</itemStatus>
      <LastUpdateDate />
      <LastUpdateTime />
    </Product>
    <Product>
      <PriceUpdateDate>2022/06/23 14:08</PriceUpdateDate>
      <ItemCode>2453802</ItemCode>
      <ItemType>0</ItemType>
      <ItemName>קבב אסלי 1 ק"ג</ItemName>
      <ManufactureName>זהר עופות ובשר בעמ</ManufactureName>
      <ManufactureCountry />
      <ManufactureItemDescription />
      <UnitQty>'יח</UnitQty>
      <Quantity>8</Quantity>
      <UnitMeasure>ל-100 גרם</UnitMeasure>
      <BisWeighted>0</BisWeighted>
      <QtyInPackage>1</QtyInPackage>
      <ItemPrice>32.90</ItemPrice>
      <UnitOfMeasurePrice>4.11</UnitOfMeasurePrice>
      <AllowDiscount>0</AllowDiscount>
      <itemStatus>1</itemStatus>
      <LastUpdateDate />
      <LastUpdateTime />
    </Product>
    <Product>
      <PriceUpdateDate>2022/06/19 15:06</PriceUpdateDate>
      <ItemCode>7290002487364</ItemCode>
      <ItemType>1</ItemType>
      <ItemName>בורקס פילו-גבניה זיתים 700  גר`קפוא</ItemName>
      <ManufactureName>נטו מלינדה סחר בע`מ</ManufactureName>
      <ManufactureCountry />
      <ManufactureItemDescription />
      <UnitQty>'יח</UnitQty>
      <Quantity>5</Quantity>
      <UnitMeasure>ל-100 גרם</UnitMeasure>
      <BisWeighted>0</BisWeighted>
      <QtyInPackage>12</QtyInPackage>
      <ItemPrice>19.90</ItemPrice>
      <UnitOfMeasurePrice>3.98</UnitOfMeasurePrice>
      <AllowDiscount>1</AllowDiscount>
      <itemStatus>1</itemStatus>
      <LastUpdateDate />
      <LastUpdateTime />
    </Product>
    <Product>
      <PriceUpdateDate>2019/01/16 14:38</PriceUpdateDate>
      <ItemCode>2507451</ItemCode>
      <ItemType>0</ItemType>
      <ItemName>דלידג קציצות דג סלומון 750 גרם קפוא</ItemName>
      <ManufactureName>נטו מלינדה סחר בע`מ</ManufactureName>
      <ManufactureCountry />
      <ManufactureItemDescription />
      <UnitQty>'יח</UnitQty>
      <Quantity>7.50</Quantity>
      <UnitMeasure>ל-100 גרם</UnitMeasure>
      <BisWeighted>0</BisWeighted>
      <QtyInPackage>8</QtyInPackage>
      <ItemPrice>29.90</ItemPrice>
      <UnitOfMeasurePrice>3.99</UnitOfMeasurePrice>
      <AllowDiscount>0</AllowDiscount>
      <itemStatus>1</itemStatus>
      <LastUpdateDate />
      <LastUpdateTime />
    </Product>
    <Product>
      <PriceUpdateDate>2022/10/27 19:12</PriceUpdateDate>
      <ItemCode>7290002511403</ItemCode>
      <ItemType>1</ItemType>
      <ItemName>קפיר 2 ל`</ItemName>
      <ManufactureName>מחלבת המושבה בעמ`</ManufactureName>
      <ManufactureCountry />
      <ManufactureItemDescription />
      <UnitQty>'יח</UnitQty>
      <Quantity>10</Quantity>
      <UnitMeasure>ל-100 גרם</UnitMeasure>
      <BisWeighted>0</BisWeighted>
      <QtyInPackage>1</QtyInPackage>
      <ItemPrice>22.90</ItemPrice>
      <UnitOfMeasurePrice>2.29</UnitOfMeasurePrice>
      <AllowDiscount>0</AllowDiscount>
      <itemStatus>1</itemStatus>
      <LastUpdateDate />
      <LastUpdateTime />
    </Product>
    <Product>
      <PriceUpdateDate>2022/10/27 19:12</PriceUpdateDate>
      <ItemCode>7290002511410</ItemCode>
      <ItemType>1</ItemType>
      <ItemName>רז`ינקה 2 ל`</ItemName>
      <ManufactureName>מחלבת המושבה בעמ`</ManufactureName>
      <ManufactureCountry />
      <ManufactureItemDescription />
      <UnitQty>'יח</UnitQty>
      <Quantity>10</Quantity>
      <UnitMeasure>ל-100 גרם</UnitMeasure>
      <BisWeighted>0</BisWeighted>
      <QtyInPackage>1</QtyInPackage>
      <ItemPrice>22.90</ItemPrice>
      <UnitOfMeasurePrice>2.29</UnitOfMeasurePrice>
      <AllowDiscount>0</AllowDiscount>
      <itemStatus>1</itemStatus>
      <LastUpdateDate />
      <LastUpdateTime />
    </Product>
    <Product>
      <PriceUpdateDate>2019/06/30 20:17</PriceUpdateDate>
      <ItemCode>7290002515371</ItemCode>
      <ItemType>1</ItemType>
      <ItemName>קמיל בלו משפחתי אלסבון לתינוק 1 ליטר</ItemName>
      <ManufactureName>פישר תעשיות פרמצבטיות בע"מ</ManufactureName>
      <ManufactureCountry />
      <ManufactureItemDescription />
      <UnitQty>'יח</UnitQty>
      <Quantity>10</Quantity>
      <UnitMeasure>ל-100 מ"ל</UnitMeasure>
      <BisWeighted>0</BisWeighted>
      <QtyInPackage>1</QtyInPackage>
      <ItemPrice>29.90</ItemPrice>
      <UnitOfMeasurePrice>2.99</UnitOfMeasurePrice>
      <AllowDiscount>1</AllowDiscount>
      <itemStatus>1</itemStatus>
      <LastUpdateDate />
      <LastUpdateTime />
    </Product>
    <Product>
      <PriceUpdateDate>2021/08/05 16:01</PriceUpdateDate>
      <ItemCode>7290002517276</ItemCode>
      <ItemType>1</ItemType>
      <ItemName>פלפל אנגלי שלם</ItemName>
      <ManufactureName>תבליני טעם וריח</ManufactureName>
      <ManufactureCountry />
      <ManufactureItemDescription />
      <UnitQty>'יח</UnitQty>
      <Quantity>1</Quantity>
      <UnitMeasure />
      <BisWeighted>0</BisWeighted>
      <QtyInPackage>1</QtyInPackage>
      <ItemPrice>5.90</ItemPrice>
      <UnitOfMeasurePrice>5.90</UnitOfMeasurePrice>
      <AllowDiscount>0</AllowDiscount>
      <itemStatus>1</itemStatus>
      <LastUpdateDate />
      <LastUpdateTime />
    </Product>
    <Product>
      <PriceUpdateDate>2021/08/05 16:01</PriceUpdateDate>
      <ItemCode>2517337</ItemCode>
      <ItemType>0</ItemType>
      <ItemName>אורגנו עלים</ItemName>
      <ManufactureName>תבליני טעם וריח</ManufactureName>
      <ManufactureCountry />
      <ManufactureItemDescription />
      <UnitQty>'יח</UnitQty>
      <Quantity>1</Quantity>
      <UnitMeasure />
      <BisWeighted>0</BisWeighted>
      <QtyInPackage>1</QtyInPackage>
      <ItemPrice>5.90</ItemPrice>
      <UnitOfMeasurePrice>5.90</UnitOfMeasurePrice>
      <AllowDiscount>0</AllowDiscount>
      <itemStatus>1</itemStatus>
      <LastUpdateDate />
      <LastUpdateTime />
    </Product>
    <Product>
      <PriceUpdateDate>2022/07/07 19:56</PriceUpdateDate>
      <ItemCode>2542780</ItemCode>
      <ItemType>0</ItemType>
      <ItemName>בירה סטלה ארטואה שישייה 330 מ"ל</ItemName>
      <ManufactureName>תימקו בירה בעמ`</ManufactureName>
      <ManufactureCountry />
      <ManufactureItemDescription />
      <UnitQty>'יח</UnitQty>
      <Quantity>19.80</Quantity>
      <UnitMeasure>ל-100 מ"ל</UnitMeasure>
      <BisWeighted>0</BisWeighted>
      <QtyInPackage>1</QtyInPackage>
      <ItemPrice>34.90</ItemPrice>
      <UnitOfMeasurePrice>1.67</UnitOfMeasurePrice>
      <AllowDiscount>0</AllowDiscount>
      <itemStatus>1</itemStatus>
      <LastUpdateDate />
      <LastUpdateTime />
    </Product>
    <Product>
      <PriceUpdateDate>2019/07/03 08:47</PriceUpdateDate>
      <ItemCode>2543046</ItemCode>
      <ItemType>0</ItemType>
      <ItemName>קלוגס פרוסטיס 750 גר`</ItemName>
      <ManufactureName>דיפלומט מפיצים (1968) בע`מ</ManufactureName>
      <ManufactureCountry />
      <ManufactureItemDescription />
      <UnitQty>'יח</UnitQty>
      <Quantity>7.50</Quantity>
      <UnitMeasure>ל-100 גרם</UnitMeasure>
      <BisWeighted>0</BisWeighted>
      <QtyInPackage>12</QtyInPackage>
      <ItemPrice>21.90</ItemPrice>
      <UnitOfMeasurePrice>2.92</UnitOfMeasurePrice>
      <AllowDiscount>0</AllowDiscount>
      <itemStatus>1</itemStatus>
      <LastUpdateDate />
      <LastUpdateTime />
    </Product>
    <Product>
      <PriceUpdateDate>2020/10/25 11:49</PriceUpdateDate>
      <ItemCode>2543237</ItemCode>
      <ItemType>0</ItemType>
      <ItemName>קלוגס קורנפלקס 750 גרם</ItemName>
      <ManufactureName>דיפלומט מפיצים (1968) בע`מ</ManufactureName>
      <ManufactureCountry />
      <ManufactureItemDescription />
      <UnitQty>'יח</UnitQty>
      <Quantity>7.50</Quantity>
      <UnitMeasure>ל-100 גרם</UnitMeasure>
      <BisWeighted>0</BisWeighted>
      <QtyInPackage>1</QtyInPackage>
      <ItemPrice>14.90</ItemPrice>
      <UnitOfMeasurePrice>1.99</UnitOfMeasurePrice>
      <AllowDiscount>0</AllowDiscount>
      <itemStatus>1</itemStatus>
      <LastUpdateDate />
      <LastUpdateTime />
    </Product>
    <Product>
      <PriceUpdateDate>2022/10/08 20:14</PriceUpdateDate>
      <ItemCode>2579731</ItemCode>
      <ItemType>0</ItemType>
      <ItemName>נר נשמה שבועי</ItemName>
      <ManufactureName>ח.כהן סוכנות מזון ומשקאות</ManufactureName>
      <ManufactureCountry />
      <ManufactureItemDescription />
      <UnitQty>'יח</UnitQty>
      <Quantity>1</Quantity>
      <UnitMeasure />
      <BisWeighted>0</BisWeighted>
      <QtyInPackage>1</QtyInPackage>
      <ItemPrice>9.90</ItemPrice>
      <UnitOfMeasurePrice>9.90</UnitOfMeasurePrice>
      <AllowDiscount>0</AllowDiscount>
      <itemStatus>1</itemStatus>
      <LastUpdateDate />
      <LastUpdateTime />
    </Product>
    <Product>
      <PriceUpdateDate>2021/06/28 14:23</PriceUpdateDate>
      <ItemCode>2628064</ItemCode>
      <ItemType>0</ItemType>
      <ItemName>טחון בקר בלדי קפוא 500 גרם</ItemName>
      <ManufactureName>בלדי בע`מ</ManufactureName>
      <ManufactureCountry />
      <ManufactureItemDescription />
      <UnitQty>'יח</UnitQty>
      <Quantity>5</Quantity>
      <UnitMeasure>ל-100 גרם</UnitMeasure>
      <BisWeighted>0</BisWeighted>
      <QtyInPackage>12</QtyInPackage>
      <ItemPrice>16.90</ItemPrice>
      <UnitOfMeasurePrice>3.38</UnitOfMeasurePrice>
      <AllowDiscount>1</AllowDiscount>
      <itemStatus>1</itemStatus>
      <LastUpdateDate />
      <LastUpdateTime />
    </Product>
    <Product>
      <PriceUpdateDate>2022/04/20 09:34</PriceUpdateDate>
      <ItemCode>7290002628088</ItemCode>
      <ItemType>1</ItemType>
      <ItemName>טחון הודו קפוא 500 גרם</ItemName>
      <ManufactureName>בלדי בע`מ</ManufactureName>
      <ManufactureCountry />
      <ManufactureItemDescription />
      <UnitQty>'יח</UnitQty>
      <Quantity>5</Quantity>
      <UnitMeasure>ל-100 גרם</UnitMeasure>
      <BisWeighted>0</BisWeighted>
      <QtyInPackage>12</QtyInPackage>
      <ItemPrice>9.90</ItemPrice>
      <UnitOfMeasurePrice>1.98</UnitOfMeasurePrice>
      <AllowDiscount>0</AllowDiscount>
      <itemStatus>1</itemStatus>
      <LastUpdateDate />
      <LastUpdateTime />
    </Product>
    <Product>
      <PriceUpdateDate>2022/04/20 09:34</PriceUpdateDate>
      <ItemCode>7290002628293</ItemCode>
      <ItemType>1</ItemType>
      <ItemName>טחון עוף קפוא 500 גרם</ItemName>
      <ManufactureName>בלדי בע`מ</ManufactureName>
      <ManufactureCountry />
      <ManufactureItemDescription />
      <UnitQty>'יח</UnitQty>
      <Quantity>5</Quantity>
      <UnitMeasure>ל-100 גרם</UnitMeasure>
      <BisWeighted>0</BisWeighted>
      <QtyInPackage>12</QtyInPackage>
      <ItemPrice>9.90</ItemPrice>
      <UnitOfMeasurePrice>1.98</UnitOfMeasurePrice>
      <AllowDiscount>0</AllowDiscount>
      <itemStatus>1</itemStatus>
      <LastUpdateDate />
      <LastUpdateTime />
    </Product>
    <Product>
      <PriceUpdateDate>2022/07/06 08:54</PriceUpdateDate>
      <ItemCode>2661153</ItemCode>
      <ItemType>0</ItemType>
      <ItemName>לחם דני קל  ברמן 1 קג</ItemName>
      <ManufactureName>מאפיית י.את א. ברמן בעמ</ManufactureName>
      <ManufactureCountry />
      <ManufactureItemDescription />
      <UnitQty>'יח</UnitQty>
      <Quantity>10</Quantity>
      <UnitMeasure>ל-100 גרם</UnitMeasure>
      <BisWeighted>0</BisWeighted>
      <QtyInPackage>1</QtyInPackage>
      <ItemPrice>17.90</ItemPrice>
      <UnitOfMeasurePrice>1.79</UnitOfMeasurePrice>
      <AllowDiscount>1</AllowDiscount>
      <itemStatus>1</itemStatus>
      <LastUpdateDate />
      <LastUpdateTime />
    </Product>
    <Product>
      <PriceUpdateDate>2019/12/31 16:11</PriceUpdateDate>
      <ItemCode>2661900</ItemCode>
      <ItemType>0</ItemType>
      <ItemName>שמיניות שומשום 6 בשקית</ItemName>
      <ManufactureName>מאפיית י.את א. ברמן בעמ</ManufactureName>
      <ManufactureCountry />
      <ManufactureItemDescription />
      <UnitQty>'יח</UnitQty>
      <Quantity>1</Quantity>
      <UnitMeasure>ל-100 גרם</UnitMeasure>
      <BisWeighted>0</BisWeighted>
      <QtyInPackage>1</QtyInPackage>
      <ItemPrice>12.90</ItemPrice>
      <UnitOfMeasurePrice>12.90</UnitOfMeasurePrice>
      <AllowDiscount>0</AllowDiscount>
      <itemStatus>1</itemStatus>
      <LastUpdateDate />
      <LastUpdateTime />
    </Product>
    <Product>
      <PriceUpdateDate>2019/12/31 16:11</PriceUpdateDate>
      <ItemCode>2661924</ItemCode>
      <ItemType>0</ItemType>
      <ItemName>לחמניות מזונות 6 בשקית</ItemName>
      <ManufactureName>מאפיית י.את א. ברמן בעמ</ManufactureName>
      <ManufactureCountry />
      <ManufactureItemDescription />
      <UnitQty>'יח</UnitQty>
      <Quantity>1</Quantity>
      <UnitMeasure>ל-100 גרם</UnitMeasure>
      <BisWeighted>0</BisWeighted>
      <QtyInPackage>1</QtyInPackage>
      <ItemPrice>12.90</ItemPrice>
      <UnitOfMeasurePrice>12.90</UnitOfMeasurePrice>
      <AllowDiscount>0</AllowDiscount>
      <itemStatus>1</itemStatus>
      <LastUpdateDate />
      <LastUpdateTime />
    </Product>
    <Product>
      <PriceUpdateDate>2022/07/18 16:25</PriceUpdateDate>
      <ItemCode>2661931</ItemCode>
      <ItemType>0</ItemType>
      <ItemName>לחמניות פרג 6 בשקית</ItemName>
      <ManufactureName>מאפיית י.את א. ברמן בעמ</ManufactureName>
      <ManufactureCountry />
      <ManufactureItemDescription />
      <UnitQty>'יח</UnitQty>
      <Quantity>1</Quantity>
      <UnitMeasure>ל-100 גרם</UnitMeasure>
      <BisWeighted>0</BisWeighted>
      <QtyInPackage>1</QtyInPackage>
      <ItemPrice>12.90</ItemPrice>
      <UnitOfMeasurePrice>12.90</UnitOfMeasurePrice>
      <AllowDiscount>0</AllowDiscount>
      <itemStatus>1</itemStatus>
      <LastUpdateDate />
      <LastUpdateTime />
    </Product>
    <Product>
      <PriceUpdateDate>2022/07/18 16:25</PriceUpdateDate>
      <ItemCode>2661948</ItemCode>
      <ItemType>0</ItemType>
      <ItemName>לחמניות כפריות ארוכות 6 בשקית</ItemName>
      <ManufactureName>מאפיית י.את א. ברמן בעמ</ManufactureName>
      <ManufactureCountry />
      <ManufactureItemDescription />
      <UnitQty>'יח</UnitQty>
      <Quantity>1</Quantity>
      <UnitMeasure>ל-100 גרם</UnitMeasure>
      <BisWeighted>0</BisWeighted>
      <QtyInPackage>1</QtyInPackage>
      <ItemPrice>12.90</ItemPrice>
      <UnitOfMeasurePrice>12.90</UnitOfMeasurePrice>
      <AllowDiscount>0</AllowDiscount>
      <itemStatus>1</itemStatus>
      <LastUpdateDate />
      <LastUpdateTime />
    </Product>
    <Product>
      <PriceUpdateDate>2021/07/05 19:02</PriceUpdateDate>
      <ItemCode>2692478</ItemCode>
      <ItemType>0</ItemType>
      <ItemName>שמן זית כתית מעולה 750 מל מעודן</ItemName>
      <ManufactureName>סוגת</ManufactureName>
      <ManufactureCountry />
      <ManufactureItemDescription />
      <UnitQty>'יח</UnitQty>
      <Quantity>7.50</Quantity>
      <UnitMeasure>ל-100 מ"ל</UnitMeasure>
      <BisWeighted>0</BisWeighted>
      <QtyInPackage>1</QtyInPackage>
      <ItemPrice>32.90</ItemPrice>
      <UnitOfMeasurePrice>4.39</UnitOfMeasurePrice>
      <AllowDiscount>1</AllowDiscount>
      <itemStatus>1</itemStatus>
      <LastUpdateDate />
      <LastUpdateTime />
    </Product>
    <Product>
      <PriceUpdateDate>2019/01/16 14:38</PriceUpdateDate>
      <ItemCode>7290002692782</ItemCode>
      <ItemType>1</ItemType>
      <ItemName>תרסיס זית מופחת קלוריות 200 מל</ItemName>
      <ManufactureName>סוגת</ManufactureName>
      <ManufactureCountry />
      <ManufactureItemDescription />
      <UnitQty>'יח</UnitQty>
      <Quantity>1</Quantity>
      <UnitMeasure />
      <BisWeighted>0</BisWeighted>
      <QtyInPackage>1</QtyInPackage>
      <ItemPrice>14.90</ItemPrice>
      <UnitOfMeasurePrice>14.90</UnitOfMeasurePrice>
      <AllowDiscount>0</AllowDiscount>
      <itemStatus>1</itemStatus>
      <LastUpdateDate />
      <LastUpdateTime />
    </Product>
    <Product>
      <PriceUpdateDate>2019/01/16 14:38</PriceUpdateDate>
      <ItemCode>7290002715504</ItemCode>
      <ItemType>1</ItemType>
      <ItemName>מג`יק ארוחת נודלס בטעם עוף 70 גרם</ItemName>
      <ManufactureName>נטו מלינדה סחר בע`מ</ManufactureName>
      <ManufactureCountry />
      <ManufactureItemDescription />
      <UnitQty>'יח</UnitQty>
      <Quantity>7</Quantity>
      <UnitMeasure>ל-100 גרם</UnitMeasure>
      <BisWeighted>0</BisWeighted>
      <QtyInPackage>12</QtyInPackage>
      <ItemPrice>4.90</ItemPrice>
      <UnitOfMeasurePrice>0.70</UnitOfMeasurePrice>
      <AllowDiscount>0</AllowDiscount>
      <itemStatus>1</itemStatus>
      <LastUpdateDate />
      <LastUpdateTime />
    </Product>
    <Product>
      <PriceUpdateDate>2019/01/16 14:38</PriceUpdateDate>
      <ItemCode>7290002715511</ItemCode>
      <ItemType>1</ItemType>
      <ItemName>מג`יק ארוחת נודלס בטעם בשר 70 גרם</ItemName>
      <ManufactureName>נטו מלינדה סחר בע`מ</ManufactureName>
      <ManufactureCountry />
      <ManufactureItemDescription />
      <UnitQty>'יח</UnitQty>
      <Quantity>7</Quantity>
      <UnitMeasure>ל-100 גרם</UnitMeasure>
      <BisWeighted>0</BisWeighted>
      <QtyInPackage>12</QtyInPackage>
      <ItemPrice>4.90</ItemPrice>
      <UnitOfMeasurePrice>0.70</UnitOfMeasurePrice>
      <AllowDiscount>0</AllowDiscount>
      <itemStatus>1</itemStatus>
      <LastUpdateDate />
      <LastUpdateTime />
    </Product>
    <Product>
      <PriceUpdateDate>2019/01/16 14:38</PriceUpdateDate>
      <ItemCode>2715528</ItemCode>
      <ItemType>0</ItemType>
      <ItemName>מג`יק ארוחת נודלס בטעם ירקות 70 גרם</ItemName>
      <ManufactureName>נטו מלינדה סחר בע`מ</ManufactureName>
      <ManufactureCountry />
      <ManufactureItemDescription />
      <UnitQty>'יח</UnitQty>
      <Quantity>7</Quantity>
      <UnitMeasure>ל-100 גרם</UnitMeasure>
      <BisWeighted>0</BisWeighted>
      <QtyInPackage>12</QtyInPackage>
      <ItemPrice>4.90</ItemPrice>
      <UnitOfMeasurePrice>0.70</UnitOfMeasurePrice>
      <AllowDiscount>0</AllowDiscount>
      <itemStatus>1</itemStatus>
      <LastUpdateDate />
      <LastUpdateTime />
    </Product>
    <Product>
      <PriceUpdateDate>2021/12/01 10:09</PriceUpdateDate>
      <ItemCode>7290002730262</ItemCode>
      <ItemType>1</ItemType>
      <ItemName>פלמוליב נוזלי כלים קלאסי 750 מל</ItemName>
      <ManufactureName>ש. שסטוביץ בע`מ</ManufactureName>
      <ManufactureCountry />
      <ManufactureItemDescription />
      <UnitQty>'יח</UnitQty>
      <Quantity>7.50</Quantity>
      <UnitMeasure>ל-100 מ"ל</UnitMeasure>
      <BisWeighted>0</BisWeighted>
      <QtyInPackage>1</QtyInPackage>
      <ItemPrice>11.90</ItemPrice>
      <UnitOfMeasurePrice>1.59</UnitOfMeasurePrice>
      <AllowDiscount>1</AllowDiscount>
      <itemStatus>1</itemStatus>
      <LastUpdateDate />
      <LastUpdateTime />
    </Product>
    <Product>
      <PriceUpdateDate>2021/12/01 10:09</PriceUpdateDate>
      <ItemCode>7290002730903</ItemCode>
      <ItemType>1</ItemType>
      <ItemName>פלמוליב סבון מוצק כחול 4*125 גרם</ItemName>
      <ManufactureName>ש. שסטוביץ בע`מ</ManufactureName>
      <ManufactureCountry />
      <ManufactureItemDescription />
      <UnitQty>'יח</UnitQty>
      <Quantity>4</Quantity>
      <UnitMeasure>ל-100 גרם</UnitMeasure>
      <BisWeighted>0</BisWeighted>
      <QtyInPackage>1</QtyInPackage>
      <ItemPrice>16.90</ItemPrice>
      <UnitOfMeasurePrice>4.23</UnitOfMeasurePrice>
      <AllowDiscount>0</AllowDiscount>
      <itemStatus>1</itemStatus>
      <LastUpdateDate />
      <LastUpdateTime />
    </Product>
    <Product>
      <PriceUpdateDate>2019/07/03 08:47</PriceUpdateDate>
      <ItemCode>2752332</ItemCode>
      <ItemType>0</ItemType>
      <ItemName>סוכריות מנטוס פירות 37 גרם</ItemName>
      <ManufactureName>ליימן שליסל בע`מ</ManufactureName>
      <ManufactureCountry />
      <ManufactureItemDescription />
      <UnitQty>'יח</UnitQty>
      <Quantity>0.3750</Quantity>
      <UnitMeasure>ל-100 גרם</UnitMeasure>
      <BisWeighted>0</BisWeighted>
      <QtyInPackage>40</QtyInPackage>
      <ItemPrice>2.90</ItemPrice>
      <UnitOfMeasurePrice>7.73</UnitOfMeasurePrice>
      <AllowDiscount>1</AllowDiscount>
      <itemStatus>1</itemStatus>
      <LastUpdateDate />
      <LastUpdateTime />
    </Product>
    <Product>
      <PriceUpdateDate>2019/07/03 08:47</PriceUpdateDate>
      <ItemCode>2752349</ItemCode>
      <ItemType>0</ItemType>
      <ItemName>סוכריות מנטוס מנטה 37 גרם</ItemName>
      <ManufactureName>ליימן שליסל בע`מ</ManufactureName>
      <ManufactureCountry />
      <ManufactureItemDescription />
      <UnitQty>'יח</UnitQty>
      <Quantity>0.3750</Quantity>
      <UnitMeasure>ל-100 גרם</UnitMeasure>
      <BisWeighted>0</BisWeighted>
      <QtyInPackage>40</QtyInPackage>
      <ItemPrice>2.90</ItemPrice>
      <UnitOfMeasurePrice>7.73</UnitOfMeasurePrice>
      <AllowDiscount>1</AllowDiscount>
      <itemStatus>1</itemStatus>
      <LastUpdateDate />
      <LastUpdateTime />
    </Product>
    <Product>
      <PriceUpdateDate>2022/06/19 15:06</PriceUpdateDate>
      <ItemCode>7290002757139</ItemCode>
      <ItemType>1</ItemType>
      <ItemName>מלוואח 700  גר`קפוא</ItemName>
      <ManufactureName>נטו מלינדה סחר בע`מ</ManufactureName>
      <ManufactureCountry />
      <ManufactureItemDescription />
      <UnitQty>'יח</UnitQty>
      <Quantity>7</Quantity>
      <UnitMeasure>ל-100 גרם</UnitMeasure>
      <BisWeighted>0</BisWeighted>
      <QtyInPackage>12</QtyInPackage>
      <ItemPrice>16.90</ItemPrice>
      <UnitOfMeasurePrice>2.41</UnitOfMeasurePrice>
      <AllowDiscount>0</AllowDiscount>
      <itemStatus>1</itemStatus>
      <LastUpdateDate />
      <LastUpdateTime />
    </Product>
    <Product>
      <PriceUpdateDate>2022/05/11 15:55</PriceUpdateDate>
      <ItemCode>7290002757146</ItemCode>
      <ItemType>1</ItemType>
      <ItemName>קובה למרק 1 ק`ג חמוסטה קפוא</ItemName>
      <ManufactureName>נטו מלינדה סחר בע`מ</ManufactureName>
      <ManufactureCountry />
      <ManufactureItemDescription />
      <UnitQty>'יח</UnitQty>
      <Quantity>10</Quantity>
      <UnitMeasure>ל-100 גרם</UnitMeasure>
      <BisWeighted>0</BisWeighted>
      <QtyInPackage>8</QtyInPackage>
      <ItemPrice>19.90</ItemPrice>
      <UnitOfMeasurePrice>1.99</UnitOfMeasurePrice>
      <AllowDiscount>0</AllowDiscount>
      <itemStatus>1</itemStatus>
      <LastUpdateDate />
      <LastUpdateTime />
    </Product>
    <Product>
      <PriceUpdateDate>2021/03/30 06:35</PriceUpdateDate>
      <ItemCode>2766056</ItemCode>
      <ItemType>0</ItemType>
      <ItemName>עגבניה שרי פרימיום</ItemName>
      <ManufactureName>ביכורי השדה הצפון בעמ` 1964</ManufactureName>
      <ManufactureCountry />
      <ManufactureItemDescription />
      <UnitQty>'יח</UnitQty>
      <Quantity>1</Quantity>
      <UnitMeasure />
      <BisWeighted>0</BisWeighted>
      <QtyInPackage>1</QtyInPackage>
      <ItemPrice>10.90</ItemPrice>
      <UnitOfMeasurePrice>10.90</UnitOfMeasurePrice>
      <AllowDiscount>0</AllowDiscount>
      <itemStatus>1</itemStatus>
      <LastUpdateDate />
      <LastUpdateTime />
    </Product>
    <Product>
      <PriceUpdateDate>2022/01/17 20:43</PriceUpdateDate>
      <ItemCode>2768074</ItemCode>
      <ItemType>0</ItemType>
      <ItemName>דרמפון אלסבון נוזלי 1 ליטר</ItemName>
      <ManufactureName>החב. הדרומית לשיווק</ManufactureName>
      <ManufactureCountry />
      <ManufactureItemDescription />
      <UnitQty>'יח</UnitQty>
      <Quantity>10</Quantity>
      <UnitMeasure>לליטר</UnitMeasure>
      <BisWeighted>0</BisWeighted>
      <QtyInPackage>12</QtyInPackage>
      <ItemPrice>16.90</ItemPrice>
      <UnitOfMeasurePrice>1.69</UnitOfMeasurePrice>
      <AllowDiscount>0</AllowDiscount>
      <itemStatus>1</itemStatus>
      <LastUpdateDate />
      <LastUpdateTime />
    </Product>
    <Product>
      <PriceUpdateDate>2022/06/19 15:06</PriceUpdateDate>
      <ItemCode>7290002787884</ItemCode>
      <ItemType>1</ItemType>
      <ItemName>מקלות בורקס פילו תפו`א</ItemName>
      <ManufactureName>נטו מלינדה סחר בע`מ</ManufactureName>
      <ManufactureCountry />
      <ManufactureItemDescription />
      <UnitQty>'יח</UnitQty>
      <Quantity>6.50</Quantity>
      <UnitMeasure>ל-100 גרם</UnitMeasure>
      <BisWeighted>0</BisWeighted>
      <QtyInPackage>10</QtyInPackage>
      <ItemPrice>19.90</ItemPrice>
      <UnitOfMeasurePrice>3.06</UnitOfMeasurePrice>
      <AllowDiscount>1</AllowDiscount>
      <itemStatus>1</itemStatus>
      <LastUpdateDate />
      <LastUpdateTime />
    </Product>
    <Product>
      <PriceUpdateDate>2020/05/06 13:59</PriceUpdateDate>
      <ItemCode>7290002814016</ItemCode>
      <ItemType>1</ItemType>
      <ItemName>מסיר שומנים סנטמוריץ מתז 750 מ"ל</ItemName>
      <ManufactureName>קומפלקס כימקלים בעמ`</ManufactureName>
      <ManufactureCountry />
      <ManufactureItemDescription />
      <UnitQty>'יח</UnitQty>
      <Quantity>7.50</Quantity>
      <UnitMeasure>ל-100 מ"ל</UnitMeasure>
      <BisWeighted>0</BisWeighted>
      <QtyInPackage>1</QtyInPackage>
      <ItemPrice>12.90</ItemPrice>
      <UnitOfMeasurePrice>1.72</UnitOfMeasurePrice>
      <AllowDiscount>1</AllowDiscount>
      <itemStatus>1</itemStatus>
      <LastUpdateDate />
      <LastUpdateTime />
    </Product>
    <Product>
      <PriceUpdateDate>2019/11/28 08:54</PriceUpdateDate>
      <ItemCode>2814054</ItemCode>
      <ItemType>0</ItemType>
      <ItemName>מתז אנטרטיק 1 ליטר</ItemName>
      <ManufactureName>קומפלקס כימקלים בעמ`</ManufactureName>
      <ManufactureCountry />
      <ManufactureItemDescription />
      <UnitQty>'יח</UnitQty>
      <Quantity>10</Quantity>
      <UnitMeasure>ל-100 מ"ל</UnitMeasure>
      <BisWeighted>0</BisWeighted>
      <QtyInPackage>1</QtyInPackage>
      <ItemPrice>9.90</ItemPrice>
      <UnitOfMeasurePrice>0.99</UnitOfMeasurePrice>
      <AllowDiscount>1</AllowDiscount>
      <itemStatus>1</itemStatus>
      <LastUpdateDate />
      <LastUpdateTime />
    </Product>
    <Product>
      <PriceUpdateDate>2022/03/24 11:57</PriceUpdateDate>
      <ItemCode>2814078</ItemCode>
      <ItemType>0</ItemType>
      <ItemName>אנטרטיק 1 ליטר</ItemName>
      <ManufactureName>קומפלקס כימקלים בעמ`</ManufactureName>
      <ManufactureCountry />
      <ManufactureItemDescription />
      <UnitQty>'יח</UnitQty>
      <Quantity>10</Quantity>
      <UnitMeasure>ל-100 מ"ל</UnitMeasure>
      <BisWeighted>0</BisWeighted>
      <QtyInPackage>1</QtyInPackage>
      <ItemPrice>8.90</ItemPrice>
      <UnitOfMeasurePrice>0.89</UnitOfMeasurePrice>
      <AllowDiscount>1</AllowDiscount>
      <itemStatus>1</itemStatus>
      <LastUpdateDate />
      <LastUpdateTime />
    </Product>
    <Product>
      <PriceUpdateDate>2021/11/25 13:04</PriceUpdateDate>
      <ItemCode>2814412</ItemCode>
      <ItemType>0</ItemType>
      <ItemName>נוזל כלים ליימון ליים 1.6 ליטר</ItemName>
      <ManufactureName>קומפלקס כימקלים בעמ`</ManufactureName>
      <ManufactureCountry />
      <ManufactureItemDescription />
      <UnitQty>'יח</UnitQty>
      <Quantity>16</Quantity>
      <UnitMeasure>ל-100 מ"ל</UnitMeasure>
      <BisWeighted>0</BisWeighted>
      <QtyInPackage>1</QtyInPackage>
      <ItemPrice>9.90</ItemPrice>
      <UnitOfMeasurePrice>0.62</UnitOfMeasurePrice>
      <AllowDiscount>1</AllowDiscount>
      <itemStatus>1</itemStatus>
      <LastUpdateDate />
      <LastUpdateTime />
    </Product>
    <Product>
      <PriceUpdateDate>2021/11/25 13:04</PriceUpdateDate>
      <ItemCode>2814436</ItemCode>
      <ItemType>0</ItemType>
      <ItemName>נוזל כלים לימון 1.6 ליטר</ItemName>
      <ManufactureName>קומפלקס כימקלים בעמ`</ManufactureName>
      <ManufactureCountry />
      <ManufactureItemDescription />
      <UnitQty>'יח</UnitQty>
      <Quantity>16</Quantity>
      <UnitMeasure>ל-100 מ"ל</UnitMeasure>
      <BisWeighted>0</BisWeighted>
      <QtyInPackage>1</QtyInPackage>
      <ItemPrice>9.90</ItemPrice>
      <UnitOfMeasurePrice>0.62</UnitOfMeasurePrice>
      <AllowDiscount>1</AllowDiscount>
      <itemStatus>1</itemStatus>
      <LastUpdateDate />
      <LastUpdateTime />
    </Product>
    <Product>
      <PriceUpdateDate>2021/12/29 20:18</PriceUpdateDate>
      <ItemCode>2814580</ItemCode>
      <ItemType>0</ItemType>
      <ItemName>טורנדו גרגירים לפתיחת סתימות 200 גר`</ItemName>
      <ManufactureName>קומפלקס כימקלים בעמ`</ManufactureName>
      <ManufactureCountry />
      <ManufactureItemDescription />
      <UnitQty>'יח</UnitQty>
      <Quantity>1</Quantity>
      <UnitMeasure />
      <BisWeighted>0</BisWeighted>
      <QtyInPackage>1</QtyInPackage>
      <ItemPrice>12.90</ItemPrice>
      <UnitOfMeasurePrice>12.90</UnitOfMeasurePrice>
      <AllowDiscount>1</AllowDiscount>
      <itemStatus>1</itemStatus>
      <LastUpdateDate />
      <LastUpdateTime />
    </Product>
    <Product>
      <PriceUpdateDate>2021/08/05 16:03</PriceUpdateDate>
      <ItemCode>2814603</ItemCode>
      <ItemType>0</ItemType>
      <ItemName>מסיר שומנים סנטמוריץ מבושם 750 סמ``ק</ItemName>
      <ManufactureName>קומפלקס כימקלים בעמ`</ManufactureName>
      <ManufactureCountry />
      <ManufactureItemDescription />
      <UnitQty>'יח</UnitQty>
      <Quantity>1.50</Quantity>
      <UnitMeasure>לליטר</UnitMeasure>
      <BisWeighted>0</BisWeighted>
      <QtyInPackage>1</QtyInPackage>
      <ItemPrice>12.90</ItemPrice>
      <UnitOfMeasurePrice>8.60</UnitOfMeasurePrice>
      <AllowDiscount>1</AllowDiscount>
      <itemStatus>1</itemStatus>
      <LastUpdateDate />
      <LastUpdateTime />
    </Product>
    <Product>
      <PriceUpdateDate>2021/11/28 18:15</PriceUpdateDate>
      <ItemCode>2814894</ItemCode>
      <ItemType>0</ItemType>
      <ItemName>מתז אקונומיקה קצף לוונדר 1 ליטר</ItemName>
      <ManufactureName>קומפלקס כימקלים בעמ`</ManufactureName>
      <ManufactureCountry />
      <ManufactureItemDescription />
      <UnitQty>'יח</UnitQty>
      <Quantity>1</Quantity>
      <UnitMeasure />
      <BisWeighted>0</BisWeighted>
      <QtyInPackage>1</QtyInPackage>
      <ItemPrice>9.90</ItemPrice>
      <UnitOfMeasurePrice>9.90</UnitOfMeasurePrice>
      <AllowDiscount>1</AllowDiscount>
      <itemStatus>1</itemStatus>
      <LastUpdateDate />
      <LastUpdateTime />
    </Product>
    <Product>
      <PriceUpdateDate>2019/01/16 14:38</PriceUpdateDate>
      <ItemCode>2814917</ItemCode>
      <ItemType>0</ItemType>
      <ItemName>נוזל ריצפה 4 ליטר לבנדר</ItemName>
      <ManufactureName>קומפלקס כימקלים בעמ`</ManufactureName>
      <ManufactureCountry />
      <ManufactureItemDescription />
      <UnitQty>'יח</UnitQty>
      <Quantity>4</Quantity>
      <UnitMeasure>לליטר</UnitMeasure>
      <BisWeighted>0</BisWeighted>
      <QtyInPackage>1</QtyInPackage>
      <ItemPrice>12.90</ItemPrice>
      <UnitOfMeasurePrice>3.23</UnitOfMeasurePrice>
      <AllowDiscount>1</AllowDiscount>
      <itemStatus>1</itemStatus>
      <LastUpdateDate />
      <LastUpdateTime />
    </Product>
    <Product>
      <PriceUpdateDate>2019/01/16 14:38</PriceUpdateDate>
      <ItemCode>2814931</ItemCode>
      <ItemType>0</ItemType>
      <ItemName>נוזל ריצפה 4 ליטר ירוק אורנים</ItemName>
      <ManufactureName>קומפלקס כימקלים בעמ`</ManufactureName>
      <ManufactureCountry />
      <ManufactureItemDescription />
      <UnitQty>'יח</UnitQty>
      <Quantity>40</Quantity>
      <UnitMeasure>ל-100 מ"ל</UnitMeasure>
      <BisWeighted>0</BisWeighted>
      <QtyInPackage>1</QtyInPackage>
      <ItemPrice>12.90</ItemPrice>
      <UnitOfMeasurePrice>0.32</UnitOfMeasurePrice>
      <AllowDiscount>1</AllowDiscount>
      <itemStatus>1</itemStatus>
      <LastUpdateDate />
      <LastUpdateTime />
    </Product>
    <Product>
      <PriceUpdateDate>2022/09/11 10:05</PriceUpdateDate>
      <ItemCode>2824183</ItemCode>
      <ItemType>0</ItemType>
      <ItemName>גבינת סקי %5 500 גרם</ItemName>
      <ManufactureName>שטראוס גרופ בע`מ</ManufactureName>
      <ManufactureCountry />
      <ManufactureItemDescription />
      <UnitQty>'יח</UnitQty>
      <Quantity>5</Quantity>
      <UnitMeasure>ל-100 גרם</UnitMeasure>
      <BisWeighted>0</BisWeighted>
      <QtyInPackage>12</QtyInPackage>
      <ItemPrice>9.90</ItemPrice>
      <UnitOfMeasurePrice>1.98</UnitOfMeasurePrice>
      <AllowDiscount>0</AllowDiscount>
      <itemStatus>1</itemStatus>
      <LastUpdateDate />
      <LastUpdateTime />
    </Product>
    <Product>
      <PriceUpdateDate>2019/01/16 14:38</PriceUpdateDate>
      <ItemCode>7290002824466</ItemCode>
      <ItemType>1</ItemType>
      <ItemName>דנונה קל טבעי %0 200 גרם</ItemName>
      <ManufactureName>שטראוס גרופ בע`מ</ManufactureName>
      <ManufactureCountry />
      <ManufactureItemDescription />
      <UnitQty>'יח</UnitQty>
      <Quantity>2</Quantity>
      <UnitMeasure>ל-100 מ"ל</UnitMeasure>
      <BisWeighted>0</BisWeighted>
      <QtyInPackage>24</QtyInPackage>
      <ItemPrice>3.70</ItemPrice>
      <UnitOfMeasurePrice>1.85</UnitOfMeasurePrice>
      <AllowDiscount>0</AllowDiscount>
      <itemStatus>1</itemStatus>
      <LastUpdateDate />
      <LastUpdateTime />
    </Product>
    <Product>
      <PriceUpdateDate>2022/09/11 10:05</PriceUpdateDate>
      <ItemCode>7290002824640</ItemCode>
      <ItemType>1</ItemType>
      <ItemName>גבינת סקי %5 250 גרם</ItemName>
      <ManufactureName>שטראוס גרופ בע`מ</ManufactureName>
      <ManufactureCountry />
      <ManufactureItemDescription />
      <UnitQty>'יח</UnitQty>
      <Quantity>2.50</Quantity>
      <UnitMeasure>ל-100 גרם</UnitMeasure>
      <BisWeighted>0</BisWeighted>
      <QtyInPackage>12</QtyInPackage>
      <ItemPrice>4.98</ItemPrice>
      <UnitOfMeasurePrice>1.99</UnitOfMeasurePrice>
      <AllowDiscount>0</AllowDiscount>
      <itemStatus>1</itemStatus>
      <LastUpdateDate />
      <LastUpdateTime />
    </Product>
    <Product>
      <PriceUpdateDate>2019/01/16 14:38</PriceUpdateDate>
      <ItemCode>7290002830948</ItemCode>
      <ItemType>1</ItemType>
      <ItemName>גבינה מון בלאן עזים 120 גר`</ItemName>
      <ManufactureName>נטו מלינדה סחר בע`מ</ManufactureName>
      <ManufactureCountry />
      <ManufactureItemDescription />
      <UnitQty>'יח</UnitQty>
      <Quantity>1.20</Quantity>
      <UnitMeasure>ל-100 גרם</UnitMeasure>
      <BisWeighted>0</BisWeighted>
      <QtyInPackage>1</QtyInPackage>
      <ItemPrice>12.90</ItemPrice>
      <UnitOfMeasurePrice>10.75</UnitOfMeasurePrice>
      <AllowDiscount>1</AllowDiscount>
      <itemStatus>1</itemStatus>
      <LastUpdateDate />
      <LastUpdateTime />
    </Product>
    <Product>
      <PriceUpdateDate>2019/01/16 14:38</PriceUpdateDate>
      <ItemCode>2859925</ItemCode>
      <ItemType>0</ItemType>
      <ItemName>רצעות בשר לטחינה בלדי</ItemName>
      <ManufactureName>בלדי בע`מ</ManufactureName>
      <ManufactureCountry />
      <ManufactureItemDescription />
      <UnitQty>ק"ג</UnitQty>
      <Quantity>1</Quantity>
      <UnitMeasure />
      <BisWeighted>1</BisWeighted>
      <QtyInPackage>10</QtyInPackage>
      <ItemPrice>38.90</ItemPrice>
      <UnitOfMeasurePrice>38.90</UnitOfMeasurePrice>
      <AllowDiscount>0</AllowDiscount>
      <itemStatus>1</itemStatus>
      <LastUpdateDate />
      <LastUpdateTime />
    </Product>
    <Product>
      <PriceUpdateDate>2022/10/26 21:15</PriceUpdateDate>
      <ItemCode>7290002868545</ItemCode>
      <ItemType>1</ItemType>
      <ItemName>יוגורט %4 טבעי 3 ליטר בכד</ItemName>
      <ManufactureName>החברה המרכזית להפצה</ManufactureName>
      <ManufactureCountry />
      <ManufactureItemDescription />
      <UnitQty>'יח</UnitQty>
      <Quantity>1</Quantity>
      <UnitMeasure />
      <BisWeighted>0</BisWeighted>
      <QtyInPackage>1</QtyInPackage>
      <ItemPrice>26.90</ItemPrice>
      <UnitOfMeasurePrice>26.90</UnitOfMeasurePrice>
      <AllowDiscount>0</AllowDiscount>
      <itemStatus>1</itemStatus>
      <LastUpdateDate />
      <LastUpdateTime />
    </Product>
    <Product>
      <PriceUpdateDate>2019/07/03 08:47</PriceUpdateDate>
      <ItemCode>7290002868996</ItemCode>
      <ItemType>1</ItemType>
      <ItemName> קוטג`טרה 5% מועשר 250 גרם</ItemName>
      <ManufactureName>החברה המרכזית להפצה</ManufactureName>
      <ManufactureCountry />
      <ManufactureItemDescription />
      <UnitQty>'יח</UnitQty>
      <Quantity>2.50</Quantity>
      <UnitMeasure>ל-100 גרם</UnitMeasure>
      <BisWeighted>0</BisWeighted>
      <QtyInPackage>1</QtyInPackage>
      <ItemPrice>5.50</ItemPrice>
      <UnitOfMeasurePrice>2.20</UnitOfMeasurePrice>
      <AllowDiscount>0</AllowDiscount>
      <itemStatus>1</itemStatus>
      <LastUpdateDate />
      <LastUpdateTime />
    </Product>
    <Product>
      <PriceUpdateDate>2019/07/03 08:47</PriceUpdateDate>
      <ItemCode>2871361</ItemCode>
      <ItemType>0</ItemType>
      <ItemName>בירה קרלסברג בקבוק חוזר 500 מל</ItemName>
      <ManufactureName>החברה המרכזית להפצת משקאות בע`</ManufactureName>
      <ManufactureCountry />
      <ManufactureItemDescription />
      <UnitQty>'יח</UnitQty>
      <Quantity>5</Quantity>
      <UnitMeasure>ל-100 מ"ל</UnitMeasure>
      <BisWeighted>0</BisWeighted>
      <QtyInPackage>20</QtyInPackage>
      <ItemPrice>7.90</ItemPrice>
      <UnitOfMeasurePrice>1.34</UnitOfMeasurePrice>
      <AllowDiscount>0</AllowDiscount>
      <itemStatus>1</itemStatus>
      <LastUpdateDate />
      <LastUpdateTime />
    </Product>
    <Product>
      <PriceUpdateDate>2022/07/14 11:08</PriceUpdateDate>
      <ItemCode>7290002881216</ItemCode>
      <ItemType>1</ItemType>
      <ItemName>רסק תפ`ע 720 גר`דיאט</ItemName>
      <ManufactureName>תומר ייבוא ושיווק מוצרי מזון [</ManufactureName>
      <ManufactureCountry />
      <ManufactureItemDescription />
      <UnitQty>'יח</UnitQty>
      <Quantity>7.20</Quantity>
      <UnitMeasure>ל-100 גרם</UnitMeasure>
      <BisWeighted>0</BisWeighted>
      <QtyInPackage>12</QtyInPackage>
      <ItemPrice>11.90</ItemPrice>
      <UnitOfMeasurePrice>1.65</UnitOfMeasurePrice>
      <AllowDiscount>0</AllowDiscount>
      <itemStatus>1</itemStatus>
      <LastUpdateDate />
      <LastUpdateTime />
    </Product>
    <Product>
      <PriceUpdateDate>2022/01/12 19:00</PriceUpdateDate>
      <ItemCode>2881506</ItemCode>
      <ItemType>0</ItemType>
      <ItemName>חמאת בוטנים 510 גר`</ItemName>
      <ManufactureName>תומר ייבוא ושיווק מוצרי מזון [</ManufactureName>
      <ManufactureCountry />
      <ManufactureItemDescription />
      <UnitQty>'יח</UnitQty>
      <Quantity>5.10</Quantity>
      <UnitMeasure>ל-100 גרם</UnitMeasure>
      <BisWeighted>0</BisWeighted>
      <QtyInPackage>12</QtyInPackage>
      <ItemPrice>9.90</ItemPrice>
      <UnitOfMeasurePrice>1.94</UnitOfMeasurePrice>
      <AllowDiscount>0</AllowDiscount>
      <itemStatus>1</itemStatus>
      <LastUpdateDate />
      <LastUpdateTime />
    </Product>
    <Product>
      <PriceUpdateDate>2021/10/01 06:41</PriceUpdateDate>
      <ItemCode>7290002881933</ItemCode>
      <ItemType>1</ItemType>
      <ItemName>סרדין מרוקאי במי מלח 125 גר`</ItemName>
      <ManufactureName>תומר ייבוא ושיווק מוצרי מזון [</ManufactureName>
      <ManufactureCountry />
      <ManufactureItemDescription />
      <UnitQty>'יח</UnitQty>
      <Quantity>1.25</Quantity>
      <UnitMeasure>ל-100 גרם</UnitMeasure>
      <BisWeighted>0</BisWeighted>
      <QtyInPackage>25</QtyInPackage>
      <ItemPrice>4.90</ItemPrice>
      <UnitOfMeasurePrice>3.92</UnitOfMeasurePrice>
      <AllowDiscount>0</AllowDiscount>
      <itemStatus>1</itemStatus>
      <LastUpdateDate />
      <LastUpdateTime />
    </Product>
    <Product>
      <PriceUpdateDate>2021/10/01 06:41</PriceUpdateDate>
      <ItemCode>7290002881940</ItemCode>
      <ItemType>1</ItemType>
      <ItemName>סרדין מרוקאי בשמן</ItemName>
      <ManufactureName>תומר ייבוא ושיווק מוצרי מזון [</ManufactureName>
      <ManufactureCountry />
      <ManufactureItemDescription />
      <UnitQty>'יח</UnitQty>
      <Quantity>1.25</Quantity>
      <UnitMeasure>ל-100 גרם</UnitMeasure>
      <BisWeighted>0</BisWeighted>
      <QtyInPackage>25</QtyInPackage>
      <ItemPrice>4.90</ItemPrice>
      <UnitOfMeasurePrice>3.92</UnitOfMeasurePrice>
      <AllowDiscount>0</AllowDiscount>
      <itemStatus>1</itemStatus>
      <LastUpdateDate />
      <LastUpdateTime />
    </Product>
    <Product>
      <PriceUpdateDate>2021/10/01 06:41</PriceUpdateDate>
      <ItemCode>7290002881957</ItemCode>
      <ItemType>1</ItemType>
      <ItemName>סרדין מרוקאי חריף</ItemName>
      <ManufactureName>תומר ייבוא ושיווק מוצרי מזון [</ManufactureName>
      <ManufactureCountry />
      <ManufactureItemDescription />
      <UnitQty>'יח</UnitQty>
      <Quantity>1.25</Quantity>
      <UnitMeasure>ל-100 גרם</UnitMeasure>
      <BisWeighted>0</BisWeighted>
      <QtyInPackage>25</QtyInPackage>
      <ItemPrice>4.90</ItemPrice>
      <UnitOfMeasurePrice>3.92</UnitOfMeasurePrice>
      <AllowDiscount>0</AllowDiscount>
      <itemStatus>1</itemStatus>
      <LastUpdateDate />
      <LastUpdateTime />
    </Product>
    <Product>
      <PriceUpdateDate>2021/10/01 06:41</PriceUpdateDate>
      <ItemCode>7290002881964</ItemCode>
      <ItemType>1</ItemType>
      <ItemName>סרדין מרוקאי ברוטב עגבניות</ItemName>
      <ManufactureName>תומר ייבוא ושיווק מוצרי מזון [</ManufactureName>
      <ManufactureCountry />
      <ManufactureItemDescription />
      <UnitQty>'יח</UnitQty>
      <Quantity>1.25</Quantity>
      <UnitMeasure>ל-100 גרם</UnitMeasure>
      <BisWeighted>0</BisWeighted>
      <QtyInPackage>25</QtyInPackage>
      <ItemPrice>4.90</ItemPrice>
      <UnitOfMeasurePrice>3.92</UnitOfMeasurePrice>
      <AllowDiscount>0</AllowDiscount>
      <itemStatus>1</itemStatus>
      <LastUpdateDate />
      <LastUpdateTime />
    </Product>
    <Product>
      <PriceUpdateDate>2021/10/01 06:41</PriceUpdateDate>
      <ItemCode>7290002881988</ItemCode>
      <ItemType>1</ItemType>
      <ItemName>סרדין מרוקאי בשמן ולימון</ItemName>
      <ManufactureName>תומר ייבוא ושיווק מוצרי מזון [</ManufactureName>
      <ManufactureCountry />
      <ManufactureItemDescription />
      <UnitQty>'יח</UnitQty>
      <Quantity>1.25</Quantity>
      <UnitMeasure>ל-100 גרם</UnitMeasure>
      <BisWeighted>0</BisWeighted>
      <QtyInPackage>25</QtyInPackage>
      <ItemPrice>4.90</ItemPrice>
      <UnitOfMeasurePrice>3.92</UnitOfMeasurePrice>
      <AllowDiscount>0</AllowDiscount>
      <itemStatus>1</itemStatus>
      <LastUpdateDate />
      <LastUpdateTime />
    </Product>
    <Product>
      <PriceUpdateDate>2019/01/16 14:38</PriceUpdateDate>
      <ItemCode>2909569</ItemCode>
      <ItemType>0</ItemType>
      <ItemName>פילה ברבוניה</ItemName>
      <ManufactureName>בלדי בע`מ</ManufactureName>
      <ManufactureCountry />
      <ManufactureItemDescription />
      <UnitQty>'יח</UnitQty>
      <Quantity>1</Quantity>
      <UnitMeasure>'יח</UnitMeasure>
      <BisWeighted>0</BisWeighted>
      <QtyInPackage>25</QtyInPackage>
      <ItemPrice>21.90</ItemPrice>
      <UnitOfMeasurePrice>21.90</UnitOfMeasurePrice>
      <AllowDiscount>0</AllowDiscount>
      <itemStatus>1</itemStatus>
      <LastUpdateDate />
      <LastUpdateTime />
    </Product>
    <Product>
      <PriceUpdateDate>2019/01/16 14:38</PriceUpdateDate>
      <ItemCode>2909576</ItemCode>
      <ItemType>0</ItemType>
      <ItemName>טחון בקר לקציצות וקבב</ItemName>
      <ManufactureName>בלדי בע`מ</ManufactureName>
      <ManufactureCountry />
      <ManufactureItemDescription />
      <UnitQty>'יח</UnitQty>
      <Quantity>1</Quantity>
      <UnitMeasure />
      <BisWeighted>0</BisWeighted>
      <QtyInPackage>12</QtyInPackage>
      <ItemPrice>16.90</ItemPrice>
      <UnitOfMeasurePrice>16.90</UnitOfMeasurePrice>
      <AllowDiscount>1</AllowDiscount>
      <itemStatus>1</itemStatus>
      <LastUpdateDate />
      <LastUpdateTime />
    </Product>
    <Product>
      <PriceUpdateDate>2022/02/06 19:32</PriceUpdateDate>
      <ItemCode>2909804</ItemCode>
      <ItemType>0</ItemType>
      <ItemName>פילה  מרלוזה[בקלה] ללא עור ארגטיני</ItemName>
      <ManufactureName>בלדי בע`מ</ManufactureName>
      <ManufactureCountry />
      <ManufactureItemDescription />
      <UnitQty>ק"ג</UnitQty>
      <Quantity>1</Quantity>
      <UnitMeasure>ל-100 גרם</UnitMeasure>
      <BisWeighted>1</BisWeighted>
      <QtyInPackage>1</QtyInPackage>
      <ItemPrice>31.90</ItemPrice>
      <UnitOfMeasurePrice>31.90</UnitOfMeasurePrice>
      <AllowDiscount>1</AllowDiscount>
      <itemStatus>1</itemStatus>
      <LastUpdateDate />
      <LastUpdateTime />
    </Product>
    <Product>
      <PriceUpdateDate>2022/08/21 20:33</PriceUpdateDate>
      <ItemCode>2909835</ItemCode>
      <ItemType>0</ItemType>
      <ItemName>שמן זית כתית 750 מל`</ItemName>
      <ManufactureName>בלדי בע`מ</ManufactureName>
      <ManufactureCountry />
      <ManufactureItemDescription />
      <UnitQty>'יח</UnitQty>
      <Quantity>7.50</Quantity>
      <UnitMeasure>ל-100 מ"ל</UnitMeasure>
      <BisWeighted>0</BisWeighted>
      <QtyInPackage>1</QtyInPackage>
      <ItemPrice>26.90</ItemPrice>
      <UnitOfMeasurePrice>3.59</UnitOfMeasurePrice>
      <AllowDiscount>1</AllowDiscount>
      <itemStatus>1</itemStatus>
      <LastUpdateDate />
      <LastUpdateTime />
    </Product>
    <Product>
      <PriceUpdateDate>2022/07/14 11:10</PriceUpdateDate>
      <ItemCode>2909880</ItemCode>
      <ItemType>0</ItemType>
      <ItemName>פולי סויה אדממה 400 גר`</ItemName>
      <ManufactureName>בלדי בע`מ</ManufactureName>
      <ManufactureCountry />
      <ManufactureItemDescription />
      <UnitQty>'יח</UnitQty>
      <Quantity>4</Quantity>
      <UnitMeasure>ל-100 גרם</UnitMeasure>
      <BisWeighted>0</BisWeighted>
      <QtyInPackage>24</QtyInPackage>
      <ItemPrice>8.90</ItemPrice>
      <UnitOfMeasurePrice>2.23</UnitOfMeasurePrice>
      <AllowDiscount>0</AllowDiscount>
      <itemStatus>1</itemStatus>
      <LastUpdateDate />
      <LastUpdateTime />
    </Product>
    <Product>
      <PriceUpdateDate>2019/01/16 14:38</PriceUpdateDate>
      <ItemCode>2909989</ItemCode>
      <ItemType>0</ItemType>
      <ItemName>שעועית ירוקה חתוכה 800 גר`</ItemName>
      <ManufactureName>בלדי בע`מ</ManufactureName>
      <ManufactureCountry />
      <ManufactureItemDescription />
      <UnitQty>'יח</UnitQty>
      <Quantity>8</Quantity>
      <UnitMeasure>ל-100 גרם</UnitMeasure>
      <BisWeighted>0</BisWeighted>
      <QtyInPackage>12</QtyInPackage>
      <ItemPrice>9.90</ItemPrice>
      <UnitOfMeasurePrice>1.24</UnitOfMeasurePrice>
      <AllowDiscount>0</AllowDiscount>
      <itemStatus>1</itemStatus>
      <LastUpdateDate />
      <LastUpdateTime />
    </Product>
    <Product>
      <PriceUpdateDate>2022/07/18 16:24</PriceUpdateDate>
      <ItemCode>2919179</ItemCode>
      <ItemType>0</ItemType>
      <ItemName>פילה מושט ללא עור</ItemName>
      <ManufactureName>בלדי בע`מ</ManufactureName>
      <ManufactureCountry />
      <ManufactureItemDescription />
      <UnitQty>ק"ג</UnitQty>
      <Quantity>1</Quantity>
      <UnitMeasure>ל-100 גרם</UnitMeasure>
      <BisWeighted>1</BisWeighted>
      <QtyInPackage>1</QtyInPackage>
      <ItemPrice>34.90</ItemPrice>
      <UnitOfMeasurePrice>34.90</UnitOfMeasurePrice>
      <AllowDiscount>1</AllowDiscount>
      <itemStatus>1</itemStatus>
      <LastUpdateDate />
      <LastUpdateTime />
    </Product>
    <Product>
      <PriceUpdateDate>2021/11/04 10:28</PriceUpdateDate>
      <ItemCode>2922117</ItemCode>
      <ItemType>0</ItemType>
      <ItemName>עוגיות פרימיום  אקלר</ItemName>
      <ManufactureName>אקלר</ManufactureName>
      <ManufactureCountry />
      <ManufactureItemDescription />
      <UnitQty>'יח</UnitQty>
      <Quantity>3</Quantity>
      <UnitMeasure>ל-100 גרם</UnitMeasure>
      <BisWeighted>0</BisWeighted>
      <QtyInPackage>1</QtyInPackage>
      <ItemPrice>22.90</ItemPrice>
      <UnitOfMeasurePrice>7.63</UnitOfMeasurePrice>
      <AllowDiscount>0</AllowDiscount>
      <itemStatus>1</itemStatus>
      <LastUpdateDate />
      <LastUpdateTime />
    </Product>
    <Product>
      <PriceUpdateDate>2022/06/23 14:08</PriceUpdateDate>
      <ItemCode>2927044</ItemCode>
      <ItemType>0</ItemType>
      <ItemName>צלי כתף מס 5</ItemName>
      <ManufactureName>זהר עופות ובשר בעמ</ManufactureName>
      <ManufactureCountry />
      <ManufactureItemDescription />
      <UnitQty>ק"ג</UnitQty>
      <Quantity>1</Quantity>
      <UnitMeasure>ק"ג</UnitMeasure>
      <BisWeighted>1</BisWeighted>
      <QtyInPackage>1</QtyInPackage>
      <ItemPrice>32.90</ItemPrice>
      <UnitOfMeasurePrice>32.90</UnitOfMeasurePrice>
      <AllowDiscount>0</AllowDiscount>
      <itemStatus>1</itemStatus>
      <LastUpdateDate />
      <LastUpdateTime />
    </Product>
    <Product>
      <PriceUpdateDate>2022/06/23 14:08</PriceUpdateDate>
      <ItemCode>2927051</ItemCode>
      <ItemType>0</ItemType>
      <ItemName>פילה מדומה מס 6</ItemName>
      <ManufactureName>זהר עופות ובשר בעמ</ManufactureName>
      <ManufactureCountry />
      <ManufactureItemDescription />
      <UnitQty>ק"ג</UnitQty>
      <Quantity>1</Quantity>
      <UnitMeasure>ק"ג</UnitMeasure>
      <BisWeighted>1</BisWeighted>
      <QtyInPackage>1</QtyInPackage>
      <ItemPrice>32.90</ItemPrice>
      <UnitOfMeasurePrice>32.90</UnitOfMeasurePrice>
      <AllowDiscount>0</AllowDiscount>
      <itemStatus>1</itemStatus>
      <LastUpdateDate />
      <LastUpdateTime />
    </Product>
    <Product>
      <PriceUpdateDate>2022/06/23 14:08</PriceUpdateDate>
      <ItemCode>2927105</ItemCode>
      <ItemType>0</ItemType>
      <ItemName>צלי כתף ברשת קפוא</ItemName>
      <ManufactureName>זהר עופות ובשר בעמ</ManufactureName>
      <ManufactureCountry />
      <ManufactureItemDescription />
      <UnitQty>ק"ג</UnitQty>
      <Quantity>1</Quantity>
      <UnitMeasure>ק"ג</UnitMeasure>
      <BisWeighted>1</BisWeighted>
      <QtyInPackage>1</QtyInPackage>
      <ItemPrice>32.90</ItemPrice>
      <UnitOfMeasurePrice>32.90</UnitOfMeasurePrice>
      <AllowDiscount>0</AllowDiscount>
      <itemStatus>1</itemStatus>
      <LastUpdateDate />
      <LastUpdateTime />
    </Product>
    <Product>
      <PriceUpdateDate>2022/06/23 14:08</PriceUpdateDate>
      <ItemCode>2927358</ItemCode>
      <ItemType>0</ItemType>
      <ItemName>סטייק אנטריקוט 800 גרם</ItemName>
      <ManufactureName>זהר עופות ובשר בעמ</ManufactureName>
      <ManufactureCountry />
      <ManufactureItemDescription />
      <UnitQty>'יח</UnitQty>
      <Quantity>8</Quantity>
      <UnitMeasure>ל-100 גרם</UnitMeasure>
      <BisWeighted>0</BisWeighted>
      <QtyInPackage>1</QtyInPackage>
      <ItemPrice>29.90</ItemPrice>
      <UnitOfMeasurePrice>3.74</UnitOfMeasurePrice>
      <AllowDiscount>0</AllowDiscount>
      <itemStatus>1</itemStatus>
      <LastUpdateDate />
      <LastUpdateTime />
    </Product>
    <Product>
      <PriceUpdateDate>2022/02/24 16:09</PriceUpdateDate>
      <ItemCode>2927464</ItemCode>
      <ItemType>0</ItemType>
      <ItemName>גולש עגל</ItemName>
      <ManufactureName>זהר עופות ובשר בעמ</ManufactureName>
      <ManufactureCountry />
      <ManufactureItemDescription />
      <UnitQty>ק"ג</UnitQty>
      <Quantity>1</Quantity>
      <UnitMeasure>ק"ג</UnitMeasure>
      <BisWeighted>1</BisWeighted>
      <QtyInPackage>1</QtyInPackage>
      <ItemPrice>29.90</ItemPrice>
      <UnitOfMeasurePrice>29.90</UnitOfMeasurePrice>
      <AllowDiscount>0</AllowDiscount>
      <itemStatus>1</itemStatus>
      <LastUpdateDate />
      <LastUpdateTime />
    </Product>
    <Product>
      <PriceUpdateDate>2022/06/23 14:08</PriceUpdateDate>
      <ItemCode>2927471</ItemCode>
      <ItemType>0</ItemType>
      <ItemName>צלי עגל מס 5</ItemName>
      <ManufactureName>זהר עופות ובשר בעמ</ManufactureName>
      <ManufactureCountry />
      <ManufactureItemDescription />
      <UnitQty>ק"ג</UnitQty>
      <Quantity>1</Quantity>
      <UnitMeasure>ק"ג</UnitMeasure>
      <BisWeighted>1</BisWeighted>
      <QtyInPackage>1</QtyInPackage>
      <ItemPrice>32.90</ItemPrice>
      <UnitOfMeasurePrice>32.90</UnitOfMeasurePrice>
      <AllowDiscount>0</AllowDiscount>
      <itemStatus>1</itemStatus>
      <LastUpdateDate />
      <LastUpdateTime />
    </Product>
    <Product>
      <PriceUpdateDate>2022/02/24 16:09</PriceUpdateDate>
      <ItemCode>2927518</ItemCode>
      <ItemType>0</ItemType>
      <ItemName>טבעות פילה עגל קפוא</ItemName>
      <ManufactureName>זהר עופות ובשר בעמ</ManufactureName>
      <ManufactureCountry />
      <ManufactureItemDescription />
      <UnitQty>ק"ג</UnitQty>
      <Quantity>1</Quantity>
      <UnitMeasure>ק"ג</UnitMeasure>
      <BisWeighted>1</BisWeighted>
      <QtyInPackage>1</QtyInPackage>
      <ItemPrice>34.90</ItemPrice>
      <UnitOfMeasurePrice>34.90</UnitOfMeasurePrice>
      <AllowDiscount>0</AllowDiscount>
      <itemStatus>1</itemStatus>
      <LastUpdateDate />
      <LastUpdateTime />
    </Product>
    <Product>
      <PriceUpdateDate>2022/02/24 16:09</PriceUpdateDate>
      <ItemCode>2927655</ItemCode>
      <ItemType>0</ItemType>
      <ItemName>שניצל עגל קפוא</ItemName>
      <ManufactureName>זהר עופות ובשר בעמ</ManufactureName>
      <ManufactureCountry />
      <ManufactureItemDescription />
      <UnitQty>ק"ג</UnitQty>
      <Quantity>1</Quantity>
      <UnitMeasure>ק"ג</UnitMeasure>
      <BisWeighted>1</BisWeighted>
      <QtyInPackage>1</QtyInPackage>
      <ItemPrice>34.90</ItemPrice>
      <UnitOfMeasurePrice>34.90</UnitOfMeasurePrice>
      <AllowDiscount>0</AllowDiscount>
      <itemStatus>1</itemStatus>
      <LastUpdateDate />
      <LastUpdateTime />
    </Product>
    <Product>
      <PriceUpdateDate>2019/01/16 14:38</PriceUpdateDate>
      <ItemCode>2929642</ItemCode>
      <ItemType>0</ItemType>
      <ItemName>טונה קנולה בשמן 4*140 גרם ויליגר</ItemName>
      <ManufactureName>נטו מלינדה סחר בע`מ</ManufactureName>
      <ManufactureCountry />
      <ManufactureItemDescription />
      <UnitQty>'יח</UnitQty>
      <Quantity>5.60</Quantity>
      <UnitMeasure>ל-100 גרם</UnitMeasure>
      <BisWeighted>0</BisWeighted>
      <QtyInPackage>12</QtyInPackage>
      <ItemPrice>19.90</ItemPrice>
      <UnitOfMeasurePrice>3.55</UnitOfMeasurePrice>
      <AllowDiscount>0</AllowDiscount>
      <itemStatus>1</itemStatus>
      <LastUpdateDate />
      <LastUpdateTime />
    </Product>
    <Product>
      <PriceUpdateDate>2021/12/12 14:56</PriceUpdateDate>
      <ItemCode>2971191</ItemCode>
      <ItemType>0</ItemType>
      <ItemName>קמח חיטה 1 ק"ג</ItemName>
      <ManufactureName>ח.כהן סוכנות מזון ומשקאות</ManufactureName>
      <ManufactureCountry />
      <ManufactureItemDescription />
      <UnitQty>'יח</UnitQty>
      <Quantity>10</Quantity>
      <UnitMeasure>ל-100 גרם</UnitMeasure>
      <BisWeighted>0</BisWeighted>
      <QtyInPackage>1</QtyInPackage>
      <ItemPrice>3.90</ItemPrice>
      <UnitOfMeasurePrice>0.39</UnitOfMeasurePrice>
      <AllowDiscount>0</AllowDiscount>
      <itemStatus>1</itemStatus>
      <LastUpdateDate />
      <LastUpdateTime />
    </Product>
    <Product>
      <PriceUpdateDate>2022/09/12 14:39</PriceUpdateDate>
      <ItemCode>2977001</ItemCode>
      <ItemType>0</ItemType>
      <ItemName>סולת 1 קג`</ItemName>
      <ManufactureName>הטחנות הגדולות של ארץ ישראל בע</ManufactureName>
      <ManufactureCountry />
      <ManufactureItemDescription />
      <UnitQty>'יח</UnitQty>
      <Quantity>10</Quantity>
      <UnitMeasure>ל-100 גרם</UnitMeasure>
      <BisWeighted>0</BisWeighted>
      <QtyInPackage>1</QtyInPackage>
      <ItemPrice>4.90</ItemPrice>
      <UnitOfMeasurePrice>0.49</UnitOfMeasurePrice>
      <AllowDiscount>0</AllowDiscount>
      <itemStatus>1</itemStatus>
      <LastUpdateDate />
      <LastUpdateTime />
    </Product>
    <Product>
      <PriceUpdateDate>2022/09/28 18:51</PriceUpdateDate>
      <ItemCode>2977032</ItemCode>
      <ItemType>0</ItemType>
      <ItemName>סוכר 1 קג`</ItemName>
      <ManufactureName>הטחנות הגדולות של ארץ ישראל בע</ManufactureName>
      <ManufactureCountry />
      <ManufactureItemDescription />
      <UnitQty>'יח</UnitQty>
      <Quantity>10</Quantity>
      <UnitMeasure>ל-100 גרם</UnitMeasure>
      <BisWeighted>0</BisWeighted>
      <QtyInPackage>1</QtyInPackage>
      <ItemPrice>4.90</ItemPrice>
      <UnitOfMeasurePrice>0.49</UnitOfMeasurePrice>
      <AllowDiscount>0</AllowDiscount>
      <itemStatus>1</itemStatus>
      <LastUpdateDate />
      <LastUpdateTime />
    </Product>
    <Product>
      <PriceUpdateDate>2022/09/12 14:39</PriceUpdateDate>
      <ItemCode>2977193</ItemCode>
      <ItemType>0</ItemType>
      <ItemName>קמח כוסמין מלא 100%</ItemName>
      <ManufactureName>הטחנות הגדולות של ארץ ישראל בע</ManufactureName>
      <ManufactureCountry />
      <ManufactureItemDescription />
      <UnitQty>'יח</UnitQty>
      <Quantity>1</Quantity>
      <UnitMeasure>'יח</UnitMeasure>
      <BisWeighted>0</BisWeighted>
      <QtyInPackage>1</QtyInPackage>
      <ItemPrice>13.90</ItemPrice>
      <UnitOfMeasurePrice>13.90</UnitOfMeasurePrice>
      <AllowDiscount>0</AllowDiscount>
      <itemStatus>1</itemStatus>
      <LastUpdateDate />
      <LastUpdateTime />
    </Product>
    <Product>
      <PriceUpdateDate>2022/09/12 14:39</PriceUpdateDate>
      <ItemCode>2977278</ItemCode>
      <ItemType>0</ItemType>
      <ItemName>קמח לבן מועשר ללא צורך בניפוי 1 קג`</ItemName>
      <ManufactureName>הטחנות הגדולות של ארץ ישראל בע</ManufactureName>
      <ManufactureCountry />
      <ManufactureItemDescription />
      <UnitQty>'יח</UnitQty>
      <Quantity>1</Quantity>
      <UnitMeasure>'יח</UnitMeasure>
      <BisWeighted>0</BisWeighted>
      <QtyInPackage>1</QtyInPackage>
      <ItemPrice>7.90</ItemPrice>
      <UnitOfMeasurePrice>7.90</UnitOfMeasurePrice>
      <AllowDiscount>0</AllowDiscount>
      <itemStatus>1</itemStatus>
      <LastUpdateDate />
      <LastUpdateTime />
    </Product>
    <Product>
      <PriceUpdateDate>2019/01/16 14:38</PriceUpdateDate>
      <ItemCode>2977285</ItemCode>
      <ItemType>0</ItemType>
      <ItemName>קמח לבן מלא 100% ללא צורך בניפוי 1 קג`</ItemName>
      <ManufactureName>הטחנות הגדולות של ארץ ישראל בע</ManufactureName>
      <ManufactureCountry />
      <ManufactureItemDescription />
      <UnitQty>'יח</UnitQty>
      <Quantity>10</Quantity>
      <UnitMeasure>ל-100 גרם</UnitMeasure>
      <BisWeighted>0</BisWeighted>
      <QtyInPackage>1</QtyInPackage>
      <ItemPrice>5.50</ItemPrice>
      <UnitOfMeasurePrice>0.55</UnitOfMeasurePrice>
      <AllowDiscount>0</AllowDiscount>
      <itemStatus>1</itemStatus>
      <LastUpdateDate />
      <LastUpdateTime />
    </Product>
    <Product>
      <PriceUpdateDate>2022/09/12 14:39</PriceUpdateDate>
      <ItemCode>2977322</ItemCode>
      <ItemType>0</ItemType>
      <ItemName>קמח ללא ניפוי 1 קג`</ItemName>
      <ManufactureName>הטחנות הגדולות של ארץ ישראל בע</ManufactureName>
      <ManufactureCountry />
      <ManufactureItemDescription />
      <UnitQty>'יח</UnitQty>
      <Quantity>10</Quantity>
      <UnitMeasure>ל-100 גרם</UnitMeasure>
      <BisWeighted>0</BisWeighted>
      <QtyInPackage>1</QtyInPackage>
      <ItemPrice>6.90</ItemPrice>
      <UnitOfMeasurePrice>0.69</UnitOfMeasurePrice>
      <AllowDiscount>1</AllowDiscount>
      <itemStatus>1</itemStatus>
      <LastUpdateDate />
      <LastUpdateTime />
    </Product>
    <Product>
      <PriceUpdateDate>2019/07/03 08:47</PriceUpdateDate>
      <ItemCode>2996415</ItemCode>
      <ItemType>0</ItemType>
      <ItemName>לשון בקר מוכשר קפוא</ItemName>
      <ManufactureName>עוף ירושלים מהדרין בע`מ</ManufactureName>
      <ManufactureCountry />
      <ManufactureItemDescription />
      <UnitQty>ק"ג</UnitQty>
      <Quantity>1</Quantity>
      <UnitMeasure>ק"ג</UnitMeasure>
      <BisWeighted>1</BisWeighted>
      <QtyInPackage>1</QtyInPackage>
      <ItemPrice>34.90</ItemPrice>
      <UnitOfMeasurePrice>34.90</UnitOfMeasurePrice>
      <AllowDiscount>1</AllowDiscount>
      <itemStatus>1</itemStatus>
      <LastUpdateDate />
      <LastUpdateTime />
    </Product>
    <Product>
      <PriceUpdateDate>2022/06/08 11:30</PriceUpdateDate>
      <ItemCode>7290003009596</ItemCode>
      <ItemType>1</ItemType>
      <ItemName>סירופ דיאט אשכוליות 750 מל פיקדון</ItemName>
      <ManufactureName>החברה המרכזית להפצת משקאות בע`</ManufactureName>
      <ManufactureCountry />
      <ManufactureItemDescription />
      <UnitQty>'יח</UnitQty>
      <Quantity>7.50</Quantity>
      <UnitMeasure>ל-100 מ"ל</UnitMeasure>
      <BisWeighted>0</BisWeighted>
      <QtyInPackage>6</QtyInPackage>
      <ItemPrice>21.90</ItemPrice>
      <UnitOfMeasurePrice>2.88</UnitOfMeasurePrice>
      <AllowDiscount>0</AllowDiscount>
      <itemStatus>1</itemStatus>
      <LastUpdateDate />
      <LastUpdateTime />
    </Product>
    <Product>
      <PriceUpdateDate>2022/01/17 20:43</PriceUpdateDate>
      <ItemCode>7290003015627</ItemCode>
      <ItemType>1</ItemType>
      <ItemName>ריצפז פרש אפרסק 2 ליטר</ItemName>
      <ManufactureName>החב. הדרומית לשיווק</ManufactureName>
      <ManufactureCountry />
      <ManufactureItemDescription />
      <UnitQty>'יח</UnitQty>
      <Quantity>20</Quantity>
      <UnitMeasure>ל-100 מ"ל</UnitMeasure>
      <BisWeighted>0</BisWeighted>
      <QtyInPackage>8</QtyInPackage>
      <ItemPrice>17.90</ItemPrice>
      <UnitOfMeasurePrice>0.90</UnitOfMeasurePrice>
      <AllowDiscount>1</AllowDiscount>
      <itemStatus>1</itemStatus>
      <LastUpdateDate />
      <LastUpdateTime />
    </Product>
    <Product>
      <PriceUpdateDate>2022/01/17 20:43</PriceUpdateDate>
      <ItemCode>7290003015634</ItemCode>
      <ItemType>1</ItemType>
      <ItemName>ריצפז פרש פסיפלורה 2 ליטר</ItemName>
      <ManufactureName>החב. הדרומית לשיווק</ManufactureName>
      <ManufactureCountry />
      <ManufactureItemDescription />
      <UnitQty>'יח</UnitQty>
      <Quantity>20</Quantity>
      <UnitMeasure>ל-100 מ"ל</UnitMeasure>
      <BisWeighted>0</BisWeighted>
      <QtyInPackage>8</QtyInPackage>
      <ItemPrice>17.90</ItemPrice>
      <UnitOfMeasurePrice>0.90</UnitOfMeasurePrice>
      <AllowDiscount>1</AllowDiscount>
      <itemStatus>1</itemStatus>
      <LastUpdateDate />
      <LastUpdateTime />
    </Product>
    <Product>
      <PriceUpdateDate>2022/01/17 20:43</PriceUpdateDate>
      <ItemCode>7290003015641</ItemCode>
      <ItemType>1</ItemType>
      <ItemName>ריצפז פרש בניחוח יסמין 2 ליטר</ItemName>
      <ManufactureName>החב. הדרומית לשיווק</ManufactureName>
      <ManufactureCountry />
      <ManufactureItemDescription />
      <UnitQty>'יח</UnitQty>
      <Quantity>20</Quantity>
      <UnitMeasure>ל-100 מ"ל</UnitMeasure>
      <BisWeighted>0</BisWeighted>
      <QtyInPackage>8</QtyInPackage>
      <ItemPrice>17.90</ItemPrice>
      <UnitOfMeasurePrice>0.90</UnitOfMeasurePrice>
      <AllowDiscount>1</AllowDiscount>
      <itemStatus>1</itemStatus>
      <LastUpdateDate />
      <LastUpdateTime />
    </Product>
    <Product>
      <PriceUpdateDate>2019/06/30 20:17</PriceUpdateDate>
      <ItemCode>3026227</ItemCode>
      <ItemType>0</ItemType>
      <ItemName>שמפו אל דמע קמיל בלו 1 ליטר</ItemName>
      <ManufactureName>פישר תעשיות פרמצבטיות בע"מ</ManufactureName>
      <ManufactureCountry />
      <ManufactureItemDescription />
      <UnitQty>'יח</UnitQty>
      <Quantity>10</Quantity>
      <UnitMeasure>ל-100 מ"ל</UnitMeasure>
      <BisWeighted>0</BisWeighted>
      <QtyInPackage>1</QtyInPackage>
      <ItemPrice>29.90</ItemPrice>
      <UnitOfMeasurePrice>2.99</UnitOfMeasurePrice>
      <AllowDiscount>0</AllowDiscount>
      <itemStatus>1</itemStatus>
      <LastUpdateDate />
      <LastUpdateTime />
    </Product>
    <Product>
      <PriceUpdateDate>2019/06/30 20:17</PriceUpdateDate>
      <ItemCode>7290003026319</ItemCode>
      <ItemType>1</ItemType>
      <ItemName>משחה היפואלרגנית לתינוק קמיל בלו</ItemName>
      <ManufactureName>פישר תעשיות פרמצבטיות בע"מ</ManufactureName>
      <ManufactureCountry />
      <ManufactureItemDescription />
      <UnitQty>'יח</UnitQty>
      <Quantity>1</Quantity>
      <UnitMeasure>'יח</UnitMeasure>
      <BisWeighted>0</BisWeighted>
      <QtyInPackage>1</QtyInPackage>
      <ItemPrice>19.90</ItemPrice>
      <UnitOfMeasurePrice>19.90</UnitOfMeasurePrice>
      <AllowDiscount>1</AllowDiscount>
      <itemStatus>1</itemStatus>
      <LastUpdateDate />
      <LastUpdateTime />
    </Product>
    <Product>
      <PriceUpdateDate>2022/04/05 16:05</PriceUpdateDate>
      <ItemCode>7290003029181</ItemCode>
      <ItemType>1</ItemType>
      <ItemName>.שוקו יטבתה 1 ל`2% בקבוק</ItemName>
      <ManufactureName>שטראוס גרופ בע`מ</ManufactureName>
      <ManufactureCountry />
      <ManufactureItemDescription />
      <UnitQty>'יח</UnitQty>
      <Quantity>10</Quantity>
      <UnitMeasure>ל-100 מ"ל</UnitMeasure>
      <BisWeighted>0</BisWeighted>
      <QtyInPackage>12</QtyInPackage>
      <ItemPrice>11.90</ItemPrice>
      <UnitOfMeasurePrice>1.19</UnitOfMeasurePrice>
      <AllowDiscount>0</AllowDiscount>
      <itemStatus>1</itemStatus>
      <LastUpdateDate />
      <LastUpdateTime />
    </Product>
    <Product>
      <PriceUpdateDate>2019/11/03 14:28</PriceUpdateDate>
      <ItemCode>7290003029372</ItemCode>
      <ItemType>1</ItemType>
      <ItemName>יטבתה משקה בטעם בננה %3 בקבוק 1 ליטר</ItemName>
      <ManufactureName>שטראוס גרופ בע`מ</ManufactureName>
      <ManufactureCountry />
      <ManufactureItemDescription />
      <UnitQty>'יח</UnitQty>
      <Quantity>10</Quantity>
      <UnitMeasure>ל-100 מ"ל</UnitMeasure>
      <BisWeighted>0</BisWeighted>
      <QtyInPackage>6</QtyInPackage>
      <ItemPrice>11.90</ItemPrice>
      <UnitOfMeasurePrice>1.19</UnitOfMeasurePrice>
      <AllowDiscount>0</AllowDiscount>
      <itemStatus>1</itemStatus>
      <LastUpdateDate />
      <LastUpdateTime />
    </Product>
    <Product>
      <PriceUpdateDate>2019/01/16 14:39</PriceUpdateDate>
      <ItemCode>7290003029389</ItemCode>
      <ItemType>1</ItemType>
      <ItemName>יטבתה משקה בטעם בננה %3 בקבוק 250 מ`</ItemName>
      <ManufactureName>שטראוס גרופ בע`מ</ManufactureName>
      <ManufactureCountry />
      <ManufactureItemDescription />
      <UnitQty>'יח</UnitQty>
      <Quantity>2.50</Quantity>
      <UnitMeasure>ל-100 מ"ל</UnitMeasure>
      <BisWeighted>0</BisWeighted>
      <QtyInPackage>9</QtyInPackage>
      <ItemPrice>5.70</ItemPrice>
      <UnitOfMeasurePrice>2.28</UnitOfMeasurePrice>
      <AllowDiscount>0</AllowDiscount>
      <itemStatus>1</itemStatus>
      <LastUpdateDate />
      <LastUpdateTime />
    </Product>
    <Product>
      <PriceUpdateDate>2022/02/20 18:33</PriceUpdateDate>
      <ItemCode>7290003029433</ItemCode>
      <ItemType>1</ItemType>
      <ItemName>שוקו יטבתה %2 טרי בבקבוק 250 מ``ל</ItemName>
      <ManufactureName>שטראוס גרופ בע`מ</ManufactureName>
      <ManufactureCountry />
      <ManufactureItemDescription />
      <UnitQty>'יח</UnitQty>
      <Quantity>2.50</Quantity>
      <UnitMeasure>ל-100 מ"ל</UnitMeasure>
      <BisWeighted>0</BisWeighted>
      <QtyInPackage>12</QtyInPackage>
      <ItemPrice>5.50</ItemPrice>
      <UnitOfMeasurePrice>2.20</UnitOfMeasurePrice>
      <AllowDiscount>0</AllowDiscount>
      <itemStatus>1</itemStatus>
      <LastUpdateDate />
      <LastUpdateTime />
    </Product>
    <Product>
      <PriceUpdateDate>2019/10/18 09:44</PriceUpdateDate>
      <ItemCode>7290003029532</ItemCode>
      <ItemType>1</ItemType>
      <ItemName>מוקה יטבתה %2 בקבוק 1 ליטר</ItemName>
      <ManufactureName>שטראוס גרופ בע`מ</ManufactureName>
      <ManufactureCountry />
      <ManufactureItemDescription />
      <UnitQty>'יח</UnitQty>
      <Quantity>10</Quantity>
      <UnitMeasure>ל-100 מ"ל</UnitMeasure>
      <BisWeighted>0</BisWeighted>
      <QtyInPackage>6</QtyInPackage>
      <ItemPrice>11.90</ItemPrice>
      <UnitOfMeasurePrice>1.19</UnitOfMeasurePrice>
      <AllowDiscount>0</AllowDiscount>
      <itemStatus>1</itemStatus>
      <LastUpdateDate />
      <LastUpdateTime />
    </Product>
    <Product>
      <PriceUpdateDate>2019/10/16 13:11</PriceUpdateDate>
      <ItemCode>7290003029792</ItemCode>
      <ItemType>1</ItemType>
      <ItemName>שוקו יטבתה בשקית*225גר*8</ItemName>
      <ManufactureName>שטראוס גרופ בע`מ</ManufactureName>
      <ManufactureCountry />
      <ManufactureItemDescription />
      <UnitQty>'יח</UnitQty>
      <Quantity>2.25</Quantity>
      <UnitMeasure>ל-100 גרם</UnitMeasure>
      <BisWeighted>0</BisWeighted>
      <QtyInPackage>8</QtyInPackage>
      <ItemPrice>18.90</ItemPrice>
      <UnitOfMeasurePrice>8.40</UnitOfMeasurePrice>
      <AllowDiscount>0</AllowDiscount>
      <itemStatus>1</itemStatus>
      <LastUpdateDate />
      <LastUpdateTime />
    </Product>
    <Product>
      <PriceUpdateDate>2019/10/10 09:24</PriceUpdateDate>
      <ItemCode>7290003029815</ItemCode>
      <ItemType>1</ItemType>
      <ItemName>חלב שתיה 3% בכד 2 ליטר מהדרין</ItemName>
      <ManufactureName>שטראוס גרופ בע`מ</ManufactureName>
      <ManufactureCountry />
      <ManufactureItemDescription />
      <UnitQty>'יח</UnitQty>
      <Quantity>20</Quantity>
      <UnitMeasure>ל-100 מ"ל</UnitMeasure>
      <BisWeighted>0</BisWeighted>
      <QtyInPackage>6</QtyInPackage>
      <ItemPrice>14.90</ItemPrice>
      <UnitOfMeasurePrice>0.75</UnitOfMeasurePrice>
      <AllowDiscount>0</AllowDiscount>
      <itemStatus>1</itemStatus>
      <LastUpdateDate />
      <LastUpdateTime />
    </Product>
    <Product>
      <PriceUpdateDate>2022/05/10 07:51</PriceUpdateDate>
      <ItemCode>7290003029907</ItemCode>
      <ItemType>1</ItemType>
      <ItemName>קפה יטבתה טרי בקבוק 1 ליטר</ItemName>
      <ManufactureName>שטראוס גרופ בע`מ</ManufactureName>
      <ManufactureCountry />
      <ManufactureItemDescription />
      <UnitQty>'יח</UnitQty>
      <Quantity>10</Quantity>
      <UnitMeasure>ל-100 מ"ל</UnitMeasure>
      <BisWeighted>0</BisWeighted>
      <QtyInPackage>6</QtyInPackage>
      <ItemPrice>11.90</ItemPrice>
      <UnitOfMeasurePrice>1.19</UnitOfMeasurePrice>
      <AllowDiscount>0</AllowDiscount>
      <itemStatus>1</itemStatus>
      <LastUpdateDate />
      <LastUpdateTime />
    </Product>
    <Product>
      <PriceUpdateDate>2022/04/25 10:54</PriceUpdateDate>
      <ItemCode>3047642</ItemCode>
      <ItemType>0</ItemType>
      <ItemName>תה ליפטון יילו לייבל 100/1.5 שקיקים</ItemName>
      <ManufactureName>יוניליוור ישראל שיווק בע`מ</ManufactureName>
      <ManufactureCountry />
      <ManufactureItemDescription />
      <UnitQty>'יח</UnitQty>
      <Quantity>1.50</Quantity>
      <UnitMeasure>'יח</UnitMeasure>
      <BisWeighted>0</BisWeighted>
      <QtyInPackage>1</QtyInPackage>
      <ItemPrice>14.90</ItemPrice>
      <UnitOfMeasurePrice>9.93</UnitOfMeasurePrice>
      <AllowDiscount>1</AllowDiscount>
      <itemStatus>1</itemStatus>
      <LastUpdateDate />
      <LastUpdateTime />
    </Product>
    <Product>
      <PriceUpdateDate>2019/01/16 14:39</PriceUpdateDate>
      <ItemCode>7290003054657</ItemCode>
      <ItemType>1</ItemType>
      <ItemName>חרדל דיזון 370 גרם</ItemName>
      <ManufactureName>דיפלומט מפיצים (1968) בע`מ</ManufactureName>
      <ManufactureCountry />
      <ManufactureItemDescription />
      <UnitQty>'יח</UnitQty>
      <Quantity>3.70</Quantity>
      <UnitMeasure>ל-100 גרם</UnitMeasure>
      <BisWeighted>0</BisWeighted>
      <QtyInPackage>12</QtyInPackage>
      <ItemPrice>11.90</ItemPrice>
      <UnitOfMeasurePrice>3.22</UnitOfMeasurePrice>
      <AllowDiscount>0</AllowDiscount>
      <itemStatus>1</itemStatus>
      <LastUpdateDate />
      <LastUpdateTime />
    </Product>
    <Product>
      <PriceUpdateDate>2022/10/30 19:06</PriceUpdateDate>
      <ItemCode>3069590</ItemCode>
      <ItemType>0</ItemType>
      <ItemName>דג סול ארוז קפוא</ItemName>
      <ManufactureName>נטו מלינדה סחר בע`מ</ManufactureName>
      <ManufactureCountry />
      <ManufactureItemDescription />
      <UnitQty>ק"ג</UnitQty>
      <Quantity>1</Quantity>
      <UnitMeasure>ל-100 גרם</UnitMeasure>
      <BisWeighted>0</BisWeighted>
      <QtyInPackage>1</QtyInPackage>
      <ItemPrice>34.90</ItemPrice>
      <UnitOfMeasurePrice>34.90</UnitOfMeasurePrice>
      <AllowDiscount>0</AllowDiscount>
      <itemStatus>1</itemStatus>
      <LastUpdateDate />
      <LastUpdateTime />
    </Product>
    <Product>
      <PriceUpdateDate>2020/12/13 15:45</PriceUpdateDate>
      <ItemCode>3072965</ItemCode>
      <ItemType>0</ItemType>
      <ItemName>קבנוס חריף מעושן 120 גר`</ItemName>
      <ManufactureName>תנובה מרכז שיתופי לשיווק תוצרת</ManufactureName>
      <ManufactureCountry />
      <ManufactureItemDescription />
      <UnitQty>'יח</UnitQty>
      <Quantity>1.20</Quantity>
      <UnitMeasure>ל-100 גרם</UnitMeasure>
      <BisWeighted>0</BisWeighted>
      <QtyInPackage>1</QtyInPackage>
      <ItemPrice>11.70</ItemPrice>
      <UnitOfMeasurePrice>9.75</UnitOfMeasurePrice>
      <AllowDiscount>1</AllowDiscount>
      <itemStatus>1</itemStatus>
      <LastUpdateDate />
      <LastUpdateTime />
    </Product>
    <Product>
      <PriceUpdateDate>2022/10/19 16:47</PriceUpdateDate>
      <ItemCode>7290003126712</ItemCode>
      <ItemType>1</ItemType>
      <ItemName>יוגורט עיזים 4% 150 מל</ItemName>
      <ManufactureName>החברה המרכזית להפצה</ManufactureName>
      <ManufactureCountry />
      <ManufactureItemDescription />
      <UnitQty>'יח</UnitQty>
      <Quantity>1.40</Quantity>
      <UnitMeasure>ל-100 מ"ל</UnitMeasure>
      <BisWeighted>0</BisWeighted>
      <QtyInPackage>1</QtyInPackage>
      <ItemPrice>6.90</ItemPrice>
      <UnitOfMeasurePrice>4.93</UnitOfMeasurePrice>
      <AllowDiscount>0</AllowDiscount>
      <itemStatus>1</itemStatus>
      <LastUpdateDate />
      <LastUpdateTime />
    </Product>
    <Product>
      <PriceUpdateDate>2022/04/25 12:50</PriceUpdateDate>
      <ItemCode>3141159</ItemCode>
      <ItemType>0</ItemType>
      <ItemName>יוגטה מרשמלו 180 גרם</ItemName>
      <ManufactureName>ליימן שליסל בע`מ</ManufactureName>
      <ManufactureCountry />
      <ManufactureItemDescription />
      <UnitQty>'יח</UnitQty>
      <Quantity>1.80</Quantity>
      <UnitMeasure>ל-100 גרם</UnitMeasure>
      <BisWeighted>0</BisWeighted>
      <QtyInPackage>18</QtyInPackage>
      <ItemPrice>8.90</ItemPrice>
      <UnitOfMeasurePrice>4.94</UnitOfMeasurePrice>
      <AllowDiscount>1</AllowDiscount>
      <itemStatus>1</itemStatus>
      <LastUpdateDate />
      <LastUpdateTime />
    </Product>
    <Product>
      <PriceUpdateDate>2019/11/06 20:42</PriceUpdateDate>
      <ItemCode>3142361</ItemCode>
      <ItemType>0</ItemType>
      <ItemName>פופקורן למיקרו מתוק מלוח  6*100 כשלפ</ItemName>
      <ManufactureName>ליימן שליסל בע`מ</ManufactureName>
      <ManufactureCountry />
      <ManufactureItemDescription />
      <UnitQty>'יח</UnitQty>
      <Quantity>6</Quantity>
      <UnitMeasure>ל-100 גרם</UnitMeasure>
      <BisWeighted>0</BisWeighted>
      <QtyInPackage>12</QtyInPackage>
      <ItemPrice>14.90</ItemPrice>
      <UnitOfMeasurePrice>2.48</UnitOfMeasurePrice>
      <AllowDiscount>0</AllowDiscount>
      <itemStatus>1</itemStatus>
      <LastUpdateDate />
      <LastUpdateTime />
    </Product>
    <Product>
      <PriceUpdateDate>2020/05/12 18:50</PriceUpdateDate>
      <ItemCode>7290003229109</ItemCode>
      <ItemType>1</ItemType>
      <ItemName>פסטרמה הודו בפפריקה 400 גרם</ItemName>
      <ManufactureName>תנובה מרכז שיתופי לשיווק תוצרת</ManufactureName>
      <ManufactureCountry />
      <ManufactureItemDescription />
      <UnitQty>'יח</UnitQty>
      <Quantity>4</Quantity>
      <UnitMeasure>ל-100 גרם</UnitMeasure>
      <BisWeighted>0</BisWeighted>
      <QtyInPackage>1</QtyInPackage>
      <ItemPrice>26.90</ItemPrice>
      <UnitOfMeasurePrice>6.73</UnitOfMeasurePrice>
      <AllowDiscount>1</AllowDiscount>
      <itemStatus>1</itemStatus>
      <LastUpdateDate />
      <LastUpdateTime />
    </Product>
    <Product>
      <PriceUpdateDate>2020/05/12 18:50</PriceUpdateDate>
      <ItemCode>7290003229116</ItemCode>
      <ItemType>1</ItemType>
      <ItemName>פסטרמה הודו בדבש 400 גרם</ItemName>
      <ManufactureName>תנובה מרכז שיתופי לשיווק תוצרת</ManufactureName>
      <ManufactureCountry />
      <ManufactureItemDescription />
      <UnitQty>'יח</UnitQty>
      <Quantity>4</Quantity>
      <UnitMeasure>ל-100 גרם</UnitMeasure>
      <BisWeighted>0</BisWeighted>
      <QtyInPackage>1</QtyInPackage>
      <ItemPrice>26.90</ItemPrice>
      <UnitOfMeasurePrice>6.73</UnitOfMeasurePrice>
      <AllowDiscount>1</AllowDiscount>
      <itemStatus>1</itemStatus>
      <LastUpdateDate />
      <LastUpdateTime />
    </Product>
    <Product>
      <PriceUpdateDate>2020/05/12 18:50</PriceUpdateDate>
      <ItemCode>7290003229123</ItemCode>
      <ItemType>1</ItemType>
      <ItemName>פסטרמה על גחלים 400 גרם</ItemName>
      <ManufactureName>תנובה מרכז שיתופי לשיווק תוצרת</ManufactureName>
      <ManufactureCountry />
      <ManufactureItemDescription />
      <UnitQty>'יח</UnitQty>
      <Quantity>4</Quantity>
      <UnitMeasure>ל-100 גרם</UnitMeasure>
      <BisWeighted>0</BisWeighted>
      <QtyInPackage>1</QtyInPackage>
      <ItemPrice>26.90</ItemPrice>
      <UnitOfMeasurePrice>6.73</UnitOfMeasurePrice>
      <AllowDiscount>1</AllowDiscount>
      <itemStatus>1</itemStatus>
      <LastUpdateDate />
      <LastUpdateTime />
    </Product>
    <Product>
      <PriceUpdateDate>2020/05/12 18:50</PriceUpdateDate>
      <ItemCode>7290003229154</ItemCode>
      <ItemType>1</ItemType>
      <ItemName>סלמי קוניאק מובחר 300 גרם</ItemName>
      <ManufactureName>תנובה מרכז שיתופי לשיווק תוצרת</ManufactureName>
      <ManufactureCountry />
      <ManufactureItemDescription />
      <UnitQty>'יח</UnitQty>
      <Quantity>3</Quantity>
      <UnitMeasure>ל-100 גרם</UnitMeasure>
      <BisWeighted>0</BisWeighted>
      <QtyInPackage>1</QtyInPackage>
      <ItemPrice>26.90</ItemPrice>
      <UnitOfMeasurePrice>8.97</UnitOfMeasurePrice>
      <AllowDiscount>1</AllowDiscount>
      <itemStatus>1</itemStatus>
      <LastUpdateDate />
      <LastUpdateTime />
    </Product>
    <Product>
      <PriceUpdateDate>2020/05/12 18:50</PriceUpdateDate>
      <ItemCode>7290003229192</ItemCode>
      <ItemType>1</ItemType>
      <ItemName>כתף בקר מעושן 400 גרם</ItemName>
      <ManufactureName>תנובה מרכז שיתופי לשיווק תוצרת</ManufactureName>
      <ManufactureCountry />
      <ManufactureItemDescription />
      <UnitQty>'יח</UnitQty>
      <Quantity>4</Quantity>
      <UnitMeasure>ל-100 גרם</UnitMeasure>
      <BisWeighted>0</BisWeighted>
      <QtyInPackage>1</QtyInPackage>
      <ItemPrice>26.90</ItemPrice>
      <UnitOfMeasurePrice>6.73</UnitOfMeasurePrice>
      <AllowDiscount>1</AllowDiscount>
      <itemStatus>1</itemStatus>
      <LastUpdateDate />
      <LastUpdateTime />
    </Product>
    <Product>
      <PriceUpdateDate>2020/05/12 18:50</PriceUpdateDate>
      <ItemCode>7290003229215</ItemCode>
      <ItemType>1</ItemType>
      <ItemName>פסטרמה איטלקית 360 גרם</ItemName>
      <ManufactureName>תנובה מרכז שיתופי לשיווק תוצרת</ManufactureName>
      <ManufactureCountry />
      <ManufactureItemDescription />
      <UnitQty>'יח</UnitQty>
      <Quantity>3.60</Quantity>
      <UnitMeasure>ל-100 גרם</UnitMeasure>
      <BisWeighted>0</BisWeighted>
      <QtyInPackage>1</QtyInPackage>
      <ItemPrice>26.90</ItemPrice>
      <UnitOfMeasurePrice>7.47</UnitOfMeasurePrice>
      <AllowDiscount>1</AllowDiscount>
      <itemStatus>1</itemStatus>
      <LastUpdateDate />
      <LastUpdateTime />
    </Product>
    <Product>
      <PriceUpdateDate>2020/03/15 19:26</PriceUpdateDate>
      <ItemCode>7290003229222</ItemCode>
      <ItemType>1</ItemType>
      <ItemName>סלמי תה משובח 300 גרם</ItemName>
      <ManufactureName>תנובה מרכז שיתופי לשיווק תוצרת</ManufactureName>
      <ManufactureCountry />
      <ManufactureItemDescription />
      <UnitQty>'יח</UnitQty>
      <Quantity>3</Quantity>
      <UnitMeasure>ל-100 גרם</UnitMeasure>
      <BisWeighted>0</BisWeighted>
      <QtyInPackage>1</QtyInPackage>
      <ItemPrice>22.90</ItemPrice>
      <UnitOfMeasurePrice>7.63</UnitOfMeasurePrice>
      <AllowDiscount>0</AllowDiscount>
      <itemStatus>1</itemStatus>
      <LastUpdateDate />
      <LastUpdateTime />
    </Product>
    <Product>
      <PriceUpdateDate>2021/02/16 15:40</PriceUpdateDate>
      <ItemCode>3287253</ItemCode>
      <ItemType>0</ItemType>
      <ItemName>נקניקיות מרגז ארוז 500גר קפוא</ItemName>
      <ManufactureName>בלדי בע`מ</ManufactureName>
      <ManufactureCountry />
      <ManufactureItemDescription />
      <UnitQty>'יח</UnitQty>
      <Quantity>5</Quantity>
      <UnitMeasure>ל-100 גרם</UnitMeasure>
      <BisWeighted>0</BisWeighted>
      <QtyInPackage>8</QtyInPackage>
      <ItemPrice>27.90</ItemPrice>
      <UnitOfMeasurePrice>5.58</UnitOfMeasurePrice>
      <AllowDiscount>1</AllowDiscount>
      <itemStatus>1</itemStatus>
      <LastUpdateDate />
      <LastUpdateTime />
    </Product>
    <Product>
      <PriceUpdateDate>2021/02/16 15:40</PriceUpdateDate>
      <ItemCode>7290003287284</ItemCode>
      <ItemType>1</ItemType>
      <ItemName>קבב ביתי ארוז 600גר קפוא</ItemName>
      <ManufactureName>בלדי בע`מ</ManufactureName>
      <ManufactureCountry />
      <ManufactureItemDescription />
      <UnitQty>'יח</UnitQty>
      <Quantity>6</Quantity>
      <UnitMeasure>ל-100 גרם</UnitMeasure>
      <BisWeighted>0</BisWeighted>
      <QtyInPackage>8</QtyInPackage>
      <ItemPrice>27.90</ItemPrice>
      <UnitOfMeasurePrice>4.65</UnitOfMeasurePrice>
      <AllowDiscount>1</AllowDiscount>
      <itemStatus>1</itemStatus>
      <LastUpdateDate />
      <LastUpdateTime />
    </Product>
    <Product>
      <PriceUpdateDate>2021/02/16 15:40</PriceUpdateDate>
      <ItemCode>7290003287291</ItemCode>
      <ItemType>1</ItemType>
      <ItemName>קבב טלה וצנובר ארוז 600גר קפוא</ItemName>
      <ManufactureName>בלדי בע`מ</ManufactureName>
      <ManufactureCountry />
      <ManufactureItemDescription />
      <UnitQty>'יח</UnitQty>
      <Quantity>6</Quantity>
      <UnitMeasure>ל-100 גרם</UnitMeasure>
      <BisWeighted>0</BisWeighted>
      <QtyInPackage>8</QtyInPackage>
      <ItemPrice>27.90</ItemPrice>
      <UnitOfMeasurePrice>4.65</UnitOfMeasurePrice>
      <AllowDiscount>1</AllowDiscount>
      <itemStatus>1</itemStatus>
      <LastUpdateDate />
      <LastUpdateTime />
    </Product>
    <Product>
      <PriceUpdateDate>2021/02/16 15:40</PriceUpdateDate>
      <ItemCode>7290003287307</ItemCode>
      <ItemType>1</ItemType>
      <ItemName>קבב רומני ארוז 600גר קפוא</ItemName>
      <ManufactureName>בלדי בע`מ</ManufactureName>
      <ManufactureCountry />
      <ManufactureItemDescription />
      <UnitQty>'יח</UnitQty>
      <Quantity>6</Quantity>
      <UnitMeasure>ל-100 גרם</UnitMeasure>
      <BisWeighted>0</BisWeighted>
      <QtyInPackage>8</QtyInPackage>
      <ItemPrice>27.90</ItemPrice>
      <UnitOfMeasurePrice>4.65</UnitOfMeasurePrice>
      <AllowDiscount>1</AllowDiscount>
      <itemStatus>1</itemStatus>
      <LastUpdateDate />
      <LastUpdateTime />
    </Product>
    <Product>
      <PriceUpdateDate>2020/02/26 08:26</PriceUpdateDate>
      <ItemCode>3287956</ItemCode>
      <ItemType>0</ItemType>
      <ItemName>פילה לברק בוואקום</ItemName>
      <ManufactureName>בלדי בע`מ</ManufactureName>
      <ManufactureCountry />
      <ManufactureItemDescription />
      <UnitQty>ק"ג</UnitQty>
      <Quantity>1</Quantity>
      <UnitMeasure>ק"ג</UnitMeasure>
      <BisWeighted>1</BisWeighted>
      <QtyInPackage>1</QtyInPackage>
      <ItemPrice>44.90</ItemPrice>
      <UnitOfMeasurePrice>44.90</UnitOfMeasurePrice>
      <AllowDiscount>0</AllowDiscount>
      <itemStatus>1</itemStatus>
      <LastUpdateDate />
      <LastUpdateTime />
    </Product>
    <Product>
      <PriceUpdateDate>2019/07/03 08:47</PriceUpdateDate>
      <ItemCode>7290003318131</ItemCode>
      <ItemType>1</ItemType>
      <ItemName>ופלים בטעם אגוזים 200 גרם</ItemName>
      <ManufactureName>ח.כהן סוכנות מזון ומשקאות</ManufactureName>
      <ManufactureCountry />
      <ManufactureItemDescription />
      <UnitQty>'יח</UnitQty>
      <Quantity>2.50</Quantity>
      <UnitMeasure>ל-100 גרם</UnitMeasure>
      <BisWeighted>0</BisWeighted>
      <QtyInPackage>1</QtyInPackage>
      <ItemPrice>3.90</ItemPrice>
      <UnitOfMeasurePrice>1.56</UnitOfMeasurePrice>
      <AllowDiscount>1</AllowDiscount>
      <itemStatus>1</itemStatus>
      <LastUpdateDate />
      <LastUpdateTime />
    </Product>
    <Product>
      <PriceUpdateDate>2021/02/15 09:59</PriceUpdateDate>
      <ItemCode>3329229</ItemCode>
      <ItemType>0</ItemType>
      <ItemName>פילה מדומה  מס`6</ItemName>
      <ManufactureName>בלדי בע`מ</ManufactureName>
      <ManufactureCountry />
      <ManufactureItemDescription />
      <UnitQty>ק"ג</UnitQty>
      <Quantity>1</Quantity>
      <UnitMeasure />
      <BisWeighted>1</BisWeighted>
      <QtyInPackage>1</QtyInPackage>
      <ItemPrice>36.90</ItemPrice>
      <UnitOfMeasurePrice>36.90</UnitOfMeasurePrice>
      <AllowDiscount>0</AllowDiscount>
      <itemStatus>1</itemStatus>
      <LastUpdateDate />
      <LastUpdateTime />
    </Product>
    <Product>
      <PriceUpdateDate>2021/08/08 13:53</PriceUpdateDate>
      <ItemCode>7290003387410</ItemCode>
      <ItemType>1</ItemType>
      <ItemName>בלונס פדים להסרת איפור 3*80 יח`</ItemName>
      <ManufactureName>ש. שסטוביץ בע`מ</ManufactureName>
      <ManufactureCountry />
      <ManufactureItemDescription />
      <UnitQty>'יח</UnitQty>
      <Quantity>2.40</Quantity>
      <UnitMeasure>ל-100 גרם</UnitMeasure>
      <BisWeighted>0</BisWeighted>
      <QtyInPackage>1</QtyInPackage>
      <ItemPrice>19.90</ItemPrice>
      <UnitOfMeasurePrice>8.29</UnitOfMeasurePrice>
      <AllowDiscount>0</AllowDiscount>
      <itemStatus>1</itemStatus>
      <LastUpdateDate />
      <LastUpdateTime />
    </Product>
    <Product>
      <PriceUpdateDate>2019/07/03 08:47</PriceUpdateDate>
      <ItemCode>3401369</ItemCode>
      <ItemType>0</ItemType>
      <ItemName>קרם לחות ועיצוב לשיער חוחובה 400 מ``</ItemName>
      <ManufactureName>החב. הדרומית לשיווק</ManufactureName>
      <ManufactureCountry />
      <ManufactureItemDescription />
      <UnitQty>'יח</UnitQty>
      <Quantity>4</Quantity>
      <UnitMeasure>ל-100 מ"ל</UnitMeasure>
      <BisWeighted>0</BisWeighted>
      <QtyInPackage>12</QtyInPackage>
      <ItemPrice>19.90</ItemPrice>
      <UnitOfMeasurePrice>4.98</UnitOfMeasurePrice>
      <AllowDiscount>0</AllowDiscount>
      <itemStatus>1</itemStatus>
      <LastUpdateDate />
      <LastUpdateTime />
    </Product>
    <Product>
      <PriceUpdateDate>2019/07/03 08:47</PriceUpdateDate>
      <ItemCode>3401376</ItemCode>
      <ItemType>0</ItemType>
      <ItemName>קרם לחות ועיצוב לשיער אלוורה 400 מ``</ItemName>
      <ManufactureName>החב. הדרומית לשיווק</ManufactureName>
      <ManufactureCountry />
      <ManufactureItemDescription />
      <UnitQty>'יח</UnitQty>
      <Quantity>4</Quantity>
      <UnitMeasure>ל-100 מ"ל</UnitMeasure>
      <BisWeighted>0</BisWeighted>
      <QtyInPackage>12</QtyInPackage>
      <ItemPrice>19.90</ItemPrice>
      <UnitOfMeasurePrice>4.98</UnitOfMeasurePrice>
      <AllowDiscount>0</AllowDiscount>
      <itemStatus>1</itemStatus>
      <LastUpdateDate />
      <LastUpdateTime />
    </Product>
    <Product>
      <PriceUpdateDate>2019/07/03 08:47</PriceUpdateDate>
      <ItemCode>3401420</ItemCode>
      <ItemType>0</ItemType>
      <ItemName>קרם לחות ועיצוב לשיער סיליקון 400 מל</ItemName>
      <ManufactureName>החב. הדרומית לשיווק</ManufactureName>
      <ManufactureCountry />
      <ManufactureItemDescription />
      <UnitQty>'יח</UnitQty>
      <Quantity>4</Quantity>
      <UnitMeasure>ל-100 מ"ל</UnitMeasure>
      <BisWeighted>0</BisWeighted>
      <QtyInPackage>1</QtyInPackage>
      <ItemPrice>19.90</ItemPrice>
      <UnitOfMeasurePrice>4.98</UnitOfMeasurePrice>
      <AllowDiscount>0</AllowDiscount>
      <itemStatus>1</itemStatus>
      <LastUpdateDate />
      <LastUpdateTime />
    </Product>
    <Product>
      <PriceUpdateDate>2021/12/30 18:57</PriceUpdateDate>
      <ItemCode>3401642</ItemCode>
      <ItemType>0</ItemType>
      <ItemName>לחות והזנה לשיער ללא שטיפה לשיער יבש</ItemName>
      <ManufactureName>החב. הדרומית לשיווק</ManufactureName>
      <ManufactureCountry />
      <ManufactureItemDescription />
      <UnitQty>'יח</UnitQty>
      <Quantity>4</Quantity>
      <UnitMeasure>ל-100 מ"ל</UnitMeasure>
      <BisWeighted>0</BisWeighted>
      <QtyInPackage>12</QtyInPackage>
      <ItemPrice>21.90</ItemPrice>
      <UnitOfMeasurePrice>5.48</UnitOfMeasurePrice>
      <AllowDiscount>0</AllowDiscount>
      <itemStatus>1</itemStatus>
      <LastUpdateDate />
      <LastUpdateTime />
    </Product>
    <Product>
      <PriceUpdateDate>2019/01/16 14:39</PriceUpdateDate>
      <ItemCode>7290003411054</ItemCode>
      <ItemType>1</ItemType>
      <ItemName>שקיות קוקי 5  יח*גדול</ItemName>
      <ManufactureName>הנמל אריזות ושיווק 1984 בע`מ</ManufactureName>
      <ManufactureCountry />
      <ManufactureItemDescription />
      <UnitQty>'יח</UnitQty>
      <Quantity>1</Quantity>
      <UnitMeasure />
      <BisWeighted>0</BisWeighted>
      <QtyInPackage>40</QtyInPackage>
      <ItemPrice>4.90</ItemPrice>
      <UnitOfMeasurePrice>4.90</UnitOfMeasurePrice>
      <AllowDiscount>1</AllowDiscount>
      <itemStatus>1</itemStatus>
      <LastUpdateDate />
      <LastUpdateTime />
    </Product>
    <Product>
      <PriceUpdateDate>2019/07/25 09:19</PriceUpdateDate>
      <ItemCode>3411238</ItemCode>
      <ItemType>0</ItemType>
      <ItemName>שמרים נמסים 500 גר`</ItemName>
      <ManufactureName>הנמל אריזות ושיווק 1984 בע`מ</ManufactureName>
      <ManufactureCountry />
      <ManufactureItemDescription />
      <UnitQty>'יח</UnitQty>
      <Quantity>5</Quantity>
      <UnitMeasure>ל-100 גרם</UnitMeasure>
      <BisWeighted>0</BisWeighted>
      <QtyInPackage>1</QtyInPackage>
      <ItemPrice>14.90</ItemPrice>
      <UnitOfMeasurePrice>2.98</UnitOfMeasurePrice>
      <AllowDiscount>0</AllowDiscount>
      <itemStatus>1</itemStatus>
      <LastUpdateDate />
      <LastUpdateTime />
    </Product>
    <Product>
      <PriceUpdateDate>2019/07/25 09:19</PriceUpdateDate>
      <ItemCode>7290003411276</ItemCode>
      <ItemType>1</ItemType>
      <ItemName>עמבה פרי 500 גר</ItemName>
      <ManufactureName>הנמל אריזות ושיווק 1984 בע`מ</ManufactureName>
      <ManufactureCountry />
      <ManufactureItemDescription />
      <UnitQty>'יח</UnitQty>
      <Quantity>6</Quantity>
      <UnitMeasure>ל-100 גרם</UnitMeasure>
      <BisWeighted>0</BisWeighted>
      <QtyInPackage>15</QtyInPackage>
      <ItemPrice>10.90</ItemPrice>
      <UnitOfMeasurePrice>1.82</UnitOfMeasurePrice>
      <AllowDiscount>0</AllowDiscount>
      <itemStatus>1</itemStatus>
      <LastUpdateDate />
      <LastUpdateTime />
    </Product>
    <Product>
      <PriceUpdateDate>2019/07/25 09:19</PriceUpdateDate>
      <ItemCode>3411313</ItemCode>
      <ItemType>0</ItemType>
      <ItemName>הנמל מפה מבד לא ארוג 180*120</ItemName>
      <ManufactureName>הנמל אריזות ושיווק 1984 בע`מ</ManufactureName>
      <ManufactureCountry />
      <ManufactureItemDescription />
      <UnitQty>'יח</UnitQty>
      <Quantity>1</Quantity>
      <UnitMeasure />
      <BisWeighted>0</BisWeighted>
      <QtyInPackage>30</QtyInPackage>
      <ItemPrice>6.90</ItemPrice>
      <UnitOfMeasurePrice>6.90</UnitOfMeasurePrice>
      <AllowDiscount>1</AllowDiscount>
      <itemStatus>1</itemStatus>
      <LastUpdateDate />
      <LastUpdateTime />
    </Product>
    <Product>
      <PriceUpdateDate>2019/07/25 09:19</PriceUpdateDate>
      <ItemCode>7290003411566</ItemCode>
      <ItemType>1</ItemType>
      <ItemName>צימרונים עץ 200 יחידות</ItemName>
      <ManufactureName>הנמל אריזות ושיווק 1984 בע`מ</ManufactureName>
      <ManufactureCountry />
      <ManufactureItemDescription />
      <UnitQty>'יח</UnitQty>
      <Quantity>0</Quantity>
      <UnitMeasure>ל-100 גרם</UnitMeasure>
      <BisWeighted>0</BisWeighted>
      <QtyInPackage>1</QtyInPackage>
      <ItemPrice>2.90</ItemPrice>
      <UnitOfMeasurePrice>2.90</UnitOfMeasurePrice>
      <AllowDiscount>0</AllowDiscount>
      <itemStatus>1</itemStatus>
      <LastUpdateDate />
      <LastUpdateTime />
    </Product>
    <Product>
      <PriceUpdateDate>2021/11/01 15:00</PriceUpdateDate>
      <ItemCode>7290003411573</ItemCode>
      <ItemType>1</ItemType>
      <ItemName>צלחות פלסטיק עמוקות חד פעמיות 30 יח</ItemName>
      <ManufactureName>הנמל אריזות ושיווק 1984 בע`מ</ManufactureName>
      <ManufactureCountry />
      <ManufactureItemDescription />
      <UnitQty>'יח</UnitQty>
      <Quantity>1</Quantity>
      <UnitMeasure />
      <BisWeighted>0</BisWeighted>
      <QtyInPackage>17</QtyInPackage>
      <ItemPrice>18.90</ItemPrice>
      <UnitOfMeasurePrice>18.90</UnitOfMeasurePrice>
      <AllowDiscount>0</AllowDiscount>
      <itemStatus>1</itemStatus>
      <LastUpdateDate />
      <LastUpdateTime />
    </Product>
    <Product>
      <PriceUpdateDate>2021/11/04 10:28</PriceUpdateDate>
      <ItemCode>7290003411689</ItemCode>
      <ItemType>1</ItemType>
      <ItemName>לפתניות פלסטיק חד פעמיות 25 יח`</ItemName>
      <ManufactureName>הנמל אריזות ושיווק 1984 בע`מ</ManufactureName>
      <ManufactureCountry />
      <ManufactureItemDescription />
      <UnitQty>'יח</UnitQty>
      <Quantity>1</Quantity>
      <UnitMeasure />
      <BisWeighted>0</BisWeighted>
      <QtyInPackage>52</QtyInPackage>
      <ItemPrice>4.90</ItemPrice>
      <UnitOfMeasurePrice>4.90</UnitOfMeasurePrice>
      <AllowDiscount>0</AllowDiscount>
      <itemStatus>1</itemStatus>
      <LastUpdateDate />
      <LastUpdateTime />
    </Product>
    <Product>
      <PriceUpdateDate>2021/11/17 10:32</PriceUpdateDate>
      <ItemCode>7290003411696</ItemCode>
      <ItemType>1</ItemType>
      <ItemName>מרקיות פלסטיק חד פעמיות 25 יח`</ItemName>
      <ManufactureName>הנמל אריזות ושיווק 1984 בע`מ</ManufactureName>
      <ManufactureCountry />
      <ManufactureItemDescription />
      <UnitQty>'יח</UnitQty>
      <Quantity>1</Quantity>
      <UnitMeasure />
      <BisWeighted>0</BisWeighted>
      <QtyInPackage>48</QtyInPackage>
      <ItemPrice>8.90</ItemPrice>
      <UnitOfMeasurePrice>8.90</UnitOfMeasurePrice>
      <AllowDiscount>0</AllowDiscount>
      <itemStatus>1</itemStatus>
      <LastUpdateDate />
      <LastUpdateTime />
    </Product>
    <Product>
      <PriceUpdateDate>2019/01/16 14:39</PriceUpdateDate>
      <ItemCode>7290003411726</ItemCode>
      <ItemType>1</ItemType>
      <ItemName>קיסמי שיניים מלחיה 300 יחידות</ItemName>
      <ManufactureName>הנמל אריזות ושיווק 1984 בע`מ</ManufactureName>
      <ManufactureCountry />
      <ManufactureItemDescription />
      <UnitQty>'יח</UnitQty>
      <Quantity>0</Quantity>
      <UnitMeasure>ל-100 גרם</UnitMeasure>
      <BisWeighted>0</BisWeighted>
      <QtyInPackage>30</QtyInPackage>
      <ItemPrice>3.90</ItemPrice>
      <UnitOfMeasurePrice>3.90</UnitOfMeasurePrice>
      <AllowDiscount>0</AllowDiscount>
      <itemStatus>1</itemStatus>
      <LastUpdateDate />
      <LastUpdateTime />
    </Product>
    <Product>
      <PriceUpdateDate>2019/01/16 14:39</PriceUpdateDate>
      <ItemCode>7290003411832</ItemCode>
      <ItemType>1</ItemType>
      <ItemName>גרנולה אגוזים 400 גרם</ItemName>
      <ManufactureName>הנמל אריזות ושיווק 1984 בע`מ</ManufactureName>
      <ManufactureCountry />
      <ManufactureItemDescription />
      <UnitQty>'יח</UnitQty>
      <Quantity>4</Quantity>
      <UnitMeasure>ל-100 גרם</UnitMeasure>
      <BisWeighted>0</BisWeighted>
      <QtyInPackage>12</QtyInPackage>
      <ItemPrice>9.90</ItemPrice>
      <UnitOfMeasurePrice>2.48</UnitOfMeasurePrice>
      <AllowDiscount>0</AllowDiscount>
      <itemStatus>1</itemStatus>
      <LastUpdateDate />
      <LastUpdateTime />
    </Product>
    <Product>
      <PriceUpdateDate>2019/01/16 14:39</PriceUpdateDate>
      <ItemCode>7290003411948</ItemCode>
      <ItemType>1</ItemType>
      <ItemName>צמר גפן רפואי 100 גרם</ItemName>
      <ManufactureName>הנמל אריזות ושיווק 1984 בע`מ</ManufactureName>
      <ManufactureCountry />
      <ManufactureItemDescription />
      <UnitQty>'יח</UnitQty>
      <Quantity>1</Quantity>
      <UnitMeasure>ל-100 גרם</UnitMeasure>
      <BisWeighted>0</BisWeighted>
      <QtyInPackage>45</QtyInPackage>
      <ItemPrice>4.90</ItemPrice>
      <UnitOfMeasurePrice>4.90</UnitOfMeasurePrice>
      <AllowDiscount>0</AllowDiscount>
      <itemStatus>1</itemStatus>
      <LastUpdateDate />
      <LastUpdateTime />
    </Product>
    <Product>
      <PriceUpdateDate>2019/07/25 09:19</PriceUpdateDate>
      <ItemCode>7290003411993</ItemCode>
      <ItemType>1</ItemType>
      <ItemName>גפרורים 10 יחידות</ItemName>
      <ManufactureName>הנמל אריזות ושיווק 1984 בע`מ</ManufactureName>
      <ManufactureCountry />
      <ManufactureItemDescription />
      <UnitQty>'יח</UnitQty>
      <Quantity>1</Quantity>
      <UnitMeasure />
      <BisWeighted>0</BisWeighted>
      <QtyInPackage>100</QtyInPackage>
      <ItemPrice>2.90</ItemPrice>
      <UnitOfMeasurePrice>2.90</UnitOfMeasurePrice>
      <AllowDiscount>0</AllowDiscount>
      <itemStatus>1</itemStatus>
      <LastUpdateDate />
      <LastUpdateTime />
    </Product>
    <Product>
      <PriceUpdateDate>2019/07/03 08:47</PriceUpdateDate>
      <ItemCode>3414406</ItemCode>
      <ItemType>0</ItemType>
      <ItemName>ריזס נטיפים לאפייה חמאת בוטנים</ItemName>
      <ManufactureName>ליימן שליסל בע`מ</ManufactureName>
      <ManufactureCountry />
      <ManufactureItemDescription />
      <UnitQty>'יח</UnitQty>
      <Quantity>6.80</Quantity>
      <UnitMeasure>ל-100 גרם</UnitMeasure>
      <BisWeighted>0</BisWeighted>
      <QtyInPackage>12</QtyInPackage>
      <ItemPrice>17.90</ItemPrice>
      <UnitOfMeasurePrice>2.63</UnitOfMeasurePrice>
      <AllowDiscount>1</AllowDiscount>
      <itemStatus>1</itemStatus>
      <LastUpdateDate />
      <LastUpdateTime />
    </Product>
    <Product>
      <PriceUpdateDate>2022/08/18 20:53</PriceUpdateDate>
      <ItemCode>3427178</ItemCode>
      <ItemType>0</ItemType>
      <ItemName>שמן זית כתית 500 מ`ל</ItemName>
      <ManufactureName>תה ויסוצקי בע`מ</ManufactureName>
      <ManufactureCountry />
      <ManufactureItemDescription />
      <UnitQty>'יח</UnitQty>
      <Quantity>5</Quantity>
      <UnitMeasure>ל-100 מ"ל</UnitMeasure>
      <BisWeighted>0</BisWeighted>
      <QtyInPackage>1</QtyInPackage>
      <ItemPrice>29.90</ItemPrice>
      <UnitOfMeasurePrice>5.98</UnitOfMeasurePrice>
      <AllowDiscount>1</AllowDiscount>
      <itemStatus>1</itemStatus>
      <LastUpdateDate />
      <LastUpdateTime />
    </Product>
    <Product>
      <PriceUpdateDate>2020/09/30 20:18</PriceUpdateDate>
      <ItemCode>7290003438006</ItemCode>
      <ItemType>1</ItemType>
      <ItemName>ממרח פסטו איטלקי 180 גרם</ItemName>
      <ManufactureName>תה ויסוצקי בע`מ</ManufactureName>
      <ManufactureCountry />
      <ManufactureItemDescription />
      <UnitQty>'יח</UnitQty>
      <Quantity>1.80</Quantity>
      <UnitMeasure>ל-100 גרם</UnitMeasure>
      <BisWeighted>0</BisWeighted>
      <QtyInPackage>24</QtyInPackage>
      <ItemPrice>13.90</ItemPrice>
      <UnitOfMeasurePrice>7.72</UnitOfMeasurePrice>
      <AllowDiscount>1</AllowDiscount>
      <itemStatus>1</itemStatus>
      <LastUpdateDate />
      <LastUpdateTime />
    </Product>
    <Product>
      <PriceUpdateDate>2020/09/30 20:18</PriceUpdateDate>
      <ItemCode>7290003438013</ItemCode>
      <ItemType>1</ItemType>
      <ItemName>7290003אוליביה ממרח זיתים ירוקים 190 גרם</ItemName>
      <ManufactureName>תה ויסוצקי בע`מ</ManufactureName>
      <ManufactureCountry />
      <ManufactureItemDescription />
      <UnitQty>'יח</UnitQty>
      <Quantity>1.90</Quantity>
      <UnitMeasure>ל-100 גרם</UnitMeasure>
      <BisWeighted>0</BisWeighted>
      <QtyInPackage>1</QtyInPackage>
      <ItemPrice>13.90</ItemPrice>
      <UnitOfMeasurePrice>7.32</UnitOfMeasurePrice>
      <AllowDiscount>1</AllowDiscount>
      <itemStatus>1</itemStatus>
      <LastUpdateDate />
      <LastUpdateTime />
    </Product>
    <Product>
      <PriceUpdateDate>2020/09/30 20:18</PriceUpdateDate>
      <ItemCode>7290003438020</ItemCode>
      <ItemType>1</ItemType>
      <ItemName>ממרח עגבניות מיובשות 190 גרם</ItemName>
      <ManufactureName>תה ויסוצקי בע`מ</ManufactureName>
      <ManufactureCountry />
      <ManufactureItemDescription />
      <UnitQty>'יח</UnitQty>
      <Quantity>1.90</Quantity>
      <UnitMeasure>ל-100 גרם</UnitMeasure>
      <BisWeighted>0</BisWeighted>
      <QtyInPackage>12</QtyInPackage>
      <ItemPrice>13.90</ItemPrice>
      <UnitOfMeasurePrice>7.32</UnitOfMeasurePrice>
      <AllowDiscount>1</AllowDiscount>
      <itemStatus>1</itemStatus>
      <LastUpdateDate />
      <LastUpdateTime />
    </Product>
    <Product>
      <PriceUpdateDate>2020/09/30 20:18</PriceUpdateDate>
      <ItemCode>7290003438709</ItemCode>
      <ItemType>1</ItemType>
      <ItemName>ממרח זיתים שחורים 190 גרם</ItemName>
      <ManufactureName>תה ויסוצקי בע`מ</ManufactureName>
      <ManufactureCountry />
      <ManufactureItemDescription />
      <UnitQty>'יח</UnitQty>
      <Quantity>1.90</Quantity>
      <UnitMeasure>ל-100 גרם</UnitMeasure>
      <BisWeighted>0</BisWeighted>
      <QtyInPackage>1</QtyInPackage>
      <ItemPrice>13.90</ItemPrice>
      <UnitOfMeasurePrice>7.32</UnitOfMeasurePrice>
      <AllowDiscount>1</AllowDiscount>
      <itemStatus>1</itemStatus>
      <LastUpdateDate />
      <LastUpdateTime />
    </Product>
    <Product>
      <PriceUpdateDate>2021/04/21 15:20</PriceUpdateDate>
      <ItemCode>7290003450602</ItemCode>
      <ItemType>1</ItemType>
      <ItemName>חרדל אמיתי 255 גרם</ItemName>
      <ManufactureName>דיפלומט מפיצים (1968) בע`מ</ManufactureName>
      <ManufactureCountry />
      <ManufactureItemDescription />
      <UnitQty>'יח</UnitQty>
      <Quantity>2.25</Quantity>
      <UnitMeasure>ל-100 גרם</UnitMeasure>
      <BisWeighted>0</BisWeighted>
      <QtyInPackage>1</QtyInPackage>
      <ItemPrice>9.90</ItemPrice>
      <UnitOfMeasurePrice>4.40</UnitOfMeasurePrice>
      <AllowDiscount>0</AllowDiscount>
      <itemStatus>1</itemStatus>
      <LastUpdateDate />
      <LastUpdateTime />
    </Product>
    <Product>
      <PriceUpdateDate>2022/11/01 11:46</PriceUpdateDate>
      <ItemCode>3456208</ItemCode>
      <ItemType>0</ItemType>
      <ItemName>מעדן בונזו 400 גר עוף</ItemName>
      <ManufactureName>שחורי אריה ואנסטסיה</ManufactureName>
      <ManufactureCountry />
      <ManufactureItemDescription />
      <UnitQty>'יח</UnitQty>
      <Quantity>4</Quantity>
      <UnitMeasure>ל-100 גרם</UnitMeasure>
      <BisWeighted>0</BisWeighted>
      <QtyInPackage>1</QtyInPackage>
      <ItemPrice>5.90</ItemPrice>
      <UnitOfMeasurePrice>1.48</UnitOfMeasurePrice>
      <AllowDiscount>0</AllowDiscount>
      <itemStatus>1</itemStatus>
      <LastUpdateDate />
      <LastUpdateTime />
    </Product>
    <Product>
      <PriceUpdateDate>2020/10/13 14:17</PriceUpdateDate>
      <ItemCode>3514007</ItemCode>
      <ItemType>0</ItemType>
      <ItemName>מנה שקדי מרק 400 גר`</ItemName>
      <ManufactureName>ש. שסטוביץ בע`מ</ManufactureName>
      <ManufactureCountry />
      <ManufactureItemDescription />
      <UnitQty>'יח</UnitQty>
      <Quantity>4</Quantity>
      <UnitMeasure>ל-100 גרם</UnitMeasure>
      <BisWeighted>0</BisWeighted>
      <QtyInPackage>1</QtyInPackage>
      <ItemPrice>8.90</ItemPrice>
      <UnitOfMeasurePrice>2.23</UnitOfMeasurePrice>
      <AllowDiscount>0</AllowDiscount>
      <itemStatus>1</itemStatus>
      <LastUpdateDate />
      <LastUpdateTime />
    </Product>
    <Product>
      <PriceUpdateDate>2019/09/22 08:52</PriceUpdateDate>
      <ItemCode>3550753</ItemCode>
      <ItemType>0</ItemType>
      <ItemName>טונה פוסידון בשמן 110 מארז *4</ItemName>
      <ManufactureName>נטו מלינדה סחר בע`מ</ManufactureName>
      <ManufactureCountry />
      <ManufactureItemDescription />
      <UnitQty>'יח</UnitQty>
      <Quantity>4.40</Quantity>
      <UnitMeasure>ל-100 גרם</UnitMeasure>
      <BisWeighted>0</BisWeighted>
      <QtyInPackage>16</QtyInPackage>
      <ItemPrice>19.90</ItemPrice>
      <UnitOfMeasurePrice>4.52</UnitOfMeasurePrice>
      <AllowDiscount>0</AllowDiscount>
      <itemStatus>1</itemStatus>
      <LastUpdateDate />
      <LastUpdateTime />
    </Product>
    <Product>
      <PriceUpdateDate>2019/01/16 14:39</PriceUpdateDate>
      <ItemCode>3570164</ItemCode>
      <ItemType>0</ItemType>
      <ItemName>מינוט שווארמה פרגית 300 גר` בלדי</ItemName>
      <ManufactureName>בלדי בע`מ</ManufactureName>
      <ManufactureCountry />
      <ManufactureItemDescription />
      <UnitQty>'יח</UnitQty>
      <Quantity>3</Quantity>
      <UnitMeasure>ל-100 גרם</UnitMeasure>
      <BisWeighted>0</BisWeighted>
      <QtyInPackage>20</QtyInPackage>
      <ItemPrice>29.90</ItemPrice>
      <UnitOfMeasurePrice>9.97</UnitOfMeasurePrice>
      <AllowDiscount>0</AllowDiscount>
      <itemStatus>1</itemStatus>
      <LastUpdateDate />
      <LastUpdateTime />
    </Product>
    <Product>
      <PriceUpdateDate>2019/01/16 14:39</PriceUpdateDate>
      <ItemCode>3570171</ItemCode>
      <ItemType>0</ItemType>
      <ItemName>מינוט שניצל 300 גר` בלדי</ItemName>
      <ManufactureName>בלדי בע`מ</ManufactureName>
      <ManufactureCountry />
      <ManufactureItemDescription />
      <UnitQty>'יח</UnitQty>
      <Quantity>3</Quantity>
      <UnitMeasure>ל-100 גרם</UnitMeasure>
      <BisWeighted>0</BisWeighted>
      <QtyInPackage>20</QtyInPackage>
      <ItemPrice>24.90</ItemPrice>
      <UnitOfMeasurePrice>8.30</UnitOfMeasurePrice>
      <AllowDiscount>0</AllowDiscount>
      <itemStatus>1</itemStatus>
      <LastUpdateDate />
      <LastUpdateTime />
    </Product>
    <Product>
      <PriceUpdateDate>2019/07/03 08:47</PriceUpdateDate>
      <ItemCode>3570928</ItemCode>
      <ItemType>0</ItemType>
      <ItemName>קבב בלדי קצביה ארוז 500 גר</ItemName>
      <ManufactureName>בלדי בע`מ</ManufactureName>
      <ManufactureCountry />
      <ManufactureItemDescription />
      <UnitQty>'יח</UnitQty>
      <Quantity>5</Quantity>
      <UnitMeasure>ל-100 גרם</UnitMeasure>
      <BisWeighted>0</BisWeighted>
      <QtyInPackage>8</QtyInPackage>
      <ItemPrice>27.90</ItemPrice>
      <UnitOfMeasurePrice>5.58</UnitOfMeasurePrice>
      <AllowDiscount>1</AllowDiscount>
      <itemStatus>1</itemStatus>
      <LastUpdateDate />
      <LastUpdateTime />
    </Product>
    <Product>
      <PriceUpdateDate>2022/11/01 11:45</PriceUpdateDate>
      <ItemCode>3571109</ItemCode>
      <ItemType>0</ItemType>
      <ItemName>פילה סלמון נוורגי</ItemName>
      <ManufactureName>בלדי בע`מ</ManufactureName>
      <ManufactureCountry />
      <ManufactureItemDescription />
      <UnitQty>ק"ג</UnitQty>
      <Quantity>1</Quantity>
      <UnitMeasure>ל-100 גרם</UnitMeasure>
      <BisWeighted>1</BisWeighted>
      <QtyInPackage>1</QtyInPackage>
      <ItemPrice>79.90</ItemPrice>
      <UnitOfMeasurePrice>79.90</UnitOfMeasurePrice>
      <AllowDiscount>0</AllowDiscount>
      <itemStatus>1</itemStatus>
      <LastUpdateDate />
      <LastUpdateTime />
    </Product>
    <Product>
      <PriceUpdateDate>2022/11/01 11:45</PriceUpdateDate>
      <ItemCode>3571116</ItemCode>
      <ItemType>0</ItemType>
      <ItemName>פילה סלמון נוורגי</ItemName>
      <ManufactureName>בלדי בע`מ</ManufactureName>
      <ManufactureCountry />
      <ManufactureItemDescription />
      <UnitQty>ק"ג</UnitQty>
      <Quantity>1</Quantity>
      <UnitMeasure>ל-100 גרם</UnitMeasure>
      <BisWeighted>1</BisWeighted>
      <QtyInPackage>1</QtyInPackage>
      <ItemPrice>79.90</ItemPrice>
      <UnitOfMeasurePrice>79.90</UnitOfMeasurePrice>
      <AllowDiscount>0</AllowDiscount>
      <itemStatus>1</itemStatus>
      <LastUpdateDate />
      <LastUpdateTime />
    </Product>
    <Product>
      <PriceUpdateDate>2019/07/03 08:47</PriceUpdateDate>
      <ItemCode>3571550</ItemCode>
      <ItemType>0</ItemType>
      <ItemName>פילה טונה  בוואקום[אלבקור]</ItemName>
      <ManufactureName>בלדי בע`מ</ManufactureName>
      <ManufactureCountry />
      <ManufactureItemDescription />
      <UnitQty>ק"ג</UnitQty>
      <Quantity>1</Quantity>
      <UnitMeasure>ל-100 גרם</UnitMeasure>
      <BisWeighted>1</BisWeighted>
      <QtyInPackage>10</QtyInPackage>
      <ItemPrice>44.90</ItemPrice>
      <UnitOfMeasurePrice>44.90</UnitOfMeasurePrice>
      <AllowDiscount>0</AllowDiscount>
      <itemStatus>1</itemStatus>
      <LastUpdateDate />
      <LastUpdateTime />
    </Product>
    <Product>
      <PriceUpdateDate>2021/12/16 16:27</PriceUpdateDate>
      <ItemCode>3578108</ItemCode>
      <ItemType>0</ItemType>
      <ItemName>לפתן אננס חתוך בסירופ 850 גרם</ItemName>
      <ManufactureName>ג. וילי-פוד אינטרנשיונל בע`מ</ManufactureName>
      <ManufactureCountry />
      <ManufactureItemDescription />
      <UnitQty>'יח</UnitQty>
      <Quantity>8.50</Quantity>
      <UnitMeasure>ל-100 גרם</UnitMeasure>
      <BisWeighted>0</BisWeighted>
      <QtyInPackage>24</QtyInPackage>
      <ItemPrice>8.90</ItemPrice>
      <UnitOfMeasurePrice>1.05</UnitOfMeasurePrice>
      <AllowDiscount>0</AllowDiscount>
      <itemStatus>1</itemStatus>
      <LastUpdateDate />
      <LastUpdateTime />
    </Product>
    <Product>
      <PriceUpdateDate>2021/12/22 20:11</PriceUpdateDate>
      <ItemCode>3578177</ItemCode>
      <ItemType>0</ItemType>
      <ItemName>תירס גמדי שלם 410 גרם</ItemName>
      <ManufactureName>ג. וילי-פוד אינטרנשיונל בע`מ</ManufactureName>
      <ManufactureCountry />
      <ManufactureItemDescription />
      <UnitQty>'יח</UnitQty>
      <Quantity>4.10</Quantity>
      <UnitMeasure>ל-100 גרם</UnitMeasure>
      <BisWeighted>0</BisWeighted>
      <QtyInPackage>24</QtyInPackage>
      <ItemPrice>6.90</ItemPrice>
      <UnitOfMeasurePrice>1.68</UnitOfMeasurePrice>
      <AllowDiscount>0</AllowDiscount>
      <itemStatus>1</itemStatus>
      <LastUpdateDate />
      <LastUpdateTime />
    </Product>
    <Product>
      <PriceUpdateDate>2019/07/03 08:47</PriceUpdateDate>
      <ItemCode>7290003578290</ItemCode>
      <ItemType>1</ItemType>
      <ItemName>אטריות מקלוני אורז 300 גרם</ItemName>
      <ManufactureName>ג. וילי-פוד אינטרנשיונל בע`מ</ManufactureName>
      <ManufactureCountry />
      <ManufactureItemDescription />
      <UnitQty>'יח</UnitQty>
      <Quantity>3</Quantity>
      <UnitMeasure>ל-100 גרם</UnitMeasure>
      <BisWeighted>0</BisWeighted>
      <QtyInPackage>24</QtyInPackage>
      <ItemPrice>5.90</ItemPrice>
      <UnitOfMeasurePrice>1.97</UnitOfMeasurePrice>
      <AllowDiscount>0</AllowDiscount>
      <itemStatus>1</itemStatus>
      <LastUpdateDate />
      <LastUpdateTime />
    </Product>
    <Product>
      <PriceUpdateDate>2021/09/02 12:54</PriceUpdateDate>
      <ItemCode>7290003578313</ItemCode>
      <ItemType>1</ItemType>
      <ItemName>דובדבנים חמוצים בסירופ קל 680 גרם</ItemName>
      <ManufactureName>ג. וילי-פוד אינטרנשיונל בע`מ</ManufactureName>
      <ManufactureCountry />
      <ManufactureItemDescription />
      <UnitQty>'יח</UnitQty>
      <Quantity>6.80</Quantity>
      <UnitMeasure>ל-100 גרם</UnitMeasure>
      <BisWeighted>0</BisWeighted>
      <QtyInPackage>12</QtyInPackage>
      <ItemPrice>9.90</ItemPrice>
      <UnitOfMeasurePrice>1.46</UnitOfMeasurePrice>
      <AllowDiscount>0</AllowDiscount>
      <itemStatus>1</itemStatus>
      <LastUpdateDate />
      <LastUpdateTime />
    </Product>
    <Product>
      <PriceUpdateDate>2019/07/03 08:47</PriceUpdateDate>
      <ItemCode>3598311</ItemCode>
      <ItemType>0</ItemType>
      <ItemName>מינוט סטייק 300 גר`</ItemName>
      <ManufactureName>בלדי בע`מ</ManufactureName>
      <ManufactureCountry />
      <ManufactureItemDescription />
      <UnitQty>'יח</UnitQty>
      <Quantity>3</Quantity>
      <UnitMeasure>ל-100 גרם</UnitMeasure>
      <BisWeighted>0</BisWeighted>
      <QtyInPackage>20</QtyInPackage>
      <ItemPrice>29.90</ItemPrice>
      <UnitOfMeasurePrice>9.97</UnitOfMeasurePrice>
      <AllowDiscount>1</AllowDiscount>
      <itemStatus>1</itemStatus>
      <LastUpdateDate />
      <LastUpdateTime />
    </Product>
    <Product>
      <PriceUpdateDate>2021/07/01 20:29</PriceUpdateDate>
      <ItemCode>3632220</ItemCode>
      <ItemType>0</ItemType>
      <ItemName>שריר הזרוע מס`8</ItemName>
      <ManufactureName>בלדי בע`מ</ManufactureName>
      <ManufactureCountry />
      <ManufactureItemDescription />
      <UnitQty>ק"ג</UnitQty>
      <Quantity>1</Quantity>
      <UnitMeasure />
      <BisWeighted>1</BisWeighted>
      <QtyInPackage>1</QtyInPackage>
      <ItemPrice>34.90</ItemPrice>
      <UnitOfMeasurePrice>34.90</UnitOfMeasurePrice>
      <AllowDiscount>0</AllowDiscount>
      <itemStatus>1</itemStatus>
      <LastUpdateDate />
      <LastUpdateTime />
    </Product>
    <Product>
      <PriceUpdateDate>2019/01/16 14:39</PriceUpdateDate>
      <ItemCode>3643004</ItemCode>
      <ItemType>0</ItemType>
      <ItemName>אורז בסמטי הודי אחד אחד 1 קג</ItemName>
      <ManufactureName>סוגת</ManufactureName>
      <ManufactureCountry />
      <ManufactureItemDescription />
      <UnitQty>'יח</UnitQty>
      <Quantity>10</Quantity>
      <UnitMeasure>ל-100 גרם</UnitMeasure>
      <BisWeighted>0</BisWeighted>
      <QtyInPackage>1</QtyInPackage>
      <ItemPrice>13.90</ItemPrice>
      <UnitOfMeasurePrice>1.39</UnitOfMeasurePrice>
      <AllowDiscount>0</AllowDiscount>
      <itemStatus>1</itemStatus>
      <LastUpdateDate />
      <LastUpdateTime />
    </Product>
    <Product>
      <PriceUpdateDate>2019/07/03 08:47</PriceUpdateDate>
      <ItemCode>3643134</ItemCode>
      <ItemType>0</ItemType>
      <ItemName>סוגת סוכר וניל 10 יח *10גרם</ItemName>
      <ManufactureName>סוגת</ManufactureName>
      <ManufactureCountry />
      <ManufactureItemDescription />
      <UnitQty>'יח</UnitQty>
      <Quantity>1</Quantity>
      <UnitMeasure>ל-100 גרם</UnitMeasure>
      <BisWeighted>0</BisWeighted>
      <QtyInPackage>1</QtyInPackage>
      <ItemPrice>2.50</ItemPrice>
      <UnitOfMeasurePrice>2.50</UnitOfMeasurePrice>
      <AllowDiscount>0</AllowDiscount>
      <itemStatus>1</itemStatus>
      <LastUpdateDate />
      <LastUpdateTime />
    </Product>
    <Product>
      <PriceUpdateDate>2019/07/03 08:47</PriceUpdateDate>
      <ItemCode>7290003643158</ItemCode>
      <ItemType>1</ItemType>
      <ItemName>קורנפלור סוגת 200 גרם</ItemName>
      <ManufactureName>סוגת</ManufactureName>
      <ManufactureCountry />
      <ManufactureItemDescription />
      <UnitQty>'יח</UnitQty>
      <Quantity>2</Quantity>
      <UnitMeasure>ל-100 גרם</UnitMeasure>
      <BisWeighted>0</BisWeighted>
      <QtyInPackage>1</QtyInPackage>
      <ItemPrice>3.90</ItemPrice>
      <UnitOfMeasurePrice>1.95</UnitOfMeasurePrice>
      <AllowDiscount>0</AllowDiscount>
      <itemStatus>1</itemStatus>
      <LastUpdateDate />
      <LastUpdateTime />
    </Product>
    <Product>
      <PriceUpdateDate>2019/07/03 08:47</PriceUpdateDate>
      <ItemCode>7290003643172</ItemCode>
      <ItemType>1</ItemType>
      <ItemName>סוגת אבקת סוכר 100 גרם</ItemName>
      <ManufactureName>סוגת</ManufactureName>
      <ManufactureCountry />
      <ManufactureItemDescription />
      <UnitQty>'יח</UnitQty>
      <Quantity>1</Quantity>
      <UnitMeasure>ל-100 גרם</UnitMeasure>
      <BisWeighted>0</BisWeighted>
      <QtyInPackage>1</QtyInPackage>
      <ItemPrice>2.50</ItemPrice>
      <UnitOfMeasurePrice>2.50</UnitOfMeasurePrice>
      <AllowDiscount>0</AllowDiscount>
      <itemStatus>1</itemStatus>
      <LastUpdateDate />
      <LastUpdateTime />
    </Product>
    <Product>
      <PriceUpdateDate>2019/07/03 08:47</PriceUpdateDate>
      <ItemCode>7290003643325</ItemCode>
      <ItemType>1</ItemType>
      <ItemName>קוסקוס בינוני 350 גר`</ItemName>
      <ManufactureName>סוגת</ManufactureName>
      <ManufactureCountry />
      <ManufactureItemDescription />
      <UnitQty>'יח</UnitQty>
      <Quantity>3.50</Quantity>
      <UnitMeasure>ל-100 גרם</UnitMeasure>
      <BisWeighted>0</BisWeighted>
      <QtyInPackage>1</QtyInPackage>
      <ItemPrice>4.90</ItemPrice>
      <UnitOfMeasurePrice>1.40</UnitOfMeasurePrice>
      <AllowDiscount>1</AllowDiscount>
      <itemStatus>1</itemStatus>
      <LastUpdateDate />
      <LastUpdateTime />
    </Product>
    <Product>
      <PriceUpdateDate>2021/08/05 16:03</PriceUpdateDate>
      <ItemCode>7290003643387</ItemCode>
      <ItemType>1</ItemType>
      <ItemName>סוכר לבן בצנצנת פלסטיק 1 ק`ג</ItemName>
      <ManufactureName>סוגת</ManufactureName>
      <ManufactureCountry />
      <ManufactureItemDescription />
      <UnitQty>'יח</UnitQty>
      <Quantity>10</Quantity>
      <UnitMeasure>ל-100 גרם</UnitMeasure>
      <BisWeighted>0</BisWeighted>
      <QtyInPackage>1</QtyInPackage>
      <ItemPrice>7.90</ItemPrice>
      <UnitOfMeasurePrice>0.79</UnitOfMeasurePrice>
      <AllowDiscount>0</AllowDiscount>
      <itemStatus>1</itemStatus>
      <LastUpdateDate />
      <LastUpdateTime />
    </Product>
    <Product>
      <PriceUpdateDate>2022/06/15 13:49</PriceUpdateDate>
      <ItemCode>7290003643646</ItemCode>
      <ItemType>1</ItemType>
      <ItemName>סוכר דמררה צנצנת 1 קג</ItemName>
      <ManufactureName>סוגת</ManufactureName>
      <ManufactureCountry />
      <ManufactureItemDescription />
      <UnitQty>'יח</UnitQty>
      <Quantity>10</Quantity>
      <UnitMeasure>ל-100 גרם</UnitMeasure>
      <BisWeighted>0</BisWeighted>
      <QtyInPackage>1</QtyInPackage>
      <ItemPrice>12.90</ItemPrice>
      <UnitOfMeasurePrice>1.29</UnitOfMeasurePrice>
      <AllowDiscount>0</AllowDiscount>
      <itemStatus>1</itemStatus>
      <LastUpdateDate />
      <LastUpdateTime />
    </Product>
    <Product>
      <PriceUpdateDate>2019/07/03 08:47</PriceUpdateDate>
      <ItemCode>7290003643684</ItemCode>
      <ItemType>1</ItemType>
      <ItemName>אפונה 500 גרם</ItemName>
      <ManufactureName>סוגת</ManufactureName>
      <ManufactureCountry />
      <ManufactureItemDescription />
      <UnitQty>'יח</UnitQty>
      <Quantity>5</Quantity>
      <UnitMeasure>ל-100 גרם</UnitMeasure>
      <BisWeighted>0</BisWeighted>
      <QtyInPackage>1</QtyInPackage>
      <ItemPrice>5.90</ItemPrice>
      <UnitOfMeasurePrice>1.18</UnitOfMeasurePrice>
      <AllowDiscount>0</AllowDiscount>
      <itemStatus>1</itemStatus>
      <LastUpdateDate />
      <LastUpdateTime />
    </Product>
    <Product>
      <PriceUpdateDate>2019/07/03 08:47</PriceUpdateDate>
      <ItemCode>7290003643707</ItemCode>
      <ItemType>1</ItemType>
      <ItemName>גריסים 500 גרם</ItemName>
      <ManufactureName>סוגת</ManufactureName>
      <ManufactureCountry />
      <ManufactureItemDescription />
      <UnitQty>'יח</UnitQty>
      <Quantity>5</Quantity>
      <UnitMeasure>ל-100 גרם</UnitMeasure>
      <BisWeighted>0</BisWeighted>
      <QtyInPackage>1</QtyInPackage>
      <ItemPrice>4.90</ItemPrice>
      <UnitOfMeasurePrice>0.98</UnitOfMeasurePrice>
      <AllowDiscount>1</AllowDiscount>
      <itemStatus>1</itemStatus>
      <LastUpdateDate />
      <LastUpdateTime />
    </Product>
    <Product>
      <PriceUpdateDate>2022/01/05 17:19</PriceUpdateDate>
      <ItemCode>7290003643714</ItemCode>
      <ItemType>1</ItemType>
      <ItemName>חומוס 500 גרם</ItemName>
      <ManufactureName>סוגת</ManufactureName>
      <ManufactureCountry />
      <ManufactureItemDescription />
      <UnitQty>'יח</UnitQty>
      <Quantity>5</Quantity>
      <UnitMeasure>ל-100 גרם</UnitMeasure>
      <BisWeighted>0</BisWeighted>
      <QtyInPackage>1</QtyInPackage>
      <ItemPrice>7.90</ItemPrice>
      <UnitOfMeasurePrice>1.58</UnitOfMeasurePrice>
      <AllowDiscount>1</AllowDiscount>
      <itemStatus>1</itemStatus>
      <LastUpdateDate />
      <LastUpdateTime />
    </Product>
    <Product>
      <PriceUpdateDate>2019/07/03 08:47</PriceUpdateDate>
      <ItemCode>7290003643738</ItemCode>
      <ItemType>1</ItemType>
      <ItemName>חיטה 500 גרם</ItemName>
      <ManufactureName>סוגת</ManufactureName>
      <ManufactureCountry />
      <ManufactureItemDescription />
      <UnitQty>'יח</UnitQty>
      <Quantity>5</Quantity>
      <UnitMeasure>ל-100 גרם</UnitMeasure>
      <BisWeighted>0</BisWeighted>
      <QtyInPackage>1</QtyInPackage>
      <ItemPrice>4.90</ItemPrice>
      <UnitOfMeasurePrice>0.98</UnitOfMeasurePrice>
      <AllowDiscount>1</AllowDiscount>
      <itemStatus>1</itemStatus>
      <LastUpdateDate />
      <LastUpdateTime />
    </Product>
    <Product>
      <PriceUpdateDate>2022/06/19 14:58</PriceUpdateDate>
      <ItemCode>7290003643745</ItemCode>
      <ItemType>1</ItemType>
      <ItemName>כוסמת 500 גרם כשלפ</ItemName>
      <ManufactureName>סוגת</ManufactureName>
      <ManufactureCountry />
      <ManufactureItemDescription />
      <UnitQty>'יח</UnitQty>
      <Quantity>5</Quantity>
      <UnitMeasure>ל-100 גרם</UnitMeasure>
      <BisWeighted>0</BisWeighted>
      <QtyInPackage>1</QtyInPackage>
      <ItemPrice>7.90</ItemPrice>
      <UnitOfMeasurePrice>1.58</UnitOfMeasurePrice>
      <AllowDiscount>0</AllowDiscount>
      <itemStatus>1</itemStatus>
      <LastUpdateDate />
      <LastUpdateTime />
    </Product>
    <Product>
      <PriceUpdateDate>2022/01/05 17:19</PriceUpdateDate>
      <ItemCode>7290003643752</ItemCode>
      <ItemType>1</ItemType>
      <ItemName>עדשים ירוקים 500 גרם</ItemName>
      <ManufactureName>סוגת</ManufactureName>
      <ManufactureCountry />
      <ManufactureItemDescription />
      <UnitQty>'יח</UnitQty>
      <Quantity>5</Quantity>
      <UnitMeasure>ל-100 גרם</UnitMeasure>
      <BisWeighted>0</BisWeighted>
      <QtyInPackage>1</QtyInPackage>
      <ItemPrice>7.90</ItemPrice>
      <UnitOfMeasurePrice>1.58</UnitOfMeasurePrice>
      <AllowDiscount>0</AllowDiscount>
      <itemStatus>1</itemStatus>
      <LastUpdateDate />
      <LastUpdateTime />
    </Product>
    <Product>
      <PriceUpdateDate>2022/01/05 17:19</PriceUpdateDate>
      <ItemCode>3643769</ItemCode>
      <ItemType>0</ItemType>
      <ItemName>עדשים אדומים 500 גרם</ItemName>
      <ManufactureName>סוגת</ManufactureName>
      <ManufactureCountry />
      <ManufactureItemDescription />
      <UnitQty>'יח</UnitQty>
      <Quantity>5</Quantity>
      <UnitMeasure>ל-100 גרם</UnitMeasure>
      <BisWeighted>0</BisWeighted>
      <QtyInPackage>1</QtyInPackage>
      <ItemPrice>7.90</ItemPrice>
      <UnitOfMeasurePrice>1.58</UnitOfMeasurePrice>
      <AllowDiscount>0</AllowDiscount>
      <itemStatus>1</itemStatus>
      <LastUpdateDate />
      <LastUpdateTime />
    </Product>
    <Product>
      <PriceUpdateDate>2019/07/03 08:47</PriceUpdateDate>
      <ItemCode>7290003643776</ItemCode>
      <ItemType>1</ItemType>
      <ItemName>פופקורן סוגת 500 גרם כשלפ</ItemName>
      <ManufactureName>סוגת</ManufactureName>
      <ManufactureCountry />
      <ManufactureItemDescription />
      <UnitQty>'יח</UnitQty>
      <Quantity>5</Quantity>
      <UnitMeasure>ל-100 גרם</UnitMeasure>
      <BisWeighted>0</BisWeighted>
      <QtyInPackage>1</QtyInPackage>
      <ItemPrice>6.90</ItemPrice>
      <UnitOfMeasurePrice>1.38</UnitOfMeasurePrice>
      <AllowDiscount>0</AllowDiscount>
      <itemStatus>1</itemStatus>
      <LastUpdateDate />
      <LastUpdateTime />
    </Product>
    <Product>
      <PriceUpdateDate>2019/07/03 08:47</PriceUpdateDate>
      <ItemCode>7290003643783</ItemCode>
      <ItemType>1</ItemType>
      <ItemName>קוקוס 100 גרם</ItemName>
      <ManufactureName>סוגת</ManufactureName>
      <ManufactureCountry />
      <ManufactureItemDescription />
      <UnitQty>'יח</UnitQty>
      <Quantity>1</Quantity>
      <UnitMeasure>ל-100 גרם</UnitMeasure>
      <BisWeighted>0</BisWeighted>
      <QtyInPackage>1</QtyInPackage>
      <ItemPrice>3.90</ItemPrice>
      <UnitOfMeasurePrice>3.90</UnitOfMeasurePrice>
      <AllowDiscount>0</AllowDiscount>
      <itemStatus>1</itemStatus>
      <LastUpdateDate />
      <LastUpdateTime />
    </Product>
    <Product>
      <PriceUpdateDate>2022/08/18 20:54</PriceUpdateDate>
      <ItemCode>7290003643806</ItemCode>
      <ItemType>1</ItemType>
      <ItemName>שעועית לבנה 500 גרם</ItemName>
      <ManufactureName>סוגת</ManufactureName>
      <ManufactureCountry />
      <ManufactureItemDescription />
      <UnitQty>'יח</UnitQty>
      <Quantity>5</Quantity>
      <UnitMeasure>ל-100 גרם</UnitMeasure>
      <BisWeighted>0</BisWeighted>
      <QtyInPackage>1</QtyInPackage>
      <ItemPrice>11.90</ItemPrice>
      <UnitOfMeasurePrice>2.38</UnitOfMeasurePrice>
      <AllowDiscount>0</AllowDiscount>
      <itemStatus>1</itemStatus>
      <LastUpdateDate />
      <LastUpdateTime />
    </Product>
    <Product>
      <PriceUpdateDate>2021/12/15 15:21</PriceUpdateDate>
      <ItemCode>7290003643813</ItemCode>
      <ItemType>1</ItemType>
      <ItemName>שעועית חומה 500 גרם</ItemName>
      <ManufactureName>סוגת</ManufactureName>
      <ManufactureCountry />
      <ManufactureItemDescription />
      <UnitQty>'יח</UnitQty>
      <Quantity>5</Quantity>
      <UnitMeasure>ל-100 גרם</UnitMeasure>
      <BisWeighted>0</BisWeighted>
      <QtyInPackage>1</QtyInPackage>
      <ItemPrice>10.90</ItemPrice>
      <UnitOfMeasurePrice>2.18</UnitOfMeasurePrice>
      <AllowDiscount>0</AllowDiscount>
      <itemStatus>1</itemStatus>
      <LastUpdateDate />
      <LastUpdateTime />
    </Product>
    <Product>
      <PriceUpdateDate>2019/07/03 08:47</PriceUpdateDate>
      <ItemCode>7290003643820</ItemCode>
      <ItemType>1</ItemType>
      <ItemName>חומוס ענק 500 גר`</ItemName>
      <ManufactureName>סוגת</ManufactureName>
      <ManufactureCountry />
      <ManufactureItemDescription />
      <UnitQty>'יח</UnitQty>
      <Quantity>5</Quantity>
      <UnitMeasure>ל-100 גרם</UnitMeasure>
      <BisWeighted>0</BisWeighted>
      <QtyInPackage>1</QtyInPackage>
      <ItemPrice>12.90</ItemPrice>
      <UnitOfMeasurePrice>2.58</UnitOfMeasurePrice>
      <AllowDiscount>0</AllowDiscount>
      <itemStatus>1</itemStatus>
      <LastUpdateDate />
      <LastUpdateTime />
    </Product>
    <Product>
      <PriceUpdateDate>2019/01/16 14:39</PriceUpdateDate>
      <ItemCode>3718610</ItemCode>
      <ItemType>0</ItemType>
      <ItemName>במיה 400 גרם</ItemName>
      <ManufactureName>בלדי בע`מ</ManufactureName>
      <ManufactureCountry />
      <ManufactureItemDescription />
      <UnitQty>'יח</UnitQty>
      <Quantity>4</Quantity>
      <UnitMeasure>ל-100 גרם</UnitMeasure>
      <BisWeighted>0</BisWeighted>
      <QtyInPackage>25</QtyInPackage>
      <ItemPrice>9.90</ItemPrice>
      <UnitOfMeasurePrice>2.48</UnitOfMeasurePrice>
      <AllowDiscount>0</AllowDiscount>
      <itemStatus>1</itemStatus>
      <LastUpdateDate />
      <LastUpdateTime />
    </Product>
    <Product>
      <PriceUpdateDate>2019/01/16 14:39</PriceUpdateDate>
      <ItemCode>3718627</ItemCode>
      <ItemType>0</ItemType>
      <ItemName>פול ירוק 400 גרם</ItemName>
      <ManufactureName>בלדי בע`מ</ManufactureName>
      <ManufactureCountry />
      <ManufactureItemDescription />
      <UnitQty>'יח</UnitQty>
      <Quantity>4</Quantity>
      <UnitMeasure>ל-100 גרם</UnitMeasure>
      <BisWeighted>0</BisWeighted>
      <QtyInPackage>30</QtyInPackage>
      <ItemPrice>9.90</ItemPrice>
      <UnitOfMeasurePrice>2.48</UnitOfMeasurePrice>
      <AllowDiscount>0</AllowDiscount>
      <itemStatus>1</itemStatus>
      <LastUpdateDate />
      <LastUpdateTime />
    </Product>
    <Product>
      <PriceUpdateDate>2022/11/01 11:45</PriceUpdateDate>
      <ItemCode>3718993</ItemCode>
      <ItemType>0</ItemType>
      <ItemName>פילה סלמון נורווגי בוואקום</ItemName>
      <ManufactureName>בלדי בע`מ</ManufactureName>
      <ManufactureCountry />
      <ManufactureItemDescription />
      <UnitQty>ק"ג</UnitQty>
      <Quantity>1</Quantity>
      <UnitMeasure>ל-100 גרם</UnitMeasure>
      <BisWeighted>1</BisWeighted>
      <QtyInPackage>1</QtyInPackage>
      <ItemPrice>79.90</ItemPrice>
      <UnitOfMeasurePrice>79.90</UnitOfMeasurePrice>
      <AllowDiscount>0</AllowDiscount>
      <itemStatus>1</itemStatus>
      <LastUpdateDate />
      <LastUpdateTime />
    </Product>
    <Product>
      <PriceUpdateDate>2019/05/26 21:38</PriceUpdateDate>
      <ItemCode>3726615</ItemCode>
      <ItemType>0</ItemType>
      <ItemName>טופו ויילר 300 גרם</ItemName>
      <ManufactureName>שטראוס גרופ בע`מ</ManufactureName>
      <ManufactureCountry />
      <ManufactureItemDescription />
      <UnitQty>'יח</UnitQty>
      <Quantity>3</Quantity>
      <UnitMeasure>ל-100 מ"ל</UnitMeasure>
      <BisWeighted>0</BisWeighted>
      <QtyInPackage>1</QtyInPackage>
      <ItemPrice>12.90</ItemPrice>
      <UnitOfMeasurePrice>4.30</UnitOfMeasurePrice>
      <AllowDiscount>1</AllowDiscount>
      <itemStatus>1</itemStatus>
      <LastUpdateDate />
      <LastUpdateTime />
    </Product>
    <Product>
      <PriceUpdateDate>2022/09/19 16:45</PriceUpdateDate>
      <ItemCode>7290003781065</ItemCode>
      <ItemType>1</ItemType>
      <ItemName>מלפפונים בחומץ קורנישונים גמדי 680ג</ItemName>
      <ManufactureName>ג. וילי-פוד אינטרנשיונל בע`מ</ManufactureName>
      <ManufactureCountry />
      <ManufactureItemDescription />
      <UnitQty>'יח</UnitQty>
      <Quantity>6.80</Quantity>
      <UnitMeasure>ל-100 גרם</UnitMeasure>
      <BisWeighted>0</BisWeighted>
      <QtyInPackage>1</QtyInPackage>
      <ItemPrice>10.90</ItemPrice>
      <UnitOfMeasurePrice>1.60</UnitOfMeasurePrice>
      <AllowDiscount>0</AllowDiscount>
      <itemStatus>1</itemStatus>
      <LastUpdateDate />
      <LastUpdateTime />
    </Product>
    <Product>
      <PriceUpdateDate>2021/05/20 14:49</PriceUpdateDate>
      <ItemCode>3781850</ItemCode>
      <ItemType>0</ItemType>
      <ItemName>קשקבל פרוסות 200 גר`</ItemName>
      <ManufactureName>ג. וילי-פוד אינטרנשיונל בע`מ</ManufactureName>
      <ManufactureCountry />
      <ManufactureItemDescription />
      <UnitQty>'יח</UnitQty>
      <Quantity>5</Quantity>
      <UnitMeasure>ל-100 גרם</UnitMeasure>
      <BisWeighted>0</BisWeighted>
      <QtyInPackage>1</QtyInPackage>
      <ItemPrice>19.90</ItemPrice>
      <UnitOfMeasurePrice>3.98</UnitOfMeasurePrice>
      <AllowDiscount>1</AllowDiscount>
      <itemStatus>1</itemStatus>
      <LastUpdateDate />
      <LastUpdateTime />
    </Product>
    <Product>
      <PriceUpdateDate>2021/04/19 13:37</PriceUpdateDate>
      <ItemCode>7290003804252</ItemCode>
      <ItemType>1</ItemType>
      <ItemName>תיבוליות לאורז בנוסח הודי קנור 80גרם</ItemName>
      <ManufactureName>יוניליוור ישראל שיווק בע`מ</ManufactureName>
      <ManufactureCountry />
      <ManufactureItemDescription />
      <UnitQty>'יח</UnitQty>
      <Quantity>8</Quantity>
      <UnitMeasure>ל-100 גרם</UnitMeasure>
      <BisWeighted>0</BisWeighted>
      <QtyInPackage>1</QtyInPackage>
      <ItemPrice>8.90</ItemPrice>
      <UnitOfMeasurePrice>1.11</UnitOfMeasurePrice>
      <AllowDiscount>0</AllowDiscount>
      <itemStatus>1</itemStatus>
      <LastUpdateDate />
      <LastUpdateTime />
    </Product>
    <Product>
      <PriceUpdateDate>2019/07/03 08:47</PriceUpdateDate>
      <ItemCode>7290003804320</ItemCode>
      <ItemType>1</ItemType>
      <ItemName>תיבוליות שום ופטרוזיליה 72 גרם</ItemName>
      <ManufactureName>יוניליוור ישראל שיווק בע`מ</ManufactureName>
      <ManufactureCountry />
      <ManufactureItemDescription />
      <UnitQty>'יח</UnitQty>
      <Quantity>0.72</Quantity>
      <UnitMeasure>ל-100 גרם</UnitMeasure>
      <BisWeighted>0</BisWeighted>
      <QtyInPackage>1</QtyInPackage>
      <ItemPrice>8.90</ItemPrice>
      <UnitOfMeasurePrice>12.36</UnitOfMeasurePrice>
      <AllowDiscount>0</AllowDiscount>
      <itemStatus>1</itemStatus>
      <LastUpdateDate />
      <LastUpdateTime />
    </Product>
    <Product>
      <PriceUpdateDate>2019/07/03 08:47</PriceUpdateDate>
      <ItemCode>7290003804368</ItemCode>
      <ItemType>1</ItemType>
      <ItemName>תיבוליות בזיליקום 72 גרם 8 קוביות</ItemName>
      <ManufactureName>יוניליוור ישראל שיווק בע`מ</ManufactureName>
      <ManufactureCountry />
      <ManufactureItemDescription />
      <UnitQty>'יח</UnitQty>
      <Quantity>0.72</Quantity>
      <UnitMeasure>ל-100 גרם</UnitMeasure>
      <BisWeighted>0</BisWeighted>
      <QtyInPackage>1</QtyInPackage>
      <ItemPrice>8.90</ItemPrice>
      <UnitOfMeasurePrice>12.36</UnitOfMeasurePrice>
      <AllowDiscount>0</AllowDiscount>
      <itemStatus>1</itemStatus>
      <LastUpdateDate />
      <LastUpdateTime />
    </Product>
    <Product>
      <PriceUpdateDate>2019/07/03 08:47</PriceUpdateDate>
      <ItemCode>7290003804382</ItemCode>
      <ItemType>1</ItemType>
      <ItemName>תיבוליות פטריות 72 גרם</ItemName>
      <ManufactureName>יוניליוור ישראל שיווק בע`מ</ManufactureName>
      <ManufactureCountry />
      <ManufactureItemDescription />
      <UnitQty>'יח</UnitQty>
      <Quantity>0.72</Quantity>
      <UnitMeasure>ל-100 גרם</UnitMeasure>
      <BisWeighted>0</BisWeighted>
      <QtyInPackage>1</QtyInPackage>
      <ItemPrice>8.90</ItemPrice>
      <UnitOfMeasurePrice>12.36</UnitOfMeasurePrice>
      <AllowDiscount>0</AllowDiscount>
      <itemStatus>1</itemStatus>
      <LastUpdateDate />
      <LastUpdateTime />
    </Product>
    <Product>
      <PriceUpdateDate>2020/11/10 20:13</PriceUpdateDate>
      <ItemCode>7290003805501</ItemCode>
      <ItemType>1</ItemType>
      <ItemName>פתית בסגנון שוודי 300 גרם</ItemName>
      <ManufactureName>יוניליוור ישראל שיווק בע`מ</ManufactureName>
      <ManufactureCountry />
      <ManufactureItemDescription />
      <UnitQty>'יח</UnitQty>
      <Quantity>3</Quantity>
      <UnitMeasure>ל-100 גרם</UnitMeasure>
      <BisWeighted>0</BisWeighted>
      <QtyInPackage>1</QtyInPackage>
      <ItemPrice>16.90</ItemPrice>
      <UnitOfMeasurePrice>5.63</UnitOfMeasurePrice>
      <AllowDiscount>0</AllowDiscount>
      <itemStatus>1</itemStatus>
      <LastUpdateDate />
      <LastUpdateTime />
    </Product>
    <Product>
      <PriceUpdateDate>2021/07/27 16:29</PriceUpdateDate>
      <ItemCode>7290003805587</ItemCode>
      <ItemType>1</ItemType>
      <ItemName>פתית מחיטה מלאה 250 גרם בד``צ</ItemName>
      <ManufactureName>יוניליוור ישראל שיווק בע`מ</ManufactureName>
      <ManufactureCountry />
      <ManufactureItemDescription />
      <UnitQty>'יח</UnitQty>
      <Quantity>2.50</Quantity>
      <UnitMeasure>ל-100 גרם</UnitMeasure>
      <BisWeighted>0</BisWeighted>
      <QtyInPackage>1</QtyInPackage>
      <ItemPrice>16.90</ItemPrice>
      <UnitOfMeasurePrice>6.76</UnitOfMeasurePrice>
      <AllowDiscount>0</AllowDiscount>
      <itemStatus>1</itemStatus>
      <LastUpdateDate />
      <LastUpdateTime />
    </Product>
    <Product>
      <PriceUpdateDate>2022/04/05 16:05</PriceUpdateDate>
      <ItemCode>7290003807178</ItemCode>
      <ItemType>1</ItemType>
      <ItemName>קנור רוטב סויה 300 מ"ל</ItemName>
      <ManufactureName>יוניליוור ישראל שיווק בע`מ</ManufactureName>
      <ManufactureCountry />
      <ManufactureItemDescription />
      <UnitQty>'יח</UnitQty>
      <Quantity>3</Quantity>
      <UnitMeasure>ל-100 מ"ל</UnitMeasure>
      <BisWeighted>0</BisWeighted>
      <QtyInPackage>1</QtyInPackage>
      <ItemPrice>12.90</ItemPrice>
      <UnitOfMeasurePrice>4.30</UnitOfMeasurePrice>
      <AllowDiscount>1</AllowDiscount>
      <itemStatus>1</itemStatus>
      <LastUpdateDate />
      <LastUpdateTime />
    </Product>
    <Product>
      <PriceUpdateDate>2020/05/22 07:51</PriceUpdateDate>
      <ItemCode>7290003807482</ItemCode>
      <ItemType>1</ItemType>
      <ItemName>קנור רוטב טריאקי 300 מל</ItemName>
      <ManufactureName>יוניליוור ישראל שיווק בע`מ</ManufactureName>
      <ManufactureCountry />
      <ManufactureItemDescription />
      <UnitQty>'יח</UnitQty>
      <Quantity>3</Quantity>
      <UnitMeasure>ל-100 מ"ל</UnitMeasure>
      <BisWeighted>0</BisWeighted>
      <QtyInPackage>1</QtyInPackage>
      <ItemPrice>11.90</ItemPrice>
      <UnitOfMeasurePrice>3.97</UnitOfMeasurePrice>
      <AllowDiscount>1</AllowDiscount>
      <itemStatus>1</itemStatus>
      <LastUpdateDate />
      <LastUpdateTime />
    </Product>
    <Product>
      <PriceUpdateDate>2021/04/08 11:41</PriceUpdateDate>
      <ItemCode>3864478</ItemCode>
      <ItemType>0</ItemType>
      <ItemName>סרדינים בשמן צמחי 120 גרם</ItemName>
      <ManufactureName>ג. וילי-פוד אינטרנשיונל בע`מ</ManufactureName>
      <ManufactureCountry />
      <ManufactureItemDescription />
      <UnitQty>'יח</UnitQty>
      <Quantity>1.20</Quantity>
      <UnitMeasure>ל-100 גרם</UnitMeasure>
      <BisWeighted>0</BisWeighted>
      <QtyInPackage>50</QtyInPackage>
      <ItemPrice>4.90</ItemPrice>
      <UnitOfMeasurePrice>4.08</UnitOfMeasurePrice>
      <AllowDiscount>1</AllowDiscount>
      <itemStatus>1</itemStatus>
      <LastUpdateDate />
      <LastUpdateTime />
    </Product>
    <Product>
      <PriceUpdateDate>2021/04/08 11:41</PriceUpdateDate>
      <ItemCode>7290003864485</ItemCode>
      <ItemType>1</ItemType>
      <ItemName>סרדינים ברוטב עגבניות 120 גרם</ItemName>
      <ManufactureName>ג. וילי-פוד אינטרנשיונל בע`מ</ManufactureName>
      <ManufactureCountry />
      <ManufactureItemDescription />
      <UnitQty>'יח</UnitQty>
      <Quantity>1.20</Quantity>
      <UnitMeasure>ל-100 גרם</UnitMeasure>
      <BisWeighted>0</BisWeighted>
      <QtyInPackage>1</QtyInPackage>
      <ItemPrice>4.90</ItemPrice>
      <UnitOfMeasurePrice>4.08</UnitOfMeasurePrice>
      <AllowDiscount>1</AllowDiscount>
      <itemStatus>1</itemStatus>
      <LastUpdateDate />
      <LastUpdateTime />
    </Product>
    <Product>
      <PriceUpdateDate>2021/04/08 11:41</PriceUpdateDate>
      <ItemCode>7290003864492</ItemCode>
      <ItemType>1</ItemType>
      <ItemName>סרדינים בשמן צמחי עם פלפל חריף 120 גרם</ItemName>
      <ManufactureName>ג. וילי-פוד אינטרנשיונל בע`מ</ManufactureName>
      <ManufactureCountry />
      <ManufactureItemDescription />
      <UnitQty>'יח</UnitQty>
      <Quantity>1.20</Quantity>
      <UnitMeasure>ל-100 גרם</UnitMeasure>
      <BisWeighted>0</BisWeighted>
      <QtyInPackage>1</QtyInPackage>
      <ItemPrice>4.90</ItemPrice>
      <UnitOfMeasurePrice>4.08</UnitOfMeasurePrice>
      <AllowDiscount>1</AllowDiscount>
      <itemStatus>1</itemStatus>
      <LastUpdateDate />
      <LastUpdateTime />
    </Product>
    <Product>
      <PriceUpdateDate>2021/11/08 10:43</PriceUpdateDate>
      <ItemCode>7290003882922</ItemCode>
      <ItemType>1</ItemType>
      <ItemName>עלי גפן ממולאים באורז 400 גרם כשלפ</ItemName>
      <ManufactureName>ג. וילי-פוד אינטרנשיונל בע`מ</ManufactureName>
      <ManufactureCountry />
      <ManufactureItemDescription />
      <UnitQty>'יח</UnitQty>
      <Quantity>4</Quantity>
      <UnitMeasure>ל-100 גרם</UnitMeasure>
      <BisWeighted>0</BisWeighted>
      <QtyInPackage>24</QtyInPackage>
      <ItemPrice>9.90</ItemPrice>
      <UnitOfMeasurePrice>2.48</UnitOfMeasurePrice>
      <AllowDiscount>1</AllowDiscount>
      <itemStatus>1</itemStatus>
      <LastUpdateDate />
      <LastUpdateTime />
    </Product>
    <Product>
      <PriceUpdateDate>2019/11/11 12:25</PriceUpdateDate>
      <ItemCode>7290003989539</ItemCode>
      <ItemType>1</ItemType>
      <ItemName>רביולי גבינה 400 גרם</ItemName>
      <ManufactureName>שטראוס גרופ בע`מ</ManufactureName>
      <ManufactureCountry />
      <ManufactureItemDescription />
      <UnitQty>'יח</UnitQty>
      <Quantity>4</Quantity>
      <UnitMeasure>ל-100 גרם</UnitMeasure>
      <BisWeighted>0</BisWeighted>
      <QtyInPackage>9</QtyInPackage>
      <ItemPrice>19.90</ItemPrice>
      <UnitOfMeasurePrice>4.98</UnitOfMeasurePrice>
      <AllowDiscount>1</AllowDiscount>
      <itemStatus>1</itemStatus>
      <LastUpdateDate />
      <LastUpdateTime />
    </Product>
    <Product>
      <PriceUpdateDate>2019/01/16 14:39</PriceUpdateDate>
      <ItemCode>7290003989553</ItemCode>
      <ItemType>1</ItemType>
      <ItemName>טורטליני גבינה+פטריות 400 גרם</ItemName>
      <ManufactureName>שטראוס גרופ בע`מ</ManufactureName>
      <ManufactureCountry />
      <ManufactureItemDescription />
      <UnitQty>'יח</UnitQty>
      <Quantity>4</Quantity>
      <UnitMeasure>ל-100 גרם</UnitMeasure>
      <BisWeighted>0</BisWeighted>
      <QtyInPackage>9</QtyInPackage>
      <ItemPrice>20.30</ItemPrice>
      <UnitOfMeasurePrice>5.08</UnitOfMeasurePrice>
      <AllowDiscount>1</AllowDiscount>
      <itemStatus>1</itemStatus>
      <LastUpdateDate />
      <LastUpdateTime />
    </Product>
    <Product>
      <PriceUpdateDate>2020/12/13 15:45</PriceUpdateDate>
      <ItemCode>7290004011284</ItemCode>
      <ItemType>1</ItemType>
      <ItemName>בסיס להכנת קצפת 212 מ`ל</ItemName>
      <ManufactureName>נטו מלינדה סחר בע`מ</ManufactureName>
      <ManufactureCountry />
      <ManufactureItemDescription />
      <UnitQty>'יח</UnitQty>
      <Quantity>2.12</Quantity>
      <UnitMeasure>ל-100 מ"ל</UnitMeasure>
      <BisWeighted>0</BisWeighted>
      <QtyInPackage>24</QtyInPackage>
      <ItemPrice>9.90</ItemPrice>
      <UnitOfMeasurePrice>4.67</UnitOfMeasurePrice>
      <AllowDiscount>1</AllowDiscount>
      <itemStatus>1</itemStatus>
      <LastUpdateDate />
      <LastUpdateTime />
    </Product>
    <Product>
      <PriceUpdateDate>2021/06/03 15:06</PriceUpdateDate>
      <ItemCode>7290004011291</ItemCode>
      <ItemType>1</ItemType>
      <ItemName>בסיס להכנת קצפת 425 מ`ל</ItemName>
      <ManufactureName>נטו מלינדה סחר בע`מ</ManufactureName>
      <ManufactureCountry />
      <ManufactureItemDescription />
      <UnitQty>'יח</UnitQty>
      <Quantity>4.35</Quantity>
      <UnitMeasure>ל-100 מ"ל</UnitMeasure>
      <BisWeighted>0</BisWeighted>
      <QtyInPackage>12</QtyInPackage>
      <ItemPrice>14.90</ItemPrice>
      <UnitOfMeasurePrice>3.43</UnitOfMeasurePrice>
      <AllowDiscount>0</AllowDiscount>
      <itemStatus>1</itemStatus>
      <LastUpdateDate />
      <LastUpdateTime />
    </Product>
    <Product>
      <PriceUpdateDate>2021/05/20 14:49</PriceUpdateDate>
      <ItemCode>4033705</ItemCode>
      <ItemType>0</ItemType>
      <ItemName>הבורגריה לחמניות המבורגר ביס לוקס 6 בש</ItemName>
      <ManufactureName>מאפיית י.את א. ברמן בעמ</ManufactureName>
      <ManufactureCountry />
      <ManufactureItemDescription />
      <UnitQty>'יח</UnitQty>
      <Quantity>6</Quantity>
      <UnitMeasure>ל-100 גרם</UnitMeasure>
      <BisWeighted>0</BisWeighted>
      <QtyInPackage>1</QtyInPackage>
      <ItemPrice>14.90</ItemPrice>
      <UnitOfMeasurePrice>2.48</UnitOfMeasurePrice>
      <AllowDiscount>0</AllowDiscount>
      <itemStatus>1</itemStatus>
      <LastUpdateDate />
      <LastUpdateTime />
    </Product>
    <Product>
      <PriceUpdateDate>2022/07/06 08:54</PriceUpdateDate>
      <ItemCode>4033712</ItemCode>
      <ItemType>0</ItemType>
      <ItemName>לחם עננים מקמח מלא 750 גר`</ItemName>
      <ManufactureName>מאפיית י.את א. ברמן בעמ</ManufactureName>
      <ManufactureCountry />
      <ManufactureItemDescription />
      <UnitQty>'יח</UnitQty>
      <Quantity>7.50</Quantity>
      <UnitMeasure>ל-100 גרם</UnitMeasure>
      <BisWeighted>0</BisWeighted>
      <QtyInPackage>1</QtyInPackage>
      <ItemPrice>16.90</ItemPrice>
      <UnitOfMeasurePrice>2.25</UnitOfMeasurePrice>
      <AllowDiscount>1</AllowDiscount>
      <itemStatus>1</itemStatus>
      <LastUpdateDate />
      <LastUpdateTime />
    </Product>
    <Product>
      <PriceUpdateDate>2022/07/06 08:54</PriceUpdateDate>
      <ItemCode>4033729</ItemCode>
      <ItemType>0</ItemType>
      <ItemName>לחם עננים כוסמין 750 גר`</ItemName>
      <ManufactureName>מאפיית י.את א. ברמן בעמ</ManufactureName>
      <ManufactureCountry />
      <ManufactureItemDescription />
      <UnitQty>'יח</UnitQty>
      <Quantity>7.50</Quantity>
      <UnitMeasure>ל-100 גרם</UnitMeasure>
      <BisWeighted>0</BisWeighted>
      <QtyInPackage>1</QtyInPackage>
      <ItemPrice>16.90</ItemPrice>
      <UnitOfMeasurePrice>2.25</UnitOfMeasurePrice>
      <AllowDiscount>1</AllowDiscount>
      <itemStatus>1</itemStatus>
      <LastUpdateDate />
      <LastUpdateTime />
    </Product>
    <Product>
      <PriceUpdateDate>2022/07/24 15:27</PriceUpdateDate>
      <ItemCode>4033736</ItemCode>
      <ItemType>0</ItemType>
      <ItemName>לחם עננים בסגנון בריוש</ItemName>
      <ManufactureName>מאפיית י.את א. ברמן בעמ</ManufactureName>
      <ManufactureCountry />
      <ManufactureItemDescription />
      <UnitQty>'יח</UnitQty>
      <Quantity>1</Quantity>
      <UnitMeasure>ל-100 גרם</UnitMeasure>
      <BisWeighted>0</BisWeighted>
      <QtyInPackage>1</QtyInPackage>
      <ItemPrice>15.90</ItemPrice>
      <UnitOfMeasurePrice>15.90</UnitOfMeasurePrice>
      <AllowDiscount>1</AllowDiscount>
      <itemStatus>1</itemStatus>
      <LastUpdateDate />
      <LastUpdateTime />
    </Product>
    <Product>
      <PriceUpdateDate>2022/03/16 11:37</PriceUpdateDate>
      <ItemCode>4063016</ItemCode>
      <ItemType>0</ItemType>
      <ItemName>.מלח שולחן מעולה 1 ק`ג</ItemName>
      <ManufactureName>סוגת</ManufactureName>
      <ManufactureCountry />
      <ManufactureItemDescription />
      <UnitQty>'יח</UnitQty>
      <Quantity>10</Quantity>
      <UnitMeasure>ל-100 גרם</UnitMeasure>
      <BisWeighted>0</BisWeighted>
      <QtyInPackage>1</QtyInPackage>
      <ItemPrice>1.90</ItemPrice>
      <UnitOfMeasurePrice>0.19</UnitOfMeasurePrice>
      <AllowDiscount>0</AllowDiscount>
      <itemStatus>1</itemStatus>
      <LastUpdateDate />
      <LastUpdateTime />
    </Product>
    <Product>
      <PriceUpdateDate>2022/03/16 11:37</PriceUpdateDate>
      <ItemCode>4063115</ItemCode>
      <ItemType>0</ItemType>
      <ItemName>מלח מטבח רגיל 1 ק``ג</ItemName>
      <ManufactureName>סוגת</ManufactureName>
      <ManufactureCountry />
      <ManufactureItemDescription />
      <UnitQty>'יח</UnitQty>
      <Quantity>10</Quantity>
      <UnitMeasure>ל-100 גרם</UnitMeasure>
      <BisWeighted>0</BisWeighted>
      <QtyInPackage>1</QtyInPackage>
      <ItemPrice>1.90</ItemPrice>
      <UnitOfMeasurePrice>0.19</UnitOfMeasurePrice>
      <AllowDiscount>0</AllowDiscount>
      <itemStatus>1</itemStatus>
      <LastUpdateDate />
      <LastUpdateTime />
    </Product>
    <Product>
      <PriceUpdateDate>2020/07/02 07:42</PriceUpdateDate>
      <ItemCode>4064181</ItemCode>
      <ItemType>0</ItemType>
      <ItemName>מלח צנצנת הימלאיה גס 1 ק"ג</ItemName>
      <ManufactureName>סוגת</ManufactureName>
      <ManufactureCountry />
      <ManufactureItemDescription />
      <UnitQty>'יח</UnitQty>
      <Quantity>6</Quantity>
      <UnitMeasure>ל-100 גרם</UnitMeasure>
      <BisWeighted>0</BisWeighted>
      <QtyInPackage>1</QtyInPackage>
      <ItemPrice>16.90</ItemPrice>
      <UnitOfMeasurePrice>2.82</UnitOfMeasurePrice>
      <AllowDiscount>0</AllowDiscount>
      <itemStatus>1</itemStatus>
      <LastUpdateDate />
      <LastUpdateTime />
    </Product>
    <Product>
      <PriceUpdateDate>2019/01/16 14:39</PriceUpdateDate>
      <ItemCode>4064198</ItemCode>
      <ItemType>0</ItemType>
      <ItemName>מטחנת מלח אקסטרא תבלינים</ItemName>
      <ManufactureName>סוגת</ManufactureName>
      <ManufactureCountry />
      <ManufactureItemDescription />
      <UnitQty>'יח</UnitQty>
      <Quantity>10</Quantity>
      <UnitMeasure>ל-100 גרם</UnitMeasure>
      <BisWeighted>0</BisWeighted>
      <QtyInPackage>1</QtyInPackage>
      <ItemPrice>18.90</ItemPrice>
      <UnitOfMeasurePrice>1.89</UnitOfMeasurePrice>
      <AllowDiscount>1</AllowDiscount>
      <itemStatus>1</itemStatus>
      <LastUpdateDate />
      <LastUpdateTime />
    </Product>
    <Product>
      <PriceUpdateDate>2022/04/04 10:35</PriceUpdateDate>
      <ItemCode>4068028</ItemCode>
      <ItemType>0</ItemType>
      <ItemName>צזיקי 500 מ`ל</ItemName>
      <ManufactureName>מחלבות גד בעמ`</ManufactureName>
      <ManufactureCountry />
      <ManufactureItemDescription />
      <UnitQty>'יח</UnitQty>
      <Quantity>2</Quantity>
      <UnitMeasure>ל-100 גרם</UnitMeasure>
      <BisWeighted>0</BisWeighted>
      <QtyInPackage>1</QtyInPackage>
      <ItemPrice>9.90</ItemPrice>
      <UnitOfMeasurePrice>4.95</UnitOfMeasurePrice>
      <AllowDiscount>0</AllowDiscount>
      <itemStatus>1</itemStatus>
      <LastUpdateDate />
      <LastUpdateTime />
    </Product>
    <Product>
      <PriceUpdateDate>2019/01/16 14:39</PriceUpdateDate>
      <ItemCode>4068035</ItemCode>
      <ItemType>0</ItemType>
      <ItemName>איירן 500 מ`ל</ItemName>
      <ManufactureName>מחלבות גד בעמ`</ManufactureName>
      <ManufactureCountry />
      <ManufactureItemDescription />
      <UnitQty>'יח</UnitQty>
      <Quantity>2</Quantity>
      <UnitMeasure>ל-100 גרם</UnitMeasure>
      <BisWeighted>0</BisWeighted>
      <QtyInPackage>1</QtyInPackage>
      <ItemPrice>8.60</ItemPrice>
      <UnitOfMeasurePrice>4.30</UnitOfMeasurePrice>
      <AllowDiscount>0</AllowDiscount>
      <itemStatus>1</itemStatus>
      <LastUpdateDate />
      <LastUpdateTime />
    </Product>
    <Product>
      <PriceUpdateDate>2019/01/16 14:39</PriceUpdateDate>
      <ItemCode>4068172</ItemCode>
      <ItemType>0</ItemType>
      <ItemName>יוגורט עזים דלי 600  גר`5%</ItemName>
      <ManufactureName>מחלבות גד בעמ`</ManufactureName>
      <ManufactureCountry />
      <ManufactureItemDescription />
      <UnitQty>'יח</UnitQty>
      <Quantity>6</Quantity>
      <UnitMeasure>ל-100 מ"ל</UnitMeasure>
      <BisWeighted>0</BisWeighted>
      <QtyInPackage>1</QtyInPackage>
      <ItemPrice>18.90</ItemPrice>
      <UnitOfMeasurePrice>3.15</UnitOfMeasurePrice>
      <AllowDiscount>0</AllowDiscount>
      <itemStatus>1</itemStatus>
      <LastUpdateDate />
      <LastUpdateTime />
    </Product>
    <Product>
      <PriceUpdateDate>2019/01/16 14:39</PriceUpdateDate>
      <ItemCode>7290004078263</ItemCode>
      <ItemType>1</ItemType>
      <ItemName>בלונס צמרונים צבעונים 2*200 יח`</ItemName>
      <ManufactureName>ש. שסטוביץ בע`מ</ManufactureName>
      <ManufactureCountry />
      <ManufactureItemDescription />
      <UnitQty>'יח</UnitQty>
      <Quantity>0</Quantity>
      <UnitMeasure>ל-100 גרם</UnitMeasure>
      <BisWeighted>0</BisWeighted>
      <QtyInPackage>1</QtyInPackage>
      <ItemPrice>11.40</ItemPrice>
      <UnitOfMeasurePrice>11.40</UnitOfMeasurePrice>
      <AllowDiscount>0</AllowDiscount>
      <itemStatus>1</itemStatus>
      <LastUpdateDate />
      <LastUpdateTime />
    </Product>
    <Product>
      <PriceUpdateDate>2021/12/15 17:18</PriceUpdateDate>
      <ItemCode>7290004078690</ItemCode>
      <ItemType>1</ItemType>
      <ItemName>אג`קס כלורון ג`ל בניחוח מרענן 750 מל</ItemName>
      <ManufactureName>ש. שסטוביץ בע`מ</ManufactureName>
      <ManufactureCountry />
      <ManufactureItemDescription />
      <UnitQty>'יח</UnitQty>
      <Quantity>7.50</Quantity>
      <UnitMeasure>ל-100 מ"ל</UnitMeasure>
      <BisWeighted>0</BisWeighted>
      <QtyInPackage>1</QtyInPackage>
      <ItemPrice>15.90</ItemPrice>
      <UnitOfMeasurePrice>2.12</UnitOfMeasurePrice>
      <AllowDiscount>0</AllowDiscount>
      <itemStatus>1</itemStatus>
      <LastUpdateDate />
      <LastUpdateTime />
    </Product>
    <Product>
      <PriceUpdateDate>2020/10/13 14:17</PriceUpdateDate>
      <ItemCode>7290004078942</ItemCode>
      <ItemType>1</ItemType>
      <ItemName>ליידי ספיד סטיק ג`ל 24/7 שוואר פרש 63.</ItemName>
      <ManufactureName>ש. שסטוביץ בע`מ</ManufactureName>
      <ManufactureCountry />
      <ManufactureItemDescription />
      <UnitQty>'יח</UnitQty>
      <Quantity>0.63</Quantity>
      <UnitMeasure>ל-100 גרם</UnitMeasure>
      <BisWeighted>0</BisWeighted>
      <QtyInPackage>1</QtyInPackage>
      <ItemPrice>19.90</ItemPrice>
      <UnitOfMeasurePrice>31.59</UnitOfMeasurePrice>
      <AllowDiscount>1</AllowDiscount>
      <itemStatus>1</itemStatus>
      <LastUpdateDate />
      <LastUpdateTime />
    </Product>
    <Product>
      <PriceUpdateDate>2019/01/16 14:39</PriceUpdateDate>
      <ItemCode>7290004119225</ItemCode>
      <ItemType>1</ItemType>
      <ItemName>יופלה יוגורט בטעם אננס %3 150 גרם</ItemName>
      <ManufactureName>תנובה חלב</ManufactureName>
      <ManufactureCountry />
      <ManufactureItemDescription />
      <UnitQty>'יח</UnitQty>
      <Quantity>1.50</Quantity>
      <UnitMeasure>ל-100 מ"ל</UnitMeasure>
      <BisWeighted>0</BisWeighted>
      <QtyInPackage>1</QtyInPackage>
      <ItemPrice>5.20</ItemPrice>
      <UnitOfMeasurePrice>3.47</UnitOfMeasurePrice>
      <AllowDiscount>0</AllowDiscount>
      <itemStatus>1</itemStatus>
      <LastUpdateDate />
      <LastUpdateTime />
    </Product>
    <Product>
      <PriceUpdateDate>2019/01/16 14:39</PriceUpdateDate>
      <ItemCode>7290004119928</ItemCode>
      <ItemType>1</ItemType>
      <ItemName>מעדן וניל קרלו %3 125 גרם</ItemName>
      <ManufactureName>תנובה חלב</ManufactureName>
      <ManufactureCountry />
      <ManufactureItemDescription />
      <UnitQty>'יח</UnitQty>
      <Quantity>1.25</Quantity>
      <UnitMeasure>ל-100 מ"ל</UnitMeasure>
      <BisWeighted>0</BisWeighted>
      <QtyInPackage>1</QtyInPackage>
      <ItemPrice>3</ItemPrice>
      <UnitOfMeasurePrice>2.40</UnitOfMeasurePrice>
      <AllowDiscount>0</AllowDiscount>
      <itemStatus>1</itemStatus>
      <LastUpdateDate />
      <LastUpdateTime />
    </Product>
    <Product>
      <PriceUpdateDate>2019/01/16 14:39</PriceUpdateDate>
      <ItemCode>7290004119973</ItemCode>
      <ItemType>1</ItemType>
      <ItemName>מעדן שוקולד קרלו %3 125 גרם</ItemName>
      <ManufactureName>תנובה חלב</ManufactureName>
      <ManufactureCountry />
      <ManufactureItemDescription />
      <UnitQty>'יח</UnitQty>
      <Quantity>1.25</Quantity>
      <UnitMeasure>ל-100 מ"ל</UnitMeasure>
      <BisWeighted>0</BisWeighted>
      <QtyInPackage>1</QtyInPackage>
      <ItemPrice>3</ItemPrice>
      <UnitOfMeasurePrice>2.40</UnitOfMeasurePrice>
      <AllowDiscount>0</AllowDiscount>
      <itemStatus>1</itemStatus>
      <LastUpdateDate />
      <LastUpdateTime />
    </Product>
    <Product>
      <PriceUpdateDate>2019/01/16 14:39</PriceUpdateDate>
      <ItemCode>7290004120061</ItemCode>
      <ItemType>1</ItemType>
      <ItemName>קרלו שוניל בטעם שוקולד וניל %3 125 ג</ItemName>
      <ManufactureName>תנובה חלב</ManufactureName>
      <ManufactureCountry />
      <ManufactureItemDescription />
      <UnitQty>'יח</UnitQty>
      <Quantity>1.25</Quantity>
      <UnitMeasure>ל-100 מ"ל</UnitMeasure>
      <BisWeighted>0</BisWeighted>
      <QtyInPackage>1</QtyInPackage>
      <ItemPrice>3</ItemPrice>
      <UnitOfMeasurePrice>2.40</UnitOfMeasurePrice>
      <AllowDiscount>0</AllowDiscount>
      <itemStatus>1</itemStatus>
      <LastUpdateDate />
      <LastUpdateTime />
    </Product>
    <Product>
      <PriceUpdateDate>2019/01/16 14:39</PriceUpdateDate>
      <ItemCode>7290004120108</ItemCode>
      <ItemType>1</ItemType>
      <ItemName>יופלה דיאט יוגורט דובדבן 0% 150 גרם</ItemName>
      <ManufactureName>תנובה חלב</ManufactureName>
      <ManufactureCountry />
      <ManufactureItemDescription />
      <UnitQty>'יח</UnitQty>
      <Quantity>1.50</Quantity>
      <UnitMeasure>ל-100 מ"ל</UnitMeasure>
      <BisWeighted>0</BisWeighted>
      <QtyInPackage>1</QtyInPackage>
      <ItemPrice>5.20</ItemPrice>
      <UnitOfMeasurePrice>3.47</UnitOfMeasurePrice>
      <AllowDiscount>0</AllowDiscount>
      <itemStatus>1</itemStatus>
      <LastUpdateDate />
      <LastUpdateTime />
    </Product>
    <Product>
      <PriceUpdateDate>2019/09/22 08:52</PriceUpdateDate>
      <ItemCode>4120566</ItemCode>
      <ItemType>0</ItemType>
      <ItemName>גבינה מלוחה %24 בולגרית 250 גרם</ItemName>
      <ManufactureName>תנובה חלב</ManufactureName>
      <ManufactureCountry />
      <ManufactureItemDescription />
      <UnitQty>'יח</UnitQty>
      <Quantity>2.50</Quantity>
      <UnitMeasure>ל-100 גרם</UnitMeasure>
      <BisWeighted>0</BisWeighted>
      <QtyInPackage>1</QtyInPackage>
      <ItemPrice>22.90</ItemPrice>
      <UnitOfMeasurePrice>9.16</UnitOfMeasurePrice>
      <AllowDiscount>0</AllowDiscount>
      <itemStatus>1</itemStatus>
      <LastUpdateDate />
      <LastUpdateTime />
    </Product>
    <Product>
      <PriceUpdateDate>2019/01/16 14:39</PriceUpdateDate>
      <ItemCode>7290004120573</ItemCode>
      <ItemType>1</ItemType>
      <ItemName>גבינה מלוחה %16 בולגרית 250 גרם</ItemName>
      <ManufactureName>תנובה חלב</ManufactureName>
      <ManufactureCountry />
      <ManufactureItemDescription />
      <UnitQty>'יח</UnitQty>
      <Quantity>2.50</Quantity>
      <UnitMeasure>ל-100 גרם</UnitMeasure>
      <BisWeighted>0</BisWeighted>
      <QtyInPackage>1</QtyInPackage>
      <ItemPrice>23.60</ItemPrice>
      <UnitOfMeasurePrice>9.44</UnitOfMeasurePrice>
      <AllowDiscount>0</AllowDiscount>
      <itemStatus>1</itemStatus>
      <LastUpdateDate />
      <LastUpdateTime />
    </Product>
    <Product>
      <PriceUpdateDate>2019/01/16 14:39</PriceUpdateDate>
      <ItemCode>4120634</ItemCode>
      <ItemType>0</ItemType>
      <ItemName>גבינה מלוחה בולגרית %5 250 גרם</ItemName>
      <ManufactureName>תנובה חלב</ManufactureName>
      <ManufactureCountry />
      <ManufactureItemDescription />
      <UnitQty>'יח</UnitQty>
      <Quantity>2.50</Quantity>
      <UnitMeasure>ל-100 גרם</UnitMeasure>
      <BisWeighted>0</BisWeighted>
      <QtyInPackage>1</QtyInPackage>
      <ItemPrice>21.90</ItemPrice>
      <UnitOfMeasurePrice>8.76</UnitOfMeasurePrice>
      <AllowDiscount>0</AllowDiscount>
      <itemStatus>1</itemStatus>
      <LastUpdateDate />
      <LastUpdateTime />
    </Product>
    <Product>
      <PriceUpdateDate>2019/01/16 14:39</PriceUpdateDate>
      <ItemCode>7290004121488</ItemCode>
      <ItemType>1</ItemType>
      <ItemName>יופלה דיאט אפרסק %0 150 גרם</ItemName>
      <ManufactureName>תנובה חלב</ManufactureName>
      <ManufactureCountry />
      <ManufactureItemDescription />
      <UnitQty>'יח</UnitQty>
      <Quantity>1.50</Quantity>
      <UnitMeasure>ל-100 מ"ל</UnitMeasure>
      <BisWeighted>0</BisWeighted>
      <QtyInPackage>1</QtyInPackage>
      <ItemPrice>5.20</ItemPrice>
      <UnitOfMeasurePrice>3.47</UnitOfMeasurePrice>
      <AllowDiscount>0</AllowDiscount>
      <itemStatus>1</itemStatus>
      <LastUpdateDate />
      <LastUpdateTime />
    </Product>
    <Product>
      <PriceUpdateDate>2019/01/16 14:39</PriceUpdateDate>
      <ItemCode>7290004121525</ItemCode>
      <ItemType>1</ItemType>
      <ItemName>יופלה יוגורט 3% בטעם תות+*4אפרסק*4</ItemName>
      <ManufactureName>תנובה חלב</ManufactureName>
      <ManufactureCountry />
      <ManufactureItemDescription />
      <UnitQty>'יח</UnitQty>
      <Quantity>1.50</Quantity>
      <UnitMeasure>ל-100 גרם</UnitMeasure>
      <BisWeighted>0</BisWeighted>
      <QtyInPackage>1</QtyInPackage>
      <ItemPrice>31</ItemPrice>
      <UnitOfMeasurePrice>20.67</UnitOfMeasurePrice>
      <AllowDiscount>0</AllowDiscount>
      <itemStatus>1</itemStatus>
      <LastUpdateDate />
      <LastUpdateTime />
    </Product>
    <Product>
      <PriceUpdateDate>2019/01/16 14:39</PriceUpdateDate>
      <ItemCode>7290004121853</ItemCode>
      <ItemType>1</ItemType>
      <ItemName>פיראוס קוביות גבינה בולגרית %5 200ג</ItemName>
      <ManufactureName>תנובה חלב</ManufactureName>
      <ManufactureCountry />
      <ManufactureItemDescription />
      <UnitQty>'יח</UnitQty>
      <Quantity>2</Quantity>
      <UnitMeasure>ל-100 גרם</UnitMeasure>
      <BisWeighted>0</BisWeighted>
      <QtyInPackage>1</QtyInPackage>
      <ItemPrice>21.30</ItemPrice>
      <UnitOfMeasurePrice>10.65</UnitOfMeasurePrice>
      <AllowDiscount>0</AllowDiscount>
      <itemStatus>1</itemStatus>
      <LastUpdateDate />
      <LastUpdateTime />
    </Product>
    <Product>
      <PriceUpdateDate>2021/12/17 07:54</PriceUpdateDate>
      <ItemCode>7290004122119</ItemCode>
      <ItemType>1</ItemType>
      <ItemName>פתיתי פרמזן לפסטה %23</ItemName>
      <ManufactureName>תנובה חלב</ManufactureName>
      <ManufactureCountry />
      <ManufactureItemDescription />
      <UnitQty>'יח</UnitQty>
      <Quantity>2.20</Quantity>
      <UnitMeasure>ל-100 גרם</UnitMeasure>
      <BisWeighted>0</BisWeighted>
      <QtyInPackage>1</QtyInPackage>
      <ItemPrice>11.90</ItemPrice>
      <UnitOfMeasurePrice>5.41</UnitOfMeasurePrice>
      <AllowDiscount>0</AllowDiscount>
      <itemStatus>1</itemStatus>
      <LastUpdateDate />
      <LastUpdateTime />
    </Product>
    <Product>
      <PriceUpdateDate>2019/10/16 13:11</PriceUpdateDate>
      <ItemCode>7290004122195</ItemCode>
      <ItemType>1</ItemType>
      <ItemName>גבינה חצי קשה גוש חלב %28 שומן 200גר</ItemName>
      <ManufactureName>תנובה חלב</ManufactureName>
      <ManufactureCountry />
      <ManufactureItemDescription />
      <UnitQty>'יח</UnitQty>
      <Quantity>2</Quantity>
      <UnitMeasure>ל-100 גרם</UnitMeasure>
      <BisWeighted>0</BisWeighted>
      <QtyInPackage>1</QtyInPackage>
      <ItemPrice>13.70</ItemPrice>
      <UnitOfMeasurePrice>6.85</UnitOfMeasurePrice>
      <AllowDiscount>0</AllowDiscount>
      <itemStatus>1</itemStatus>
      <LastUpdateDate />
      <LastUpdateTime />
    </Product>
    <Product>
      <PriceUpdateDate>2019/10/18 09:44</PriceUpdateDate>
      <ItemCode>7290004122270</ItemCode>
      <ItemType>1</ItemType>
      <ItemName>גבינת עמק פתיחה נוחה 200 גרם</ItemName>
      <ManufactureName>תנובה חלב</ManufactureName>
      <ManufactureCountry />
      <ManufactureItemDescription />
      <UnitQty>'יח</UnitQty>
      <Quantity>2</Quantity>
      <UnitMeasure>ל-100 גרם</UnitMeasure>
      <BisWeighted>0</BisWeighted>
      <QtyInPackage>1</QtyInPackage>
      <ItemPrice>15.90</ItemPrice>
      <UnitOfMeasurePrice>7.95</UnitOfMeasurePrice>
      <AllowDiscount>0</AllowDiscount>
      <itemStatus>1</itemStatus>
      <LastUpdateDate />
      <LastUpdateTime />
    </Product>
    <Product>
      <PriceUpdateDate>2019/10/16 13:11</PriceUpdateDate>
      <ItemCode>7290004122348</ItemCode>
      <ItemType>1</ItemType>
      <ItemName>גבינת עמק לייט %9 נוחה לפתיחה 200 גר</ItemName>
      <ManufactureName>תנובה חלב</ManufactureName>
      <ManufactureCountry />
      <ManufactureItemDescription />
      <UnitQty>'יח</UnitQty>
      <Quantity>2</Quantity>
      <UnitMeasure>ל-100 גרם</UnitMeasure>
      <BisWeighted>0</BisWeighted>
      <QtyInPackage>1</QtyInPackage>
      <ItemPrice>16.80</ItemPrice>
      <UnitOfMeasurePrice>8.40</UnitOfMeasurePrice>
      <AllowDiscount>0</AllowDiscount>
      <itemStatus>1</itemStatus>
      <LastUpdateDate />
      <LastUpdateTime />
    </Product>
    <Product>
      <PriceUpdateDate>2019/01/16 14:39</PriceUpdateDate>
      <ItemCode>7290004124205</ItemCode>
      <ItemType>1</ItemType>
      <ItemName>יופלה דיאט יוגורט תות %0 150 גרם</ItemName>
      <ManufactureName>תנובה חלב</ManufactureName>
      <ManufactureCountry />
      <ManufactureItemDescription />
      <UnitQty>'יח</UnitQty>
      <Quantity>1.50</Quantity>
      <UnitMeasure>ל-100 מ"ל</UnitMeasure>
      <BisWeighted>0</BisWeighted>
      <QtyInPackage>1</QtyInPackage>
      <ItemPrice>5.20</ItemPrice>
      <UnitOfMeasurePrice>3.47</UnitOfMeasurePrice>
      <AllowDiscount>0</AllowDiscount>
      <itemStatus>1</itemStatus>
      <LastUpdateDate />
      <LastUpdateTime />
    </Product>
    <Product>
      <PriceUpdateDate>2019/01/16 14:39</PriceUpdateDate>
      <ItemCode>7290004124847</ItemCode>
      <ItemType>1</ItemType>
      <ItemName>השף הלבן קצפת צמחית 500 מל פרווה</ItemName>
      <ManufactureName>תנובה חלב</ManufactureName>
      <ManufactureCountry />
      <ManufactureItemDescription />
      <UnitQty>'יח</UnitQty>
      <Quantity>5</Quantity>
      <UnitMeasure>ל-100 גרם</UnitMeasure>
      <BisWeighted>0</BisWeighted>
      <QtyInPackage>1</QtyInPackage>
      <ItemPrice>16.60</ItemPrice>
      <UnitOfMeasurePrice>3.32</UnitOfMeasurePrice>
      <AllowDiscount>0</AllowDiscount>
      <itemStatus>1</itemStatus>
      <LastUpdateDate />
      <LastUpdateTime />
    </Product>
    <Product>
      <PriceUpdateDate>2019/01/16 14:39</PriceUpdateDate>
      <ItemCode>7290004125370</ItemCode>
      <ItemType>1</ItemType>
      <ItemName>תנובה שמנת חמוצה %9 200 מל</ItemName>
      <ManufactureName>תנובה חלב</ManufactureName>
      <ManufactureCountry />
      <ManufactureItemDescription />
      <UnitQty>'יח</UnitQty>
      <Quantity>2</Quantity>
      <UnitMeasure>ל-100 מ"ל</UnitMeasure>
      <BisWeighted>0</BisWeighted>
      <QtyInPackage>1</QtyInPackage>
      <ItemPrice>3.80</ItemPrice>
      <UnitOfMeasurePrice>1.90</UnitOfMeasurePrice>
      <AllowDiscount>0</AllowDiscount>
      <itemStatus>1</itemStatus>
      <LastUpdateDate />
      <LastUpdateTime />
    </Product>
    <Product>
      <PriceUpdateDate>2022/09/08 16:49</PriceUpdateDate>
      <ItemCode>4125400</ItemCode>
      <ItemType>0</ItemType>
      <ItemName>אשל מהדרין %4.5 200 מ``ל גביע</ItemName>
      <ManufactureName>תנובה חלב</ManufactureName>
      <ManufactureCountry />
      <ManufactureItemDescription />
      <UnitQty>'יח</UnitQty>
      <Quantity>2</Quantity>
      <UnitMeasure>ל-100 מ"ל</UnitMeasure>
      <BisWeighted>0</BisWeighted>
      <QtyInPackage>1</QtyInPackage>
      <ItemPrice>1.69</ItemPrice>
      <UnitOfMeasurePrice>0.85</UnitOfMeasurePrice>
      <AllowDiscount>0</AllowDiscount>
      <itemStatus>1</itemStatus>
      <LastUpdateDate />
      <LastUpdateTime />
    </Product>
    <Product>
      <PriceUpdateDate>2022/09/08 16:49</PriceUpdateDate>
      <ItemCode>4125417</ItemCode>
      <ItemType>0</ItemType>
      <ItemName>גיל מהדרין %3 200 מ``ל גביע</ItemName>
      <ManufactureName>תנובה חלב</ManufactureName>
      <ManufactureCountry />
      <ManufactureItemDescription />
      <UnitQty>'יח</UnitQty>
      <Quantity>2</Quantity>
      <UnitMeasure>ל-100 מ"ל</UnitMeasure>
      <BisWeighted>0</BisWeighted>
      <QtyInPackage>1</QtyInPackage>
      <ItemPrice>1.51</ItemPrice>
      <UnitOfMeasurePrice>0.76</UnitOfMeasurePrice>
      <AllowDiscount>0</AllowDiscount>
      <itemStatus>1</itemStatus>
      <LastUpdateDate />
      <LastUpdateTime />
    </Product>
    <Product>
      <PriceUpdateDate>2022/09/08 16:49</PriceUpdateDate>
      <ItemCode>7290004125455</ItemCode>
      <ItemType>1</ItemType>
      <ItemName>שמנת חמוצה מהדרין %15 200 מל</ItemName>
      <ManufactureName>תנובה חלב</ManufactureName>
      <ManufactureCountry />
      <ManufactureItemDescription />
      <UnitQty>'יח</UnitQty>
      <Quantity>2</Quantity>
      <UnitMeasure>ל-100 מ"ל</UnitMeasure>
      <BisWeighted>0</BisWeighted>
      <QtyInPackage>1</QtyInPackage>
      <ItemPrice>2.40</ItemPrice>
      <UnitOfMeasurePrice>1.20</UnitOfMeasurePrice>
      <AllowDiscount>0</AllowDiscount>
      <itemStatus>1</itemStatus>
      <LastUpdateDate />
      <LastUpdateTime />
    </Product>
    <Product>
      <PriceUpdateDate>2022/09/08 16:49</PriceUpdateDate>
      <ItemCode>4125462</ItemCode>
      <ItemType>0</ItemType>
      <ItemName>תנובה שמנת חמוצה %15 500 גרם</ItemName>
      <ManufactureName>תנובה חלב</ManufactureName>
      <ManufactureCountry />
      <ManufactureItemDescription />
      <UnitQty>'יח</UnitQty>
      <Quantity>5</Quantity>
      <UnitMeasure>ל-100 מ"ל</UnitMeasure>
      <BisWeighted>0</BisWeighted>
      <QtyInPackage>1</QtyInPackage>
      <ItemPrice>6</ItemPrice>
      <UnitOfMeasurePrice>1.20</UnitOfMeasurePrice>
      <AllowDiscount>0</AllowDiscount>
      <itemStatus>1</itemStatus>
      <LastUpdateDate />
      <LastUpdateTime />
    </Product>
    <Product>
      <PriceUpdateDate>2019/01/16 14:39</PriceUpdateDate>
      <ItemCode>7290004125509</ItemCode>
      <ItemType>1</ItemType>
      <ItemName>שמנת תנובה חצי מנה %15 100 גרם</ItemName>
      <ManufactureName>תנובה חלב</ManufactureName>
      <ManufactureCountry />
      <ManufactureItemDescription />
      <UnitQty>'יח</UnitQty>
      <Quantity>1</Quantity>
      <UnitMeasure>ל-100 גרם</UnitMeasure>
      <BisWeighted>0</BisWeighted>
      <QtyInPackage>1</QtyInPackage>
      <ItemPrice>1.80</ItemPrice>
      <UnitOfMeasurePrice>1.80</UnitOfMeasurePrice>
      <AllowDiscount>0</AllowDiscount>
      <itemStatus>1</itemStatus>
      <LastUpdateDate />
      <LastUpdateTime />
    </Product>
    <Product>
      <PriceUpdateDate>2019/10/16 13:11</PriceUpdateDate>
      <ItemCode>4125578</ItemCode>
      <ItemType>0</ItemType>
      <ItemName>משקה סויה טרי מועשר קרטון 1 ליטר</ItemName>
      <ManufactureName>תנובה חלב</ManufactureName>
      <ManufactureCountry />
      <ManufactureItemDescription />
      <UnitQty>'יח</UnitQty>
      <Quantity>10</Quantity>
      <UnitMeasure>ל-100 מ"ל</UnitMeasure>
      <BisWeighted>0</BisWeighted>
      <QtyInPackage>1</QtyInPackage>
      <ItemPrice>10.90</ItemPrice>
      <UnitOfMeasurePrice>1.09</UnitOfMeasurePrice>
      <AllowDiscount>0</AllowDiscount>
      <itemStatus>1</itemStatus>
      <LastUpdateDate />
      <LastUpdateTime />
    </Product>
    <Product>
      <PriceUpdateDate>2019/10/16 13:11</PriceUpdateDate>
      <ItemCode>4125585</ItemCode>
      <ItemType>0</ItemType>
      <ItemName>משקה סויה בטעם וניל 1 קרטון 1 ליטר</ItemName>
      <ManufactureName>תנובה חלב</ManufactureName>
      <ManufactureCountry />
      <ManufactureItemDescription />
      <UnitQty>'יח</UnitQty>
      <Quantity>10</Quantity>
      <UnitMeasure>ל-100 מ"ל</UnitMeasure>
      <BisWeighted>0</BisWeighted>
      <QtyInPackage>1</QtyInPackage>
      <ItemPrice>10.90</ItemPrice>
      <UnitOfMeasurePrice>1.09</UnitOfMeasurePrice>
      <AllowDiscount>0</AllowDiscount>
      <itemStatus>1</itemStatus>
      <LastUpdateDate />
      <LastUpdateTime />
    </Product>
    <Product>
      <PriceUpdateDate>2019/10/10 09:24</PriceUpdateDate>
      <ItemCode>7290004125721</ItemCode>
      <ItemType>1</ItemType>
      <ItemName>שמנת לבישול השף הלבן %15 250 מ``ל קר</ItemName>
      <ManufactureName>תנובה חלב</ManufactureName>
      <ManufactureCountry />
      <ManufactureItemDescription />
      <UnitQty>'יח</UnitQty>
      <Quantity>2.50</Quantity>
      <UnitMeasure>ל-100 מ"ל</UnitMeasure>
      <BisWeighted>0</BisWeighted>
      <QtyInPackage>1</QtyInPackage>
      <ItemPrice>8.30</ItemPrice>
      <UnitOfMeasurePrice>3.32</UnitOfMeasurePrice>
      <AllowDiscount>0</AllowDiscount>
      <itemStatus>1</itemStatus>
      <LastUpdateDate />
      <LastUpdateTime />
    </Product>
    <Product>
      <PriceUpdateDate>2019/01/16 14:39</PriceUpdateDate>
      <ItemCode>4125738</ItemCode>
      <ItemType>0</ItemType>
      <ItemName>שמנת מתוקה להקצפה 32% 250 מ"ל</ItemName>
      <ManufactureName>תנובה חלב</ManufactureName>
      <ManufactureCountry />
      <ManufactureItemDescription />
      <UnitQty>'יח</UnitQty>
      <Quantity>2.50</Quantity>
      <UnitMeasure>ל-100 מ"ל</UnitMeasure>
      <BisWeighted>0</BisWeighted>
      <QtyInPackage>1</QtyInPackage>
      <ItemPrice>6.40</ItemPrice>
      <UnitOfMeasurePrice>2.56</UnitOfMeasurePrice>
      <AllowDiscount>0</AllowDiscount>
      <itemStatus>1</itemStatus>
      <LastUpdateDate />
      <LastUpdateTime />
    </Product>
    <Product>
      <PriceUpdateDate>2021/05/09 13:15</PriceUpdateDate>
      <ItemCode>7290004125776</ItemCode>
      <ItemType>1</ItemType>
      <ItemName>גבינת עמק חצי קשה 28% 400 גרם</ItemName>
      <ManufactureName>תנובה חלב</ManufactureName>
      <ManufactureCountry />
      <ManufactureItemDescription />
      <UnitQty>'יח</UnitQty>
      <Quantity>4</Quantity>
      <UnitMeasure>ל-100 גרם</UnitMeasure>
      <BisWeighted>0</BisWeighted>
      <QtyInPackage>1</QtyInPackage>
      <ItemPrice>28.90</ItemPrice>
      <UnitOfMeasurePrice>7.23</UnitOfMeasurePrice>
      <AllowDiscount>0</AllowDiscount>
      <itemStatus>1</itemStatus>
      <LastUpdateDate />
      <LastUpdateTime />
    </Product>
    <Product>
      <PriceUpdateDate>2019/11/11 12:25</PriceUpdateDate>
      <ItemCode>7290004126674</ItemCode>
      <ItemType>1</ItemType>
      <ItemName>גבינה טל העמק לייט חצי קשה %9 200גרם</ItemName>
      <ManufactureName>תנובה חלב</ManufactureName>
      <ManufactureCountry />
      <ManufactureItemDescription />
      <UnitQty>'יח</UnitQty>
      <Quantity>2</Quantity>
      <UnitMeasure>ל-100 גרם</UnitMeasure>
      <BisWeighted>0</BisWeighted>
      <QtyInPackage>1</QtyInPackage>
      <ItemPrice>18.90</ItemPrice>
      <UnitOfMeasurePrice>9.45</UnitOfMeasurePrice>
      <AllowDiscount>0</AllowDiscount>
      <itemStatus>1</itemStatus>
      <LastUpdateDate />
      <LastUpdateTime />
    </Product>
    <Product>
      <PriceUpdateDate>2019/01/16 14:39</PriceUpdateDate>
      <ItemCode>7290004126759</ItemCode>
      <ItemType>1</ItemType>
      <ItemName>יופלה דיאט פירות יער %0 150 גרם</ItemName>
      <ManufactureName>תנובה חלב</ManufactureName>
      <ManufactureCountry />
      <ManufactureItemDescription />
      <UnitQty>'יח</UnitQty>
      <Quantity>1.50</Quantity>
      <UnitMeasure>ל-100 מ"ל</UnitMeasure>
      <BisWeighted>0</BisWeighted>
      <QtyInPackage>1</QtyInPackage>
      <ItemPrice>5.20</ItemPrice>
      <UnitOfMeasurePrice>3.47</UnitOfMeasurePrice>
      <AllowDiscount>0</AllowDiscount>
      <itemStatus>1</itemStatus>
      <LastUpdateDate />
      <LastUpdateTime />
    </Product>
    <Product>
      <PriceUpdateDate>2019/01/16 14:39</PriceUpdateDate>
      <ItemCode>7290004127329</ItemCode>
      <ItemType>1</ItemType>
      <ItemName> קוטג`תנובה 5% 250 גרם</ItemName>
      <ManufactureName>תנובה חלב</ManufactureName>
      <ManufactureCountry />
      <ManufactureItemDescription />
      <UnitQty>'יח</UnitQty>
      <Quantity>2.50</Quantity>
      <UnitMeasure>ל-100 גרם</UnitMeasure>
      <BisWeighted>0</BisWeighted>
      <QtyInPackage>1</QtyInPackage>
      <ItemPrice>5.60</ItemPrice>
      <UnitOfMeasurePrice>2.24</UnitOfMeasurePrice>
      <AllowDiscount>0</AllowDiscount>
      <itemStatus>1</itemStatus>
      <LastUpdateDate />
      <LastUpdateTime />
    </Product>
    <Product>
      <PriceUpdateDate>2019/01/16 14:39</PriceUpdateDate>
      <ItemCode>7290004127336</ItemCode>
      <ItemType>1</ItemType>
      <ItemName> קוטג`תנובה %9 250 גרם</ItemName>
      <ManufactureName>תנובה חלב</ManufactureName>
      <ManufactureCountry />
      <ManufactureItemDescription />
      <UnitQty>'יח</UnitQty>
      <Quantity>2.50</Quantity>
      <UnitMeasure>ל-100 גרם</UnitMeasure>
      <BisWeighted>0</BisWeighted>
      <QtyInPackage>1</QtyInPackage>
      <ItemPrice>5.60</ItemPrice>
      <UnitOfMeasurePrice>2.24</UnitOfMeasurePrice>
      <AllowDiscount>0</AllowDiscount>
      <itemStatus>1</itemStatus>
      <LastUpdateDate />
      <LastUpdateTime />
    </Product>
    <Product>
      <PriceUpdateDate>2022/09/08 16:49</PriceUpdateDate>
      <ItemCode>7290004127800</ItemCode>
      <ItemType>1</ItemType>
      <ItemName>גבינה לבנה %5 גביע500 גרם</ItemName>
      <ManufactureName>תנובה חלב</ManufactureName>
      <ManufactureCountry />
      <ManufactureItemDescription />
      <UnitQty>'יח</UnitQty>
      <Quantity>5</Quantity>
      <UnitMeasure>ל-100 גרם</UnitMeasure>
      <BisWeighted>0</BisWeighted>
      <QtyInPackage>1</QtyInPackage>
      <ItemPrice>9.90</ItemPrice>
      <UnitOfMeasurePrice>1.98</UnitOfMeasurePrice>
      <AllowDiscount>0</AllowDiscount>
      <itemStatus>1</itemStatus>
      <LastUpdateDate />
      <LastUpdateTime />
    </Product>
    <Product>
      <PriceUpdateDate>2019/06/16 21:35</PriceUpdateDate>
      <ItemCode>7290004127817</ItemCode>
      <ItemType>1</ItemType>
      <ItemName>גבינה לבנה %9 גביע 500 גרם</ItemName>
      <ManufactureName>תנובה חלב</ManufactureName>
      <ManufactureCountry />
      <ManufactureItemDescription />
      <UnitQty>'יח</UnitQty>
      <Quantity>5</Quantity>
      <UnitMeasure>ל-100 גרם</UnitMeasure>
      <BisWeighted>0</BisWeighted>
      <QtyInPackage>1</QtyInPackage>
      <ItemPrice>9.50</ItemPrice>
      <UnitOfMeasurePrice>1.90</UnitOfMeasurePrice>
      <AllowDiscount>0</AllowDiscount>
      <itemStatus>1</itemStatus>
      <LastUpdateDate />
      <LastUpdateTime />
    </Product>
    <Product>
      <PriceUpdateDate>2022/09/08 16:49</PriceUpdateDate>
      <ItemCode>7290004127862</ItemCode>
      <ItemType>1</ItemType>
      <ItemName>גבינה לבנה %5 גביע 750 גרם</ItemName>
      <ManufactureName>תנובה חלב</ManufactureName>
      <ManufactureCountry />
      <ManufactureItemDescription />
      <UnitQty>'יח</UnitQty>
      <Quantity>7.50</Quantity>
      <UnitMeasure>ל-100 גרם</UnitMeasure>
      <BisWeighted>0</BisWeighted>
      <QtyInPackage>1</QtyInPackage>
      <ItemPrice>14.90</ItemPrice>
      <UnitOfMeasurePrice>1.99</UnitOfMeasurePrice>
      <AllowDiscount>0</AllowDiscount>
      <itemStatus>1</itemStatus>
      <LastUpdateDate />
      <LastUpdateTime />
    </Product>
    <Product>
      <PriceUpdateDate>2019/01/16 14:39</PriceUpdateDate>
      <ItemCode>7290004128333</ItemCode>
      <ItemType>1</ItemType>
      <ItemName>פיראוס גבינת לבנה %9 500 גרם</ItemName>
      <ManufactureName>תנובה חלב</ManufactureName>
      <ManufactureCountry />
      <ManufactureItemDescription />
      <UnitQty>'יח</UnitQty>
      <Quantity>5</Quantity>
      <UnitMeasure>ל-100 גרם</UnitMeasure>
      <BisWeighted>0</BisWeighted>
      <QtyInPackage>1</QtyInPackage>
      <ItemPrice>19.80</ItemPrice>
      <UnitOfMeasurePrice>3.96</UnitOfMeasurePrice>
      <AllowDiscount>0</AllowDiscount>
      <itemStatus>1</itemStatus>
      <LastUpdateDate />
      <LastUpdateTime />
    </Product>
    <Product>
      <PriceUpdateDate>2019/01/16 14:39</PriceUpdateDate>
      <ItemCode>7290004128364</ItemCode>
      <ItemType>1</ItemType>
      <ItemName>גבינת Cream Cheese עם זיתים %5 200ג`</ItemName>
      <ManufactureName>תנובה חלב</ManufactureName>
      <ManufactureCountry />
      <ManufactureItemDescription />
      <UnitQty>'יח</UnitQty>
      <Quantity>2</Quantity>
      <UnitMeasure>ל-100 גרם</UnitMeasure>
      <BisWeighted>0</BisWeighted>
      <QtyInPackage>1</QtyInPackage>
      <ItemPrice>11.80</ItemPrice>
      <UnitOfMeasurePrice>5.90</UnitOfMeasurePrice>
      <AllowDiscount>0</AllowDiscount>
      <itemStatus>1</itemStatus>
      <LastUpdateDate />
      <LastUpdateTime />
    </Product>
    <Product>
      <PriceUpdateDate>2019/01/16 14:39</PriceUpdateDate>
      <ItemCode>7290004128432</ItemCode>
      <ItemType>1</ItemType>
      <ItemName>פתיתים מיוחדים לפיצה 500 גרם</ItemName>
      <ManufactureName>תנובה חלב</ManufactureName>
      <ManufactureCountry />
      <ManufactureItemDescription />
      <UnitQty>'יח</UnitQty>
      <Quantity>5</Quantity>
      <UnitMeasure>ל-100 גרם</UnitMeasure>
      <BisWeighted>0</BisWeighted>
      <QtyInPackage>1</QtyInPackage>
      <ItemPrice>23.50</ItemPrice>
      <UnitOfMeasurePrice>4.70</UnitOfMeasurePrice>
      <AllowDiscount>0</AllowDiscount>
      <itemStatus>1</itemStatus>
      <LastUpdateDate />
      <LastUpdateTime />
    </Product>
    <Product>
      <PriceUpdateDate>2019/11/19 14:04</PriceUpdateDate>
      <ItemCode>7290004129101</ItemCode>
      <ItemType>1</ItemType>
      <ItemName>גבינת שמנת נפוליאון בטעם טבעי 225 גרם</ItemName>
      <ManufactureName>תנובה חלב</ManufactureName>
      <ManufactureCountry />
      <ManufactureItemDescription />
      <UnitQty>'יח</UnitQty>
      <Quantity>2.25</Quantity>
      <UnitMeasure>ל-100 גרם</UnitMeasure>
      <BisWeighted>0</BisWeighted>
      <QtyInPackage>1</QtyInPackage>
      <ItemPrice>12.90</ItemPrice>
      <UnitOfMeasurePrice>5.73</UnitOfMeasurePrice>
      <AllowDiscount>0</AllowDiscount>
      <itemStatus>1</itemStatus>
      <LastUpdateDate />
      <LastUpdateTime />
    </Product>
    <Product>
      <PriceUpdateDate>2019/11/19 14:04</PriceUpdateDate>
      <ItemCode>7290004129118</ItemCode>
      <ItemType>1</ItemType>
      <ItemName>גבינת שמנת נפוליאון עם זיתים 225 גרם</ItemName>
      <ManufactureName>תנובה חלב</ManufactureName>
      <ManufactureCountry />
      <ManufactureItemDescription />
      <UnitQty>'יח</UnitQty>
      <Quantity>2.25</Quantity>
      <UnitMeasure>ל-100 גרם</UnitMeasure>
      <BisWeighted>0</BisWeighted>
      <QtyInPackage>1</QtyInPackage>
      <ItemPrice>12.90</ItemPrice>
      <UnitOfMeasurePrice>5.73</UnitOfMeasurePrice>
      <AllowDiscount>0</AllowDiscount>
      <itemStatus>1</itemStatus>
      <LastUpdateDate />
      <LastUpdateTime />
    </Product>
    <Product>
      <PriceUpdateDate>2019/11/19 14:04</PriceUpdateDate>
      <ItemCode>7290004129156</ItemCode>
      <ItemType>1</ItemType>
      <ItemName>גבינת שמנת נפוליאון עם שום ושמיר 225</ItemName>
      <ManufactureName>תנובה חלב</ManufactureName>
      <ManufactureCountry />
      <ManufactureItemDescription />
      <UnitQty>'יח</UnitQty>
      <Quantity>2.25</Quantity>
      <UnitMeasure>ל-100 גרם</UnitMeasure>
      <BisWeighted>0</BisWeighted>
      <QtyInPackage>1</QtyInPackage>
      <ItemPrice>12.90</ItemPrice>
      <UnitOfMeasurePrice>5.73</UnitOfMeasurePrice>
      <AllowDiscount>0</AllowDiscount>
      <itemStatus>1</itemStatus>
      <LastUpdateDate />
      <LastUpdateTime />
    </Product>
    <Product>
      <PriceUpdateDate>2022/06/07 07:35</PriceUpdateDate>
      <ItemCode>4129736</ItemCode>
      <ItemType>0</ItemType>
      <ItemName>יופלה White מעודן %1.5 200 גרם</ItemName>
      <ManufactureName>תנובה חלב</ManufactureName>
      <ManufactureCountry />
      <ManufactureItemDescription />
      <UnitQty>'יח</UnitQty>
      <Quantity>2</Quantity>
      <UnitMeasure>ל-100 מ"ל</UnitMeasure>
      <BisWeighted>0</BisWeighted>
      <QtyInPackage>1</QtyInPackage>
      <ItemPrice>5.20</ItemPrice>
      <UnitOfMeasurePrice>2.60</UnitOfMeasurePrice>
      <AllowDiscount>0</AllowDiscount>
      <itemStatus>1</itemStatus>
      <LastUpdateDate />
      <LastUpdateTime />
    </Product>
    <Product>
      <PriceUpdateDate>2021/12/29 20:20</PriceUpdateDate>
      <ItemCode>7290004129767</ItemCode>
      <ItemType>1</ItemType>
      <ItemName>יופלה White טבעי %3 8*150 גרם</ItemName>
      <ManufactureName>תנובה חלב</ManufactureName>
      <ManufactureCountry />
      <ManufactureItemDescription />
      <UnitQty>'יח</UnitQty>
      <Quantity>1.50</Quantity>
      <UnitMeasure>ל-100 גרם</UnitMeasure>
      <BisWeighted>0</BisWeighted>
      <QtyInPackage>1</QtyInPackage>
      <ItemPrice>16.90</ItemPrice>
      <UnitOfMeasurePrice>11.27</UnitOfMeasurePrice>
      <AllowDiscount>0</AllowDiscount>
      <itemStatus>1</itemStatus>
      <LastUpdateDate />
      <LastUpdateTime />
    </Product>
    <Product>
      <PriceUpdateDate>2020/07/27 12:57</PriceUpdateDate>
      <ItemCode>4130794</ItemCode>
      <ItemType>0</ItemType>
      <ItemName>משקה סויה מועשר מופחת מתיקות 1 ליטר</ItemName>
      <ManufactureName>תנובה חלב</ManufactureName>
      <ManufactureCountry />
      <ManufactureItemDescription />
      <UnitQty>'יח</UnitQty>
      <Quantity>10</Quantity>
      <UnitMeasure>ל-100 מ"ל</UnitMeasure>
      <BisWeighted>0</BisWeighted>
      <QtyInPackage>1</QtyInPackage>
      <ItemPrice>10.90</ItemPrice>
      <UnitOfMeasurePrice>1.09</UnitOfMeasurePrice>
      <AllowDiscount>0</AllowDiscount>
      <itemStatus>1</itemStatus>
      <LastUpdateDate />
      <LastUpdateTime />
    </Product>
    <Product>
      <PriceUpdateDate>2019/01/16 14:39</PriceUpdateDate>
      <ItemCode>7290004130916</ItemCode>
      <ItemType>1</ItemType>
      <ItemName>יופלה פירות יער בשמנת 3% 150 גרם</ItemName>
      <ManufactureName>תנובה חלב</ManufactureName>
      <ManufactureCountry />
      <ManufactureItemDescription />
      <UnitQty>'יח</UnitQty>
      <Quantity>1.50</Quantity>
      <UnitMeasure>ל-100 מ"ל</UnitMeasure>
      <BisWeighted>0</BisWeighted>
      <QtyInPackage>1</QtyInPackage>
      <ItemPrice>5.20</ItemPrice>
      <UnitOfMeasurePrice>3.47</UnitOfMeasurePrice>
      <AllowDiscount>0</AllowDiscount>
      <itemStatus>1</itemStatus>
      <LastUpdateDate />
      <LastUpdateTime />
    </Product>
    <Product>
      <PriceUpdateDate>2022/09/08 16:49</PriceUpdateDate>
      <ItemCode>4131074</ItemCode>
      <ItemType>0</ItemType>
      <ItemName>חלב שתייה טרי בקרטון מהדרין 3% 1ליטר</ItemName>
      <ManufactureName>תנובה חלב</ManufactureName>
      <ManufactureCountry />
      <ManufactureItemDescription />
      <UnitQty>'יח</UnitQty>
      <Quantity>10</Quantity>
      <UnitMeasure>ל-100 מ"ל</UnitMeasure>
      <BisWeighted>0</BisWeighted>
      <QtyInPackage>1</QtyInPackage>
      <ItemPrice>6.23</ItemPrice>
      <UnitOfMeasurePrice>0.62</UnitOfMeasurePrice>
      <AllowDiscount>0</AllowDiscount>
      <itemStatus>1</itemStatus>
      <LastUpdateDate />
      <LastUpdateTime />
    </Product>
    <Product>
      <PriceUpdateDate>2019/01/16 14:39</PriceUpdateDate>
      <ItemCode>7290004131432</ItemCode>
      <ItemType>1</ItemType>
      <ItemName>יופלה White טבעי %3 200 גרם</ItemName>
      <ManufactureName>תנובה חלב</ManufactureName>
      <ManufactureCountry />
      <ManufactureItemDescription />
      <UnitQty>'יח</UnitQty>
      <Quantity>2</Quantity>
      <UnitMeasure>ל-100 גרם</UnitMeasure>
      <BisWeighted>0</BisWeighted>
      <QtyInPackage>1</QtyInPackage>
      <ItemPrice>4</ItemPrice>
      <UnitOfMeasurePrice>2</UnitOfMeasurePrice>
      <AllowDiscount>0</AllowDiscount>
      <itemStatus>1</itemStatus>
      <LastUpdateDate />
      <LastUpdateTime />
    </Product>
    <Product>
      <PriceUpdateDate>2019/01/16 14:39</PriceUpdateDate>
      <ItemCode>7290004131456</ItemCode>
      <ItemType>1</ItemType>
      <ItemName>יופלה White טבעי %1.5 200 גרם</ItemName>
      <ManufactureName>תנובה חלב</ManufactureName>
      <ManufactureCountry />
      <ManufactureItemDescription />
      <UnitQty>'יח</UnitQty>
      <Quantity>2</Quantity>
      <UnitMeasure>ל-100 מ"ל</UnitMeasure>
      <BisWeighted>0</BisWeighted>
      <QtyInPackage>1</QtyInPackage>
      <ItemPrice>4</ItemPrice>
      <UnitOfMeasurePrice>2</UnitOfMeasurePrice>
      <AllowDiscount>0</AllowDiscount>
      <itemStatus>1</itemStatus>
      <LastUpdateDate />
      <LastUpdateTime />
    </Product>
    <Product>
      <PriceUpdateDate>2019/01/16 14:39</PriceUpdateDate>
      <ItemCode>7290004131814</ItemCode>
      <ItemType>1</ItemType>
      <ItemName>גבינה מלוחה צפתית מעודנת %5 200 גרם</ItemName>
      <ManufactureName>תנובה חלב</ManufactureName>
      <ManufactureCountry />
      <ManufactureItemDescription />
      <UnitQty>'יח</UnitQty>
      <Quantity>2</Quantity>
      <UnitMeasure>ל-100 גרם</UnitMeasure>
      <BisWeighted>0</BisWeighted>
      <QtyInPackage>1</QtyInPackage>
      <ItemPrice>16</ItemPrice>
      <UnitOfMeasurePrice>8</UnitOfMeasurePrice>
      <AllowDiscount>0</AllowDiscount>
      <itemStatus>1</itemStatus>
      <LastUpdateDate />
      <LastUpdateTime />
    </Product>
    <Product>
      <PriceUpdateDate>2022/03/24 12:28</PriceUpdateDate>
      <ItemCode>7290004131845</ItemCode>
      <ItemType>1</ItemType>
      <ItemName>לאבנה פיראוס 9% 750 גר`</ItemName>
      <ManufactureName>תנובה חלב</ManufactureName>
      <ManufactureCountry />
      <ManufactureItemDescription />
      <UnitQty>'יח</UnitQty>
      <Quantity>7.50</Quantity>
      <UnitMeasure>ל-100 גרם</UnitMeasure>
      <BisWeighted>0</BisWeighted>
      <QtyInPackage>1</QtyInPackage>
      <ItemPrice>23.90</ItemPrice>
      <UnitOfMeasurePrice>3.19</UnitOfMeasurePrice>
      <AllowDiscount>0</AllowDiscount>
      <itemStatus>1</itemStatus>
      <LastUpdateDate />
      <LastUpdateTime />
    </Product>
    <Product>
      <PriceUpdateDate>2019/10/16 13:11</PriceUpdateDate>
      <ItemCode>4132552</ItemCode>
      <ItemType>0</ItemType>
      <ItemName>משקה סויה דיאט בטעם טבעי 1 ל`קרטון</ItemName>
      <ManufactureName>תנובה חלב</ManufactureName>
      <ManufactureCountry />
      <ManufactureItemDescription />
      <UnitQty>'יח</UnitQty>
      <Quantity>10</Quantity>
      <UnitMeasure>ל-100 מ"ל</UnitMeasure>
      <BisWeighted>0</BisWeighted>
      <QtyInPackage>1</QtyInPackage>
      <ItemPrice>10.90</ItemPrice>
      <UnitOfMeasurePrice>1.09</UnitOfMeasurePrice>
      <AllowDiscount>0</AllowDiscount>
      <itemStatus>1</itemStatus>
      <LastUpdateDate />
      <LastUpdateTime />
    </Product>
    <Product>
      <PriceUpdateDate>2019/01/16 14:39</PriceUpdateDate>
      <ItemCode>7290004132712</ItemCode>
      <ItemType>1</ItemType>
      <ItemName>עמק אצבעות גבינת מוצרלה 20% 8יח 172ג</ItemName>
      <ManufactureName>תנובה חלב</ManufactureName>
      <ManufactureCountry />
      <ManufactureItemDescription />
      <UnitQty>'יח</UnitQty>
      <Quantity>1.74</Quantity>
      <UnitMeasure>ל-100 גרם</UnitMeasure>
      <BisWeighted>0</BisWeighted>
      <QtyInPackage>1</QtyInPackage>
      <ItemPrice>17.10</ItemPrice>
      <UnitOfMeasurePrice>9.83</UnitOfMeasurePrice>
      <AllowDiscount>0</AllowDiscount>
      <itemStatus>1</itemStatus>
      <LastUpdateDate />
      <LastUpdateTime />
    </Product>
    <Product>
      <PriceUpdateDate>2019/10/18 09:44</PriceUpdateDate>
      <ItemCode>7290004133511</ItemCode>
      <ItemType>1</ItemType>
      <ItemName>יופלה White מעודן %1.5 8*150 גרם</ItemName>
      <ManufactureName>תנובה חלב</ManufactureName>
      <ManufactureCountry />
      <ManufactureItemDescription />
      <UnitQty>'יח</UnitQty>
      <Quantity>1.50</Quantity>
      <UnitMeasure>ל-100 גרם</UnitMeasure>
      <BisWeighted>0</BisWeighted>
      <QtyInPackage>1</QtyInPackage>
      <ItemPrice>20.40</ItemPrice>
      <UnitOfMeasurePrice>13.60</UnitOfMeasurePrice>
      <AllowDiscount>0</AllowDiscount>
      <itemStatus>1</itemStatus>
      <LastUpdateDate />
      <LastUpdateTime />
    </Product>
    <Product>
      <PriceUpdateDate>2019/01/16 14:39</PriceUpdateDate>
      <ItemCode>7290004135225</ItemCode>
      <ItemType>1</ItemType>
      <ItemName>מעדן תנובה דיאט שוקולדה 0% 150 גרם</ItemName>
      <ManufactureName>תנובה חלב</ManufactureName>
      <ManufactureCountry />
      <ManufactureItemDescription />
      <UnitQty>'יח</UnitQty>
      <Quantity>1.50</Quantity>
      <UnitMeasure>ל-100 מ"ל</UnitMeasure>
      <BisWeighted>0</BisWeighted>
      <QtyInPackage>1</QtyInPackage>
      <ItemPrice>4.20</ItemPrice>
      <UnitOfMeasurePrice>2.80</UnitOfMeasurePrice>
      <AllowDiscount>0</AllowDiscount>
      <itemStatus>1</itemStatus>
      <LastUpdateDate />
      <LastUpdateTime />
    </Product>
    <Product>
      <PriceUpdateDate>2021/05/26 14:58</PriceUpdateDate>
      <ItemCode>7290004135614</ItemCode>
      <ItemType>1</ItemType>
      <ItemName>פיראוס גבינה בולגרית מעודנת 5% 250גר</ItemName>
      <ManufactureName>תנובה חלב</ManufactureName>
      <ManufactureCountry />
      <ManufactureItemDescription />
      <UnitQty>'יח</UnitQty>
      <Quantity>2.50</Quantity>
      <UnitMeasure>ל-100 גרם</UnitMeasure>
      <BisWeighted>0</BisWeighted>
      <QtyInPackage>1</QtyInPackage>
      <ItemPrice>21.90</ItemPrice>
      <UnitOfMeasurePrice>8.76</UnitOfMeasurePrice>
      <AllowDiscount>0</AllowDiscount>
      <itemStatus>1</itemStatus>
      <LastUpdateDate />
      <LastUpdateTime />
    </Product>
    <Product>
      <PriceUpdateDate>2019/01/16 14:39</PriceUpdateDate>
      <ItemCode>7290004136598</ItemCode>
      <ItemType>1</ItemType>
      <ItemName>מארז הפסקת אוכל חלב</ItemName>
      <ManufactureName>תנובה חלב</ManufactureName>
      <ManufactureCountry />
      <ManufactureItemDescription />
      <UnitQty>'יח</UnitQty>
      <Quantity>1.50</Quantity>
      <UnitMeasure>ל-100 מ"ל</UnitMeasure>
      <BisWeighted>0</BisWeighted>
      <QtyInPackage>1</QtyInPackage>
      <ItemPrice>9.10</ItemPrice>
      <UnitOfMeasurePrice>6.07</UnitOfMeasurePrice>
      <AllowDiscount>0</AllowDiscount>
      <itemStatus>1</itemStatus>
      <LastUpdateDate />
      <LastUpdateTime />
    </Product>
    <Product>
      <PriceUpdateDate>2019/01/16 14:39</PriceUpdateDate>
      <ItemCode>7290004136857</ItemCode>
      <ItemType>1</ItemType>
      <ItemName>ג`לי תנובה פטל 125 גרם</ItemName>
      <ManufactureName>תנובה חלב</ManufactureName>
      <ManufactureCountry />
      <ManufactureItemDescription />
      <UnitQty>'יח</UnitQty>
      <Quantity>1.25</Quantity>
      <UnitMeasure>ל-100 מ"ל</UnitMeasure>
      <BisWeighted>0</BisWeighted>
      <QtyInPackage>1</QtyInPackage>
      <ItemPrice>2.80</ItemPrice>
      <UnitOfMeasurePrice>2.24</UnitOfMeasurePrice>
      <AllowDiscount>0</AllowDiscount>
      <itemStatus>1</itemStatus>
      <LastUpdateDate />
      <LastUpdateTime />
    </Product>
    <Product>
      <PriceUpdateDate>2019/01/16 14:39</PriceUpdateDate>
      <ItemCode>7290004136864</ItemCode>
      <ItemType>1</ItemType>
      <ItemName>ג`לי תנובה אננס 125 גרם</ItemName>
      <ManufactureName>תנובה חלב</ManufactureName>
      <ManufactureCountry />
      <ManufactureItemDescription />
      <UnitQty>'יח</UnitQty>
      <Quantity>1.25</Quantity>
      <UnitMeasure>ל-100 מ"ל</UnitMeasure>
      <BisWeighted>0</BisWeighted>
      <QtyInPackage>1</QtyInPackage>
      <ItemPrice>2.80</ItemPrice>
      <UnitOfMeasurePrice>2.24</UnitOfMeasurePrice>
      <AllowDiscount>0</AllowDiscount>
      <itemStatus>1</itemStatus>
      <LastUpdateDate />
      <LastUpdateTime />
    </Product>
    <Product>
      <PriceUpdateDate>2019/01/16 14:39</PriceUpdateDate>
      <ItemCode>7290004136871</ItemCode>
      <ItemType>1</ItemType>
      <ItemName>ג`לי תנובה אפרסק 125 גרם</ItemName>
      <ManufactureName>תנובה חלב</ManufactureName>
      <ManufactureCountry />
      <ManufactureItemDescription />
      <UnitQty>'יח</UnitQty>
      <Quantity>1.25</Quantity>
      <UnitMeasure>ל-100 מ"ל</UnitMeasure>
      <BisWeighted>0</BisWeighted>
      <QtyInPackage>1</QtyInPackage>
      <ItemPrice>2.80</ItemPrice>
      <UnitOfMeasurePrice>2.24</UnitOfMeasurePrice>
      <AllowDiscount>0</AllowDiscount>
      <itemStatus>1</itemStatus>
      <LastUpdateDate />
      <LastUpdateTime />
    </Product>
    <Product>
      <PriceUpdateDate>2019/01/16 14:39</PriceUpdateDate>
      <ItemCode>7290004137021</ItemCode>
      <ItemType>1</ItemType>
      <ItemName>שמנת עמידה לבישול 10% שומן 250מל</ItemName>
      <ManufactureName>תנובה חלב</ManufactureName>
      <ManufactureCountry />
      <ManufactureItemDescription />
      <UnitQty>'יח</UnitQty>
      <Quantity>2.50</Quantity>
      <UnitMeasure>ל-100 מ"ל</UnitMeasure>
      <BisWeighted>0</BisWeighted>
      <QtyInPackage>1</QtyInPackage>
      <ItemPrice>8.50</ItemPrice>
      <UnitOfMeasurePrice>3.40</UnitOfMeasurePrice>
      <AllowDiscount>0</AllowDiscount>
      <itemStatus>1</itemStatus>
      <LastUpdateDate />
      <LastUpdateTime />
    </Product>
    <Product>
      <PriceUpdateDate>2019/10/10 09:24</PriceUpdateDate>
      <ItemCode>4137311</ItemCode>
      <ItemType>0</ItemType>
      <ItemName>גבינת עמק לייט 9% נוחה לפתיחה 400גרם</ItemName>
      <ManufactureName>תנובה חלב</ManufactureName>
      <ManufactureCountry />
      <ManufactureItemDescription />
      <UnitQty>'יח</UnitQty>
      <Quantity>4</Quantity>
      <UnitMeasure>ל-100 גרם</UnitMeasure>
      <BisWeighted>0</BisWeighted>
      <QtyInPackage>1</QtyInPackage>
      <ItemPrice>31.90</ItemPrice>
      <UnitOfMeasurePrice>7.98</UnitOfMeasurePrice>
      <AllowDiscount>0</AllowDiscount>
      <itemStatus>1</itemStatus>
      <LastUpdateDate />
      <LastUpdateTime />
    </Product>
    <Product>
      <PriceUpdateDate>2019/01/16 14:39</PriceUpdateDate>
      <ItemCode>7290004137809</ItemCode>
      <ItemType>1</ItemType>
      <ItemName>פיראוס גבינה לבנה 5% 250 גרם</ItemName>
      <ManufactureName>תנובה חלב</ManufactureName>
      <ManufactureCountry />
      <ManufactureItemDescription />
      <UnitQty>'יח</UnitQty>
      <Quantity>2.50</Quantity>
      <UnitMeasure>ל-100 גרם</UnitMeasure>
      <BisWeighted>0</BisWeighted>
      <QtyInPackage>1</QtyInPackage>
      <ItemPrice>12.80</ItemPrice>
      <UnitOfMeasurePrice>5.12</UnitOfMeasurePrice>
      <AllowDiscount>0</AllowDiscount>
      <itemStatus>1</itemStatus>
      <LastUpdateDate />
      <LastUpdateTime />
    </Product>
    <Product>
      <PriceUpdateDate>2022/07/05 21:16</PriceUpdateDate>
      <ItemCode>7290004165000</ItemCode>
      <ItemType>1</ItemType>
      <ItemName>רסק תפוחי עץ בתוספת סוכר 560 גרם</ItemName>
      <ManufactureName>זנלכול יכין</ManufactureName>
      <ManufactureCountry />
      <ManufactureItemDescription />
      <UnitQty>'יח</UnitQty>
      <Quantity>5.60</Quantity>
      <UnitMeasure>ל-100 גרם</UnitMeasure>
      <BisWeighted>0</BisWeighted>
      <QtyInPackage>1</QtyInPackage>
      <ItemPrice>8.90</ItemPrice>
      <UnitOfMeasurePrice>1.59</UnitOfMeasurePrice>
      <AllowDiscount>1</AllowDiscount>
      <itemStatus>1</itemStatus>
      <LastUpdateDate />
      <LastUpdateTime />
    </Product>
    <Product>
      <PriceUpdateDate>2022/10/23 18:17</PriceUpdateDate>
      <ItemCode>7290004219079</ItemCode>
      <ItemType>1</ItemType>
      <ItemName>לבבות דקל פרוסות ונתחים 400 גרם</ItemName>
      <ManufactureName>ג. וילי-פוד אינטרנשיונל בע`מ</ManufactureName>
      <ManufactureCountry />
      <ManufactureItemDescription />
      <UnitQty>'יח</UnitQty>
      <Quantity>4</Quantity>
      <UnitMeasure>ל-100 גרם</UnitMeasure>
      <BisWeighted>0</BisWeighted>
      <QtyInPackage>1</QtyInPackage>
      <ItemPrice>10.90</ItemPrice>
      <UnitOfMeasurePrice>2.73</UnitOfMeasurePrice>
      <AllowDiscount>0</AllowDiscount>
      <itemStatus>1</itemStatus>
      <LastUpdateDate />
      <LastUpdateTime />
    </Product>
    <Product>
      <PriceUpdateDate>2019/01/16 14:39</PriceUpdateDate>
      <ItemCode>7290004219277</ItemCode>
      <ItemType>1</ItemType>
      <ItemName>פילה אנשובי ארוך בשמן צמחי 80 גרם</ItemName>
      <ManufactureName>ג. וילי-פוד אינטרנשיונל בע`מ</ManufactureName>
      <ManufactureCountry />
      <ManufactureItemDescription />
      <UnitQty>'יח</UnitQty>
      <Quantity>1.60</Quantity>
      <UnitMeasure>ל-100 גרם</UnitMeasure>
      <BisWeighted>0</BisWeighted>
      <QtyInPackage>1</QtyInPackage>
      <ItemPrice>13.40</ItemPrice>
      <UnitOfMeasurePrice>8.38</UnitOfMeasurePrice>
      <AllowDiscount>0</AllowDiscount>
      <itemStatus>1</itemStatus>
      <LastUpdateDate />
      <LastUpdateTime />
    </Product>
    <Product>
      <PriceUpdateDate>2021/12/07 06:42</PriceUpdateDate>
      <ItemCode>7290004219284</ItemCode>
      <ItemType>1</ItemType>
      <ItemName>אנשובי עגול בשמן צלפים 80 גרם</ItemName>
      <ManufactureName>ג. וילי-פוד אינטרנשיונל בע`מ</ManufactureName>
      <ManufactureCountry />
      <ManufactureItemDescription />
      <UnitQty>'יח</UnitQty>
      <Quantity>1.60</Quantity>
      <UnitMeasure>ל-100 גרם</UnitMeasure>
      <BisWeighted>0</BisWeighted>
      <QtyInPackage>1</QtyInPackage>
      <ItemPrice>9.90</ItemPrice>
      <UnitOfMeasurePrice>6.19</UnitOfMeasurePrice>
      <AllowDiscount>0</AllowDiscount>
      <itemStatus>1</itemStatus>
      <LastUpdateDate />
      <LastUpdateTime />
    </Product>
    <Product>
      <PriceUpdateDate>2020/10/25 11:49</PriceUpdateDate>
      <ItemCode>7290004230104</ItemCode>
      <ItemType>1</ItemType>
      <ItemName>קציצות בקר ברוטב עגבניות 800 גר` קפוא</ItemName>
      <ManufactureName>נטו מלינדה סחר בע`מ</ManufactureName>
      <ManufactureCountry />
      <ManufactureItemDescription />
      <UnitQty>'יח</UnitQty>
      <Quantity>8</Quantity>
      <UnitMeasure>ל-100 גרם</UnitMeasure>
      <BisWeighted>0</BisWeighted>
      <QtyInPackage>14</QtyInPackage>
      <ItemPrice>27.90</ItemPrice>
      <UnitOfMeasurePrice>3.49</UnitOfMeasurePrice>
      <AllowDiscount>1</AllowDiscount>
      <itemStatus>1</itemStatus>
      <LastUpdateDate />
      <LastUpdateTime />
    </Product>
    <Product>
      <PriceUpdateDate>2022/06/19 15:06</PriceUpdateDate>
      <ItemCode>7290004230944</ItemCode>
      <ItemType>1</ItemType>
      <ItemName>מקלות בורקס פילו גבינה 600  גר`קפוא</ItemName>
      <ManufactureName>נטו מלינדה סחר בע`מ</ManufactureName>
      <ManufactureCountry />
      <ManufactureItemDescription />
      <UnitQty>'יח</UnitQty>
      <Quantity>6</Quantity>
      <UnitMeasure>ל-100 גרם</UnitMeasure>
      <BisWeighted>0</BisWeighted>
      <QtyInPackage>10</QtyInPackage>
      <ItemPrice>19.90</ItemPrice>
      <UnitOfMeasurePrice>3.32</UnitOfMeasurePrice>
      <AllowDiscount>1</AllowDiscount>
      <itemStatus>1</itemStatus>
      <LastUpdateDate />
      <LastUpdateTime />
    </Product>
    <Product>
      <PriceUpdateDate>2022/06/19 15:06</PriceUpdateDate>
      <ItemCode>4256753</ItemCode>
      <ItemType>0</ItemType>
      <ItemName>עלי בצק  לסיגר[פסטליה]</ItemName>
      <ManufactureName>נטו מלינדה סחר בע`מ</ManufactureName>
      <ManufactureCountry />
      <ManufactureItemDescription />
      <UnitQty>'יח</UnitQty>
      <Quantity>9</Quantity>
      <UnitMeasure>ל-100 גרם</UnitMeasure>
      <BisWeighted>0</BisWeighted>
      <QtyInPackage>1</QtyInPackage>
      <ItemPrice>13.90</ItemPrice>
      <UnitOfMeasurePrice>1.54</UnitOfMeasurePrice>
      <AllowDiscount>0</AllowDiscount>
      <itemStatus>1</itemStatus>
      <LastUpdateDate />
      <LastUpdateTime />
    </Product>
    <Product>
      <PriceUpdateDate>2022/08/23 13:02</PriceUpdateDate>
      <ItemCode>4263188</ItemCode>
      <ItemType>0</ItemType>
      <ItemName>כתף כבש עטרה</ItemName>
      <ManufactureName>נטו מלינדה סחר בע`מ</ManufactureName>
      <ManufactureCountry />
      <ManufactureItemDescription />
      <UnitQty>ק"ג</UnitQty>
      <Quantity>1</Quantity>
      <UnitMeasure>ק"ג</UnitMeasure>
      <BisWeighted>1</BisWeighted>
      <QtyInPackage>1</QtyInPackage>
      <ItemPrice>109.90</ItemPrice>
      <UnitOfMeasurePrice>109.90</UnitOfMeasurePrice>
      <AllowDiscount>0</AllowDiscount>
      <itemStatus>1</itemStatus>
      <LastUpdateDate />
      <LastUpdateTime />
    </Product>
    <Product>
      <PriceUpdateDate>2021/05/27 10:00</PriceUpdateDate>
      <ItemCode>4456351</ItemCode>
      <ItemType>0</ItemType>
      <ItemName>שריר הזרוע קפוא אשפר</ItemName>
      <ManufactureName>בלדי בע`מ</ManufactureName>
      <ManufactureCountry />
      <ManufactureItemDescription />
      <UnitQty>ק"ג</UnitQty>
      <Quantity>1</Quantity>
      <UnitMeasure />
      <BisWeighted>1</BisWeighted>
      <QtyInPackage>1</QtyInPackage>
      <ItemPrice>49.90</ItemPrice>
      <UnitOfMeasurePrice>49.90</UnitOfMeasurePrice>
      <AllowDiscount>0</AllowDiscount>
      <itemStatus>1</itemStatus>
      <LastUpdateDate />
      <LastUpdateTime />
    </Product>
    <Product>
      <PriceUpdateDate>2021/05/27 10:00</PriceUpdateDate>
      <ItemCode>4456375</ItemCode>
      <ItemType>0</ItemType>
      <ItemName>פילה מדומה קפוא אשפר</ItemName>
      <ManufactureName>בלדי בע`מ</ManufactureName>
      <ManufactureCountry />
      <ManufactureItemDescription />
      <UnitQty>'יח</UnitQty>
      <Quantity>1</Quantity>
      <UnitMeasure />
      <BisWeighted>1</BisWeighted>
      <QtyInPackage>1</QtyInPackage>
      <ItemPrice>42.90</ItemPrice>
      <UnitOfMeasurePrice>42.90</UnitOfMeasurePrice>
      <AllowDiscount>0</AllowDiscount>
      <itemStatus>1</itemStatus>
      <LastUpdateDate />
      <LastUpdateTime />
    </Product>
    <Product>
      <PriceUpdateDate>2021/05/27 10:00</PriceUpdateDate>
      <ItemCode>4456566</ItemCode>
      <ItemType>0</ItemType>
      <ItemName>צלעות מס 2 קפוא אשפר</ItemName>
      <ManufactureName>בלדי בע`מ</ManufactureName>
      <ManufactureCountry />
      <ManufactureItemDescription />
      <UnitQty>'יח</UnitQty>
      <Quantity>1</Quantity>
      <UnitMeasure />
      <BisWeighted>1</BisWeighted>
      <QtyInPackage>1</QtyInPackage>
      <ItemPrice>39.90</ItemPrice>
      <UnitOfMeasurePrice>39.90</UnitOfMeasurePrice>
      <AllowDiscount>0</AllowDiscount>
      <itemStatus>1</itemStatus>
      <LastUpdateDate />
      <LastUpdateTime />
    </Product>
    <Product>
      <PriceUpdateDate>2022/01/24 19:10</PriceUpdateDate>
      <ItemCode>7290004492762</ItemCode>
      <ItemType>1</ItemType>
      <ItemName>נשנושים חטיף תירס 325 גרם</ItemName>
      <ManufactureName>יוניליוור ישראל שיווק בע`מ</ManufactureName>
      <ManufactureCountry />
      <ManufactureItemDescription />
      <UnitQty>'יח</UnitQty>
      <Quantity>3.25</Quantity>
      <UnitMeasure>ל-100 גרם</UnitMeasure>
      <BisWeighted>0</BisWeighted>
      <QtyInPackage>1</QtyInPackage>
      <ItemPrice>12.90</ItemPrice>
      <UnitOfMeasurePrice>3.97</UnitOfMeasurePrice>
      <AllowDiscount>1</AllowDiscount>
      <itemStatus>1</itemStatus>
      <LastUpdateDate />
      <LastUpdateTime />
    </Product>
    <Product>
      <PriceUpdateDate>2022/07/21 12:50</PriceUpdateDate>
      <ItemCode>7290004584306</ItemCode>
      <ItemType>1</ItemType>
      <ItemName>גמדים תות בננה 4*100 גרם</ItemName>
      <ManufactureName>שטראוס גרופ בע`מ</ManufactureName>
      <ManufactureCountry />
      <ManufactureItemDescription />
      <UnitQty>'יח</UnitQty>
      <Quantity>4</Quantity>
      <UnitMeasure>ל-100 מ"ל</UnitMeasure>
      <BisWeighted>0</BisWeighted>
      <QtyInPackage>12</QtyInPackage>
      <ItemPrice>11.90</ItemPrice>
      <UnitOfMeasurePrice>2.98</UnitOfMeasurePrice>
      <AllowDiscount>1</AllowDiscount>
      <itemStatus>1</itemStatus>
      <LastUpdateDate />
      <LastUpdateTime />
    </Product>
    <Product>
      <PriceUpdateDate>2019/10/18 09:44</PriceUpdateDate>
      <ItemCode>7290004584351</ItemCode>
      <ItemType>1</ItemType>
      <ItemName>גבינת סימפוניה 5% החמישית טבעי 200גר</ItemName>
      <ManufactureName>שטראוס גרופ בע`מ</ManufactureName>
      <ManufactureCountry />
      <ManufactureItemDescription />
      <UnitQty>'יח</UnitQty>
      <Quantity>2</Quantity>
      <UnitMeasure>ל-100 גרם</UnitMeasure>
      <BisWeighted>0</BisWeighted>
      <QtyInPackage>12</QtyInPackage>
      <ItemPrice>10.90</ItemPrice>
      <UnitOfMeasurePrice>5.45</UnitOfMeasurePrice>
      <AllowDiscount>1</AllowDiscount>
      <itemStatus>1</itemStatus>
      <LastUpdateDate />
      <LastUpdateTime />
    </Product>
    <Product>
      <PriceUpdateDate>2019/01/16 14:40</PriceUpdateDate>
      <ItemCode>7290004584528</ItemCode>
      <ItemType>1</ItemType>
      <ItemName>דנונה וגורט ביו %1.5 200 גרם</ItemName>
      <ManufactureName>שטראוס גרופ בע`מ</ManufactureName>
      <ManufactureCountry />
      <ManufactureItemDescription />
      <UnitQty>'יח</UnitQty>
      <Quantity>2</Quantity>
      <UnitMeasure>ל-100 מ"ל</UnitMeasure>
      <BisWeighted>0</BisWeighted>
      <QtyInPackage>1</QtyInPackage>
      <ItemPrice>3.70</ItemPrice>
      <UnitOfMeasurePrice>1.85</UnitOfMeasurePrice>
      <AllowDiscount>0</AllowDiscount>
      <itemStatus>1</itemStatus>
      <LastUpdateDate />
      <LastUpdateTime />
    </Product>
    <Product>
      <PriceUpdateDate>2022/07/06 08:54</PriceUpdateDate>
      <ItemCode>4685010</ItemCode>
      <ItemType>0</ItemType>
      <ItemName>שיפון פלוס לחם הארץ 100% 500  גר`</ItemName>
      <ManufactureName>מאפיית י.את א. ברמן בעמ</ManufactureName>
      <ManufactureCountry />
      <ManufactureItemDescription />
      <UnitQty>'יח</UnitQty>
      <Quantity>5</Quantity>
      <UnitMeasure>ל-100 גרם</UnitMeasure>
      <BisWeighted>0</BisWeighted>
      <QtyInPackage>1</QtyInPackage>
      <ItemPrice>16.90</ItemPrice>
      <UnitOfMeasurePrice>3.38</UnitOfMeasurePrice>
      <AllowDiscount>0</AllowDiscount>
      <itemStatus>1</itemStatus>
      <LastUpdateDate />
      <LastUpdateTime />
    </Product>
    <Product>
      <PriceUpdateDate>2022/07/06 08:54</PriceUpdateDate>
      <ItemCode>4685089</ItemCode>
      <ItemType>0</ItemType>
      <ItemName>הארץ חמניות  750 גר`</ItemName>
      <ManufactureName>מאפיית י.את א. ברמן בעמ</ManufactureName>
      <ManufactureCountry />
      <ManufactureItemDescription />
      <UnitQty>'יח</UnitQty>
      <Quantity>7.50</Quantity>
      <UnitMeasure>ל-100 גרם</UnitMeasure>
      <BisWeighted>0</BisWeighted>
      <QtyInPackage>1</QtyInPackage>
      <ItemPrice>16.90</ItemPrice>
      <UnitOfMeasurePrice>2.25</UnitOfMeasurePrice>
      <AllowDiscount>0</AllowDiscount>
      <itemStatus>1</itemStatus>
      <LastUpdateDate />
      <LastUpdateTime />
    </Product>
    <Product>
      <PriceUpdateDate>2022/07/06 08:54</PriceUpdateDate>
      <ItemCode>4685126</ItemCode>
      <ItemType>0</ItemType>
      <ItemName>הארץ 5 דגנים ברמן 750 גר`</ItemName>
      <ManufactureName>מאפיית י.את א. ברמן בעמ</ManufactureName>
      <ManufactureCountry />
      <ManufactureItemDescription />
      <UnitQty>'יח</UnitQty>
      <Quantity>7.50</Quantity>
      <UnitMeasure>ל-100 גרם</UnitMeasure>
      <BisWeighted>0</BisWeighted>
      <QtyInPackage>1</QtyInPackage>
      <ItemPrice>16.90</ItemPrice>
      <UnitOfMeasurePrice>2.25</UnitOfMeasurePrice>
      <AllowDiscount>0</AllowDiscount>
      <itemStatus>1</itemStatus>
      <LastUpdateDate />
      <LastUpdateTime />
    </Product>
    <Product>
      <PriceUpdateDate>2022/07/06 08:54</PriceUpdateDate>
      <ItemCode>4685157</ItemCode>
      <ItemType>0</ItemType>
      <ItemName>הארץ שיפון 100% ברמן 750 גר`</ItemName>
      <ManufactureName>מאפיית י.את א. ברמן בעמ</ManufactureName>
      <ManufactureCountry />
      <ManufactureItemDescription />
      <UnitQty>'יח</UnitQty>
      <Quantity>7.50</Quantity>
      <UnitMeasure>ל-100 גרם</UnitMeasure>
      <BisWeighted>0</BisWeighted>
      <QtyInPackage>1</QtyInPackage>
      <ItemPrice>16.90</ItemPrice>
      <UnitOfMeasurePrice>2.25</UnitOfMeasurePrice>
      <AllowDiscount>0</AllowDiscount>
      <itemStatus>1</itemStatus>
      <LastUpdateDate />
      <LastUpdateTime />
    </Product>
    <Product>
      <PriceUpdateDate>2022/07/06 08:54</PriceUpdateDate>
      <ItemCode>4685195</ItemCode>
      <ItemType>0</ItemType>
      <ItemName>הארץ 10 דגנים ברמן 750 גר`</ItemName>
      <ManufactureName>מאפיית י.את א. ברמן בעמ</ManufactureName>
      <ManufactureCountry />
      <ManufactureItemDescription />
      <UnitQty>'יח</UnitQty>
      <Quantity>7.50</Quantity>
      <UnitMeasure>ל-100 גרם</UnitMeasure>
      <BisWeighted>0</BisWeighted>
      <QtyInPackage>1</QtyInPackage>
      <ItemPrice>16.90</ItemPrice>
      <UnitOfMeasurePrice>2.25</UnitOfMeasurePrice>
      <AllowDiscount>0</AllowDiscount>
      <itemStatus>1</itemStatus>
      <LastUpdateDate />
      <LastUpdateTime />
    </Product>
    <Product>
      <PriceUpdateDate>2022/07/06 08:54</PriceUpdateDate>
      <ItemCode>4685201</ItemCode>
      <ItemType>0</ItemType>
      <ItemName>הארץ שיפון אגוזים 500 גר`</ItemName>
      <ManufactureName>מאפיית י.את א. ברמן בעמ</ManufactureName>
      <ManufactureCountry />
      <ManufactureItemDescription />
      <UnitQty>'יח</UnitQty>
      <Quantity>5</Quantity>
      <UnitMeasure>ל-100 גרם</UnitMeasure>
      <BisWeighted>0</BisWeighted>
      <QtyInPackage>1</QtyInPackage>
      <ItemPrice>16.90</ItemPrice>
      <UnitOfMeasurePrice>3.38</UnitOfMeasurePrice>
      <AllowDiscount>0</AllowDiscount>
      <itemStatus>1</itemStatus>
      <LastUpdateDate />
      <LastUpdateTime />
    </Product>
    <Product>
      <PriceUpdateDate>2022/07/06 08:54</PriceUpdateDate>
      <ItemCode>4685430</ItemCode>
      <ItemType>0</ItemType>
      <ItemName>הארץ כוסמין 100%  ברמן 750 גר`</ItemName>
      <ManufactureName>מאפיית י.את א. ברמן בעמ</ManufactureName>
      <ManufactureCountry />
      <ManufactureItemDescription />
      <UnitQty>'יח</UnitQty>
      <Quantity>7.50</Quantity>
      <UnitMeasure>ל-100 גרם</UnitMeasure>
      <BisWeighted>0</BisWeighted>
      <QtyInPackage>1</QtyInPackage>
      <ItemPrice>16.90</ItemPrice>
      <UnitOfMeasurePrice>2.25</UnitOfMeasurePrice>
      <AllowDiscount>0</AllowDiscount>
      <itemStatus>1</itemStatus>
      <LastUpdateDate />
      <LastUpdateTime />
    </Product>
    <Product>
      <PriceUpdateDate>2019/12/31 16:11</PriceUpdateDate>
      <ItemCode>4685447</ItemCode>
      <ItemType>0</ItemType>
      <ItemName>לחמניות כוסמין ברמן 6 יח`</ItemName>
      <ManufactureName>מאפיית י.את א. ברמן בעמ</ManufactureName>
      <ManufactureCountry />
      <ManufactureItemDescription />
      <UnitQty>'יח</UnitQty>
      <Quantity>1</Quantity>
      <UnitMeasure>ל-100 גרם</UnitMeasure>
      <BisWeighted>0</BisWeighted>
      <QtyInPackage>1</QtyInPackage>
      <ItemPrice>13.90</ItemPrice>
      <UnitOfMeasurePrice>13.90</UnitOfMeasurePrice>
      <AllowDiscount>0</AllowDiscount>
      <itemStatus>1</itemStatus>
      <LastUpdateDate />
      <LastUpdateTime />
    </Product>
    <Product>
      <PriceUpdateDate>2020/02/17 16:08</PriceUpdateDate>
      <ItemCode>4685454</ItemCode>
      <ItemType>0</ItemType>
      <ItemName>לחם שיבולת שועל 500 גר`</ItemName>
      <ManufactureName>מאפיית י.את א. ברמן בעמ</ManufactureName>
      <ManufactureCountry />
      <ManufactureItemDescription />
      <UnitQty>'יח</UnitQty>
      <Quantity>5</Quantity>
      <UnitMeasure>ל-100 גרם</UnitMeasure>
      <BisWeighted>0</BisWeighted>
      <QtyInPackage>1</QtyInPackage>
      <ItemPrice>17.90</ItemPrice>
      <UnitOfMeasurePrice>3.58</UnitOfMeasurePrice>
      <AllowDiscount>0</AllowDiscount>
      <itemStatus>1</itemStatus>
      <LastUpdateDate />
      <LastUpdateTime />
    </Product>
    <Product>
      <PriceUpdateDate>2021/12/30 18:57</PriceUpdateDate>
      <ItemCode>7290004731090</ItemCode>
      <ItemType>1</ItemType>
      <ItemName>כיף אל סבון נוזלי קמומיל 1 ליטר</ItemName>
      <ManufactureName>החב. הדרומית לשיווק</ManufactureName>
      <ManufactureCountry />
      <ManufactureItemDescription />
      <UnitQty>'יח</UnitQty>
      <Quantity>1</Quantity>
      <UnitMeasure />
      <BisWeighted>0</BisWeighted>
      <QtyInPackage>12</QtyInPackage>
      <ItemPrice>12.90</ItemPrice>
      <UnitOfMeasurePrice>12.90</UnitOfMeasurePrice>
      <AllowDiscount>0</AllowDiscount>
      <itemStatus>1</itemStatus>
      <LastUpdateDate />
      <LastUpdateTime />
    </Product>
    <Product>
      <PriceUpdateDate>2021/12/30 18:57</PriceUpdateDate>
      <ItemCode>7290004731472</ItemCode>
      <ItemType>1</ItemType>
      <ItemName>כיף אל סבון שלישיה 3*500 מל צבעוני</ItemName>
      <ManufactureName>החב. הדרומית לשיווק</ManufactureName>
      <ManufactureCountry />
      <ManufactureItemDescription />
      <UnitQty>'יח</UnitQty>
      <Quantity>1.50</Quantity>
      <UnitMeasure>לליטר</UnitMeasure>
      <BisWeighted>0</BisWeighted>
      <QtyInPackage>8</QtyInPackage>
      <ItemPrice>19.90</ItemPrice>
      <UnitOfMeasurePrice>13.27</UnitOfMeasurePrice>
      <AllowDiscount>1</AllowDiscount>
      <itemStatus>1</itemStatus>
      <LastUpdateDate />
      <LastUpdateTime />
    </Product>
    <Product>
      <PriceUpdateDate>2019/01/16 14:40</PriceUpdateDate>
      <ItemCode>4731557</ItemCode>
      <ItemType>0</ItemType>
      <ItemName>מרכך ומבשם Musk לכביסה 750 מל</ItemName>
      <ManufactureName>החב. הדרומית לשיווק</ManufactureName>
      <ManufactureCountry />
      <ManufactureItemDescription />
      <UnitQty>'יח</UnitQty>
      <Quantity>7.50</Quantity>
      <UnitMeasure>ל-100 מ"ל</UnitMeasure>
      <BisWeighted>0</BisWeighted>
      <QtyInPackage>12</QtyInPackage>
      <ItemPrice>17.90</ItemPrice>
      <UnitOfMeasurePrice>2.39</UnitOfMeasurePrice>
      <AllowDiscount>1</AllowDiscount>
      <itemStatus>1</itemStatus>
      <LastUpdateDate />
      <LastUpdateTime />
    </Product>
    <Product>
      <PriceUpdateDate>2019/01/16 14:40</PriceUpdateDate>
      <ItemCode>4731564</ItemCode>
      <ItemType>0</ItemType>
      <ItemName>מרכך ומבשם כביסה BLUE BLOSSOM פרש 750 מל</ItemName>
      <ManufactureName>החב. הדרומית לשיווק</ManufactureName>
      <ManufactureCountry />
      <ManufactureItemDescription />
      <UnitQty>'יח</UnitQty>
      <Quantity>7.50</Quantity>
      <UnitMeasure>ל-100 מ"ל</UnitMeasure>
      <BisWeighted>0</BisWeighted>
      <QtyInPackage>1</QtyInPackage>
      <ItemPrice>17.90</ItemPrice>
      <UnitOfMeasurePrice>2.39</UnitOfMeasurePrice>
      <AllowDiscount>1</AllowDiscount>
      <itemStatus>1</itemStatus>
      <LastUpdateDate />
      <LastUpdateTime />
    </Product>
    <Product>
      <PriceUpdateDate>2019/01/16 14:40</PriceUpdateDate>
      <ItemCode>4731687</ItemCode>
      <ItemType>0</ItemType>
      <ItemName>מבשם אויר דואופרש וניל 300 מ``ל</ItemName>
      <ManufactureName>החב. הדרומית לשיווק</ManufactureName>
      <ManufactureCountry />
      <ManufactureItemDescription />
      <UnitQty>'יח</UnitQty>
      <Quantity>3</Quantity>
      <UnitMeasure>ל-100 מ"ל</UnitMeasure>
      <BisWeighted>0</BisWeighted>
      <QtyInPackage>1</QtyInPackage>
      <ItemPrice>11.90</ItemPrice>
      <UnitOfMeasurePrice>3.97</UnitOfMeasurePrice>
      <AllowDiscount>0</AllowDiscount>
      <itemStatus>1</itemStatus>
      <LastUpdateDate />
      <LastUpdateTime />
    </Product>
    <Product>
      <PriceUpdateDate>2022/10/08 20:16</PriceUpdateDate>
      <ItemCode>7290004737900</ItemCode>
      <ItemType>1</ItemType>
      <ItemName>חלב מרוכז ממותק בפחית 397 גרם</ItemName>
      <ManufactureName>ג. וילי-פוד אינטרנשיונל בע`מ</ManufactureName>
      <ManufactureCountry />
      <ManufactureItemDescription />
      <UnitQty>'יח</UnitQty>
      <Quantity>3.97</Quantity>
      <UnitMeasure>ל-100 גרם</UnitMeasure>
      <BisWeighted>0</BisWeighted>
      <QtyInPackage>48</QtyInPackage>
      <ItemPrice>9.90</ItemPrice>
      <UnitOfMeasurePrice>2.49</UnitOfMeasurePrice>
      <AllowDiscount>0</AllowDiscount>
      <itemStatus>1</itemStatus>
      <LastUpdateDate />
      <LastUpdateTime />
    </Product>
    <Product>
      <PriceUpdateDate>2021/12/01 10:10</PriceUpdateDate>
      <ItemCode>4923099</ItemCode>
      <ItemType>0</ItemType>
      <ItemName>עין גדי מים מינרלים שישיה 2 ליטר</ItemName>
      <ManufactureName>יפאורה - שותפות מוגבלת לשיווק</ManufactureName>
      <ManufactureCountry />
      <ManufactureItemDescription />
      <UnitQty>'יח</UnitQty>
      <Quantity>120</Quantity>
      <UnitMeasure>ל-100 מ"ל</UnitMeasure>
      <BisWeighted>0</BisWeighted>
      <QtyInPackage>1</QtyInPackage>
      <ItemPrice>11.90</ItemPrice>
      <UnitOfMeasurePrice>0.10</UnitOfMeasurePrice>
      <AllowDiscount>0</AllowDiscount>
      <itemStatus>1</itemStatus>
      <LastUpdateDate />
      <LastUpdateTime />
    </Product>
    <Product>
      <PriceUpdateDate>2022/11/01 11:47</PriceUpdateDate>
      <ItemCode>5045707</ItemCode>
      <ItemType>0</ItemType>
      <ItemName>פנסי פיסט פיורלי עוף ובקר</ItemName>
      <ManufactureName>שחורי אריה ואנסטסיה</ManufactureName>
      <ManufactureCountry />
      <ManufactureItemDescription />
      <UnitQty>'יח</UnitQty>
      <Quantity>0.58</Quantity>
      <UnitMeasure>ל-100 גרם</UnitMeasure>
      <BisWeighted>0</BisWeighted>
      <QtyInPackage>1</QtyInPackage>
      <ItemPrice>5.90</ItemPrice>
      <UnitOfMeasurePrice>10.17</UnitOfMeasurePrice>
      <AllowDiscount>0</AllowDiscount>
      <itemStatus>1</itemStatus>
      <LastUpdateDate />
      <LastUpdateTime />
    </Product>
    <Product>
      <PriceUpdateDate>2022/11/01 11:47</PriceUpdateDate>
      <ItemCode>5045804</ItemCode>
      <ItemType>0</ItemType>
      <ItemName>פנסי פיסט פיורלי טונגול טונה</ItemName>
      <ManufactureName>שחורי אריה ואנסטסיה</ManufactureName>
      <ManufactureCountry />
      <ManufactureItemDescription />
      <UnitQty>'יח</UnitQty>
      <Quantity>0.58</Quantity>
      <UnitMeasure>ל-100 גרם</UnitMeasure>
      <BisWeighted>0</BisWeighted>
      <QtyInPackage>1</QtyInPackage>
      <ItemPrice>5.90</ItemPrice>
      <UnitOfMeasurePrice>10.17</UnitOfMeasurePrice>
      <AllowDiscount>0</AllowDiscount>
      <itemStatus>1</itemStatus>
      <LastUpdateDate />
      <LastUpdateTime />
    </Product>
    <Product>
      <PriceUpdateDate>2022/11/01 11:47</PriceUpdateDate>
      <ItemCode>5046803</ItemCode>
      <ItemType>0</ItemType>
      <ItemName>פנסי פיסט פיורלי עוף וטונה</ItemName>
      <ManufactureName>שחורי אריה ואנסטסיה</ManufactureName>
      <ManufactureCountry />
      <ManufactureItemDescription />
      <UnitQty>'יח</UnitQty>
      <Quantity>0.58</Quantity>
      <UnitMeasure>ל-100 גרם</UnitMeasure>
      <BisWeighted>0</BisWeighted>
      <QtyInPackage>1</QtyInPackage>
      <ItemPrice>5.90</ItemPrice>
      <UnitOfMeasurePrice>10.17</UnitOfMeasurePrice>
      <AllowDiscount>0</AllowDiscount>
      <itemStatus>1</itemStatus>
      <LastUpdateDate />
      <LastUpdateTime />
    </Product>
    <Product>
      <PriceUpdateDate>2022/11/01 10:50</PriceUpdateDate>
      <ItemCode>7290005068058</ItemCode>
      <ItemType>1</ItemType>
      <ItemName>פרי גליל גרעיני תירס מתוק קל 550 גרם</ItemName>
      <ManufactureName>ויטה פרי גליל (החדשה) בע`מ</ManufactureName>
      <ManufactureCountry />
      <ManufactureItemDescription />
      <UnitQty>'יח</UnitQty>
      <Quantity>5.50</Quantity>
      <UnitMeasure>ל-100 גרם</UnitMeasure>
      <BisWeighted>0</BisWeighted>
      <QtyInPackage>1</QtyInPackage>
      <ItemPrice>7.90</ItemPrice>
      <UnitOfMeasurePrice>1.44</UnitOfMeasurePrice>
      <AllowDiscount>1</AllowDiscount>
      <itemStatus>1</itemStatus>
      <LastUpdateDate />
      <LastUpdateTime />
    </Product>
    <Product>
      <PriceUpdateDate>2022/11/01 10:50</PriceUpdateDate>
      <ItemCode>7290005068447</ItemCode>
      <ItemType>1</ItemType>
      <ItemName>גרעיני תירס קל 340 גרם</ItemName>
      <ManufactureName>ויטה פרי גליל (החדשה) בע`מ</ManufactureName>
      <ManufactureCountry />
      <ManufactureItemDescription />
      <UnitQty>'יח</UnitQty>
      <Quantity>3.40</Quantity>
      <UnitMeasure>ל-100 גרם</UnitMeasure>
      <BisWeighted>0</BisWeighted>
      <QtyInPackage>1</QtyInPackage>
      <ItemPrice>5.90</ItemPrice>
      <UnitOfMeasurePrice>1.74</UnitOfMeasurePrice>
      <AllowDiscount>0</AllowDiscount>
      <itemStatus>1</itemStatus>
      <LastUpdateDate />
      <LastUpdateTime />
    </Product>
    <Product>
      <PriceUpdateDate>2021/07/26 12:17</PriceUpdateDate>
      <ItemCode>7290005068621</ItemCode>
      <ItemType>1</ItemType>
      <ItemName>ברוקלי 800 גר`</ItemName>
      <ManufactureName>ויטה פרי גליל (החדשה) בע`מ</ManufactureName>
      <ManufactureCountry />
      <ManufactureItemDescription />
      <UnitQty>'יח</UnitQty>
      <Quantity>8</Quantity>
      <UnitMeasure>ל-100 גרם</UnitMeasure>
      <BisWeighted>0</BisWeighted>
      <QtyInPackage>12</QtyInPackage>
      <ItemPrice>14.90</ItemPrice>
      <UnitOfMeasurePrice>1.86</UnitOfMeasurePrice>
      <AllowDiscount>0</AllowDiscount>
      <itemStatus>1</itemStatus>
      <LastUpdateDate />
      <LastUpdateTime />
    </Product>
    <Product>
      <PriceUpdateDate>2021/07/28 16:53</PriceUpdateDate>
      <ItemCode>7290005084355</ItemCode>
      <ItemType>1</ItemType>
      <ItemName>משחת שיניים סנסודין פלואוריד 75 מל זהב</ItemName>
      <ManufactureName>גורי ע.ע.ע. בע`מ</ManufactureName>
      <ManufactureCountry />
      <ManufactureItemDescription />
      <UnitQty>'יח</UnitQty>
      <Quantity>0.75</Quantity>
      <UnitMeasure>ל-100 גרם</UnitMeasure>
      <BisWeighted>0</BisWeighted>
      <QtyInPackage>1</QtyInPackage>
      <ItemPrice>21.90</ItemPrice>
      <UnitOfMeasurePrice>29.20</UnitOfMeasurePrice>
      <AllowDiscount>1</AllowDiscount>
      <itemStatus>1</itemStatus>
      <LastUpdateDate />
      <LastUpdateTime />
    </Product>
    <Product>
      <PriceUpdateDate>2022/11/01 11:46</PriceUpdateDate>
      <ItemCode>7290005111761</ItemCode>
      <ItemType>1</ItemType>
      <ItemName>מזון לכלבים בונזו מזון כלבים בשר 3 קג</ItemName>
      <ManufactureName>שחורי אריה ואנסטסיה</ManufactureName>
      <ManufactureCountry />
      <ManufactureItemDescription />
      <UnitQty>'יח</UnitQty>
      <Quantity>30</Quantity>
      <UnitMeasure>ל-100 גרם</UnitMeasure>
      <BisWeighted>0</BisWeighted>
      <QtyInPackage>1</QtyInPackage>
      <ItemPrice>49.90</ItemPrice>
      <UnitOfMeasurePrice>1.66</UnitOfMeasurePrice>
      <AllowDiscount>0</AllowDiscount>
      <itemStatus>1</itemStatus>
      <LastUpdateDate />
      <LastUpdateTime />
    </Product>
    <Product>
      <PriceUpdateDate>2022/11/01 12:00</PriceUpdateDate>
      <ItemCode>5113222</ItemCode>
      <ItemType>0</ItemType>
      <ItemName>מיקס זיתים+גמבה A-2</ItemName>
      <ManufactureName>קבוצת יבנה</ManufactureName>
      <ManufactureCountry />
      <ManufactureItemDescription />
      <UnitQty>'יח</UnitQty>
      <Quantity>5.60</Quantity>
      <UnitMeasure>ל-100 גרם</UnitMeasure>
      <BisWeighted>0</BisWeighted>
      <QtyInPackage>1</QtyInPackage>
      <ItemPrice>10.90</ItemPrice>
      <UnitOfMeasurePrice>1.95</UnitOfMeasurePrice>
      <AllowDiscount>0</AllowDiscount>
      <itemStatus>1</itemStatus>
      <LastUpdateDate />
      <LastUpdateTime />
    </Product>
    <Product>
      <PriceUpdateDate>2019/01/16 14:40</PriceUpdateDate>
      <ItemCode>7290005175428</ItemCode>
      <ItemType>1</ItemType>
      <ItemName>קמח תירס 500 גרם</ItemName>
      <ManufactureName>ג. וילי-פוד אינטרנשיונל בע`מ</ManufactureName>
      <ManufactureCountry />
      <ManufactureItemDescription />
      <UnitQty>'יח</UnitQty>
      <Quantity>5</Quantity>
      <UnitMeasure>ל-100 גרם</UnitMeasure>
      <BisWeighted>0</BisWeighted>
      <QtyInPackage>20</QtyInPackage>
      <ItemPrice>6.40</ItemPrice>
      <UnitOfMeasurePrice>1.28</UnitOfMeasurePrice>
      <AllowDiscount>0</AllowDiscount>
      <itemStatus>1</itemStatus>
      <LastUpdateDate />
      <LastUpdateTime />
    </Product>
    <Product>
      <PriceUpdateDate>2019/08/11 15:34</PriceUpdateDate>
      <ItemCode>7290005197758</ItemCode>
      <ItemType>1</ItemType>
      <ItemName>עוגיות חיוכים של שוקו 150 גרם</ItemName>
      <ManufactureName>שטראוס גרופ בע`מ</ManufactureName>
      <ManufactureCountry />
      <ManufactureItemDescription />
      <UnitQty>'יח</UnitQty>
      <Quantity>1.50</Quantity>
      <UnitMeasure>ל-100 גרם</UnitMeasure>
      <BisWeighted>0</BisWeighted>
      <QtyInPackage>12</QtyInPackage>
      <ItemPrice>4.90</ItemPrice>
      <UnitOfMeasurePrice>3.27</UnitOfMeasurePrice>
      <AllowDiscount>0</AllowDiscount>
      <itemStatus>1</itemStatus>
      <LastUpdateDate />
      <LastUpdateTime />
    </Product>
    <Product>
      <PriceUpdateDate>2019/08/11 15:34</PriceUpdateDate>
      <ItemCode>7290005199578</ItemCode>
      <ItemType>1</ItemType>
      <ItemName>קפה נמס מיובש בהקפאה נטול קפאין 200ג</ItemName>
      <ManufactureName>שטראוס גרופ בע`מ</ManufactureName>
      <ManufactureCountry />
      <ManufactureItemDescription />
      <UnitQty>'יח</UnitQty>
      <Quantity>2</Quantity>
      <UnitMeasure>ל-100 גרם</UnitMeasure>
      <BisWeighted>0</BisWeighted>
      <QtyInPackage>6</QtyInPackage>
      <ItemPrice>35.90</ItemPrice>
      <UnitOfMeasurePrice>17.95</UnitOfMeasurePrice>
      <AllowDiscount>0</AllowDiscount>
      <itemStatus>1</itemStatus>
      <LastUpdateDate />
      <LastUpdateTime />
    </Product>
    <Product>
      <PriceUpdateDate>2019/01/16 14:40</PriceUpdateDate>
      <ItemCode>7290005199738</ItemCode>
      <ItemType>1</ItemType>
      <ItemName>מאסט פלוס מסטיק לריח פה נעים 30 גרם</ItemName>
      <ManufactureName>שטראוס גרופ בע`מ</ManufactureName>
      <ManufactureCountry />
      <ManufactureItemDescription />
      <UnitQty>'יח</UnitQty>
      <Quantity>0.30</Quantity>
      <UnitMeasure>ל-100 גרם</UnitMeasure>
      <BisWeighted>0</BisWeighted>
      <QtyInPackage>16</QtyInPackage>
      <ItemPrice>4.40</ItemPrice>
      <UnitOfMeasurePrice>14.67</UnitOfMeasurePrice>
      <AllowDiscount>0</AllowDiscount>
      <itemStatus>1</itemStatus>
      <LastUpdateDate />
      <LastUpdateTime />
    </Product>
    <Product>
      <PriceUpdateDate>2022/02/22 16:31</PriceUpdateDate>
      <ItemCode>7290005200786</ItemCode>
      <ItemType>1</ItemType>
      <ItemName>תפוצ`יפס שמנת עם בצל 50 גרם</ItemName>
      <ManufactureName>שטראוס פריטו ליי בע`מ</ManufactureName>
      <ManufactureCountry />
      <ManufactureItemDescription />
      <UnitQty>'יח</UnitQty>
      <Quantity>0.50</Quantity>
      <UnitMeasure>ל-100 גרם</UnitMeasure>
      <BisWeighted>0</BisWeighted>
      <QtyInPackage>1</QtyInPackage>
      <ItemPrice>3.90</ItemPrice>
      <UnitOfMeasurePrice>7.80</UnitOfMeasurePrice>
      <AllowDiscount>1</AllowDiscount>
      <itemStatus>1</itemStatus>
      <LastUpdateDate />
      <LastUpdateTime />
    </Product>
    <Product>
      <PriceUpdateDate>2019/08/11 15:34</PriceUpdateDate>
      <ItemCode>7290005201455</ItemCode>
      <ItemType>1</ItemType>
      <ItemName>קפה ארומה נמס מגורען 200 גרם</ItemName>
      <ManufactureName>שטראוס גרופ בע`מ</ManufactureName>
      <ManufactureCountry />
      <ManufactureItemDescription />
      <UnitQty>'יח</UnitQty>
      <Quantity>2</Quantity>
      <UnitMeasure>ל-100 גרם</UnitMeasure>
      <BisWeighted>0</BisWeighted>
      <QtyInPackage>6</QtyInPackage>
      <ItemPrice>22.90</ItemPrice>
      <UnitOfMeasurePrice>11.45</UnitOfMeasurePrice>
      <AllowDiscount>0</AllowDiscount>
      <itemStatus>1</itemStatus>
      <LastUpdateDate />
      <LastUpdateTime />
    </Product>
    <Product>
      <PriceUpdateDate>2020/09/22 07:41</PriceUpdateDate>
      <ItemCode>5201882</ItemCode>
      <ItemType>0</ItemType>
      <ItemName>קפה טורקי שקית 200 גרם</ItemName>
      <ManufactureName>שטראוס גרופ בע`מ</ManufactureName>
      <ManufactureCountry />
      <ManufactureItemDescription />
      <UnitQty>'יח</UnitQty>
      <Quantity>2.40</Quantity>
      <UnitMeasure>ל-100 גרם</UnitMeasure>
      <BisWeighted>0</BisWeighted>
      <QtyInPackage>24</QtyInPackage>
      <ItemPrice>14.90</ItemPrice>
      <UnitOfMeasurePrice>6.21</UnitOfMeasurePrice>
      <AllowDiscount>1</AllowDiscount>
      <itemStatus>1</itemStatus>
      <LastUpdateDate />
      <LastUpdateTime />
    </Product>
    <Product>
      <PriceUpdateDate>2022/07/08 06:40</PriceUpdateDate>
      <ItemCode>5271410</ItemCode>
      <ItemType>0</ItemType>
      <ItemName>ביצים ארוזות L 12 יח`</ItemName>
      <ManufactureName>גליקסמן שיווק ביצים [1994] בעמ</ManufactureName>
      <ManufactureCountry />
      <ManufactureItemDescription />
      <UnitQty>'יח</UnitQty>
      <Quantity>1</Quantity>
      <UnitMeasure />
      <BisWeighted>0</BisWeighted>
      <QtyInPackage>1</QtyInPackage>
      <ItemPrice>12.05</ItemPrice>
      <UnitOfMeasurePrice>12.05</UnitOfMeasurePrice>
      <AllowDiscount>0</AllowDiscount>
      <itemStatus>1</itemStatus>
      <LastUpdateDate />
      <LastUpdateTime />
    </Product>
    <Product>
      <PriceUpdateDate>2022/07/18 15:49</PriceUpdateDate>
      <ItemCode>5271427</ItemCode>
      <ItemType>0</ItemType>
      <ItemName>ביצים ארוזות M 12 יח`</ItemName>
      <ManufactureName>גליקסמן שיווק ביצים [1994] בעמ</ManufactureName>
      <ManufactureCountry />
      <ManufactureItemDescription />
      <UnitQty>'יח</UnitQty>
      <Quantity>1</Quantity>
      <UnitMeasure />
      <BisWeighted>0</BisWeighted>
      <QtyInPackage>1</QtyInPackage>
      <ItemPrice>11.15</ItemPrice>
      <UnitOfMeasurePrice>11.15</UnitOfMeasurePrice>
      <AllowDiscount>0</AllowDiscount>
      <itemStatus>1</itemStatus>
      <LastUpdateDate />
      <LastUpdateTime />
    </Product>
    <Product>
      <PriceUpdateDate>2022/07/08 06:40</PriceUpdateDate>
      <ItemCode>7290005271786</ItemCode>
      <ItemType>1</ItemType>
      <ItemName>ביצים עטוף 30*1 M</ItemName>
      <ManufactureName>גליקסמן שיווק ביצים [1994] בעמ</ManufactureName>
      <ManufactureCountry />
      <ManufactureItemDescription />
      <UnitQty>'יח</UnitQty>
      <Quantity>1</Quantity>
      <UnitMeasure />
      <BisWeighted>0</BisWeighted>
      <QtyInPackage>1</QtyInPackage>
      <ItemPrice>27.87</ItemPrice>
      <UnitOfMeasurePrice>27.87</UnitOfMeasurePrice>
      <AllowDiscount>0</AllowDiscount>
      <itemStatus>1</itemStatus>
      <LastUpdateDate />
      <LastUpdateTime />
    </Product>
    <Product>
      <PriceUpdateDate>2019/01/16 14:40</PriceUpdateDate>
      <ItemCode>7290005287206</ItemCode>
      <ItemType>1</ItemType>
      <ItemName>.טונה סטארקיסט בשמן 4*160 גרם</ItemName>
      <ManufactureName>דיפלומט מפיצים (1968) בע`מ</ManufactureName>
      <ManufactureCountry />
      <ManufactureItemDescription />
      <UnitQty>'יח</UnitQty>
      <Quantity>6.40</Quantity>
      <UnitMeasure>ל-100 גרם</UnitMeasure>
      <BisWeighted>0</BisWeighted>
      <QtyInPackage>1</QtyInPackage>
      <ItemPrice>24.90</ItemPrice>
      <UnitOfMeasurePrice>3.89</UnitOfMeasurePrice>
      <AllowDiscount>1</AllowDiscount>
      <itemStatus>1</itemStatus>
      <LastUpdateDate />
      <LastUpdateTime />
    </Product>
    <Product>
      <PriceUpdateDate>2019/01/16 14:40</PriceUpdateDate>
      <ItemCode>7290005287251</ItemCode>
      <ItemType>1</ItemType>
      <ItemName>טונה סטארקיסט במים 4*160 גרם</ItemName>
      <ManufactureName>דיפלומט מפיצים (1968) בע`מ</ManufactureName>
      <ManufactureCountry />
      <ManufactureItemDescription />
      <UnitQty>'יח</UnitQty>
      <Quantity>6.40</Quantity>
      <UnitMeasure>ל-100 גרם</UnitMeasure>
      <BisWeighted>0</BisWeighted>
      <QtyInPackage>12</QtyInPackage>
      <ItemPrice>24.90</ItemPrice>
      <UnitOfMeasurePrice>3.89</UnitOfMeasurePrice>
      <AllowDiscount>1</AllowDiscount>
      <itemStatus>1</itemStatus>
      <LastUpdateDate />
      <LastUpdateTime />
    </Product>
    <Product>
      <PriceUpdateDate>2019/01/16 14:40</PriceUpdateDate>
      <ItemCode>7290005287527</ItemCode>
      <ItemType>1</ItemType>
      <ItemName>טונה סטארקיסט בשמן עם לימון בדצ 160ג</ItemName>
      <ManufactureName>דיפלומט מפיצים (1968) בע`מ</ManufactureName>
      <ManufactureCountry />
      <ManufactureItemDescription />
      <UnitQty>'יח</UnitQty>
      <Quantity>1.60</Quantity>
      <UnitMeasure>ל-100 גרם</UnitMeasure>
      <BisWeighted>0</BisWeighted>
      <QtyInPackage>24</QtyInPackage>
      <ItemPrice>7.90</ItemPrice>
      <UnitOfMeasurePrice>4.94</UnitOfMeasurePrice>
      <AllowDiscount>0</AllowDiscount>
      <itemStatus>1</itemStatus>
      <LastUpdateDate />
      <LastUpdateTime />
    </Product>
    <Product>
      <PriceUpdateDate>2022/08/23 13:02</PriceUpdateDate>
      <ItemCode>5358753</ItemCode>
      <ItemType>0</ItemType>
      <ItemName>לשון בקר חלק</ItemName>
      <ManufactureName>נטו מלינדה סחר בע`מ</ManufactureName>
      <ManufactureCountry />
      <ManufactureItemDescription />
      <UnitQty>ק"ג</UnitQty>
      <Quantity>1</Quantity>
      <UnitMeasure />
      <BisWeighted>1</BisWeighted>
      <QtyInPackage>1</QtyInPackage>
      <ItemPrice>34.90</ItemPrice>
      <UnitOfMeasurePrice>34.90</UnitOfMeasurePrice>
      <AllowDiscount>0</AllowDiscount>
      <itemStatus>1</itemStatus>
      <LastUpdateDate />
      <LastUpdateTime />
    </Product>
    <Product>
      <PriceUpdateDate>2019/01/16 14:40</PriceUpdateDate>
      <ItemCode>5384837</ItemCode>
      <ItemType>0</ItemType>
      <ItemName>מיץ לימון מלימונים טריים 500 גרם</ItemName>
      <ManufactureName>ג. וילי-פוד אינטרנשיונל בע`מ</ManufactureName>
      <ManufactureCountry />
      <ManufactureItemDescription />
      <UnitQty>'יח</UnitQty>
      <Quantity>5</Quantity>
      <UnitMeasure>ל-100 מ"ל</UnitMeasure>
      <BisWeighted>0</BisWeighted>
      <QtyInPackage>12</QtyInPackage>
      <ItemPrice>7</ItemPrice>
      <UnitOfMeasurePrice>1.40</UnitOfMeasurePrice>
      <AllowDiscount>0</AllowDiscount>
      <itemStatus>1</itemStatus>
      <LastUpdateDate />
      <LastUpdateTime />
    </Product>
    <Product>
      <PriceUpdateDate>2019/01/16 14:40</PriceUpdateDate>
      <ItemCode>5384851</ItemCode>
      <ItemType>0</ItemType>
      <ItemName>מיץ לימון משומר 200 מ`ל</ItemName>
      <ManufactureName>ג. וילי-פוד אינטרנשיונל בע`מ</ManufactureName>
      <ManufactureCountry />
      <ManufactureItemDescription />
      <UnitQty>'יח</UnitQty>
      <Quantity>2</Quantity>
      <UnitMeasure>ל-100 מ"ל</UnitMeasure>
      <BisWeighted>0</BisWeighted>
      <QtyInPackage>24</QtyInPackage>
      <ItemPrice>4.80</ItemPrice>
      <UnitOfMeasurePrice>2.40</UnitOfMeasurePrice>
      <AllowDiscount>0</AllowDiscount>
      <itemStatus>1</itemStatus>
      <LastUpdateDate />
      <LastUpdateTime />
    </Product>
    <Product>
      <PriceUpdateDate>2022/05/16 12:56</PriceUpdateDate>
      <ItemCode>5387043</ItemCode>
      <ItemType>0</ItemType>
      <ItemName>צלעות  מס`2</ItemName>
      <ManufactureName>בלדי בע`מ</ManufactureName>
      <ManufactureCountry />
      <ManufactureItemDescription />
      <UnitQty>ק"ג</UnitQty>
      <Quantity>1</Quantity>
      <UnitMeasure />
      <BisWeighted>1</BisWeighted>
      <QtyInPackage>1</QtyInPackage>
      <ItemPrice>34.90</ItemPrice>
      <UnitOfMeasurePrice>34.90</UnitOfMeasurePrice>
      <AllowDiscount>1</AllowDiscount>
      <itemStatus>1</itemStatus>
      <LastUpdateDate />
      <LastUpdateTime />
    </Product>
    <Product>
      <PriceUpdateDate>2019/01/16 14:40</PriceUpdateDate>
      <ItemCode>5423253</ItemCode>
      <ItemType>0</ItemType>
      <ItemName>מרכך ומבשם כביסה אולטרא פרש 750 מל</ItemName>
      <ManufactureName>החב. הדרומית לשיווק</ManufactureName>
      <ManufactureCountry />
      <ManufactureItemDescription />
      <UnitQty>'יח</UnitQty>
      <Quantity>7.50</Quantity>
      <UnitMeasure>ל-100 מ"ל</UnitMeasure>
      <BisWeighted>0</BisWeighted>
      <QtyInPackage>12</QtyInPackage>
      <ItemPrice>17.90</ItemPrice>
      <UnitOfMeasurePrice>2.39</UnitOfMeasurePrice>
      <AllowDiscount>1</AllowDiscount>
      <itemStatus>1</itemStatus>
      <LastUpdateDate />
      <LastUpdateTime />
    </Product>
    <Product>
      <PriceUpdateDate>2019/01/16 14:40</PriceUpdateDate>
      <ItemCode>5423567</ItemCode>
      <ItemType>0</ItemType>
      <ItemName>סנו סושי מטלית בגליל צהוב 40 יח</ItemName>
      <ManufactureName>החב. הדרומית לשיווק</ManufactureName>
      <ManufactureCountry />
      <ManufactureItemDescription />
      <UnitQty>'יח</UnitQty>
      <Quantity>1</Quantity>
      <UnitMeasure />
      <BisWeighted>0</BisWeighted>
      <QtyInPackage>15</QtyInPackage>
      <ItemPrice>19.90</ItemPrice>
      <UnitOfMeasurePrice>19.90</UnitOfMeasurePrice>
      <AllowDiscount>0</AllowDiscount>
      <itemStatus>1</itemStatus>
      <LastUpdateDate />
      <LastUpdateTime />
    </Product>
    <Product>
      <PriceUpdateDate>2022/03/27 06:37</PriceUpdateDate>
      <ItemCode>5423635</ItemCode>
      <ItemType>0</ItemType>
      <ItemName>ריצפז פלוס נוזל לרצפה דוחה חרקים 2 ל</ItemName>
      <ManufactureName>החב. הדרומית לשיווק</ManufactureName>
      <ManufactureCountry />
      <ManufactureItemDescription />
      <UnitQty>'יח</UnitQty>
      <Quantity>20</Quantity>
      <UnitMeasure>ל-100 מ"ל</UnitMeasure>
      <BisWeighted>0</BisWeighted>
      <QtyInPackage>8</QtyInPackage>
      <ItemPrice>22.90</ItemPrice>
      <UnitOfMeasurePrice>1.15</UnitOfMeasurePrice>
      <AllowDiscount>1</AllowDiscount>
      <itemStatus>1</itemStatus>
      <LastUpdateDate />
      <LastUpdateTime />
    </Product>
    <Product>
      <PriceUpdateDate>2022/01/17 20:43</PriceUpdateDate>
      <ItemCode>5423734</ItemCode>
      <ItemType>0</ItemType>
      <ItemName>מרכך כביסה סנו מקסימה כחול אולטרא פרש</ItemName>
      <ManufactureName>החב. הדרומית לשיווק</ManufactureName>
      <ManufactureCountry />
      <ManufactureItemDescription />
      <UnitQty>'יח</UnitQty>
      <Quantity>40</Quantity>
      <UnitMeasure>ל-100 מ"ל</UnitMeasure>
      <BisWeighted>0</BisWeighted>
      <QtyInPackage>6</QtyInPackage>
      <ItemPrice>21.90</ItemPrice>
      <UnitOfMeasurePrice>0.55</UnitOfMeasurePrice>
      <AllowDiscount>0</AllowDiscount>
      <itemStatus>1</itemStatus>
      <LastUpdateDate />
      <LastUpdateTime />
    </Product>
    <Product>
      <PriceUpdateDate>2019/01/16 14:40</PriceUpdateDate>
      <ItemCode>7290005423833</ItemCode>
      <ItemType>1</ItemType>
      <ItemName>פוליויקס פרקט נוזל 2 ליטר</ItemName>
      <ManufactureName>החב. הדרומית לשיווק</ManufactureName>
      <ManufactureCountry />
      <ManufactureItemDescription />
      <UnitQty>'יח</UnitQty>
      <Quantity>20</Quantity>
      <UnitMeasure>ל-100 מ"ל</UnitMeasure>
      <BisWeighted>0</BisWeighted>
      <QtyInPackage>1</QtyInPackage>
      <ItemPrice>21.90</ItemPrice>
      <UnitOfMeasurePrice>1.10</UnitOfMeasurePrice>
      <AllowDiscount>0</AllowDiscount>
      <itemStatus>1</itemStatus>
      <LastUpdateDate />
      <LastUpdateTime />
    </Product>
    <Product>
      <PriceUpdateDate>2021/12/30 18:57</PriceUpdateDate>
      <ItemCode>7290005423871</ItemCode>
      <ItemType>1</ItemType>
      <ItemName>משחת שיניים אורביטול שלישיה 3*145 גר</ItemName>
      <ManufactureName>החב. הדרומית לשיווק</ManufactureName>
      <ManufactureCountry />
      <ManufactureItemDescription />
      <UnitQty>'יח</UnitQty>
      <Quantity>4.29</Quantity>
      <UnitMeasure>ל-100 גרם</UnitMeasure>
      <BisWeighted>0</BisWeighted>
      <QtyInPackage>8</QtyInPackage>
      <ItemPrice>17.90</ItemPrice>
      <UnitOfMeasurePrice>4.17</UnitOfMeasurePrice>
      <AllowDiscount>0</AllowDiscount>
      <itemStatus>1</itemStatus>
      <LastUpdateDate />
      <LastUpdateTime />
    </Product>
    <Product>
      <PriceUpdateDate>2022/01/17 20:43</PriceUpdateDate>
      <ItemCode>7290005423918</ItemCode>
      <ItemType>1</ItemType>
      <ItemName>מרכך כביסה סנו מקסימה לתינוק ירוק 4 ל`</ItemName>
      <ManufactureName>החב. הדרומית לשיווק</ManufactureName>
      <ManufactureCountry />
      <ManufactureItemDescription />
      <UnitQty>'יח</UnitQty>
      <Quantity>40</Quantity>
      <UnitMeasure>ל-100 מ"ל</UnitMeasure>
      <BisWeighted>0</BisWeighted>
      <QtyInPackage>1</QtyInPackage>
      <ItemPrice>21.90</ItemPrice>
      <UnitOfMeasurePrice>0.55</UnitOfMeasurePrice>
      <AllowDiscount>0</AllowDiscount>
      <itemStatus>1</itemStatus>
      <LastUpdateDate />
      <LastUpdateTime />
    </Product>
    <Product>
      <PriceUpdateDate>2021/12/30 18:57</PriceUpdateDate>
      <ItemCode>5424403</ItemCode>
      <ItemType>0</ItemType>
      <ItemName>כיף סבון נוזלי אצות ים 1 ליטר</ItemName>
      <ManufactureName>החב. הדרומית לשיווק</ManufactureName>
      <ManufactureCountry />
      <ManufactureItemDescription />
      <UnitQty>'יח</UnitQty>
      <Quantity>1</Quantity>
      <UnitMeasure />
      <BisWeighted>0</BisWeighted>
      <QtyInPackage>12</QtyInPackage>
      <ItemPrice>12.90</ItemPrice>
      <UnitOfMeasurePrice>12.90</UnitOfMeasurePrice>
      <AllowDiscount>0</AllowDiscount>
      <itemStatus>1</itemStatus>
      <LastUpdateDate />
      <LastUpdateTime />
    </Product>
    <Product>
      <PriceUpdateDate>2020/10/19 18:24</PriceUpdateDate>
      <ItemCode>7290005424762</ItemCode>
      <ItemType>1</ItemType>
      <ItemName>ריצפז פלוס ווקס נוזל דוחה חרקים 2 ל`</ItemName>
      <ManufactureName>החב. הדרומית לשיווק</ManufactureName>
      <ManufactureCountry />
      <ManufactureItemDescription />
      <UnitQty>'יח</UnitQty>
      <Quantity>20</Quantity>
      <UnitMeasure>ל-100 מ"ל</UnitMeasure>
      <BisWeighted>0</BisWeighted>
      <QtyInPackage>8</QtyInPackage>
      <ItemPrice>25.90</ItemPrice>
      <UnitOfMeasurePrice>1.30</UnitOfMeasurePrice>
      <AllowDiscount>0</AllowDiscount>
      <itemStatus>1</itemStatus>
      <LastUpdateDate />
      <LastUpdateTime />
    </Product>
    <Product>
      <PriceUpdateDate>2022/11/01 09:45</PriceUpdateDate>
      <ItemCode>5424847</ItemCode>
      <ItemType>0</ItemType>
      <ItemName>סנו סופט מפיות 30*30 150 יח`</ItemName>
      <ManufactureName>החב. הדרומית לשיווק</ManufactureName>
      <ManufactureCountry />
      <ManufactureItemDescription />
      <UnitQty>'יח</UnitQty>
      <Quantity>1</Quantity>
      <UnitMeasure />
      <BisWeighted>0</BisWeighted>
      <QtyInPackage>1</QtyInPackage>
      <ItemPrice>8.90</ItemPrice>
      <UnitOfMeasurePrice>8.90</UnitOfMeasurePrice>
      <AllowDiscount>0</AllowDiscount>
      <itemStatus>1</itemStatus>
      <LastUpdateDate />
      <LastUpdateTime />
    </Product>
    <Product>
      <PriceUpdateDate>2019/12/24 08:42</PriceUpdateDate>
      <ItemCode>5425196</ItemCode>
      <ItemType>0</ItemType>
      <ItemName>סנו מקסימה סנסטיב 2.5</ItemName>
      <ManufactureName>החב. הדרומית לשיווק</ManufactureName>
      <ManufactureCountry />
      <ManufactureItemDescription />
      <UnitQty>'יח</UnitQty>
      <Quantity>25</Quantity>
      <UnitMeasure>ל-100 גרם</UnitMeasure>
      <BisWeighted>0</BisWeighted>
      <QtyInPackage>6</QtyInPackage>
      <ItemPrice>24.90</ItemPrice>
      <UnitOfMeasurePrice>1</UnitOfMeasurePrice>
      <AllowDiscount>0</AllowDiscount>
      <itemStatus>1</itemStatus>
      <LastUpdateDate />
      <LastUpdateTime />
    </Product>
    <Product>
      <PriceUpdateDate>2022/01/17 20:43</PriceUpdateDate>
      <ItemCode>7290005425646</ItemCode>
      <ItemType>1</ItemType>
      <ItemName>סנוקליר נוזל לניקוי והברקה מתז 1 ליט</ItemName>
      <ManufactureName>החב. הדרומית לשיווק</ManufactureName>
      <ManufactureCountry />
      <ManufactureItemDescription />
      <UnitQty>'יח</UnitQty>
      <Quantity>10</Quantity>
      <UnitMeasure>ל-100 מ"ל</UnitMeasure>
      <BisWeighted>0</BisWeighted>
      <QtyInPackage>12</QtyInPackage>
      <ItemPrice>10.90</ItemPrice>
      <UnitOfMeasurePrice>1.09</UnitOfMeasurePrice>
      <AllowDiscount>0</AllowDiscount>
      <itemStatus>1</itemStatus>
      <LastUpdateDate />
      <LastUpdateTime />
    </Product>
    <Product>
      <PriceUpdateDate>2022/01/17 20:43</PriceUpdateDate>
      <ItemCode>7290005426803</ItemCode>
      <ItemType>1</ItemType>
      <ItemName>מרכך כביסה סנו מקסימה פצ`ולי לבנדר4ליט</ItemName>
      <ManufactureName>החב. הדרומית לשיווק</ManufactureName>
      <ManufactureCountry />
      <ManufactureItemDescription />
      <UnitQty>'יח</UnitQty>
      <Quantity>40</Quantity>
      <UnitMeasure>ל-100 מ"ל</UnitMeasure>
      <BisWeighted>0</BisWeighted>
      <QtyInPackage>6</QtyInPackage>
      <ItemPrice>21.90</ItemPrice>
      <UnitOfMeasurePrice>0.55</UnitOfMeasurePrice>
      <AllowDiscount>0</AllowDiscount>
      <itemStatus>1</itemStatus>
      <LastUpdateDate />
      <LastUpdateTime />
    </Product>
    <Product>
      <PriceUpdateDate>2022/01/06 22:10</PriceUpdateDate>
      <ItemCode>5427107</ItemCode>
      <ItemType>0</ItemType>
      <ItemName>סנו סושי מגבות נייר לבנות 6 יח`</ItemName>
      <ManufactureName>החב. הדרומית לשיווק</ManufactureName>
      <ManufactureCountry />
      <ManufactureItemDescription />
      <UnitQty>'יח</UnitQty>
      <Quantity>5.70</Quantity>
      <UnitMeasure>ל-100 גרם</UnitMeasure>
      <BisWeighted>0</BisWeighted>
      <QtyInPackage>1</QtyInPackage>
      <ItemPrice>12.90</ItemPrice>
      <UnitOfMeasurePrice>2.26</UnitOfMeasurePrice>
      <AllowDiscount>0</AllowDiscount>
      <itemStatus>1</itemStatus>
      <LastUpdateDate />
      <LastUpdateTime />
    </Product>
    <Product>
      <PriceUpdateDate>2021/12/30 18:57</PriceUpdateDate>
      <ItemCode>7290005427725</ItemCode>
      <ItemType>1</ItemType>
      <ItemName>ליטופים חמישייה מבושם</ItemName>
      <ManufactureName>החב. הדרומית לשיווק</ManufactureName>
      <ManufactureCountry />
      <ManufactureItemDescription />
      <UnitQty>'יח</UnitQty>
      <Quantity>1</Quantity>
      <UnitMeasure>'יח</UnitMeasure>
      <BisWeighted>0</BisWeighted>
      <QtyInPackage>5</QtyInPackage>
      <ItemPrice>19.90</ItemPrice>
      <UnitOfMeasurePrice>19.90</UnitOfMeasurePrice>
      <AllowDiscount>0</AllowDiscount>
      <itemStatus>1</itemStatus>
      <LastUpdateDate />
      <LastUpdateTime />
    </Product>
    <Product>
      <PriceUpdateDate>2022/11/01 09:45</PriceUpdateDate>
      <ItemCode>7290005428852</ItemCode>
      <ItemType>1</ItemType>
      <ItemName>סנו סופט ממחטות אף צבעוני שקית 5*100</ItemName>
      <ManufactureName>החב. הדרומית לשיווק</ManufactureName>
      <ManufactureCountry />
      <ManufactureItemDescription />
      <UnitQty>'יח</UnitQty>
      <Quantity>6.50</Quantity>
      <UnitMeasure>ל-100 גרם</UnitMeasure>
      <BisWeighted>0</BisWeighted>
      <QtyInPackage>1</QtyInPackage>
      <ItemPrice>14.90</ItemPrice>
      <UnitOfMeasurePrice>2.29</UnitOfMeasurePrice>
      <AllowDiscount>0</AllowDiscount>
      <itemStatus>1</itemStatus>
      <LastUpdateDate />
      <LastUpdateTime />
    </Product>
    <Product>
      <PriceUpdateDate>2022/03/27 06:37</PriceUpdateDate>
      <ItemCode>5429286</ItemCode>
      <ItemType>0</ItemType>
      <ItemName>סנו מקסימה אבקת כביסה ביו 6גר שקית</ItemName>
      <ManufactureName>החב. הדרומית לשיווק</ManufactureName>
      <ManufactureCountry />
      <ManufactureItemDescription />
      <UnitQty>'יח</UnitQty>
      <Quantity>6</Quantity>
      <UnitMeasure>ל-100 גרם</UnitMeasure>
      <BisWeighted>0</BisWeighted>
      <QtyInPackage>3</QtyInPackage>
      <ItemPrice>49.90</ItemPrice>
      <UnitOfMeasurePrice>8.32</UnitOfMeasurePrice>
      <AllowDiscount>0</AllowDiscount>
      <itemStatus>1</itemStatus>
      <LastUpdateDate />
      <LastUpdateTime />
    </Product>
    <Product>
      <PriceUpdateDate>2022/11/01 09:45</PriceUpdateDate>
      <ItemCode>5430510</ItemCode>
      <ItemType>0</ItemType>
      <ItemName>נייר טואלט סנו סופט סילק 40  גל`לבן</ItemName>
      <ManufactureName>החב. הדרומית לשיווק</ManufactureName>
      <ManufactureCountry />
      <ManufactureItemDescription />
      <UnitQty>'יח</UnitQty>
      <Quantity>5.70</Quantity>
      <UnitMeasure>ל-100 גרם</UnitMeasure>
      <BisWeighted>0</BisWeighted>
      <QtyInPackage>1</QtyInPackage>
      <ItemPrice>43.90</ItemPrice>
      <UnitOfMeasurePrice>7.70</UnitOfMeasurePrice>
      <AllowDiscount>0</AllowDiscount>
      <itemStatus>1</itemStatus>
      <LastUpdateDate />
      <LastUpdateTime />
    </Product>
    <Product>
      <PriceUpdateDate>2021/08/08 13:53</PriceUpdateDate>
      <ItemCode>7290005430602</ItemCode>
      <ItemType>1</ItemType>
      <ItemName>סנו אוקסיג`ן מרסס מסיר כתמים 750 מ</ItemName>
      <ManufactureName>החב. הדרומית לשיווק</ManufactureName>
      <ManufactureCountry />
      <ManufactureItemDescription />
      <UnitQty>'יח</UnitQty>
      <Quantity>7.50</Quantity>
      <UnitMeasure>ל-100 מ"ל</UnitMeasure>
      <BisWeighted>0</BisWeighted>
      <QtyInPackage>12</QtyInPackage>
      <ItemPrice>17.90</ItemPrice>
      <UnitOfMeasurePrice>2.39</UnitOfMeasurePrice>
      <AllowDiscount>1</AllowDiscount>
      <itemStatus>1</itemStatus>
      <LastUpdateDate />
      <LastUpdateTime />
    </Product>
    <Product>
      <PriceUpdateDate>2019/11/25 14:59</PriceUpdateDate>
      <ItemCode>5431883</ItemCode>
      <ItemType>0</ItemType>
      <ItemName>מלבי חלבי 165 גר`</ItemName>
      <ManufactureName>תנובה חלב</ManufactureName>
      <ManufactureCountry />
      <ManufactureItemDescription />
      <UnitQty>'יח</UnitQty>
      <Quantity>1.50</Quantity>
      <UnitMeasure>ל-100 מ"ל</UnitMeasure>
      <BisWeighted>0</BisWeighted>
      <QtyInPackage>1</QtyInPackage>
      <ItemPrice>6.90</ItemPrice>
      <UnitOfMeasurePrice>4.60</UnitOfMeasurePrice>
      <AllowDiscount>0</AllowDiscount>
      <itemStatus>1</itemStatus>
      <LastUpdateDate />
      <LastUpdateTime />
    </Product>
    <Product>
      <PriceUpdateDate>2019/11/25 14:59</PriceUpdateDate>
      <ItemCode>5431890</ItemCode>
      <ItemType>0</ItemType>
      <ItemName>בוואריה 95 גר`</ItemName>
      <ManufactureName>תנובה חלב</ManufactureName>
      <ManufactureCountry />
      <ManufactureItemDescription />
      <UnitQty>'יח</UnitQty>
      <Quantity>1.50</Quantity>
      <UnitMeasure>ל-100 מ"ל</UnitMeasure>
      <BisWeighted>0</BisWeighted>
      <QtyInPackage>1</QtyInPackage>
      <ItemPrice>6.90</ItemPrice>
      <UnitOfMeasurePrice>4.60</UnitOfMeasurePrice>
      <AllowDiscount>0</AllowDiscount>
      <itemStatus>1</itemStatus>
      <LastUpdateDate />
      <LastUpdateTime />
    </Product>
    <Product>
      <PriceUpdateDate>2019/11/25 14:59</PriceUpdateDate>
      <ItemCode>5431906</ItemCode>
      <ItemType>0</ItemType>
      <ItemName>קדאיף 82 גר`</ItemName>
      <ManufactureName>תנובה חלב</ManufactureName>
      <ManufactureCountry />
      <ManufactureItemDescription />
      <UnitQty>'יח</UnitQty>
      <Quantity>1.50</Quantity>
      <UnitMeasure>ל-100 מ"ל</UnitMeasure>
      <BisWeighted>0</BisWeighted>
      <QtyInPackage>1</QtyInPackage>
      <ItemPrice>6.90</ItemPrice>
      <UnitOfMeasurePrice>4.60</UnitOfMeasurePrice>
      <AllowDiscount>0</AllowDiscount>
      <itemStatus>1</itemStatus>
      <LastUpdateDate />
      <LastUpdateTime />
    </Product>
    <Product>
      <PriceUpdateDate>2019/11/25 14:59</PriceUpdateDate>
      <ItemCode>5431913</ItemCode>
      <ItemType>0</ItemType>
      <ItemName>עוגת גבינה פירורים  92 גר`</ItemName>
      <ManufactureName>תנובה חלב</ManufactureName>
      <ManufactureCountry />
      <ManufactureItemDescription />
      <UnitQty>'יח</UnitQty>
      <Quantity>1.50</Quantity>
      <UnitMeasure>ל-100 מ"ל</UnitMeasure>
      <BisWeighted>0</BisWeighted>
      <QtyInPackage>1</QtyInPackage>
      <ItemPrice>6.90</ItemPrice>
      <UnitOfMeasurePrice>4.60</UnitOfMeasurePrice>
      <AllowDiscount>0</AllowDiscount>
      <itemStatus>1</itemStatus>
      <LastUpdateDate />
      <LastUpdateTime />
    </Product>
    <Product>
      <PriceUpdateDate>2019/11/25 14:59</PriceUpdateDate>
      <ItemCode>5431920</ItemCode>
      <ItemType>0</ItemType>
      <ItemName>עוגת גבינה פירורים לייט 78 גר`</ItemName>
      <ManufactureName>תנובה חלב</ManufactureName>
      <ManufactureCountry />
      <ManufactureItemDescription />
      <UnitQty>'יח</UnitQty>
      <Quantity>1.50</Quantity>
      <UnitMeasure>ל-100 מ"ל</UnitMeasure>
      <BisWeighted>0</BisWeighted>
      <QtyInPackage>1</QtyInPackage>
      <ItemPrice>6.90</ItemPrice>
      <UnitOfMeasurePrice>4.60</UnitOfMeasurePrice>
      <AllowDiscount>0</AllowDiscount>
      <itemStatus>1</itemStatus>
      <LastUpdateDate />
      <LastUpdateTime />
    </Product>
    <Product>
      <PriceUpdateDate>2020/06/14 09:49</PriceUpdateDate>
      <ItemCode>5431968</ItemCode>
      <ItemType>0</ItemType>
      <ItemName>מלבי שמנת 150 גר`</ItemName>
      <ManufactureName>תנובה חלב</ManufactureName>
      <ManufactureCountry />
      <ManufactureItemDescription />
      <UnitQty>'יח</UnitQty>
      <Quantity>1.50</Quantity>
      <UnitMeasure>ל-100 גרם</UnitMeasure>
      <BisWeighted>0</BisWeighted>
      <QtyInPackage>1</QtyInPackage>
      <ItemPrice>6.90</ItemPrice>
      <UnitOfMeasurePrice>4.60</UnitOfMeasurePrice>
      <AllowDiscount>0</AllowDiscount>
      <itemStatus>1</itemStatus>
      <LastUpdateDate />
      <LastUpdateTime />
    </Product>
    <Product>
      <PriceUpdateDate>2022/01/17 20:43</PriceUpdateDate>
      <ItemCode>5477669</ItemCode>
      <ItemType>0</ItemType>
      <ItemName>דרמפון סבון ללא סבון מועשר בלחות 1 ל</ItemName>
      <ManufactureName>החב. הדרומית לשיווק</ManufactureName>
      <ManufactureCountry />
      <ManufactureItemDescription />
      <UnitQty>'יח</UnitQty>
      <Quantity>1</Quantity>
      <UnitMeasure />
      <BisWeighted>0</BisWeighted>
      <QtyInPackage>1</QtyInPackage>
      <ItemPrice>16.90</ItemPrice>
      <UnitOfMeasurePrice>16.90</UnitOfMeasurePrice>
      <AllowDiscount>0</AllowDiscount>
      <itemStatus>1</itemStatus>
      <LastUpdateDate />
      <LastUpdateTime />
    </Product>
    <Product>
      <PriceUpdateDate>2019/01/16 14:40</PriceUpdateDate>
      <ItemCode>7290005559587</ItemCode>
      <ItemType>1</ItemType>
      <ItemName>מאפה נקניקיה 800 גרם קפוא</ItemName>
      <ManufactureName>תנובה מרכז שיתופי לשיווק תוצרת</ManufactureName>
      <ManufactureCountry />
      <ManufactureItemDescription />
      <UnitQty>'יח</UnitQty>
      <Quantity>8</Quantity>
      <UnitMeasure>ל-100 גרם</UnitMeasure>
      <BisWeighted>0</BisWeighted>
      <QtyInPackage>8</QtyInPackage>
      <ItemPrice>29.90</ItemPrice>
      <UnitOfMeasurePrice>3.74</UnitOfMeasurePrice>
      <AllowDiscount>0</AllowDiscount>
      <itemStatus>1</itemStatus>
      <LastUpdateDate />
      <LastUpdateTime />
    </Product>
    <Product>
      <PriceUpdateDate>2022/01/23 20:22</PriceUpdateDate>
      <ItemCode>5559709</ItemCode>
      <ItemType>0</ItemType>
      <ItemName>בורקס פיצה 700 גרם קפוא</ItemName>
      <ManufactureName>תנובה מרכז שיתופי לשיווק תוצרת</ManufactureName>
      <ManufactureCountry />
      <ManufactureItemDescription />
      <UnitQty>'יח</UnitQty>
      <Quantity>7</Quantity>
      <UnitMeasure>ל-100 גרם</UnitMeasure>
      <BisWeighted>0</BisWeighted>
      <QtyInPackage>12</QtyInPackage>
      <ItemPrice>25.90</ItemPrice>
      <UnitOfMeasurePrice>3.70</UnitOfMeasurePrice>
      <AllowDiscount>0</AllowDiscount>
      <itemStatus>1</itemStatus>
      <LastUpdateDate />
      <LastUpdateTime />
    </Product>
    <Product>
      <PriceUpdateDate>2019/05/30 17:43</PriceUpdateDate>
      <ItemCode>7290005559907</ItemCode>
      <ItemType>1</ItemType>
      <ItemName>פיצה משפחתית 500 גרם קפוא</ItemName>
      <ManufactureName>תנובה מרכז שיתופי לשיווק תוצרת</ManufactureName>
      <ManufactureCountry />
      <ManufactureItemDescription />
      <UnitQty>'יח</UnitQty>
      <Quantity>5</Quantity>
      <UnitMeasure>ל-100 גרם</UnitMeasure>
      <BisWeighted>0</BisWeighted>
      <QtyInPackage>10</QtyInPackage>
      <ItemPrice>19.90</ItemPrice>
      <UnitOfMeasurePrice>3.98</UnitOfMeasurePrice>
      <AllowDiscount>1</AllowDiscount>
      <itemStatus>1</itemStatus>
      <LastUpdateDate />
      <LastUpdateTime />
    </Product>
    <Product>
      <PriceUpdateDate>2019/05/30 17:42</PriceUpdateDate>
      <ItemCode>7290005559914</ItemCode>
      <ItemType>1</ItemType>
      <ItemName>פיצה משפחתית עם זיתים 550 גרם קפוא</ItemName>
      <ManufactureName>תנובה מרכז שיתופי לשיווק תוצרת</ManufactureName>
      <ManufactureCountry />
      <ManufactureItemDescription />
      <UnitQty>'יח</UnitQty>
      <Quantity>5.50</Quantity>
      <UnitMeasure>ל-100 גרם</UnitMeasure>
      <BisWeighted>0</BisWeighted>
      <QtyInPackage>8</QtyInPackage>
      <ItemPrice>19.90</ItemPrice>
      <UnitOfMeasurePrice>3.62</UnitOfMeasurePrice>
      <AllowDiscount>1</AllowDiscount>
      <itemStatus>1</itemStatus>
      <LastUpdateDate />
      <LastUpdateTime />
    </Product>
    <Product>
      <PriceUpdateDate>2019/11/03 14:28</PriceUpdateDate>
      <ItemCode>7290005559990</ItemCode>
      <ItemType>1</ItemType>
      <ItemName>בצק עלים פילאס תורכי 600 גרם קפוא</ItemName>
      <ManufactureName>תנובה מרכז שיתופי לשיווק תוצרת</ManufactureName>
      <ManufactureCountry />
      <ManufactureItemDescription />
      <UnitQty>'יח</UnitQty>
      <Quantity>6</Quantity>
      <UnitMeasure>ל-100 גרם</UnitMeasure>
      <BisWeighted>0</BisWeighted>
      <QtyInPackage>16</QtyInPackage>
      <ItemPrice>22.90</ItemPrice>
      <UnitOfMeasurePrice>3.82</UnitOfMeasurePrice>
      <AllowDiscount>0</AllowDiscount>
      <itemStatus>1</itemStatus>
      <LastUpdateDate />
      <LastUpdateTime />
    </Product>
    <Product>
      <PriceUpdateDate>2019/07/03 08:47</PriceUpdateDate>
      <ItemCode>7290005591761</ItemCode>
      <ItemType>1</ItemType>
      <ItemName>דבש טהור מפרחי בר בקבוק לחיץ 400 גרם</ItemName>
      <ManufactureName>שטראוס גרופ בע`מ</ManufactureName>
      <ManufactureCountry />
      <ManufactureItemDescription />
      <UnitQty>'יח</UnitQty>
      <Quantity>4</Quantity>
      <UnitMeasure>ל-100 גרם</UnitMeasure>
      <BisWeighted>0</BisWeighted>
      <QtyInPackage>12</QtyInPackage>
      <ItemPrice>23.90</ItemPrice>
      <UnitOfMeasurePrice>5.98</UnitOfMeasurePrice>
      <AllowDiscount>1</AllowDiscount>
      <itemStatus>1</itemStatus>
      <LastUpdateDate />
      <LastUpdateTime />
    </Product>
    <Product>
      <PriceUpdateDate>2020/12/07 15:06</PriceUpdateDate>
      <ItemCode>5610509</ItemCode>
      <ItemType>0</ItemType>
      <ItemName>צנונית</ItemName>
      <ManufactureName>ביכורי השדה הצפון בעמ` 1964</ManufactureName>
      <ManufactureCountry />
      <ManufactureItemDescription />
      <UnitQty>'יח</UnitQty>
      <Quantity>1</Quantity>
      <UnitMeasure />
      <BisWeighted>0</BisWeighted>
      <QtyInPackage>1</QtyInPackage>
      <ItemPrice>6.90</ItemPrice>
      <UnitOfMeasurePrice>6.90</UnitOfMeasurePrice>
      <AllowDiscount>0</AllowDiscount>
      <itemStatus>1</itemStatus>
      <LastUpdateDate />
      <LastUpdateTime />
    </Product>
    <Product>
      <PriceUpdateDate>2022/11/01 11:47</PriceUpdateDate>
      <ItemCode>5651052</ItemCode>
      <ItemType>0</ItemType>
      <ItemName>לה קט מיקס 1.5 קג</ItemName>
      <ManufactureName>שחורי אריה ואנסטסיה</ManufactureName>
      <ManufactureCountry />
      <ManufactureItemDescription />
      <UnitQty>'יח</UnitQty>
      <Quantity>15</Quantity>
      <UnitMeasure>ל-100 גרם</UnitMeasure>
      <BisWeighted>0</BisWeighted>
      <QtyInPackage>1</QtyInPackage>
      <ItemPrice>29.90</ItemPrice>
      <UnitOfMeasurePrice>1.99</UnitOfMeasurePrice>
      <AllowDiscount>0</AllowDiscount>
      <itemStatus>1</itemStatus>
      <LastUpdateDate />
      <LastUpdateTime />
    </Product>
    <Product>
      <PriceUpdateDate>2022/11/01 11:46</PriceUpdateDate>
      <ItemCode>7290005651069</ItemCode>
      <ItemType>1</ItemType>
      <ItemName>לה-קט 2.85 קג מיקס</ItemName>
      <ManufactureName>שחורי אריה ואנסטסיה</ManufactureName>
      <ManufactureCountry />
      <ManufactureItemDescription />
      <UnitQty>'יח</UnitQty>
      <Quantity>28.50</Quantity>
      <UnitMeasure>ל-100 גרם</UnitMeasure>
      <BisWeighted>0</BisWeighted>
      <QtyInPackage>1</QtyInPackage>
      <ItemPrice>59.90</ItemPrice>
      <UnitOfMeasurePrice>2.10</UnitOfMeasurePrice>
      <AllowDiscount>0</AllowDiscount>
      <itemStatus>1</itemStatus>
      <LastUpdateDate />
      <LastUpdateTime />
    </Product>
    <Product>
      <PriceUpdateDate>2022/11/01 11:46</PriceUpdateDate>
      <ItemCode>7290005651366</ItemCode>
      <ItemType>1</ItemType>
      <ItemName>בונזו כבד 3 קג</ItemName>
      <ManufactureName>שחורי אריה ואנסטסיה</ManufactureName>
      <ManufactureCountry />
      <ManufactureItemDescription />
      <UnitQty>'יח</UnitQty>
      <Quantity>30</Quantity>
      <UnitMeasure>ל-100 גרם</UnitMeasure>
      <BisWeighted>0</BisWeighted>
      <QtyInPackage>1</QtyInPackage>
      <ItemPrice>49.90</ItemPrice>
      <UnitOfMeasurePrice>1.66</UnitOfMeasurePrice>
      <AllowDiscount>0</AllowDiscount>
      <itemStatus>1</itemStatus>
      <LastUpdateDate />
      <LastUpdateTime />
    </Product>
    <Product>
      <PriceUpdateDate>2022/11/01 11:46</PriceUpdateDate>
      <ItemCode>5651427</ItemCode>
      <ItemType>0</ItemType>
      <ItemName>בונזו מולטיפק 3*400 גר</ItemName>
      <ManufactureName>שחורי אריה ואנסטסיה</ManufactureName>
      <ManufactureCountry />
      <ManufactureItemDescription />
      <UnitQty>'יח</UnitQty>
      <Quantity>12</Quantity>
      <UnitMeasure>ל-100 גרם</UnitMeasure>
      <BisWeighted>0</BisWeighted>
      <QtyInPackage>1</QtyInPackage>
      <ItemPrice>17.90</ItemPrice>
      <UnitOfMeasurePrice>1.49</UnitOfMeasurePrice>
      <AllowDiscount>0</AllowDiscount>
      <itemStatus>1</itemStatus>
      <LastUpdateDate />
      <LastUpdateTime />
    </Product>
    <Product>
      <PriceUpdateDate>2022/10/13 10:17</PriceUpdateDate>
      <ItemCode>5678318</ItemCode>
      <ItemType>0</ItemType>
      <ItemName>ענב לבן אוטום קריספ</ItemName>
      <ManufactureName>ביכורי השדה הצפון בעמ` 1964</ManufactureName>
      <ManufactureCountry />
      <ManufactureItemDescription />
      <UnitQty>ק"ג</UnitQty>
      <Quantity>8</Quantity>
      <UnitMeasure>ל-100 גרם</UnitMeasure>
      <BisWeighted>1</BisWeighted>
      <QtyInPackage>1</QtyInPackage>
      <ItemPrice>24.90</ItemPrice>
      <UnitOfMeasurePrice>3.11</UnitOfMeasurePrice>
      <AllowDiscount>0</AllowDiscount>
      <itemStatus>1</itemStatus>
      <LastUpdateDate />
      <LastUpdateTime />
    </Product>
    <Product>
      <PriceUpdateDate>2022/10/12 19:25</PriceUpdateDate>
      <ItemCode>5678585</ItemCode>
      <ItemType>0</ItemType>
      <ItemName>ענב שחור סקרלוטה</ItemName>
      <ManufactureName>ביכורי השדה הצפון בעמ` 1964</ManufactureName>
      <ManufactureCountry />
      <ManufactureItemDescription />
      <UnitQty>ק"ג</UnitQty>
      <Quantity>0</Quantity>
      <UnitMeasure>ק"ג</UnitMeasure>
      <BisWeighted>1</BisWeighted>
      <QtyInPackage>1</QtyInPackage>
      <ItemPrice>24.90</ItemPrice>
      <UnitOfMeasurePrice>24.90</UnitOfMeasurePrice>
      <AllowDiscount>0</AllowDiscount>
      <itemStatus>1</itemStatus>
      <LastUpdateDate />
      <LastUpdateTime />
    </Product>
    <Product>
      <PriceUpdateDate>2020/10/14 09:05</PriceUpdateDate>
      <ItemCode>5678738</ItemCode>
      <ItemType>0</ItemType>
      <ItemName>ענבים לבנים אררה סוויטיס</ItemName>
      <ManufactureName>ביכורי השדה הצפון בעמ` 1964</ManufactureName>
      <ManufactureCountry />
      <ManufactureItemDescription />
      <UnitQty>ק"ג</UnitQty>
      <Quantity>0</Quantity>
      <UnitMeasure>ק"ג</UnitMeasure>
      <BisWeighted>1</BisWeighted>
      <QtyInPackage>1</QtyInPackage>
      <ItemPrice>19.90</ItemPrice>
      <UnitOfMeasurePrice>19.90</UnitOfMeasurePrice>
      <AllowDiscount>0</AllowDiscount>
      <itemStatus>1</itemStatus>
      <LastUpdateDate />
      <LastUpdateTime />
    </Product>
    <Product>
      <PriceUpdateDate>2021/05/19 10:30</PriceUpdateDate>
      <ItemCode>5678806</ItemCode>
      <ItemType>0</ItemType>
      <ItemName>ענב שחור אדורה</ItemName>
      <ManufactureName>ביכורי השדה הצפון בעמ` 1964</ManufactureName>
      <ManufactureCountry />
      <ManufactureItemDescription />
      <UnitQty>ק"ג</UnitQty>
      <Quantity>0</Quantity>
      <UnitMeasure>ק"ג</UnitMeasure>
      <BisWeighted>1</BisWeighted>
      <QtyInPackage>1</QtyInPackage>
      <ItemPrice>29.90</ItemPrice>
      <UnitOfMeasurePrice>29.90</UnitOfMeasurePrice>
      <AllowDiscount>0</AllowDiscount>
      <itemStatus>1</itemStatus>
      <LastUpdateDate />
      <LastUpdateTime />
    </Product>
    <Product>
      <PriceUpdateDate>2019/01/16 14:40</PriceUpdateDate>
      <ItemCode>5678974</ItemCode>
      <ItemType>0</ItemType>
      <ItemName>עליי מנגולד</ItemName>
      <ManufactureName>ביכורי השדה הצפון בעמ` 1964</ManufactureName>
      <ManufactureCountry />
      <ManufactureItemDescription />
      <UnitQty>'יח</UnitQty>
      <Quantity>1</Quantity>
      <UnitMeasure />
      <BisWeighted>0</BisWeighted>
      <QtyInPackage>1</QtyInPackage>
      <ItemPrice>6.90</ItemPrice>
      <UnitOfMeasurePrice>6.90</UnitOfMeasurePrice>
      <AllowDiscount>0</AllowDiscount>
      <itemStatus>1</itemStatus>
      <LastUpdateDate />
      <LastUpdateTime />
    </Product>
    <Product>
      <PriceUpdateDate>2022/05/22 16:12</PriceUpdateDate>
      <ItemCode>7290005680052</ItemCode>
      <ItemType>1</ItemType>
      <ItemName>אובה סופר פלוס 32 יחידות</ItemName>
      <ManufactureName>ש. שסטוביץ בע`מ</ManufactureName>
      <ManufactureCountry />
      <ManufactureItemDescription />
      <UnitQty>'יח</UnitQty>
      <Quantity>0</Quantity>
      <UnitMeasure>ל-100 גרם</UnitMeasure>
      <BisWeighted>0</BisWeighted>
      <QtyInPackage>1</QtyInPackage>
      <ItemPrice>24.90</ItemPrice>
      <UnitOfMeasurePrice>24.90</UnitOfMeasurePrice>
      <AllowDiscount>0</AllowDiscount>
      <itemStatus>1</itemStatus>
      <LastUpdateDate />
      <LastUpdateTime />
    </Product>
    <Product>
      <PriceUpdateDate>2019/01/16 14:40</PriceUpdateDate>
      <ItemCode>7290005838002</ItemCode>
      <ItemType>1</ItemType>
      <ItemName>גבינה דניאלה וניל 100 גרם</ItemName>
      <ManufactureName>שטראוס גרופ בע`מ</ManufactureName>
      <ManufactureCountry />
      <ManufactureItemDescription />
      <UnitQty>'יח</UnitQty>
      <Quantity>1.50</Quantity>
      <UnitMeasure>ל-100 מ"ל</UnitMeasure>
      <BisWeighted>0</BisWeighted>
      <QtyInPackage>24</QtyInPackage>
      <ItemPrice>4.30</ItemPrice>
      <UnitOfMeasurePrice>2.87</UnitOfMeasurePrice>
      <AllowDiscount>0</AllowDiscount>
      <itemStatus>1</itemStatus>
      <LastUpdateDate />
      <LastUpdateTime />
    </Product>
    <Product>
      <PriceUpdateDate>2019/01/16 14:40</PriceUpdateDate>
      <ItemCode>7290005838613</ItemCode>
      <ItemType>1</ItemType>
      <ItemName>גבינת סקי וניל %3 125 גרם</ItemName>
      <ManufactureName>שטראוס גרופ בע`מ</ManufactureName>
      <ManufactureCountry />
      <ManufactureItemDescription />
      <UnitQty>'יח</UnitQty>
      <Quantity>1.25</Quantity>
      <UnitMeasure>ל-100 גרם</UnitMeasure>
      <BisWeighted>0</BisWeighted>
      <QtyInPackage>24</QtyInPackage>
      <ItemPrice>3.90</ItemPrice>
      <UnitOfMeasurePrice>3.12</UnitOfMeasurePrice>
      <AllowDiscount>1</AllowDiscount>
      <itemStatus>1</itemStatus>
      <LastUpdateDate />
      <LastUpdateTime />
    </Product>
    <Product>
      <PriceUpdateDate>2019/01/16 14:40</PriceUpdateDate>
      <ItemCode>7290005838972</ItemCode>
      <ItemType>1</ItemType>
      <ItemName>סקי יום יום גבינה לבנה %5 125 גרם</ItemName>
      <ManufactureName>שטראוס גרופ בע`מ</ManufactureName>
      <ManufactureCountry />
      <ManufactureItemDescription />
      <UnitQty>'יח</UnitQty>
      <Quantity>1.25</Quantity>
      <UnitMeasure>ל-100 גרם</UnitMeasure>
      <BisWeighted>0</BisWeighted>
      <QtyInPackage>24</QtyInPackage>
      <ItemPrice>3.60</ItemPrice>
      <UnitOfMeasurePrice>2.88</UnitOfMeasurePrice>
      <AllowDiscount>0</AllowDiscount>
      <itemStatus>1</itemStatus>
      <LastUpdateDate />
      <LastUpdateTime />
    </Product>
    <Product>
      <PriceUpdateDate>2019/10/10 09:24</PriceUpdateDate>
      <ItemCode>7290005839078</ItemCode>
      <ItemType>1</ItemType>
      <ItemName>מארז ביו %3 8יח *150גרם</ItemName>
      <ManufactureName>שטראוס גרופ בע`מ</ManufactureName>
      <ManufactureCountry />
      <ManufactureItemDescription />
      <UnitQty>'יח</UnitQty>
      <Quantity>1.50</Quantity>
      <UnitMeasure>ל-100 גרם</UnitMeasure>
      <BisWeighted>0</BisWeighted>
      <QtyInPackage>3</QtyInPackage>
      <ItemPrice>16.90</ItemPrice>
      <UnitOfMeasurePrice>11.27</UnitOfMeasurePrice>
      <AllowDiscount>0</AllowDiscount>
      <itemStatus>1</itemStatus>
      <LastUpdateDate />
      <LastUpdateTime />
    </Product>
    <Product>
      <PriceUpdateDate>2020/01/08 07:48</PriceUpdateDate>
      <ItemCode>7290005839108</ItemCode>
      <ItemType>1</ItemType>
      <ItemName>גבינת סימפוניה 5% עם זיתים 200גרם</ItemName>
      <ManufactureName>שטראוס גרופ בע`מ</ManufactureName>
      <ManufactureCountry />
      <ManufactureItemDescription />
      <UnitQty>'יח</UnitQty>
      <Quantity>2</Quantity>
      <UnitMeasure>ל-100 גרם</UnitMeasure>
      <BisWeighted>0</BisWeighted>
      <QtyInPackage>12</QtyInPackage>
      <ItemPrice>11.90</ItemPrice>
      <UnitOfMeasurePrice>5.95</UnitOfMeasurePrice>
      <AllowDiscount>1</AllowDiscount>
      <itemStatus>1</itemStatus>
      <LastUpdateDate />
      <LastUpdateTime />
    </Product>
    <Product>
      <PriceUpdateDate>2019/01/16 14:40</PriceUpdateDate>
      <ItemCode>7290005839313</ItemCode>
      <ItemType>1</ItemType>
      <ItemName>מילקי Top עם שוקולדה מגולגלת 140 גרם</ItemName>
      <ManufactureName>שטראוס גרופ בע`מ</ManufactureName>
      <ManufactureCountry />
      <ManufactureItemDescription />
      <UnitQty>'יח</UnitQty>
      <Quantity>1.30</Quantity>
      <UnitMeasure>ל-100 מ"ל</UnitMeasure>
      <BisWeighted>0</BisWeighted>
      <QtyInPackage>20</QtyInPackage>
      <ItemPrice>4.90</ItemPrice>
      <UnitOfMeasurePrice>3.77</UnitOfMeasurePrice>
      <AllowDiscount>0</AllowDiscount>
      <itemStatus>1</itemStatus>
      <LastUpdateDate />
      <LastUpdateTime />
    </Product>
    <Product>
      <PriceUpdateDate>2020/10/18 12:22</PriceUpdateDate>
      <ItemCode>5896415</ItemCode>
      <ItemType>0</ItemType>
      <ItemName>פחית איגל ירוק 500 מל</ItemName>
      <ManufactureName>טמפו משקאות בע`מ</ManufactureName>
      <ManufactureCountry />
      <ManufactureItemDescription />
      <UnitQty>'יח</UnitQty>
      <Quantity>5</Quantity>
      <UnitMeasure>ל-100 מ"ל</UnitMeasure>
      <BisWeighted>0</BisWeighted>
      <QtyInPackage>24</QtyInPackage>
      <ItemPrice>6.90</ItemPrice>
      <UnitOfMeasurePrice>1.32</UnitOfMeasurePrice>
      <AllowDiscount>1</AllowDiscount>
      <itemStatus>1</itemStatus>
      <LastUpdateDate />
      <LastUpdateTime />
    </Product>
    <Product>
      <PriceUpdateDate>2022/07/18 20:29</PriceUpdateDate>
      <ItemCode>5896439</ItemCode>
      <ItemType>0</ItemType>
      <ItemName>בירה מכבי בקבוק להחזרה 500 מ`ל</ItemName>
      <ManufactureName>טמפו משקאות בע`מ</ManufactureName>
      <ManufactureCountry />
      <ManufactureItemDescription />
      <UnitQty>'יח</UnitQty>
      <Quantity>5</Quantity>
      <UnitMeasure>ל-100 מ"ל</UnitMeasure>
      <BisWeighted>0</BisWeighted>
      <QtyInPackage>20</QtyInPackage>
      <ItemPrice>7.80</ItemPrice>
      <UnitOfMeasurePrice>1.32</UnitOfMeasurePrice>
      <AllowDiscount>1</AllowDiscount>
      <itemStatus>1</itemStatus>
      <LastUpdateDate />
      <LastUpdateTime />
    </Product>
    <Product>
      <PriceUpdateDate>2019/01/16 14:40</PriceUpdateDate>
      <ItemCode>5896453</ItemCode>
      <ItemType>0</ItemType>
      <ItemName>מכבי 7.9% חוזר 500 מל`</ItemName>
      <ManufactureName>טמפו משקאות בע`מ</ManufactureName>
      <ManufactureCountry />
      <ManufactureItemDescription />
      <UnitQty>'יח</UnitQty>
      <Quantity>5</Quantity>
      <UnitMeasure>ל-100 מ"ל</UnitMeasure>
      <BisWeighted>0</BisWeighted>
      <QtyInPackage>20</QtyInPackage>
      <ItemPrice>6.80</ItemPrice>
      <UnitOfMeasurePrice>1.12</UnitOfMeasurePrice>
      <AllowDiscount>1</AllowDiscount>
      <itemStatus>1</itemStatus>
      <LastUpdateDate />
      <LastUpdateTime />
    </Product>
    <Product>
      <PriceUpdateDate>2022/01/06 17:03</PriceUpdateDate>
      <ItemCode>7290005938245</ItemCode>
      <ItemType>1</ItemType>
      <ItemName>פסטו קלאסי 220 גרם</ItemName>
      <ManufactureName>נטו מלינדה סחר בע`מ</ManufactureName>
      <ManufactureCountry />
      <ManufactureItemDescription />
      <UnitQty>'יח</UnitQty>
      <Quantity>2.20</Quantity>
      <UnitMeasure>ל-100 גרם</UnitMeasure>
      <BisWeighted>0</BisWeighted>
      <QtyInPackage>12</QtyInPackage>
      <ItemPrice>16.90</ItemPrice>
      <UnitOfMeasurePrice>7.68</UnitOfMeasurePrice>
      <AllowDiscount>0</AllowDiscount>
      <itemStatus>1</itemStatus>
      <LastUpdateDate />
      <LastUpdateTime />
    </Product>
    <Product>
      <PriceUpdateDate>2022/01/06 17:03</PriceUpdateDate>
      <ItemCode>7290005938627</ItemCode>
      <ItemType>1</ItemType>
      <ItemName>ממרח עגבניות מיובשות 220 גרם</ItemName>
      <ManufactureName>נטו מלינדה סחר בע`מ</ManufactureName>
      <ManufactureCountry />
      <ManufactureItemDescription />
      <UnitQty>'יח</UnitQty>
      <Quantity>2.20</Quantity>
      <UnitMeasure>ל-100 גרם</UnitMeasure>
      <BisWeighted>0</BisWeighted>
      <QtyInPackage>12</QtyInPackage>
      <ItemPrice>16.90</ItemPrice>
      <UnitOfMeasurePrice>7.68</UnitOfMeasurePrice>
      <AllowDiscount>0</AllowDiscount>
      <itemStatus>1</itemStatus>
      <LastUpdateDate />
      <LastUpdateTime />
    </Product>
    <Product>
      <PriceUpdateDate>2022/04/27 10:01</PriceUpdateDate>
      <ItemCode>5951022</ItemCode>
      <ItemType>0</ItemType>
      <ItemName>דלעת חתוכה</ItemName>
      <ManufactureName>ביכורי השדה הצפון בעמ` 1964</ManufactureName>
      <ManufactureCountry />
      <ManufactureItemDescription />
      <UnitQty>ק"ג</UnitQty>
      <Quantity>1</Quantity>
      <UnitMeasure />
      <BisWeighted>1</BisWeighted>
      <QtyInPackage>1</QtyInPackage>
      <ItemPrice>10.90</ItemPrice>
      <UnitOfMeasurePrice>10.90</UnitOfMeasurePrice>
      <AllowDiscount>0</AllowDiscount>
      <itemStatus>1</itemStatus>
      <LastUpdateDate />
      <LastUpdateTime />
    </Product>
    <Product>
      <PriceUpdateDate>2020/10/12 11:05</PriceUpdateDate>
      <ItemCode>5951039</ItemCode>
      <ItemType>0</ItemType>
      <ItemName>כרובית</ItemName>
      <ManufactureName>ביכורי השדה הצפון בעמ` 1964</ManufactureName>
      <ManufactureCountry />
      <ManufactureItemDescription />
      <UnitQty>ק"ג</UnitQty>
      <Quantity>1</Quantity>
      <UnitMeasure />
      <BisWeighted>1</BisWeighted>
      <QtyInPackage>1</QtyInPackage>
      <ItemPrice>10.90</ItemPrice>
      <UnitOfMeasurePrice>10.90</UnitOfMeasurePrice>
      <AllowDiscount>0</AllowDiscount>
      <itemStatus>1</itemStatus>
      <LastUpdateDate />
      <LastUpdateTime />
    </Product>
    <Product>
      <PriceUpdateDate>2021/08/23 16:18</PriceUpdateDate>
      <ItemCode>5992575</ItemCode>
      <ItemType>0</ItemType>
      <ItemName>גבינה בולגרית למריחה 5% 250 גרם</ItemName>
      <ManufactureName>מחלבות גד בעמ`</ManufactureName>
      <ManufactureCountry />
      <ManufactureItemDescription />
      <UnitQty>'יח</UnitQty>
      <Quantity>2.50</Quantity>
      <UnitMeasure>ל-100 גרם</UnitMeasure>
      <BisWeighted>0</BisWeighted>
      <QtyInPackage>1</QtyInPackage>
      <ItemPrice>15.90</ItemPrice>
      <UnitOfMeasurePrice>6.36</UnitOfMeasurePrice>
      <AllowDiscount>0</AllowDiscount>
      <itemStatus>1</itemStatus>
      <LastUpdateDate />
      <LastUpdateTime />
    </Product>
    <Product>
      <PriceUpdateDate>2021/07/27 06:38</PriceUpdateDate>
      <ItemCode>5992735</ItemCode>
      <ItemType>0</ItemType>
      <ItemName>גבינה לאבנה טבעי 250 גרם</ItemName>
      <ManufactureName>מחלבות גד בעמ`</ManufactureName>
      <ManufactureCountry />
      <ManufactureItemDescription />
      <UnitQty>'יח</UnitQty>
      <Quantity>2.50</Quantity>
      <UnitMeasure>ל-100 גרם</UnitMeasure>
      <BisWeighted>0</BisWeighted>
      <QtyInPackage>1</QtyInPackage>
      <ItemPrice>11.90</ItemPrice>
      <UnitOfMeasurePrice>4.76</UnitOfMeasurePrice>
      <AllowDiscount>0</AllowDiscount>
      <itemStatus>1</itemStatus>
      <LastUpdateDate />
      <LastUpdateTime />
    </Product>
    <Product>
      <PriceUpdateDate>2022/03/09 17:31</PriceUpdateDate>
      <ItemCode>5996078</ItemCode>
      <ItemType>0</ItemType>
      <ItemName>סרוולט הונגרי 125 גר`</ItemName>
      <ManufactureName>מעדני יחיעם ( 1993 ) בע`מ</ManufactureName>
      <ManufactureCountry />
      <ManufactureItemDescription />
      <UnitQty>'יח</UnitQty>
      <Quantity>1.25</Quantity>
      <UnitMeasure>ל-100 גרם</UnitMeasure>
      <BisWeighted>0</BisWeighted>
      <QtyInPackage>1</QtyInPackage>
      <ItemPrice>24.90</ItemPrice>
      <UnitOfMeasurePrice>19.92</UnitOfMeasurePrice>
      <AllowDiscount>0</AllowDiscount>
      <itemStatus>1</itemStatus>
      <LastUpdateDate />
      <LastUpdateTime />
    </Product>
    <Product>
      <PriceUpdateDate>2019/12/18 16:12</PriceUpdateDate>
      <ItemCode>5996153</ItemCode>
      <ItemType>0</ItemType>
      <ItemName>נקניקיות צרפתיות פרימיום 280 גר`</ItemName>
      <ManufactureName>מעדני יחיעם ( 1993 ) בע`מ</ManufactureName>
      <ManufactureCountry />
      <ManufactureItemDescription />
      <UnitQty>'יח</UnitQty>
      <Quantity>2.80</Quantity>
      <UnitMeasure>ל-100 גרם</UnitMeasure>
      <BisWeighted>0</BisWeighted>
      <QtyInPackage>1</QtyInPackage>
      <ItemPrice>22.90</ItemPrice>
      <UnitOfMeasurePrice>8.18</UnitOfMeasurePrice>
      <AllowDiscount>1</AllowDiscount>
      <itemStatus>1</itemStatus>
      <LastUpdateDate />
      <LastUpdateTime />
    </Product>
    <Product>
      <PriceUpdateDate>2019/12/18 16:12</PriceUpdateDate>
      <ItemCode>5996160</ItemCode>
      <ItemType>0</ItemType>
      <ItemName>.נקניקיות צוריסוס פרימיום 280 גר`</ItemName>
      <ManufactureName>מעדני יחיעם ( 1993 ) בע`מ</ManufactureName>
      <ManufactureCountry />
      <ManufactureItemDescription />
      <UnitQty>'יח</UnitQty>
      <Quantity>2.80</Quantity>
      <UnitMeasure>ל-100 גרם</UnitMeasure>
      <BisWeighted>0</BisWeighted>
      <QtyInPackage>1</QtyInPackage>
      <ItemPrice>22.90</ItemPrice>
      <UnitOfMeasurePrice>8.18</UnitOfMeasurePrice>
      <AllowDiscount>1</AllowDiscount>
      <itemStatus>1</itemStatus>
      <LastUpdateDate />
      <LastUpdateTime />
    </Product>
    <Product>
      <PriceUpdateDate>2020/05/31 15:01</PriceUpdateDate>
      <ItemCode>5996221</ItemCode>
      <ItemType>0</ItemType>
      <ItemName>פסטרמה של פעם דק דק 120 גר`</ItemName>
      <ManufactureName>מעדני יחיעם ( 1993 ) בע`מ</ManufactureName>
      <ManufactureCountry />
      <ManufactureItemDescription />
      <UnitQty>'יח</UnitQty>
      <Quantity>1.20</Quantity>
      <UnitMeasure>ל-100 גרם</UnitMeasure>
      <BisWeighted>0</BisWeighted>
      <QtyInPackage>1</QtyInPackage>
      <ItemPrice>14.90</ItemPrice>
      <UnitOfMeasurePrice>12.42</UnitOfMeasurePrice>
      <AllowDiscount>1</AllowDiscount>
      <itemStatus>1</itemStatus>
      <LastUpdateDate />
      <LastUpdateTime />
    </Product>
    <Product>
      <PriceUpdateDate>2022/03/09 17:31</PriceUpdateDate>
      <ItemCode>5996740</ItemCode>
      <ItemType>0</ItemType>
      <ItemName>סלמי פפרוני 300 גר`</ItemName>
      <ManufactureName>מעדני יחיעם ( 1993 ) בע`מ</ManufactureName>
      <ManufactureCountry />
      <ManufactureItemDescription />
      <UnitQty>'יח</UnitQty>
      <Quantity>3</Quantity>
      <UnitMeasure>ל-100 גרם</UnitMeasure>
      <BisWeighted>0</BisWeighted>
      <QtyInPackage>1</QtyInPackage>
      <ItemPrice>22.90</ItemPrice>
      <UnitOfMeasurePrice>7.63</UnitOfMeasurePrice>
      <AllowDiscount>1</AllowDiscount>
      <itemStatus>1</itemStatus>
      <LastUpdateDate />
      <LastUpdateTime />
    </Product>
    <Product>
      <PriceUpdateDate>2022/07/04 08:43</PriceUpdateDate>
      <ItemCode>6199027</ItemCode>
      <ItemType>0</ItemType>
      <ItemName>מאגדת גלידל גלית תות  8 יח`</ItemName>
      <ManufactureName>פלקו בעמ חברה ישראלית</ManufactureName>
      <ManufactureCountry />
      <ManufactureItemDescription />
      <UnitQty>'יח</UnitQty>
      <Quantity>1</Quantity>
      <UnitMeasure>ל-100 גרם</UnitMeasure>
      <BisWeighted>0</BisWeighted>
      <QtyInPackage>1</QtyInPackage>
      <ItemPrice>29.90</ItemPrice>
      <UnitOfMeasurePrice>29.90</UnitOfMeasurePrice>
      <AllowDiscount>0</AllowDiscount>
      <itemStatus>1</itemStatus>
      <LastUpdateDate />
      <LastUpdateTime />
    </Product>
    <Product>
      <PriceUpdateDate>2020/10/18 12:22</PriceUpdateDate>
      <ItemCode>6229588</ItemCode>
      <ItemType>0</ItemType>
      <ItemName>פחית איגל ירוק 500 מל</ItemName>
      <ManufactureName>טמפו משקאות בע`מ</ManufactureName>
      <ManufactureCountry />
      <ManufactureItemDescription />
      <UnitQty>'יח</UnitQty>
      <Quantity>5</Quantity>
      <UnitMeasure>ל-100 מ"ל</UnitMeasure>
      <BisWeighted>0</BisWeighted>
      <QtyInPackage>24</QtyInPackage>
      <ItemPrice>6.90</ItemPrice>
      <UnitOfMeasurePrice>1.32</UnitOfMeasurePrice>
      <AllowDiscount>1</AllowDiscount>
      <itemStatus>1</itemStatus>
      <LastUpdateDate />
      <LastUpdateTime />
    </Product>
    <Product>
      <PriceUpdateDate>2019/07/03 08:47</PriceUpdateDate>
      <ItemCode>7290006251107</ItemCode>
      <ItemType>1</ItemType>
      <ItemName>תה צ`אי מסאלה 25 שקיקים 50 גרם</ItemName>
      <ManufactureName>תה ויסוצקי בע`מ</ManufactureName>
      <ManufactureCountry />
      <ManufactureItemDescription />
      <UnitQty>'יח</UnitQty>
      <Quantity>0.50</Quantity>
      <UnitMeasure>ל-100 גרם</UnitMeasure>
      <BisWeighted>0</BisWeighted>
      <QtyInPackage>1</QtyInPackage>
      <ItemPrice>19.90</ItemPrice>
      <UnitOfMeasurePrice>39.80</UnitOfMeasurePrice>
      <AllowDiscount>0</AllowDiscount>
      <itemStatus>1</itemStatus>
      <LastUpdateDate />
      <LastUpdateTime />
    </Product>
    <Product>
      <PriceUpdateDate>2020/07/16 11:34</PriceUpdateDate>
      <ItemCode>7290006251275</ItemCode>
      <ItemType>1</ItemType>
      <ItemName>תה ירוק סיני קלאסי 25 שקיקים</ItemName>
      <ManufactureName>תה ויסוצקי בע`מ</ManufactureName>
      <ManufactureCountry />
      <ManufactureItemDescription />
      <UnitQty>'יח</UnitQty>
      <Quantity>0.3750</Quantity>
      <UnitMeasure>ל-100 גרם</UnitMeasure>
      <BisWeighted>0</BisWeighted>
      <QtyInPackage>1</QtyInPackage>
      <ItemPrice>22.90</ItemPrice>
      <UnitOfMeasurePrice>61.07</UnitOfMeasurePrice>
      <AllowDiscount>1</AllowDiscount>
      <itemStatus>1</itemStatus>
      <LastUpdateDate />
      <LastUpdateTime />
    </Product>
    <Product>
      <PriceUpdateDate>2020/07/16 11:34</PriceUpdateDate>
      <ItemCode>7290006251374</ItemCode>
      <ItemType>1</ItemType>
      <ItemName>תה ירוק לימונית וגינג`ר 25 שק`*1.5 ג</ItemName>
      <ManufactureName>תה ויסוצקי בע`מ</ManufactureName>
      <ManufactureCountry />
      <ManufactureItemDescription />
      <UnitQty>'יח</UnitQty>
      <Quantity>0.25</Quantity>
      <UnitMeasure>ל-100 גרם</UnitMeasure>
      <BisWeighted>0</BisWeighted>
      <QtyInPackage>1</QtyInPackage>
      <ItemPrice>22.90</ItemPrice>
      <UnitOfMeasurePrice>91.60</UnitOfMeasurePrice>
      <AllowDiscount>1</AllowDiscount>
      <itemStatus>1</itemStatus>
      <LastUpdateDate />
      <LastUpdateTime />
    </Product>
    <Product>
      <PriceUpdateDate>2021/07/28 16:31</PriceUpdateDate>
      <ItemCode>7290006251589</ItemCode>
      <ItemType>1</ItemType>
      <ItemName>תה ירוק בתוספת עלי נענע 50 שקיקים</ItemName>
      <ManufactureName>תה ויסוצקי בע`מ</ManufactureName>
      <ManufactureCountry />
      <ManufactureItemDescription />
      <UnitQty>'יח</UnitQty>
      <Quantity>0.75</Quantity>
      <UnitMeasure>ל-100 גרם</UnitMeasure>
      <BisWeighted>0</BisWeighted>
      <QtyInPackage>1</QtyInPackage>
      <ItemPrice>41.90</ItemPrice>
      <UnitOfMeasurePrice>55.87</UnitOfMeasurePrice>
      <AllowDiscount>1</AllowDiscount>
      <itemStatus>1</itemStatus>
      <LastUpdateDate />
      <LastUpdateTime />
    </Product>
    <Product>
      <PriceUpdateDate>2022/08/24 12:39</PriceUpdateDate>
      <ItemCode>6265500</ItemCode>
      <ItemType>0</ItemType>
      <ItemName>פטריות שמפניון ארוז</ItemName>
      <ManufactureName>ביכורי השדה הצפון בעמ` 1964</ManufactureName>
      <ManufactureCountry />
      <ManufactureItemDescription />
      <UnitQty>'יח</UnitQty>
      <Quantity>1</Quantity>
      <UnitMeasure />
      <BisWeighted>0</BisWeighted>
      <QtyInPackage>1</QtyInPackage>
      <ItemPrice>9.90</ItemPrice>
      <UnitOfMeasurePrice>9.90</UnitOfMeasurePrice>
      <AllowDiscount>0</AllowDiscount>
      <itemStatus>1</itemStatus>
      <LastUpdateDate />
      <LastUpdateTime />
    </Product>
    <Product>
      <PriceUpdateDate>2019/07/03 08:47</PriceUpdateDate>
      <ItemCode>7290006271174</ItemCode>
      <ItemType>1</ItemType>
      <ItemName>ג`חנון 700 גרם 6  יח`קפוא</ItemName>
      <ManufactureName>תנובה מרכז שיתופי לשיווק תוצרת</ManufactureName>
      <ManufactureCountry />
      <ManufactureItemDescription />
      <UnitQty>'יח</UnitQty>
      <Quantity>7</Quantity>
      <UnitMeasure>ל-100 גרם</UnitMeasure>
      <BisWeighted>0</BisWeighted>
      <QtyInPackage>1</QtyInPackage>
      <ItemPrice>18.90</ItemPrice>
      <UnitOfMeasurePrice>2.70</UnitOfMeasurePrice>
      <AllowDiscount>0</AllowDiscount>
      <itemStatus>1</itemStatus>
      <LastUpdateDate />
      <LastUpdateTime />
    </Product>
    <Product>
      <PriceUpdateDate>2019/07/03 08:47</PriceUpdateDate>
      <ItemCode>7290006271181</ItemCode>
      <ItemType>1</ItemType>
      <ItemName>ג`חנון אפוי 5  יח `750גרם קפוא</ItemName>
      <ManufactureName>תנובה מרכז שיתופי לשיווק תוצרת</ManufactureName>
      <ManufactureCountry />
      <ManufactureItemDescription />
      <UnitQty>'יח</UnitQty>
      <Quantity>7.50</Quantity>
      <UnitMeasure>ל-100 גרם</UnitMeasure>
      <BisWeighted>0</BisWeighted>
      <QtyInPackage>10</QtyInPackage>
      <ItemPrice>22.90</ItemPrice>
      <UnitOfMeasurePrice>3.05</UnitOfMeasurePrice>
      <AllowDiscount>0</AllowDiscount>
      <itemStatus>1</itemStatus>
      <LastUpdateDate />
      <LastUpdateTime />
    </Product>
    <Product>
      <PriceUpdateDate>2019/07/03 08:47</PriceUpdateDate>
      <ItemCode>7290006271648</ItemCode>
      <ItemType>1</ItemType>
      <ItemName>מיני בורקס תפו`א 800 גרם קפוא</ItemName>
      <ManufactureName>תנובה מרכז שיתופי לשיווק תוצרת</ManufactureName>
      <ManufactureCountry />
      <ManufactureItemDescription />
      <UnitQty>'יח</UnitQty>
      <Quantity>8</Quantity>
      <UnitMeasure>ל-100 גרם</UnitMeasure>
      <BisWeighted>0</BisWeighted>
      <QtyInPackage>12</QtyInPackage>
      <ItemPrice>23.90</ItemPrice>
      <UnitOfMeasurePrice>2.99</UnitOfMeasurePrice>
      <AllowDiscount>0</AllowDiscount>
      <itemStatus>1</itemStatus>
      <LastUpdateDate />
      <LastUpdateTime />
    </Product>
    <Product>
      <PriceUpdateDate>2019/07/03 08:47</PriceUpdateDate>
      <ItemCode>7290006271655</ItemCode>
      <ItemType>1</ItemType>
      <ItemName>מיני בורקס גבינה 800 גרם קפוא</ItemName>
      <ManufactureName>תנובה מרכז שיתופי לשיווק תוצרת</ManufactureName>
      <ManufactureCountry />
      <ManufactureItemDescription />
      <UnitQty>'יח</UnitQty>
      <Quantity>8</Quantity>
      <UnitMeasure>ל-100 גרם</UnitMeasure>
      <BisWeighted>0</BisWeighted>
      <QtyInPackage>12</QtyInPackage>
      <ItemPrice>24.90</ItemPrice>
      <UnitOfMeasurePrice>3.11</UnitOfMeasurePrice>
      <AllowDiscount>0</AllowDiscount>
      <itemStatus>1</itemStatus>
      <LastUpdateDate />
      <LastUpdateTime />
    </Product>
    <Product>
      <PriceUpdateDate>2019/01/16 14:40</PriceUpdateDate>
      <ItemCode>6272072</ItemCode>
      <ItemType>0</ItemType>
      <ItemName>חטיפי פיצה מרובעים אישי 24 יח 650 גר קפו</ItemName>
      <ManufactureName>תנובה מרכז שיתופי לשיווק תוצרת</ManufactureName>
      <ManufactureCountry />
      <ManufactureItemDescription />
      <UnitQty>'יח</UnitQty>
      <Quantity>6.50</Quantity>
      <UnitMeasure>ל-100 גרם</UnitMeasure>
      <BisWeighted>0</BisWeighted>
      <QtyInPackage>8</QtyInPackage>
      <ItemPrice>29.90</ItemPrice>
      <UnitOfMeasurePrice>4.60</UnitOfMeasurePrice>
      <AllowDiscount>0</AllowDiscount>
      <itemStatus>1</itemStatus>
      <LastUpdateDate />
      <LastUpdateTime />
    </Product>
    <Product>
      <PriceUpdateDate>2019/01/16 14:40</PriceUpdateDate>
      <ItemCode>6272430</ItemCode>
      <ItemType>0</ItemType>
      <ItemName>בצק עלים חמאה 600 גרם קפוא</ItemName>
      <ManufactureName>תנובה מרכז שיתופי לשיווק תוצרת</ManufactureName>
      <ManufactureCountry />
      <ManufactureItemDescription />
      <UnitQty>'יח</UnitQty>
      <Quantity>6</Quantity>
      <UnitMeasure>ל-100 גרם</UnitMeasure>
      <BisWeighted>0</BisWeighted>
      <QtyInPackage>9</QtyInPackage>
      <ItemPrice>28.80</ItemPrice>
      <UnitOfMeasurePrice>4.80</UnitOfMeasurePrice>
      <AllowDiscount>0</AllowDiscount>
      <itemStatus>1</itemStatus>
      <LastUpdateDate />
      <LastUpdateTime />
    </Product>
    <Product>
      <PriceUpdateDate>2021/07/27 06:38</PriceUpdateDate>
      <ItemCode>7290006342645</ItemCode>
      <ItemType>1</ItemType>
      <ItemName>טורטיה גדולה</ItemName>
      <ManufactureName>דין שיווק וקליה 2021 בעמ</ManufactureName>
      <ManufactureCountry />
      <ManufactureItemDescription />
      <UnitQty>'יח</UnitQty>
      <Quantity>8.40</Quantity>
      <UnitMeasure>ל-100 גרם</UnitMeasure>
      <BisWeighted>0</BisWeighted>
      <QtyInPackage>1</QtyInPackage>
      <ItemPrice>14.90</ItemPrice>
      <UnitOfMeasurePrice>1.77</UnitOfMeasurePrice>
      <AllowDiscount>0</AllowDiscount>
      <itemStatus>1</itemStatus>
      <LastUpdateDate />
      <LastUpdateTime />
    </Product>
    <Product>
      <PriceUpdateDate>2022/02/02 13:03</PriceUpdateDate>
      <ItemCode>7290006374738</ItemCode>
      <ItemType>1</ItemType>
      <ItemName>קונפיטורת תות 340 גרם</ItemName>
      <ManufactureName>שטראוס גרופ בע`מ</ManufactureName>
      <ManufactureCountry />
      <ManufactureItemDescription />
      <UnitQty>'יח</UnitQty>
      <Quantity>3.40</Quantity>
      <UnitMeasure>ל-100 גרם</UnitMeasure>
      <BisWeighted>0</BisWeighted>
      <QtyInPackage>6</QtyInPackage>
      <ItemPrice>14.90</ItemPrice>
      <UnitOfMeasurePrice>4.38</UnitOfMeasurePrice>
      <AllowDiscount>1</AllowDiscount>
      <itemStatus>1</itemStatus>
      <LastUpdateDate />
      <LastUpdateTime />
    </Product>
    <Product>
      <PriceUpdateDate>2021/07/21 16:23</PriceUpdateDate>
      <ItemCode>6492432</ItemCode>
      <ItemType>0</ItemType>
      <ItemName>בייבי מוצרלה %18 150 גרם</ItemName>
      <ManufactureName>מחלבות גד בעמ`</ManufactureName>
      <ManufactureCountry />
      <ManufactureItemDescription />
      <UnitQty>'יח</UnitQty>
      <Quantity>1.50</Quantity>
      <UnitMeasure>ל-100 גרם</UnitMeasure>
      <BisWeighted>0</BisWeighted>
      <QtyInPackage>1</QtyInPackage>
      <ItemPrice>12.90</ItemPrice>
      <UnitOfMeasurePrice>8.60</UnitOfMeasurePrice>
      <AllowDiscount>0</AllowDiscount>
      <itemStatus>1</itemStatus>
      <LastUpdateDate />
      <LastUpdateTime />
    </Product>
    <Product>
      <PriceUpdateDate>2021/07/21 16:23</PriceUpdateDate>
      <ItemCode>6492616</ItemCode>
      <ItemType>0</ItemType>
      <ItemName>גבינה בולגרית מעודנת בפרוסות 5% 250ג</ItemName>
      <ManufactureName>מחלבות גד בעמ`</ManufactureName>
      <ManufactureCountry />
      <ManufactureItemDescription />
      <UnitQty>'יח</UnitQty>
      <Quantity>2.50</Quantity>
      <UnitMeasure>ל-100 גרם</UnitMeasure>
      <BisWeighted>0</BisWeighted>
      <QtyInPackage>1</QtyInPackage>
      <ItemPrice>25.90</ItemPrice>
      <UnitOfMeasurePrice>10.36</UnitOfMeasurePrice>
      <AllowDiscount>0</AllowDiscount>
      <itemStatus>1</itemStatus>
      <LastUpdateDate />
      <LastUpdateTime />
    </Product>
    <Product>
      <PriceUpdateDate>2022/02/06 19:33</PriceUpdateDate>
      <ItemCode>6492630</ItemCode>
      <ItemType>0</ItemType>
      <ItemName>גליל גד עז גבינה מחלב עיזים 22% 180ג</ItemName>
      <ManufactureName>מחלבות גד בעמ`</ManufactureName>
      <ManufactureCountry />
      <ManufactureItemDescription />
      <UnitQty>'יח</UnitQty>
      <Quantity>0.80</Quantity>
      <UnitMeasure>ל-100 גרם</UnitMeasure>
      <BisWeighted>0</BisWeighted>
      <QtyInPackage>1</QtyInPackage>
      <ItemPrice>21.90</ItemPrice>
      <UnitOfMeasurePrice>27.38</UnitOfMeasurePrice>
      <AllowDiscount>1</AllowDiscount>
      <itemStatus>1</itemStatus>
      <LastUpdateDate />
      <LastUpdateTime />
    </Product>
    <Product>
      <PriceUpdateDate>2022/10/18 14:57</PriceUpdateDate>
      <ItemCode>7290006492685</ItemCode>
      <ItemType>1</ItemType>
      <ItemName>גבינת לאבנה עיזים 250 גרם</ItemName>
      <ManufactureName>מחלבות גד בעמ`</ManufactureName>
      <ManufactureCountry />
      <ManufactureItemDescription />
      <UnitQty>'יח</UnitQty>
      <Quantity>2.50</Quantity>
      <UnitMeasure>ל-100 גרם</UnitMeasure>
      <BisWeighted>0</BisWeighted>
      <QtyInPackage>1</QtyInPackage>
      <ItemPrice>17.90</ItemPrice>
      <UnitOfMeasurePrice>7.16</UnitOfMeasurePrice>
      <AllowDiscount>0</AllowDiscount>
      <itemStatus>1</itemStatus>
      <LastUpdateDate />
      <LastUpdateTime />
    </Product>
    <Product>
      <PriceUpdateDate>2022/10/18 14:57</PriceUpdateDate>
      <ItemCode>6492852</ItemCode>
      <ItemType>0</ItemType>
      <ItemName>גבינת עזים למריחה 5% 250 גרם</ItemName>
      <ManufactureName>מחלבות גד בעמ`</ManufactureName>
      <ManufactureCountry />
      <ManufactureItemDescription />
      <UnitQty>'יח</UnitQty>
      <Quantity>2.50</Quantity>
      <UnitMeasure>ל-100 גרם</UnitMeasure>
      <BisWeighted>0</BisWeighted>
      <QtyInPackage>1</QtyInPackage>
      <ItemPrice>17.90</ItemPrice>
      <UnitOfMeasurePrice>7.16</UnitOfMeasurePrice>
      <AllowDiscount>1</AllowDiscount>
      <itemStatus>1</itemStatus>
      <LastUpdateDate />
      <LastUpdateTime />
    </Product>
    <Product>
      <PriceUpdateDate>2019/01/16 14:40</PriceUpdateDate>
      <ItemCode>6492913</ItemCode>
      <ItemType>0</ItemType>
      <ItemName>גבינת לאבנה צזיקי למריחה 5% 250 גרם</ItemName>
      <ManufactureName>מחלבות גד בעמ`</ManufactureName>
      <ManufactureCountry />
      <ManufactureItemDescription />
      <UnitQty>'יח</UnitQty>
      <Quantity>2.50</Quantity>
      <UnitMeasure>ל-100 גרם</UnitMeasure>
      <BisWeighted>0</BisWeighted>
      <QtyInPackage>1</QtyInPackage>
      <ItemPrice>12.90</ItemPrice>
      <UnitOfMeasurePrice>5.16</UnitOfMeasurePrice>
      <AllowDiscount>0</AllowDiscount>
      <itemStatus>1</itemStatus>
      <LastUpdateDate />
      <LastUpdateTime />
    </Product>
    <Product>
      <PriceUpdateDate>2022/02/09 15:24</PriceUpdateDate>
      <ItemCode>6511683</ItemCode>
      <ItemType>0</ItemType>
      <ItemName>פולי סויה ירוקים קפואים 454 גרם</ItemName>
      <ManufactureName>ג. וילי-פוד אינטרנשיונל בע`מ</ManufactureName>
      <ManufactureCountry />
      <ManufactureItemDescription />
      <UnitQty>'יח</UnitQty>
      <Quantity>4.54</Quantity>
      <UnitMeasure>ל-100 גרם</UnitMeasure>
      <BisWeighted>0</BisWeighted>
      <QtyInPackage>1</QtyInPackage>
      <ItemPrice>9.90</ItemPrice>
      <UnitOfMeasurePrice>2.18</UnitOfMeasurePrice>
      <AllowDiscount>1</AllowDiscount>
      <itemStatus>1</itemStatus>
      <LastUpdateDate />
      <LastUpdateTime />
    </Product>
    <Product>
      <PriceUpdateDate>2022/11/01 10:50</PriceUpdateDate>
      <ItemCode>7290006546012</ItemCode>
      <ItemType>1</ItemType>
      <ItemName>צילי נוסח מקסיקני 580 גרם</ItemName>
      <ManufactureName>ויטה פרי גליל (החדשה) בע`מ</ManufactureName>
      <ManufactureCountry />
      <ManufactureItemDescription />
      <UnitQty>'יח</UnitQty>
      <Quantity>5.80</Quantity>
      <UnitMeasure>ל-100 גרם</UnitMeasure>
      <BisWeighted>0</BisWeighted>
      <QtyInPackage>1</QtyInPackage>
      <ItemPrice>7.90</ItemPrice>
      <UnitOfMeasurePrice>1.36</UnitOfMeasurePrice>
      <AllowDiscount>1</AllowDiscount>
      <itemStatus>1</itemStatus>
      <LastUpdateDate />
      <LastUpdateTime />
    </Product>
    <Product>
      <PriceUpdateDate>2021/06/23 13:01</PriceUpdateDate>
      <ItemCode>6546302</ItemCode>
      <ItemType>0</ItemType>
      <ItemName>צ`יפס קייטרינג 1.5 ק`ג</ItemName>
      <ManufactureName>ויטה פרי גליל (החדשה) בע`מ</ManufactureName>
      <ManufactureCountry />
      <ManufactureItemDescription />
      <UnitQty>'יח</UnitQty>
      <Quantity>15</Quantity>
      <UnitMeasure>ל-100 גרם</UnitMeasure>
      <BisWeighted>0</BisWeighted>
      <QtyInPackage>8</QtyInPackage>
      <ItemPrice>17.90</ItemPrice>
      <UnitOfMeasurePrice>1.19</UnitOfMeasurePrice>
      <AllowDiscount>0</AllowDiscount>
      <itemStatus>1</itemStatus>
      <LastUpdateDate />
      <LastUpdateTime />
    </Product>
    <Product>
      <PriceUpdateDate>2021/08/05 16:07</PriceUpdateDate>
      <ItemCode>7290006546371</ItemCode>
      <ItemType>1</ItemType>
      <ItemName>במיה 600 גרם</ItemName>
      <ManufactureName>ויטה פרי גליל (החדשה) בע`מ</ManufactureName>
      <ManufactureCountry />
      <ManufactureItemDescription />
      <UnitQty>'יח</UnitQty>
      <Quantity>6</Quantity>
      <UnitMeasure>ל-100 גרם</UnitMeasure>
      <BisWeighted>0</BisWeighted>
      <QtyInPackage>20</QtyInPackage>
      <ItemPrice>10.90</ItemPrice>
      <UnitOfMeasurePrice>1.82</UnitOfMeasurePrice>
      <AllowDiscount>0</AllowDiscount>
      <itemStatus>1</itemStatus>
      <LastUpdateDate />
      <LastUpdateTime />
    </Product>
    <Product>
      <PriceUpdateDate>2019/07/29 10:15</PriceUpdateDate>
      <ItemCode>7290006546395</ItemCode>
      <ItemType>1</ItemType>
      <ItemName>לקט העונה 800 גרם</ItemName>
      <ManufactureName>ויטה פרי גליל (החדשה) בע`מ</ManufactureName>
      <ManufactureCountry />
      <ManufactureItemDescription />
      <UnitQty>'יח</UnitQty>
      <Quantity>8</Quantity>
      <UnitMeasure>ל-100 גרם</UnitMeasure>
      <BisWeighted>0</BisWeighted>
      <QtyInPackage>18</QtyInPackage>
      <ItemPrice>9.90</ItemPrice>
      <UnitOfMeasurePrice>1.24</UnitOfMeasurePrice>
      <AllowDiscount>1</AllowDiscount>
      <itemStatus>1</itemStatus>
      <LastUpdateDate />
      <LastUpdateTime />
    </Product>
    <Product>
      <PriceUpdateDate>2019/07/03 08:47</PriceUpdateDate>
      <ItemCode>6546500</ItemCode>
      <ItemType>0</ItemType>
      <ItemName>צ`יפס זיגזג 800 גר`</ItemName>
      <ManufactureName>ויטה פרי גליל (החדשה) בע`מ</ManufactureName>
      <ManufactureCountry />
      <ManufactureItemDescription />
      <UnitQty>'יח</UnitQty>
      <Quantity>8</Quantity>
      <UnitMeasure>ל-100 גרם</UnitMeasure>
      <BisWeighted>0</BisWeighted>
      <QtyInPackage>15</QtyInPackage>
      <ItemPrice>9.90</ItemPrice>
      <UnitOfMeasurePrice>1.24</UnitOfMeasurePrice>
      <AllowDiscount>0</AllowDiscount>
      <itemStatus>1</itemStatus>
      <LastUpdateDate />
      <LastUpdateTime />
    </Product>
    <Product>
      <PriceUpdateDate>2020/10/18 12:22</PriceUpdateDate>
      <ItemCode>6546982</ItemCode>
      <ItemType>0</ItemType>
      <ItemName>לקט סיני  800 גרם</ItemName>
      <ManufactureName>ויטה פרי גליל (החדשה) בע`מ</ManufactureName>
      <ManufactureCountry />
      <ManufactureItemDescription />
      <UnitQty>'יח</UnitQty>
      <Quantity>8</Quantity>
      <UnitMeasure>ל-100 גרם</UnitMeasure>
      <BisWeighted>0</BisWeighted>
      <QtyInPackage>1</QtyInPackage>
      <ItemPrice>12.90</ItemPrice>
      <UnitOfMeasurePrice>1.61</UnitOfMeasurePrice>
      <AllowDiscount>0</AllowDiscount>
      <itemStatus>1</itemStatus>
      <LastUpdateDate />
      <LastUpdateTime />
    </Product>
    <Product>
      <PriceUpdateDate>2019/01/16 14:40</PriceUpdateDate>
      <ItemCode>7290006567048</ItemCode>
      <ItemType>1</ItemType>
      <ItemName>פתיתי קוסקוס ישראלי 350 גרם</ItemName>
      <ManufactureName>קבוצת אסם סחר</ManufactureName>
      <ManufactureCountry />
      <ManufactureItemDescription />
      <UnitQty>'יח</UnitQty>
      <Quantity>3.50</Quantity>
      <UnitMeasure>ל-100 גרם</UnitMeasure>
      <BisWeighted>0</BisWeighted>
      <QtyInPackage>1</QtyInPackage>
      <ItemPrice>7.30</ItemPrice>
      <UnitOfMeasurePrice>2.09</UnitOfMeasurePrice>
      <AllowDiscount>0</AllowDiscount>
      <itemStatus>1</itemStatus>
      <LastUpdateDate />
      <LastUpdateTime />
    </Product>
    <Product>
      <PriceUpdateDate>2021/07/20 15:23</PriceUpdateDate>
      <ItemCode>6618078</ItemCode>
      <ItemType>0</ItemType>
      <ItemName>אסטוניש לניקוי יסודי מתז 750 מל</ItemName>
      <ManufactureName>יעקב יעקבי ובניו בע`מ</ManufactureName>
      <ManufactureCountry />
      <ManufactureItemDescription />
      <UnitQty>'יח</UnitQty>
      <Quantity>7.50</Quantity>
      <UnitMeasure>ל-100 מ"ל</UnitMeasure>
      <BisWeighted>0</BisWeighted>
      <QtyInPackage>1</QtyInPackage>
      <ItemPrice>11.90</ItemPrice>
      <UnitOfMeasurePrice>1.59</UnitOfMeasurePrice>
      <AllowDiscount>0</AllowDiscount>
      <itemStatus>1</itemStatus>
      <LastUpdateDate />
      <LastUpdateTime />
    </Product>
    <Product>
      <PriceUpdateDate>2021/07/20 15:23</PriceUpdateDate>
      <ItemCode>7290006618085</ItemCode>
      <ItemType>1</ItemType>
      <ItemName>אסטוניש קצף לניקוי חדר אמבטיה 750 מל</ItemName>
      <ManufactureName>יעקב יעקבי ובניו בע`מ</ManufactureName>
      <ManufactureCountry />
      <ManufactureItemDescription />
      <UnitQty>'יח</UnitQty>
      <Quantity>7.50</Quantity>
      <UnitMeasure>ל-100 מ"ל</UnitMeasure>
      <BisWeighted>0</BisWeighted>
      <QtyInPackage>1</QtyInPackage>
      <ItemPrice>11.90</ItemPrice>
      <UnitOfMeasurePrice>1.59</UnitOfMeasurePrice>
      <AllowDiscount>0</AllowDiscount>
      <itemStatus>1</itemStatus>
      <LastUpdateDate />
      <LastUpdateTime />
    </Product>
    <Product>
      <PriceUpdateDate>2022/04/25 10:54</PriceUpdateDate>
      <ItemCode>7290006653765</ItemCode>
      <ItemType>1</ItemType>
      <ItemName>פרפקטו פסטה פטוצ`יני 500 גרם</ItemName>
      <ManufactureName>קבוצת אסם סחר</ManufactureName>
      <ManufactureCountry />
      <ManufactureItemDescription />
      <UnitQty>'יח</UnitQty>
      <Quantity>5</Quantity>
      <UnitMeasure>ל-100 גרם</UnitMeasure>
      <BisWeighted>0</BisWeighted>
      <QtyInPackage>1</QtyInPackage>
      <ItemPrice>6.90</ItemPrice>
      <UnitOfMeasurePrice>1.38</UnitOfMeasurePrice>
      <AllowDiscount>1</AllowDiscount>
      <itemStatus>1</itemStatus>
      <LastUpdateDate />
      <LastUpdateTime />
    </Product>
    <Product>
      <PriceUpdateDate>2019/07/03 08:47</PriceUpdateDate>
      <ItemCode>7290006653819</ItemCode>
      <ItemType>1</ItemType>
      <ItemName>קוסקוס אמיתי דק בשקית 350 גרם</ItemName>
      <ManufactureName>קבוצת אסם סחר</ManufactureName>
      <ManufactureCountry />
      <ManufactureItemDescription />
      <UnitQty>'יח</UnitQty>
      <Quantity>3.50</Quantity>
      <UnitMeasure>ל-100 גרם</UnitMeasure>
      <BisWeighted>0</BisWeighted>
      <QtyInPackage>1</QtyInPackage>
      <ItemPrice>7.90</ItemPrice>
      <UnitOfMeasurePrice>2.26</UnitOfMeasurePrice>
      <AllowDiscount>0</AllowDiscount>
      <itemStatus>1</itemStatus>
      <LastUpdateDate />
      <LastUpdateTime />
    </Product>
    <Product>
      <PriceUpdateDate>2019/10/10 09:24</PriceUpdateDate>
      <ItemCode>7290006664051</ItemCode>
      <ItemType>1</ItemType>
      <ItemName>דנונה Actimel יוגורט טבעי 14*100 מ`ל</ItemName>
      <ManufactureName>שטראוס גרופ בע`מ</ManufactureName>
      <ManufactureCountry />
      <ManufactureItemDescription />
      <UnitQty>'יח</UnitQty>
      <Quantity>1</Quantity>
      <UnitMeasure>ל-100 גרם</UnitMeasure>
      <BisWeighted>0</BisWeighted>
      <QtyInPackage>1</QtyInPackage>
      <ItemPrice>29.90</ItemPrice>
      <UnitOfMeasurePrice>29.90</UnitOfMeasurePrice>
      <AllowDiscount>0</AllowDiscount>
      <itemStatus>1</itemStatus>
      <LastUpdateDate />
      <LastUpdateTime />
    </Product>
    <Product>
      <PriceUpdateDate>2022/09/11 10:05</PriceUpdateDate>
      <ItemCode>7290006664402</ItemCode>
      <ItemType>1</ItemType>
      <ItemName>גבינת סקי לבנה 5% 750 גרם</ItemName>
      <ManufactureName>שטראוס גרופ בע`מ</ManufactureName>
      <ManufactureCountry />
      <ManufactureItemDescription />
      <UnitQty>'יח</UnitQty>
      <Quantity>7.50</Quantity>
      <UnitMeasure>ל-100 גרם</UnitMeasure>
      <BisWeighted>0</BisWeighted>
      <QtyInPackage>6</QtyInPackage>
      <ItemPrice>14.90</ItemPrice>
      <UnitOfMeasurePrice>1.99</UnitOfMeasurePrice>
      <AllowDiscount>0</AllowDiscount>
      <itemStatus>1</itemStatus>
      <LastUpdateDate />
      <LastUpdateTime />
    </Product>
    <Product>
      <PriceUpdateDate>2019/01/16 14:40</PriceUpdateDate>
      <ItemCode>7290006664532</ItemCode>
      <ItemType>1</ItemType>
      <ItemName>דנונה יוגורט תות 3% 150 גרם</ItemName>
      <ManufactureName>שטראוס גרופ בע`מ</ManufactureName>
      <ManufactureCountry />
      <ManufactureItemDescription />
      <UnitQty>'יח</UnitQty>
      <Quantity>1.50</Quantity>
      <UnitMeasure>ל-100 מ"ל</UnitMeasure>
      <BisWeighted>0</BisWeighted>
      <QtyInPackage>24</QtyInPackage>
      <ItemPrice>3.90</ItemPrice>
      <UnitOfMeasurePrice>2.60</UnitOfMeasurePrice>
      <AllowDiscount>1</AllowDiscount>
      <itemStatus>1</itemStatus>
      <LastUpdateDate />
      <LastUpdateTime />
    </Product>
    <Product>
      <PriceUpdateDate>2019/07/03 08:47</PriceUpdateDate>
      <ItemCode>7290006664655</ItemCode>
      <ItemType>1</ItemType>
      <ItemName>דנונה Actimel יוגורט טבעי 8*100 מ``ל</ItemName>
      <ManufactureName>שטראוס גרופ בע`מ</ManufactureName>
      <ManufactureCountry />
      <ManufactureItemDescription />
      <UnitQty>'יח</UnitQty>
      <Quantity>8</Quantity>
      <UnitMeasure>ל-100 מ"ל</UnitMeasure>
      <BisWeighted>0</BisWeighted>
      <QtyInPackage>6</QtyInPackage>
      <ItemPrice>21.90</ItemPrice>
      <UnitOfMeasurePrice>2.74</UnitOfMeasurePrice>
      <AllowDiscount>0</AllowDiscount>
      <itemStatus>1</itemStatus>
      <LastUpdateDate />
      <LastUpdateTime />
    </Product>
    <Product>
      <PriceUpdateDate>2019/01/16 14:40</PriceUpdateDate>
      <ItemCode>7290006664693</ItemCode>
      <ItemType>1</ItemType>
      <ItemName>דנונה יוגורט אפרסק 3% 150 גרם</ItemName>
      <ManufactureName>שטראוס גרופ בע`מ</ManufactureName>
      <ManufactureCountry />
      <ManufactureItemDescription />
      <UnitQty>'יח</UnitQty>
      <Quantity>1.50</Quantity>
      <UnitMeasure>ל-100 מ"ל</UnitMeasure>
      <BisWeighted>0</BisWeighted>
      <QtyInPackage>24</QtyInPackage>
      <ItemPrice>3.90</ItemPrice>
      <UnitOfMeasurePrice>2.60</UnitOfMeasurePrice>
      <AllowDiscount>1</AllowDiscount>
      <itemStatus>1</itemStatus>
      <LastUpdateDate />
      <LastUpdateTime />
    </Product>
    <Product>
      <PriceUpdateDate>2022/04/25 11:22</PriceUpdateDate>
      <ItemCode>7290006664990</ItemCode>
      <ItemType>1</ItemType>
      <ItemName>מארז ביו 1.7% 8*150 גרם</ItemName>
      <ManufactureName>שטראוס גרופ בע`מ</ManufactureName>
      <ManufactureCountry />
      <ManufactureItemDescription />
      <UnitQty>'יח</UnitQty>
      <Quantity>1.50</Quantity>
      <UnitMeasure>ל-100 גרם</UnitMeasure>
      <BisWeighted>0</BisWeighted>
      <QtyInPackage>3</QtyInPackage>
      <ItemPrice>16.90</ItemPrice>
      <UnitOfMeasurePrice>11.27</UnitOfMeasurePrice>
      <AllowDiscount>0</AllowDiscount>
      <itemStatus>1</itemStatus>
      <LastUpdateDate />
      <LastUpdateTime />
    </Product>
    <Product>
      <PriceUpdateDate>2022/09/28 18:50</PriceUpdateDate>
      <ItemCode>7290006681553</ItemCode>
      <ItemType>1</ItemType>
      <ItemName>קרמבו בטעם וניל 8*24 גרם</ItemName>
      <ManufactureName>שטראוס גלידות</ManufactureName>
      <ManufactureCountry />
      <ManufactureItemDescription />
      <UnitQty>'יח</UnitQty>
      <Quantity>19.20</Quantity>
      <UnitMeasure>ל-100 גרם</UnitMeasure>
      <BisWeighted>0</BisWeighted>
      <QtyInPackage>1</QtyInPackage>
      <ItemPrice>16.90</ItemPrice>
      <UnitOfMeasurePrice>0.88</UnitOfMeasurePrice>
      <AllowDiscount>0</AllowDiscount>
      <itemStatus>1</itemStatus>
      <LastUpdateDate />
      <LastUpdateTime />
    </Product>
    <Product>
      <PriceUpdateDate>2022/09/28 18:50</PriceUpdateDate>
      <ItemCode>7290006681560</ItemCode>
      <ItemType>1</ItemType>
      <ItemName>קרמבו בטעם מוקה 8*24 גרם</ItemName>
      <ManufactureName>שטראוס גלידות</ManufactureName>
      <ManufactureCountry />
      <ManufactureItemDescription />
      <UnitQty>'יח</UnitQty>
      <Quantity>19.20</Quantity>
      <UnitMeasure>ל-100 גרם</UnitMeasure>
      <BisWeighted>0</BisWeighted>
      <QtyInPackage>1</QtyInPackage>
      <ItemPrice>16.90</ItemPrice>
      <UnitOfMeasurePrice>0.88</UnitOfMeasurePrice>
      <AllowDiscount>0</AllowDiscount>
      <itemStatus>1</itemStatus>
      <LastUpdateDate />
      <LastUpdateTime />
    </Product>
    <Product>
      <PriceUpdateDate>2019/01/16 14:40</PriceUpdateDate>
      <ItemCode>7290006681577</ItemCode>
      <ItemType>1</ItemType>
      <ItemName>אסקימו קרחוני לימון ודובדבן 10*70 גר</ItemName>
      <ManufactureName>שטראוס גלידות</ManufactureName>
      <ManufactureCountry />
      <ManufactureItemDescription />
      <UnitQty>'יח</UnitQty>
      <Quantity>0.70</Quantity>
      <UnitMeasure>ל-100 גרם</UnitMeasure>
      <BisWeighted>0</BisWeighted>
      <QtyInPackage>1</QtyInPackage>
      <ItemPrice>16.90</ItemPrice>
      <UnitOfMeasurePrice>24.14</UnitOfMeasurePrice>
      <AllowDiscount>1</AllowDiscount>
      <itemStatus>1</itemStatus>
      <LastUpdateDate />
      <LastUpdateTime />
    </Product>
    <Product>
      <PriceUpdateDate>2021/12/01 10:09</PriceUpdateDate>
      <ItemCode>7290006712981</ItemCode>
      <ItemType>1</ItemType>
      <ItemName>קולגייט משחת שיניים Smiles משחת שיניים</ItemName>
      <ManufactureName>ש. שסטוביץ בע`מ</ManufactureName>
      <ManufactureCountry />
      <ManufactureItemDescription />
      <UnitQty>'יח</UnitQty>
      <Quantity>0.50</Quantity>
      <UnitMeasure>ל-100 גרם</UnitMeasure>
      <BisWeighted>0</BisWeighted>
      <QtyInPackage>1</QtyInPackage>
      <ItemPrice>11.90</ItemPrice>
      <UnitOfMeasurePrice>23.80</UnitOfMeasurePrice>
      <AllowDiscount>0</AllowDiscount>
      <itemStatus>1</itemStatus>
      <LastUpdateDate />
      <LastUpdateTime />
    </Product>
    <Product>
      <PriceUpdateDate>2020/06/15 11:52</PriceUpdateDate>
      <ItemCode>7290006739292</ItemCode>
      <ItemType>1</ItemType>
      <ItemName>פסטרמה חזה תבור מעושן 330גר</ItemName>
      <ManufactureName>נקניק זוגלובק נהריה</ManufactureName>
      <ManufactureCountry />
      <ManufactureItemDescription />
      <UnitQty>'יח</UnitQty>
      <Quantity>3.30</Quantity>
      <UnitMeasure>ל-100 גרם</UnitMeasure>
      <BisWeighted>0</BisWeighted>
      <QtyInPackage>1</QtyInPackage>
      <ItemPrice>26.90</ItemPrice>
      <UnitOfMeasurePrice>8.15</UnitOfMeasurePrice>
      <AllowDiscount>1</AllowDiscount>
      <itemStatus>1</itemStatus>
      <LastUpdateDate />
      <LastUpdateTime />
    </Product>
    <Product>
      <PriceUpdateDate>2022/04/21 08:06</PriceUpdateDate>
      <ItemCode>6739346</ItemCode>
      <ItemType>0</ItemType>
      <ItemName>נקניקיות פרגיות 400 גרם</ItemName>
      <ManufactureName>נקניק זוגלובק נהריה</ManufactureName>
      <ManufactureCountry />
      <ManufactureItemDescription />
      <UnitQty>'יח</UnitQty>
      <Quantity>4</Quantity>
      <UnitMeasure>ל-100 גרם</UnitMeasure>
      <BisWeighted>0</BisWeighted>
      <QtyInPackage>1</QtyInPackage>
      <ItemPrice>13.90</ItemPrice>
      <UnitOfMeasurePrice>3.48</UnitOfMeasurePrice>
      <AllowDiscount>1</AllowDiscount>
      <itemStatus>1</itemStatus>
      <LastUpdateDate />
      <LastUpdateTime />
    </Product>
    <Product>
      <PriceUpdateDate>2020/06/15 11:52</PriceUpdateDate>
      <ItemCode>7290006739414</ItemCode>
      <ItemType>1</ItemType>
      <ItemName>סלמי קוניאק 300 גרם</ItemName>
      <ManufactureName>נקניק זוגלובק נהריה</ManufactureName>
      <ManufactureCountry />
      <ManufactureItemDescription />
      <UnitQty>'יח</UnitQty>
      <Quantity>3</Quantity>
      <UnitMeasure>ל-100 גרם</UnitMeasure>
      <BisWeighted>0</BisWeighted>
      <QtyInPackage>1</QtyInPackage>
      <ItemPrice>26.90</ItemPrice>
      <UnitOfMeasurePrice>8.97</UnitOfMeasurePrice>
      <AllowDiscount>1</AllowDiscount>
      <itemStatus>1</itemStatus>
      <LastUpdateDate />
      <LastUpdateTime />
    </Product>
    <Product>
      <PriceUpdateDate>2022/04/21 08:06</PriceUpdateDate>
      <ItemCode>6739445</ItemCode>
      <ItemType>0</ItemType>
      <ItemName>שניצל תירס קלאסי 750 גרם</ItemName>
      <ManufactureName>נקניק זוגלובק נהריה</ManufactureName>
      <ManufactureCountry />
      <ManufactureItemDescription />
      <UnitQty>'יח</UnitQty>
      <Quantity>7.50</Quantity>
      <UnitMeasure>ל-100 גרם</UnitMeasure>
      <BisWeighted>0</BisWeighted>
      <QtyInPackage>1</QtyInPackage>
      <ItemPrice>26.90</ItemPrice>
      <UnitOfMeasurePrice>3.59</UnitOfMeasurePrice>
      <AllowDiscount>1</AllowDiscount>
      <itemStatus>1</itemStatus>
      <LastUpdateDate />
      <LastUpdateTime />
    </Product>
    <Product>
      <PriceUpdateDate>2020/06/15 11:52</PriceUpdateDate>
      <ItemCode>7290006742278</ItemCode>
      <ItemType>1</ItemType>
      <ItemName>פסטרמה צלויה על גחלים 330 גרם</ItemName>
      <ManufactureName>נקניק זוגלובק נהריה</ManufactureName>
      <ManufactureCountry />
      <ManufactureItemDescription />
      <UnitQty>'יח</UnitQty>
      <Quantity>3.30</Quantity>
      <UnitMeasure>ל-100 גרם</UnitMeasure>
      <BisWeighted>0</BisWeighted>
      <QtyInPackage>1</QtyInPackage>
      <ItemPrice>26.90</ItemPrice>
      <UnitOfMeasurePrice>8.15</UnitOfMeasurePrice>
      <AllowDiscount>1</AllowDiscount>
      <itemStatus>1</itemStatus>
      <LastUpdateDate />
      <LastUpdateTime />
    </Product>
    <Product>
      <PriceUpdateDate>2020/06/15 11:52</PriceUpdateDate>
      <ItemCode>7290006742292</ItemCode>
      <ItemType>1</ItemType>
      <ItemName>פסטרמה בדבש 330 גרם</ItemName>
      <ManufactureName>נקניק זוגלובק נהריה</ManufactureName>
      <ManufactureCountry />
      <ManufactureItemDescription />
      <UnitQty>'יח</UnitQty>
      <Quantity>3.30</Quantity>
      <UnitMeasure>ל-100 גרם</UnitMeasure>
      <BisWeighted>0</BisWeighted>
      <QtyInPackage>1</QtyInPackage>
      <ItemPrice>26.90</ItemPrice>
      <UnitOfMeasurePrice>8.15</UnitOfMeasurePrice>
      <AllowDiscount>1</AllowDiscount>
      <itemStatus>1</itemStatus>
      <LastUpdateDate />
      <LastUpdateTime />
    </Product>
    <Product>
      <PriceUpdateDate>2020/10/18 12:22</PriceUpdateDate>
      <ItemCode>6764058</ItemCode>
      <ItemType>0</ItemType>
      <ItemName>בירה נשר בקבוק 500 מל</ItemName>
      <ManufactureName>טמפו משקאות בע`מ</ManufactureName>
      <ManufactureCountry />
      <ManufactureItemDescription />
      <UnitQty>'יח</UnitQty>
      <Quantity>5</Quantity>
      <UnitMeasure>ל-100 מ"ל</UnitMeasure>
      <BisWeighted>0</BisWeighted>
      <QtyInPackage>20</QtyInPackage>
      <ItemPrice>5.80</ItemPrice>
      <UnitOfMeasurePrice>0.92</UnitOfMeasurePrice>
      <AllowDiscount>0</AllowDiscount>
      <itemStatus>1</itemStatus>
      <LastUpdateDate />
      <LastUpdateTime />
    </Product>
    <Product>
      <PriceUpdateDate>2022/07/07 19:37</PriceUpdateDate>
      <ItemCode>6764065</ItemCode>
      <ItemType>0</ItemType>
      <ItemName>בירה נשר מאלט שחורה בקבוק 500 מל</ItemName>
      <ManufactureName>טמפו משקאות בע`מ</ManufactureName>
      <ManufactureCountry />
      <ManufactureItemDescription />
      <UnitQty>'יח</UnitQty>
      <Quantity>5</Quantity>
      <UnitMeasure>ל-100 מ"ל</UnitMeasure>
      <BisWeighted>0</BisWeighted>
      <QtyInPackage>20</QtyInPackage>
      <ItemPrice>5.80</ItemPrice>
      <UnitOfMeasurePrice>0.92</UnitOfMeasurePrice>
      <AllowDiscount>0</AllowDiscount>
      <itemStatus>1</itemStatus>
      <LastUpdateDate />
      <LastUpdateTime />
    </Product>
    <Product>
      <PriceUpdateDate>2020/10/18 12:22</PriceUpdateDate>
      <ItemCode>6764072</ItemCode>
      <ItemType>0</ItemType>
      <ItemName>בירה גולדסטאר בקבוק 500 מל</ItemName>
      <ManufactureName>טמפו משקאות בע`מ</ManufactureName>
      <ManufactureCountry />
      <ManufactureItemDescription />
      <UnitQty>'יח</UnitQty>
      <Quantity>5</Quantity>
      <UnitMeasure>ל-100 מ"ל</UnitMeasure>
      <BisWeighted>0</BisWeighted>
      <QtyInPackage>20</QtyInPackage>
      <ItemPrice>6.80</ItemPrice>
      <UnitOfMeasurePrice>1.12</UnitOfMeasurePrice>
      <AllowDiscount>1</AllowDiscount>
      <itemStatus>1</itemStatus>
      <LastUpdateDate />
      <LastUpdateTime />
    </Product>
    <Product>
      <PriceUpdateDate>2022/07/07 19:37</PriceUpdateDate>
      <ItemCode>6764485</ItemCode>
      <ItemType>0</ItemType>
      <ItemName>בירה נשר מאלט שחורה בק `6*330מל</ItemName>
      <ManufactureName>טמפו משקאות בע`מ</ManufactureName>
      <ManufactureCountry />
      <ManufactureItemDescription />
      <UnitQty>'יח</UnitQty>
      <Quantity>15</Quantity>
      <UnitMeasure>ל-100 מ"ל</UnitMeasure>
      <BisWeighted>0</BisWeighted>
      <QtyInPackage>1</QtyInPackage>
      <ItemPrice>28.90</ItemPrice>
      <UnitOfMeasurePrice>1.81</UnitOfMeasurePrice>
      <AllowDiscount>0</AllowDiscount>
      <itemStatus>1</itemStatus>
      <LastUpdateDate />
      <LastUpdateTime />
    </Product>
    <Product>
      <PriceUpdateDate>2021/07/27 06:38</PriceUpdateDate>
      <ItemCode>7290006765000</ItemCode>
      <ItemType>1</ItemType>
      <ItemName>טורטיה מקמח מלא 12  יח `540גר`</ItemName>
      <ManufactureName>דין שיווק וקליה 2021 בעמ</ManufactureName>
      <ManufactureCountry />
      <ManufactureItemDescription />
      <UnitQty>'יח</UnitQty>
      <Quantity>5.40</Quantity>
      <UnitMeasure>ל-100 גרם</UnitMeasure>
      <BisWeighted>0</BisWeighted>
      <QtyInPackage>1</QtyInPackage>
      <ItemPrice>9.90</ItemPrice>
      <UnitOfMeasurePrice>1.83</UnitOfMeasurePrice>
      <AllowDiscount>0</AllowDiscount>
      <itemStatus>1</itemStatus>
      <LastUpdateDate />
      <LastUpdateTime />
    </Product>
    <Product>
      <PriceUpdateDate>2019/07/03 08:47</PriceUpdateDate>
      <ItemCode>7290006775016</ItemCode>
      <ItemType>1</ItemType>
      <ItemName>עוגת תפוזים 450 גרם</ItemName>
      <ManufactureName>אחדות ביתחרושת לטחינה חלבה</ManufactureName>
      <ManufactureCountry />
      <ManufactureItemDescription />
      <UnitQty>'יח</UnitQty>
      <Quantity>4.50</Quantity>
      <UnitMeasure>ל-100 גרם</UnitMeasure>
      <BisWeighted>0</BisWeighted>
      <QtyInPackage>1</QtyInPackage>
      <ItemPrice>9.90</ItemPrice>
      <UnitOfMeasurePrice>2.20</UnitOfMeasurePrice>
      <AllowDiscount>1</AllowDiscount>
      <itemStatus>1</itemStatus>
      <LastUpdateDate />
      <LastUpdateTime />
    </Product>
    <Product>
      <PriceUpdateDate>2019/07/03 08:47</PriceUpdateDate>
      <ItemCode>7290006775023</ItemCode>
      <ItemType>1</ItemType>
      <ItemName>עוגה אנגלית 450 גרם</ItemName>
      <ManufactureName>אחדות ביתחרושת לטחינה חלבה</ManufactureName>
      <ManufactureCountry />
      <ManufactureItemDescription />
      <UnitQty>'יח</UnitQty>
      <Quantity>4.50</Quantity>
      <UnitMeasure>ל-100 גרם</UnitMeasure>
      <BisWeighted>0</BisWeighted>
      <QtyInPackage>1</QtyInPackage>
      <ItemPrice>9.90</ItemPrice>
      <UnitOfMeasurePrice>2.20</UnitOfMeasurePrice>
      <AllowDiscount>1</AllowDiscount>
      <itemStatus>1</itemStatus>
      <LastUpdateDate />
      <LastUpdateTime />
    </Product>
    <Product>
      <PriceUpdateDate>2019/07/03 08:47</PriceUpdateDate>
      <ItemCode>7290006775047</ItemCode>
      <ItemType>1</ItemType>
      <ItemName>עוגת שוקולד 450 גרם</ItemName>
      <ManufactureName>אחדות ביתחרושת לטחינה חלבה</ManufactureName>
      <ManufactureCountry />
      <ManufactureItemDescription />
      <UnitQty>'יח</UnitQty>
      <Quantity>4.50</Quantity>
      <UnitMeasure>ל-100 גרם</UnitMeasure>
      <BisWeighted>0</BisWeighted>
      <QtyInPackage>1</QtyInPackage>
      <ItemPrice>9.90</ItemPrice>
      <UnitOfMeasurePrice>2.20</UnitOfMeasurePrice>
      <AllowDiscount>1</AllowDiscount>
      <itemStatus>1</itemStatus>
      <LastUpdateDate />
      <LastUpdateTime />
    </Product>
    <Product>
      <PriceUpdateDate>2022/07/24 15:21</PriceUpdateDate>
      <ItemCode>7290006775078</ItemCode>
      <ItemType>1</ItemType>
      <ItemName>עוגת דבש 400 גרם</ItemName>
      <ManufactureName>אחדות ביתחרושת לטחינה חלבה</ManufactureName>
      <ManufactureCountry />
      <ManufactureItemDescription />
      <UnitQty>'יח</UnitQty>
      <Quantity>4</Quantity>
      <UnitMeasure>ל-100 גרם</UnitMeasure>
      <BisWeighted>0</BisWeighted>
      <QtyInPackage>1</QtyInPackage>
      <ItemPrice>6.90</ItemPrice>
      <UnitOfMeasurePrice>1.73</UnitOfMeasurePrice>
      <AllowDiscount>1</AllowDiscount>
      <itemStatus>1</itemStatus>
      <LastUpdateDate />
      <LastUpdateTime />
    </Product>
    <Product>
      <PriceUpdateDate>2022/06/23 12:03</PriceUpdateDate>
      <ItemCode>7290006775085</ItemCode>
      <ItemType>1</ItemType>
      <ItemName>עוגת שמרים עם שוקולד 400 גרם</ItemName>
      <ManufactureName>אחדות ביתחרושת לטחינה חלבה</ManufactureName>
      <ManufactureCountry />
      <ManufactureItemDescription />
      <UnitQty>'יח</UnitQty>
      <Quantity>4</Quantity>
      <UnitMeasure>ל-100 גרם</UnitMeasure>
      <BisWeighted>0</BisWeighted>
      <QtyInPackage>1</QtyInPackage>
      <ItemPrice>11.90</ItemPrice>
      <UnitOfMeasurePrice>2.98</UnitOfMeasurePrice>
      <AllowDiscount>0</AllowDiscount>
      <itemStatus>1</itemStatus>
      <LastUpdateDate />
      <LastUpdateTime />
    </Product>
    <Product>
      <PriceUpdateDate>2020/06/25 13:14</PriceUpdateDate>
      <ItemCode>7290006775191</ItemCode>
      <ItemType>1</ItemType>
      <ItemName>ממאפין ממולא בשוקולד 50 גר`</ItemName>
      <ManufactureName>אחדות ביתחרושת לטחינה חלבה</ManufactureName>
      <ManufactureCountry />
      <ManufactureItemDescription />
      <UnitQty>'יח</UnitQty>
      <Quantity>0.50</Quantity>
      <UnitMeasure>ל-100 גרם</UnitMeasure>
      <BisWeighted>0</BisWeighted>
      <QtyInPackage>1</QtyInPackage>
      <ItemPrice>1.50</ItemPrice>
      <UnitOfMeasurePrice>3</UnitOfMeasurePrice>
      <AllowDiscount>1</AllowDiscount>
      <itemStatus>1</itemStatus>
      <LastUpdateDate />
      <LastUpdateTime />
    </Product>
    <Product>
      <PriceUpdateDate>2022/01/03 13:00</PriceUpdateDate>
      <ItemCode>7290006775764</ItemCode>
      <ItemType>1</ItemType>
      <ItemName>אחוה עוגת  שוק`צ`יפס ללא סוכר 400 גר</ItemName>
      <ManufactureName>אחדות ביתחרושת לטחינה חלבה</ManufactureName>
      <ManufactureCountry />
      <ManufactureItemDescription />
      <UnitQty>'יח</UnitQty>
      <Quantity>4</Quantity>
      <UnitMeasure>ל-100 גרם</UnitMeasure>
      <BisWeighted>0</BisWeighted>
      <QtyInPackage>1</QtyInPackage>
      <ItemPrice>11.90</ItemPrice>
      <UnitOfMeasurePrice>2.98</UnitOfMeasurePrice>
      <AllowDiscount>0</AllowDiscount>
      <itemStatus>1</itemStatus>
      <LastUpdateDate />
      <LastUpdateTime />
    </Product>
    <Product>
      <PriceUpdateDate>2022/01/03 13:00</PriceUpdateDate>
      <ItemCode>7290006775801</ItemCode>
      <ItemType>1</ItemType>
      <ItemName>רוגעלך שוקולד 400 גר`</ItemName>
      <ManufactureName>אחדות ביתחרושת לטחינה חלבה</ManufactureName>
      <ManufactureCountry />
      <ManufactureItemDescription />
      <UnitQty>'יח</UnitQty>
      <Quantity>4</Quantity>
      <UnitMeasure>ל-100 גרם</UnitMeasure>
      <BisWeighted>0</BisWeighted>
      <QtyInPackage>1</QtyInPackage>
      <ItemPrice>9.90</ItemPrice>
      <UnitOfMeasurePrice>2.48</UnitOfMeasurePrice>
      <AllowDiscount>1</AllowDiscount>
      <itemStatus>1</itemStatus>
      <LastUpdateDate />
      <LastUpdateTime />
    </Product>
    <Product>
      <PriceUpdateDate>2022/07/01 13:42</PriceUpdateDate>
      <ItemCode>7290006775900</ItemCode>
      <ItemType>1</ItemType>
      <ItemName>.עוגיות מרוקאיות 500 גר`</ItemName>
      <ManufactureName>אחדות ביתחרושת לטחינה חלבה</ManufactureName>
      <ManufactureCountry />
      <ManufactureItemDescription />
      <UnitQty>'יח</UnitQty>
      <Quantity>5</Quantity>
      <UnitMeasure>ל-100 גרם</UnitMeasure>
      <BisWeighted>0</BisWeighted>
      <QtyInPackage>1</QtyInPackage>
      <ItemPrice>9.90</ItemPrice>
      <UnitOfMeasurePrice>1.98</UnitOfMeasurePrice>
      <AllowDiscount>1</AllowDiscount>
      <itemStatus>1</itemStatus>
      <LastUpdateDate />
      <LastUpdateTime />
    </Product>
    <Product>
      <PriceUpdateDate>2019/12/18 16:12</PriceUpdateDate>
      <ItemCode>6784360</ItemCode>
      <ItemType>0</ItemType>
      <ItemName>חלונית לניקוי חלונות 1 ל`</ItemName>
      <ManufactureName>קומפלקס כימקלים בעמ`</ManufactureName>
      <ManufactureCountry />
      <ManufactureItemDescription />
      <UnitQty>'יח</UnitQty>
      <Quantity>10</Quantity>
      <UnitMeasure>ל-100 מ"ל</UnitMeasure>
      <BisWeighted>0</BisWeighted>
      <QtyInPackage>1</QtyInPackage>
      <ItemPrice>8.90</ItemPrice>
      <UnitOfMeasurePrice>0.89</UnitOfMeasurePrice>
      <AllowDiscount>1</AllowDiscount>
      <itemStatus>1</itemStatus>
      <LastUpdateDate />
      <LastUpdateTime />
    </Product>
    <Product>
      <PriceUpdateDate>2021/11/28 18:15</PriceUpdateDate>
      <ItemCode>6784865</ItemCode>
      <ItemType>0</ItemType>
      <ItemName>מתז 1 ליטר מטבחים תכשיר מרוכז ועוצמתי</ItemName>
      <ManufactureName>קומפלקס כימקלים בעמ`</ManufactureName>
      <ManufactureCountry />
      <ManufactureItemDescription />
      <UnitQty>'יח</UnitQty>
      <Quantity>1</Quantity>
      <UnitMeasure />
      <BisWeighted>0</BisWeighted>
      <QtyInPackage>1</QtyInPackage>
      <ItemPrice>9.90</ItemPrice>
      <UnitOfMeasurePrice>9.90</UnitOfMeasurePrice>
      <AllowDiscount>1</AllowDiscount>
      <itemStatus>1</itemStatus>
      <LastUpdateDate />
      <LastUpdateTime />
    </Product>
    <Product>
      <PriceUpdateDate>2021/12/30 18:57</PriceUpdateDate>
      <ItemCode>6788399</ItemCode>
      <ItemType>0</ItemType>
      <ItemName>דאודורנט נושם Clear רול און לבן 75מ`</ItemName>
      <ManufactureName>החב. הדרומית לשיווק</ManufactureName>
      <ManufactureCountry />
      <ManufactureItemDescription />
      <UnitQty>'יח</UnitQty>
      <Quantity>0.75</Quantity>
      <UnitMeasure>ל-100 גרם</UnitMeasure>
      <BisWeighted>0</BisWeighted>
      <QtyInPackage>12</QtyInPackage>
      <ItemPrice>12.90</ItemPrice>
      <UnitOfMeasurePrice>17.20</UnitOfMeasurePrice>
      <AllowDiscount>1</AllowDiscount>
      <itemStatus>1</itemStatus>
      <LastUpdateDate />
      <LastUpdateTime />
    </Product>
    <Product>
      <PriceUpdateDate>2021/12/30 18:57</PriceUpdateDate>
      <ItemCode>6788405</ItemCode>
      <ItemType>0</ItemType>
      <ItemName>דאודורנט נושם Nature רול און ורוד 75</ItemName>
      <ManufactureName>החב. הדרומית לשיווק</ManufactureName>
      <ManufactureCountry />
      <ManufactureItemDescription />
      <UnitQty>'יח</UnitQty>
      <Quantity>0.75</Quantity>
      <UnitMeasure>ל-100 גרם</UnitMeasure>
      <BisWeighted>0</BisWeighted>
      <QtyInPackage>12</QtyInPackage>
      <ItemPrice>12.90</ItemPrice>
      <UnitOfMeasurePrice>17.20</UnitOfMeasurePrice>
      <AllowDiscount>1</AllowDiscount>
      <itemStatus>1</itemStatus>
      <LastUpdateDate />
      <LastUpdateTime />
    </Product>
    <Product>
      <PriceUpdateDate>2021/12/30 18:57</PriceUpdateDate>
      <ItemCode>6788412</ItemCode>
      <ItemType>0</ItemType>
      <ItemName>דאודורנט נושם Aqua רול און כחול 75מ`</ItemName>
      <ManufactureName>החב. הדרומית לשיווק</ManufactureName>
      <ManufactureCountry />
      <ManufactureItemDescription />
      <UnitQty>'יח</UnitQty>
      <Quantity>0.75</Quantity>
      <UnitMeasure>ל-100 גרם</UnitMeasure>
      <BisWeighted>0</BisWeighted>
      <QtyInPackage>12</QtyInPackage>
      <ItemPrice>12.90</ItemPrice>
      <UnitOfMeasurePrice>17.20</UnitOfMeasurePrice>
      <AllowDiscount>0</AllowDiscount>
      <itemStatus>1</itemStatus>
      <LastUpdateDate />
      <LastUpdateTime />
    </Product>
    <Product>
      <PriceUpdateDate>2022/01/03 13:00</PriceUpdateDate>
      <ItemCode>6822192</ItemCode>
      <ItemType>0</ItemType>
      <ItemName>נקטר חמוציות דיאט 1 ליטר</ItemName>
      <ManufactureName>החברה המרכזית להפצת משקאות בע`</ManufactureName>
      <ManufactureCountry />
      <ManufactureItemDescription />
      <UnitQty>'יח</UnitQty>
      <Quantity>10</Quantity>
      <UnitMeasure>ל-100 מ"ל</UnitMeasure>
      <BisWeighted>0</BisWeighted>
      <QtyInPackage>12</QtyInPackage>
      <ItemPrice>12.20</ItemPrice>
      <UnitOfMeasurePrice>1.19</UnitOfMeasurePrice>
      <AllowDiscount>1</AllowDiscount>
      <itemStatus>1</itemStatus>
      <LastUpdateDate />
      <LastUpdateTime />
    </Product>
    <Product>
      <PriceUpdateDate>2019/01/16 14:40</PriceUpdateDate>
      <ItemCode>6900418</ItemCode>
      <ItemType>0</ItemType>
      <ItemName>לבבות קיסר</ItemName>
      <ManufactureName>ביכורי השדה הצפון בעמ` 1964</ManufactureName>
      <ManufactureCountry />
      <ManufactureItemDescription />
      <UnitQty>'יח</UnitQty>
      <Quantity>1</Quantity>
      <UnitMeasure />
      <BisWeighted>0</BisWeighted>
      <QtyInPackage>1</QtyInPackage>
      <ItemPrice>8.90</ItemPrice>
      <UnitOfMeasurePrice>8.90</UnitOfMeasurePrice>
      <AllowDiscount>0</AllowDiscount>
      <itemStatus>1</itemStatus>
      <LastUpdateDate />
      <LastUpdateTime />
    </Product>
    <Product>
      <PriceUpdateDate>2022/03/30 14:47</PriceUpdateDate>
      <ItemCode>6908377</ItemCode>
      <ItemType>0</ItemType>
      <ItemName>שקד טבעי 150  גרם</ItemName>
      <ManufactureName>בוטנת בעמ חברה לקלייה ואריזת פ</ManufactureName>
      <ManufactureCountry />
      <ManufactureItemDescription />
      <UnitQty>'יח</UnitQty>
      <Quantity>1.50</Quantity>
      <UnitMeasure>ל-100 גרם</UnitMeasure>
      <BisWeighted>0</BisWeighted>
      <QtyInPackage>1</QtyInPackage>
      <ItemPrice>15.90</ItemPrice>
      <UnitOfMeasurePrice>10.60</UnitOfMeasurePrice>
      <AllowDiscount>0</AllowDiscount>
      <itemStatus>1</itemStatus>
      <LastUpdateDate />
      <LastUpdateTime />
    </Product>
    <Product>
      <PriceUpdateDate>2020/03/15 19:26</PriceUpdateDate>
      <ItemCode>6908384</ItemCode>
      <ItemType>0</ItemType>
      <ItemName>פיסטוק חלבי 150גר פיצוחי חממה</ItemName>
      <ManufactureName>בוטנת בעמ חברה לקלייה ואריזת פ</ManufactureName>
      <ManufactureCountry />
      <ManufactureItemDescription />
      <UnitQty>'יח</UnitQty>
      <Quantity>1.50</Quantity>
      <UnitMeasure>ל-100 גרם</UnitMeasure>
      <BisWeighted>0</BisWeighted>
      <QtyInPackage>1</QtyInPackage>
      <ItemPrice>19.90</ItemPrice>
      <UnitOfMeasurePrice>13.27</UnitOfMeasurePrice>
      <AllowDiscount>0</AllowDiscount>
      <itemStatus>1</itemStatus>
      <LastUpdateDate />
      <LastUpdateTime />
    </Product>
    <Product>
      <PriceUpdateDate>2020/12/20 11:16</PriceUpdateDate>
      <ItemCode>6908391</ItemCode>
      <ItemType>0</ItemType>
      <ItemName>קשיו קלוי 150  גרם פיצוחי חממה</ItemName>
      <ManufactureName>בוטנת בעמ חברה לקלייה ואריזת פ</ManufactureName>
      <ManufactureCountry />
      <ManufactureItemDescription />
      <UnitQty>'יח</UnitQty>
      <Quantity>1.50</Quantity>
      <UnitMeasure>ל-100 גרם</UnitMeasure>
      <BisWeighted>0</BisWeighted>
      <QtyInPackage>1</QtyInPackage>
      <ItemPrice>14.90</ItemPrice>
      <UnitOfMeasurePrice>9.93</UnitOfMeasurePrice>
      <AllowDiscount>1</AllowDiscount>
      <itemStatus>1</itemStatus>
      <LastUpdateDate />
      <LastUpdateTime />
    </Product>
    <Product>
      <PriceUpdateDate>2021/08/22 14:48</PriceUpdateDate>
      <ItemCode>6941466</ItemCode>
      <ItemType>0</ItemType>
      <ItemName>שמן קנולה 1  ליטר"שווה"</ItemName>
      <ManufactureName>ח.כהן סוכנות מזון ומשקאות</ManufactureName>
      <ManufactureCountry />
      <ManufactureItemDescription />
      <UnitQty>'יח</UnitQty>
      <Quantity>10</Quantity>
      <UnitMeasure>ל-100 מ"ל</UnitMeasure>
      <BisWeighted>0</BisWeighted>
      <QtyInPackage>1</QtyInPackage>
      <ItemPrice>8.90</ItemPrice>
      <UnitOfMeasurePrice>0.89</UnitOfMeasurePrice>
      <AllowDiscount>0</AllowDiscount>
      <itemStatus>1</itemStatus>
      <LastUpdateDate />
      <LastUpdateTime />
    </Product>
    <Product>
      <PriceUpdateDate>2022/07/24 18:01</PriceUpdateDate>
      <ItemCode>7290006983176</ItemCode>
      <ItemType>1</ItemType>
      <ItemName>לחמית שיפון 230 גרם</ItemName>
      <ManufactureName>קבוצת אסם סחר</ManufactureName>
      <ManufactureCountry />
      <ManufactureItemDescription />
      <UnitQty>'יח</UnitQty>
      <Quantity>2.30</Quantity>
      <UnitMeasure>ל-100 גרם</UnitMeasure>
      <BisWeighted>0</BisWeighted>
      <QtyInPackage>1</QtyInPackage>
      <ItemPrice>9.90</ItemPrice>
      <UnitOfMeasurePrice>4.30</UnitOfMeasurePrice>
      <AllowDiscount>1</AllowDiscount>
      <itemStatus>1</itemStatus>
      <LastUpdateDate />
      <LastUpdateTime />
    </Product>
    <Product>
      <PriceUpdateDate>2019/01/16 14:40</PriceUpdateDate>
      <ItemCode>7290006983763</ItemCode>
      <ItemType>1</ItemType>
      <ItemName>עוגת שוקולד 400 גרם</ItemName>
      <ManufactureName>קבוצת אסם סחר</ManufactureName>
      <ManufactureCountry />
      <ManufactureItemDescription />
      <UnitQty>'יח</UnitQty>
      <Quantity>4</Quantity>
      <UnitMeasure>ל-100 גרם</UnitMeasure>
      <BisWeighted>0</BisWeighted>
      <QtyInPackage>1</QtyInPackage>
      <ItemPrice>12.90</ItemPrice>
      <UnitOfMeasurePrice>3.23</UnitOfMeasurePrice>
      <AllowDiscount>0</AllowDiscount>
      <itemStatus>1</itemStatus>
      <LastUpdateDate />
      <LastUpdateTime />
    </Product>
    <Product>
      <PriceUpdateDate>2019/01/16 14:40</PriceUpdateDate>
      <ItemCode>7290006983770</ItemCode>
      <ItemType>1</ItemType>
      <ItemName>עוגת שיש 400 גרם</ItemName>
      <ManufactureName>קבוצת אסם סחר</ManufactureName>
      <ManufactureCountry />
      <ManufactureItemDescription />
      <UnitQty>'יח</UnitQty>
      <Quantity>4</Quantity>
      <UnitMeasure>ל-100 גרם</UnitMeasure>
      <BisWeighted>0</BisWeighted>
      <QtyInPackage>1</QtyInPackage>
      <ItemPrice>12.90</ItemPrice>
      <UnitOfMeasurePrice>3.23</UnitOfMeasurePrice>
      <AllowDiscount>0</AllowDiscount>
      <itemStatus>1</itemStatus>
      <LastUpdateDate />
      <LastUpdateTime />
    </Product>
    <Product>
      <PriceUpdateDate>2019/01/16 14:40</PriceUpdateDate>
      <ItemCode>7290006983787</ItemCode>
      <ItemType>1</ItemType>
      <ItemName>עוגת שוקולד צ`יפס 400 גרם</ItemName>
      <ManufactureName>קבוצת אסם סחר</ManufactureName>
      <ManufactureCountry />
      <ManufactureItemDescription />
      <UnitQty>'יח</UnitQty>
      <Quantity>4</Quantity>
      <UnitMeasure>ל-100 גרם</UnitMeasure>
      <BisWeighted>0</BisWeighted>
      <QtyInPackage>1</QtyInPackage>
      <ItemPrice>12.90</ItemPrice>
      <UnitOfMeasurePrice>3.23</UnitOfMeasurePrice>
      <AllowDiscount>0</AllowDiscount>
      <itemStatus>1</itemStatus>
      <LastUpdateDate />
      <LastUpdateTime />
    </Product>
    <Product>
      <PriceUpdateDate>2019/01/16 14:40</PriceUpdateDate>
      <ItemCode>7290006983794</ItemCode>
      <ItemType>1</ItemType>
      <ItemName>עוגת תפוז 400 גרם</ItemName>
      <ManufactureName>קבוצת אסם סחר</ManufactureName>
      <ManufactureCountry />
      <ManufactureItemDescription />
      <UnitQty>'יח</UnitQty>
      <Quantity>4</Quantity>
      <UnitMeasure>ל-100 גרם</UnitMeasure>
      <BisWeighted>0</BisWeighted>
      <QtyInPackage>1</QtyInPackage>
      <ItemPrice>12.90</ItemPrice>
      <UnitOfMeasurePrice>3.23</UnitOfMeasurePrice>
      <AllowDiscount>0</AllowDiscount>
      <itemStatus>1</itemStatus>
      <LastUpdateDate />
      <LastUpdateTime />
    </Product>
    <Product>
      <PriceUpdateDate>2019/01/16 14:40</PriceUpdateDate>
      <ItemCode>7290006992192</ItemCode>
      <ItemType>1</ItemType>
      <ItemName>דייסת סולת 200 גרם</ItemName>
      <ManufactureName>קבוצת אסם סחר</ManufactureName>
      <ManufactureCountry />
      <ManufactureItemDescription />
      <UnitQty>'יח</UnitQty>
      <Quantity>2</Quantity>
      <UnitMeasure>ל-100 גרם</UnitMeasure>
      <BisWeighted>0</BisWeighted>
      <QtyInPackage>1</QtyInPackage>
      <ItemPrice>13.90</ItemPrice>
      <UnitOfMeasurePrice>6.95</UnitOfMeasurePrice>
      <AllowDiscount>0</AllowDiscount>
      <itemStatus>1</itemStatus>
      <LastUpdateDate />
      <LastUpdateTime />
    </Product>
    <Product>
      <PriceUpdateDate>2019/01/16 14:40</PriceUpdateDate>
      <ItemCode>7290006992208</ItemCode>
      <ItemType>1</ItemType>
      <ItemName>דייסת 8 דגנים מעורבים 200 גרם</ItemName>
      <ManufactureName>קבוצת אסם סחר</ManufactureName>
      <ManufactureCountry />
      <ManufactureItemDescription />
      <UnitQty>'יח</UnitQty>
      <Quantity>2</Quantity>
      <UnitMeasure>ל-100 גרם</UnitMeasure>
      <BisWeighted>0</BisWeighted>
      <QtyInPackage>1</QtyInPackage>
      <ItemPrice>13.90</ItemPrice>
      <UnitOfMeasurePrice>6.95</UnitOfMeasurePrice>
      <AllowDiscount>0</AllowDiscount>
      <itemStatus>1</itemStatus>
      <LastUpdateDate />
      <LastUpdateTime />
    </Product>
    <Product>
      <PriceUpdateDate>2022/09/19 16:22</PriceUpdateDate>
      <ItemCode>7290008000246</ItemCode>
      <ItemType>1</ItemType>
      <ItemName>פמינה 220 מל עם אלוורה</ItemName>
      <ManufactureName>גורי ע.ע.ע. בע`מ</ManufactureName>
      <ManufactureCountry />
      <ManufactureItemDescription />
      <UnitQty>'יח</UnitQty>
      <Quantity>2.20</Quantity>
      <UnitMeasure>ל-100 מ"ל</UnitMeasure>
      <BisWeighted>0</BisWeighted>
      <QtyInPackage>1</QtyInPackage>
      <ItemPrice>24.90</ItemPrice>
      <UnitOfMeasurePrice>11.32</UnitOfMeasurePrice>
      <AllowDiscount>0</AllowDiscount>
      <itemStatus>1</itemStatus>
      <LastUpdateDate />
      <LastUpdateTime />
    </Product>
    <Product>
      <PriceUpdateDate>2022/02/10 19:41</PriceUpdateDate>
      <ItemCode>7290008000826</ItemCode>
      <ItemType>1</ItemType>
      <ItemName>משחת שיניים לילדים ברבי 70 גרם</ItemName>
      <ManufactureName>גורי ע.ע.ע. בע`מ</ManufactureName>
      <ManufactureCountry />
      <ManufactureItemDescription />
      <UnitQty>'יח</UnitQty>
      <Quantity>0.70</Quantity>
      <UnitMeasure>ל-100 גרם</UnitMeasure>
      <BisWeighted>0</BisWeighted>
      <QtyInPackage>36</QtyInPackage>
      <ItemPrice>10.90</ItemPrice>
      <UnitOfMeasurePrice>15.57</UnitOfMeasurePrice>
      <AllowDiscount>0</AllowDiscount>
      <itemStatus>1</itemStatus>
      <LastUpdateDate />
      <LastUpdateTime />
    </Product>
    <Product>
      <PriceUpdateDate>2019/10/18 09:44</PriceUpdateDate>
      <ItemCode>8021043</ItemCode>
      <ItemType>0</ItemType>
      <ItemName>שמפו פינוק לשיער רגיל 700 גרם</ItemName>
      <ManufactureName>יוניליוור ישראל שיווק בע`מ</ManufactureName>
      <ManufactureCountry />
      <ManufactureItemDescription />
      <UnitQty>'יח</UnitQty>
      <Quantity>7</Quantity>
      <UnitMeasure>ל-100 מ"ל</UnitMeasure>
      <BisWeighted>0</BisWeighted>
      <QtyInPackage>1</QtyInPackage>
      <ItemPrice>11.90</ItemPrice>
      <UnitOfMeasurePrice>1.70</UnitOfMeasurePrice>
      <AllowDiscount>1</AllowDiscount>
      <itemStatus>1</itemStatus>
      <LastUpdateDate />
      <LastUpdateTime />
    </Product>
    <Product>
      <PriceUpdateDate>2019/01/16 14:40</PriceUpdateDate>
      <ItemCode>8101264</ItemCode>
      <ItemType>0</ItemType>
      <ItemName>זרעי צ`יה 150 גר`</ItemName>
      <ManufactureName>א.ל. ייצור ושיווק תבלינים בע`מ</ManufactureName>
      <ManufactureCountry />
      <ManufactureItemDescription />
      <UnitQty>'יח</UnitQty>
      <Quantity>1.50</Quantity>
      <UnitMeasure>ל-100 גרם</UnitMeasure>
      <BisWeighted>0</BisWeighted>
      <QtyInPackage>1</QtyInPackage>
      <ItemPrice>14.90</ItemPrice>
      <UnitOfMeasurePrice>9.93</UnitOfMeasurePrice>
      <AllowDiscount>0</AllowDiscount>
      <itemStatus>1</itemStatus>
      <LastUpdateDate />
      <LastUpdateTime />
    </Product>
    <Product>
      <PriceUpdateDate>2022/09/19 16:22</PriceUpdateDate>
      <ItemCode>7290008104050</ItemCode>
      <ItemType>1</ItemType>
      <ItemName>פמינה שטיפה אינטימית PH 3.5</ItemName>
      <ManufactureName>גורי ע.ע.ע. בע`מ</ManufactureName>
      <ManufactureCountry />
      <ManufactureItemDescription />
      <UnitQty>'יח</UnitQty>
      <Quantity>2.20</Quantity>
      <UnitMeasure>ל-100 מ"ל</UnitMeasure>
      <BisWeighted>0</BisWeighted>
      <QtyInPackage>12</QtyInPackage>
      <ItemPrice>24.90</ItemPrice>
      <UnitOfMeasurePrice>11.32</UnitOfMeasurePrice>
      <AllowDiscount>0</AllowDiscount>
      <itemStatus>1</itemStatus>
      <LastUpdateDate />
      <LastUpdateTime />
    </Product>
    <Product>
      <PriceUpdateDate>2021/01/18 15:10</PriceUpdateDate>
      <ItemCode>7290008116565</ItemCode>
      <ItemType>1</ItemType>
      <ItemName>שטיפת פה ליסטרין מנטה מרענן 500 מ`ל</ItemName>
      <ManufactureName>שקד תבל בע`מ</ManufactureName>
      <ManufactureCountry />
      <ManufactureItemDescription />
      <UnitQty>'יח</UnitQty>
      <Quantity>5</Quantity>
      <UnitMeasure>ל-100 מ"ל</UnitMeasure>
      <BisWeighted>0</BisWeighted>
      <QtyInPackage>1</QtyInPackage>
      <ItemPrice>14.90</ItemPrice>
      <UnitOfMeasurePrice>2.98</UnitOfMeasurePrice>
      <AllowDiscount>0</AllowDiscount>
      <itemStatus>1</itemStatus>
      <LastUpdateDate />
      <LastUpdateTime />
    </Product>
    <Product>
      <PriceUpdateDate>2021/08/08 13:53</PriceUpdateDate>
      <ItemCode>7290008154222</ItemCode>
      <ItemType>1</ItemType>
      <ItemName>שניצלונים 700 גרם קפוא</ItemName>
      <ManufactureName>קבוצת אסם סחר</ManufactureName>
      <ManufactureCountry />
      <ManufactureItemDescription />
      <UnitQty>'יח</UnitQty>
      <Quantity>7</Quantity>
      <UnitMeasure>ל-100 גרם</UnitMeasure>
      <BisWeighted>0</BisWeighted>
      <QtyInPackage>1</QtyInPackage>
      <ItemPrice>16.90</ItemPrice>
      <UnitOfMeasurePrice>2.41</UnitOfMeasurePrice>
      <AllowDiscount>1</AllowDiscount>
      <itemStatus>1</itemStatus>
      <LastUpdateDate />
      <LastUpdateTime />
    </Product>
    <Product>
      <PriceUpdateDate>2019/10/29 16:05</PriceUpdateDate>
      <ItemCode>8175173</ItemCode>
      <ItemType>0</ItemType>
      <ItemName>חמאה מפינלנד 200 גר` ללא מלח</ItemName>
      <ManufactureName>ג. וילי-פוד אינטרנשיונל בע`מ</ManufactureName>
      <ManufactureCountry />
      <ManufactureItemDescription />
      <UnitQty>'יח</UnitQty>
      <Quantity>2</Quantity>
      <UnitMeasure>ל-100 גרם</UnitMeasure>
      <BisWeighted>0</BisWeighted>
      <QtyInPackage>1</QtyInPackage>
      <ItemPrice>11.90</ItemPrice>
      <UnitOfMeasurePrice>5.95</UnitOfMeasurePrice>
      <AllowDiscount>0</AllowDiscount>
      <itemStatus>1</itemStatus>
      <LastUpdateDate />
      <LastUpdateTime />
    </Product>
    <Product>
      <PriceUpdateDate>2021/12/06 14:50</PriceUpdateDate>
      <ItemCode>7290008175210</ItemCode>
      <ItemType>1</ItemType>
      <ItemName>פרמג`נו מגורדת 90 גרם</ItemName>
      <ManufactureName>ג. וילי-פוד אינטרנשיונל בע`מ</ManufactureName>
      <ManufactureCountry />
      <ManufactureItemDescription />
      <UnitQty>'יח</UnitQty>
      <Quantity>9</Quantity>
      <UnitMeasure>ל-100 גרם</UnitMeasure>
      <BisWeighted>0</BisWeighted>
      <QtyInPackage>1</QtyInPackage>
      <ItemPrice>14.90</ItemPrice>
      <UnitOfMeasurePrice>1.66</UnitOfMeasurePrice>
      <AllowDiscount>0</AllowDiscount>
      <itemStatus>1</itemStatus>
      <LastUpdateDate />
      <LastUpdateTime />
    </Product>
    <Product>
      <PriceUpdateDate>2021/10/31 10:02</PriceUpdateDate>
      <ItemCode>7290008175692</ItemCode>
      <ItemType>1</ItemType>
      <ItemName>נודלס אטריות ביצים להקפצה 400 גרם</ItemName>
      <ManufactureName>ג. וילי-פוד אינטרנשיונל בע`מ</ManufactureName>
      <ManufactureCountry />
      <ManufactureItemDescription />
      <UnitQty>'יח</UnitQty>
      <Quantity>4</Quantity>
      <UnitMeasure>ל-100 גרם</UnitMeasure>
      <BisWeighted>0</BisWeighted>
      <QtyInPackage>1</QtyInPackage>
      <ItemPrice>6.90</ItemPrice>
      <UnitOfMeasurePrice>1.73</UnitOfMeasurePrice>
      <AllowDiscount>0</AllowDiscount>
      <itemStatus>1</itemStatus>
      <LastUpdateDate />
      <LastUpdateTime />
    </Product>
    <Product>
      <PriceUpdateDate>2022/06/12 17:13</PriceUpdateDate>
      <ItemCode>8175814</ItemCode>
      <ItemType>0</ItemType>
      <ItemName>פטריות שמפיניון חתוכות 400 גרם</ItemName>
      <ManufactureName>ג. וילי-פוד אינטרנשיונל בע`מ</ManufactureName>
      <ManufactureCountry />
      <ManufactureItemDescription />
      <UnitQty>'יח</UnitQty>
      <Quantity>4</Quantity>
      <UnitMeasure>ל-100 גרם</UnitMeasure>
      <BisWeighted>0</BisWeighted>
      <QtyInPackage>24</QtyInPackage>
      <ItemPrice>4.90</ItemPrice>
      <UnitOfMeasurePrice>1.23</UnitOfMeasurePrice>
      <AllowDiscount>0</AllowDiscount>
      <itemStatus>1</itemStatus>
      <LastUpdateDate />
      <LastUpdateTime />
    </Product>
    <Product>
      <PriceUpdateDate>2019/07/03 08:47</PriceUpdateDate>
      <ItemCode>7290008330107</ItemCode>
      <ItemType>1</ItemType>
      <ItemName>בדין מרכך כביסה סגול 4 ליטר</ItemName>
      <ManufactureName>יוניליוור ישראל שיווק בע`מ</ManufactureName>
      <ManufactureCountry />
      <ManufactureItemDescription />
      <UnitQty>'יח</UnitQty>
      <Quantity>40</Quantity>
      <UnitMeasure>ל-100 מ"ל</UnitMeasure>
      <BisWeighted>0</BisWeighted>
      <QtyInPackage>1</QtyInPackage>
      <ItemPrice>19.90</ItemPrice>
      <UnitOfMeasurePrice>0.50</UnitOfMeasurePrice>
      <AllowDiscount>0</AllowDiscount>
      <itemStatus>1</itemStatus>
      <LastUpdateDate />
      <LastUpdateTime />
    </Product>
    <Product>
      <PriceUpdateDate>2022/06/19 15:06</PriceUpdateDate>
      <ItemCode>7290008343466</ItemCode>
      <ItemType>1</ItemType>
      <ItemName>בצק פילו 500 גרם קפוא</ItemName>
      <ManufactureName>נטו מלינדה סחר בע`מ</ManufactureName>
      <ManufactureCountry />
      <ManufactureItemDescription />
      <UnitQty>'יח</UnitQty>
      <Quantity>5</Quantity>
      <UnitMeasure>ל-100 גרם</UnitMeasure>
      <BisWeighted>0</BisWeighted>
      <QtyInPackage>12</QtyInPackage>
      <ItemPrice>19.90</ItemPrice>
      <UnitOfMeasurePrice>3.98</UnitOfMeasurePrice>
      <AllowDiscount>1</AllowDiscount>
      <itemStatus>1</itemStatus>
      <LastUpdateDate />
      <LastUpdateTime />
    </Product>
    <Product>
      <PriceUpdateDate>2022/05/11 15:55</PriceUpdateDate>
      <ItemCode>7290008343558</ItemCode>
      <ItemType>1</ItemType>
      <ItemName>סיגרים במילוי בשר פיקנטי 1 ק``ג קפוא</ItemName>
      <ManufactureName>נטו מלינדה סחר בע`מ</ManufactureName>
      <ManufactureCountry />
      <ManufactureItemDescription />
      <UnitQty>'יח</UnitQty>
      <Quantity>10</Quantity>
      <UnitMeasure>ל-100 גרם</UnitMeasure>
      <BisWeighted>0</BisWeighted>
      <QtyInPackage>8</QtyInPackage>
      <ItemPrice>19.90</ItemPrice>
      <UnitOfMeasurePrice>1.99</UnitOfMeasurePrice>
      <AllowDiscount>0</AllowDiscount>
      <itemStatus>1</itemStatus>
      <LastUpdateDate />
      <LastUpdateTime />
    </Product>
    <Product>
      <PriceUpdateDate>2022/05/11 15:55</PriceUpdateDate>
      <ItemCode>8343565</ItemCode>
      <ItemType>0</ItemType>
      <ItemName>סיגרים במילוי תפו``א 1 ק``ג קפוא</ItemName>
      <ManufactureName>נטו מלינדה סחר בע`מ</ManufactureName>
      <ManufactureCountry />
      <ManufactureItemDescription />
      <UnitQty>'יח</UnitQty>
      <Quantity>10</Quantity>
      <UnitMeasure>ל-100 גרם</UnitMeasure>
      <BisWeighted>0</BisWeighted>
      <QtyInPackage>8</QtyInPackage>
      <ItemPrice>19.90</ItemPrice>
      <UnitOfMeasurePrice>1.99</UnitOfMeasurePrice>
      <AllowDiscount>0</AllowDiscount>
      <itemStatus>1</itemStatus>
      <LastUpdateDate />
      <LastUpdateTime />
    </Product>
    <Product>
      <PriceUpdateDate>2022/05/11 15:55</PriceUpdateDate>
      <ItemCode>8343602</ItemCode>
      <ItemType>0</ItemType>
      <ItemName>קובה במילוי בשר 1 ק``ג קפוא</ItemName>
      <ManufactureName>נטו מלינדה סחר בע`מ</ManufactureName>
      <ManufactureCountry />
      <ManufactureItemDescription />
      <UnitQty>'יח</UnitQty>
      <Quantity>10</Quantity>
      <UnitMeasure>ל-100 גרם</UnitMeasure>
      <BisWeighted>0</BisWeighted>
      <QtyInPackage>8</QtyInPackage>
      <ItemPrice>19.90</ItemPrice>
      <UnitOfMeasurePrice>1.99</UnitOfMeasurePrice>
      <AllowDiscount>0</AllowDiscount>
      <itemStatus>1</itemStatus>
      <LastUpdateDate />
      <LastUpdateTime />
    </Product>
    <Product>
      <PriceUpdateDate>2022/05/11 15:55</PriceUpdateDate>
      <ItemCode>7290008343619</ItemCode>
      <ItemType>1</ItemType>
      <ItemName>פסטלים במילוי תפו``א 1 ק``ג קפוא</ItemName>
      <ManufactureName>נטו מלינדה סחר בע`מ</ManufactureName>
      <ManufactureCountry />
      <ManufactureItemDescription />
      <UnitQty>'יח</UnitQty>
      <Quantity>10</Quantity>
      <UnitMeasure>ל-100 גרם</UnitMeasure>
      <BisWeighted>0</BisWeighted>
      <QtyInPackage>8</QtyInPackage>
      <ItemPrice>19.90</ItemPrice>
      <UnitOfMeasurePrice>1.99</UnitOfMeasurePrice>
      <AllowDiscount>0</AllowDiscount>
      <itemStatus>1</itemStatus>
      <LastUpdateDate />
      <LastUpdateTime />
    </Product>
    <Product>
      <PriceUpdateDate>2022/06/19 15:06</PriceUpdateDate>
      <ItemCode>7290008343626</ItemCode>
      <ItemType>1</ItemType>
      <ItemName>כדורי פלאפל 1 קג קפוא</ItemName>
      <ManufactureName>נטו מלינדה סחר בע`מ</ManufactureName>
      <ManufactureCountry />
      <ManufactureItemDescription />
      <UnitQty>'יח</UnitQty>
      <Quantity>10</Quantity>
      <UnitMeasure>ל-100 גרם</UnitMeasure>
      <BisWeighted>0</BisWeighted>
      <QtyInPackage>8</QtyInPackage>
      <ItemPrice>19.90</ItemPrice>
      <UnitOfMeasurePrice>1.99</UnitOfMeasurePrice>
      <AllowDiscount>0</AllowDiscount>
      <itemStatus>1</itemStatus>
      <LastUpdateDate />
      <LastUpdateTime />
    </Product>
    <Product>
      <PriceUpdateDate>2022/06/19 15:06</PriceUpdateDate>
      <ItemCode>7290008345576</ItemCode>
      <ItemType>1</ItemType>
      <ItemName>איקרא ביתית לבנה 300 גרם</ItemName>
      <ManufactureName>נטו מלינדה סחר בע`מ</ManufactureName>
      <ManufactureCountry />
      <ManufactureItemDescription />
      <UnitQty>'יח</UnitQty>
      <Quantity>3</Quantity>
      <UnitMeasure>ל-100 גרם</UnitMeasure>
      <BisWeighted>0</BisWeighted>
      <QtyInPackage>6</QtyInPackage>
      <ItemPrice>19.90</ItemPrice>
      <UnitOfMeasurePrice>6.63</UnitOfMeasurePrice>
      <AllowDiscount>0</AllowDiscount>
      <itemStatus>1</itemStatus>
      <LastUpdateDate />
      <LastUpdateTime />
    </Product>
    <Product>
      <PriceUpdateDate>2022/06/19 15:06</PriceUpdateDate>
      <ItemCode>7290008345583</ItemCode>
      <ItemType>1</ItemType>
      <ItemName>איקרא ביתית ורודה 300 גרם</ItemName>
      <ManufactureName>נטו מלינדה סחר בע`מ</ManufactureName>
      <ManufactureCountry />
      <ManufactureItemDescription />
      <UnitQty>'יח</UnitQty>
      <Quantity>3</Quantity>
      <UnitMeasure>ל-100 גרם</UnitMeasure>
      <BisWeighted>0</BisWeighted>
      <QtyInPackage>6</QtyInPackage>
      <ItemPrice>19.90</ItemPrice>
      <UnitOfMeasurePrice>6.63</UnitOfMeasurePrice>
      <AllowDiscount>0</AllowDiscount>
      <itemStatus>1</itemStatus>
      <LastUpdateDate />
      <LastUpdateTime />
    </Product>
    <Product>
      <PriceUpdateDate>2019/07/03 08:47</PriceUpdateDate>
      <ItemCode>7290008409049</ItemCode>
      <ItemType>1</ItemType>
      <ItemName>שניצלונים מיני מיני דק בציפוי שומשום 5</ItemName>
      <ManufactureName>תנובה מרכז שיתופי לשיווק תוצרת</ManufactureName>
      <ManufactureCountry />
      <ManufactureItemDescription />
      <UnitQty>'יח</UnitQty>
      <Quantity>5</Quantity>
      <UnitMeasure>ל-100 גרם</UnitMeasure>
      <BisWeighted>0</BisWeighted>
      <QtyInPackage>14</QtyInPackage>
      <ItemPrice>25.90</ItemPrice>
      <UnitOfMeasurePrice>5.18</UnitOfMeasurePrice>
      <AllowDiscount>1</AllowDiscount>
      <itemStatus>1</itemStatus>
      <LastUpdateDate />
      <LastUpdateTime />
    </Product>
    <Product>
      <PriceUpdateDate>2019/07/03 08:47</PriceUpdateDate>
      <ItemCode>8409100</ItemCode>
      <ItemType>0</ItemType>
      <ItemName>אצבעות שניצל בציפוי שומשום 700 גרם קפוא</ItemName>
      <ManufactureName>תנובה מרכז שיתופי לשיווק תוצרת</ManufactureName>
      <ManufactureCountry />
      <ManufactureItemDescription />
      <UnitQty>'יח</UnitQty>
      <Quantity>7</Quantity>
      <UnitMeasure>ל-100 גרם</UnitMeasure>
      <BisWeighted>0</BisWeighted>
      <QtyInPackage>10</QtyInPackage>
      <ItemPrice>34.90</ItemPrice>
      <UnitOfMeasurePrice>4.99</UnitOfMeasurePrice>
      <AllowDiscount>0</AllowDiscount>
      <itemStatus>1</itemStatus>
      <LastUpdateDate />
      <LastUpdateTime />
    </Product>
    <Product>
      <PriceUpdateDate>2019/07/03 08:47</PriceUpdateDate>
      <ItemCode>7290008409124</ItemCode>
      <ItemType>1</ItemType>
      <ItemName>שניצל ג`ונגל בציפוי פריך 700 גרם קפוא</ItemName>
      <ManufactureName>תנובה מרכז שיתופי לשיווק תוצרת</ManufactureName>
      <ManufactureCountry />
      <ManufactureItemDescription />
      <UnitQty>'יח</UnitQty>
      <Quantity>7</Quantity>
      <UnitMeasure>ל-100 גרם</UnitMeasure>
      <BisWeighted>0</BisWeighted>
      <QtyInPackage>10</QtyInPackage>
      <ItemPrice>34.90</ItemPrice>
      <UnitOfMeasurePrice>4.99</UnitOfMeasurePrice>
      <AllowDiscount>0</AllowDiscount>
      <itemStatus>1</itemStatus>
      <LastUpdateDate />
      <LastUpdateTime />
    </Product>
    <Product>
      <PriceUpdateDate>2022/03/03 15:52</PriceUpdateDate>
      <ItemCode>7290008409216</ItemCode>
      <ItemType>1</ItemType>
      <ItemName>שניצל דק דק פריך 700 גרם קפוא</ItemName>
      <ManufactureName>תנובה מרכז שיתופי לשיווק תוצרת</ManufactureName>
      <ManufactureCountry />
      <ManufactureItemDescription />
      <UnitQty>'יח</UnitQty>
      <Quantity>7</Quantity>
      <UnitMeasure>ל-100 גרם</UnitMeasure>
      <BisWeighted>0</BisWeighted>
      <QtyInPackage>10</QtyInPackage>
      <ItemPrice>41.90</ItemPrice>
      <UnitOfMeasurePrice>5.99</UnitOfMeasurePrice>
      <AllowDiscount>1</AllowDiscount>
      <itemStatus>1</itemStatus>
      <LastUpdateDate />
      <LastUpdateTime />
    </Product>
    <Product>
      <PriceUpdateDate>2019/07/03 08:47</PriceUpdateDate>
      <ItemCode>7290008409315</ItemCode>
      <ItemType>1</ItemType>
      <ItemName>שניצלונים מיני מיני דק בציפוי פריך 500</ItemName>
      <ManufactureName>תנובה מרכז שיתופי לשיווק תוצרת</ManufactureName>
      <ManufactureCountry />
      <ManufactureItemDescription />
      <UnitQty>'יח</UnitQty>
      <Quantity>5</Quantity>
      <UnitMeasure>ל-100 גרם</UnitMeasure>
      <BisWeighted>0</BisWeighted>
      <QtyInPackage>14</QtyInPackage>
      <ItemPrice>24.90</ItemPrice>
      <UnitOfMeasurePrice>4.98</UnitOfMeasurePrice>
      <AllowDiscount>1</AllowDiscount>
      <itemStatus>1</itemStatus>
      <LastUpdateDate />
      <LastUpdateTime />
    </Product>
    <Product>
      <PriceUpdateDate>2019/06/26 16:33</PriceUpdateDate>
      <ItemCode>8409407</ItemCode>
      <ItemType>0</ItemType>
      <ItemName>שניצל דק בציפוי צ`יפס 700גר קפוא</ItemName>
      <ManufactureName>תנובה מרכז שיתופי לשיווק תוצרת</ManufactureName>
      <ManufactureCountry />
      <ManufactureItemDescription />
      <UnitQty>'יח</UnitQty>
      <Quantity>7</Quantity>
      <UnitMeasure>ל-100 גרם</UnitMeasure>
      <BisWeighted>0</BisWeighted>
      <QtyInPackage>1</QtyInPackage>
      <ItemPrice>41.90</ItemPrice>
      <UnitOfMeasurePrice>5.99</UnitOfMeasurePrice>
      <AllowDiscount>1</AllowDiscount>
      <itemStatus>1</itemStatus>
      <LastUpdateDate />
      <LastUpdateTime />
    </Product>
    <Product>
      <PriceUpdateDate>2019/06/26 16:33</PriceUpdateDate>
      <ItemCode>7290008409551</ItemCode>
      <ItemType>1</ItemType>
      <ItemName>שניצל עוף אמיתי בציפוי מעודן 700 גרם ק</ItemName>
      <ManufactureName>תנובה מרכז שיתופי לשיווק תוצרת</ManufactureName>
      <ManufactureCountry />
      <ManufactureItemDescription />
      <UnitQty>'יח</UnitQty>
      <Quantity>7</Quantity>
      <UnitMeasure>ל-100 גרם</UnitMeasure>
      <BisWeighted>0</BisWeighted>
      <QtyInPackage>10</QtyInPackage>
      <ItemPrice>41.90</ItemPrice>
      <UnitOfMeasurePrice>5.99</UnitOfMeasurePrice>
      <AllowDiscount>1</AllowDiscount>
      <itemStatus>1</itemStatus>
      <LastUpdateDate />
      <LastUpdateTime />
    </Product>
    <Product>
      <PriceUpdateDate>2019/07/03 08:47</PriceUpdateDate>
      <ItemCode>7290008409605</ItemCode>
      <ItemType>1</ItemType>
      <ItemName>כוכבי עוף בציפוי מעודן 700 גרם קפוא</ItemName>
      <ManufactureName>תנובה מרכז שיתופי לשיווק תוצרת</ManufactureName>
      <ManufactureCountry />
      <ManufactureItemDescription />
      <UnitQty>'יח</UnitQty>
      <Quantity>7</Quantity>
      <UnitMeasure>ל-100 גרם</UnitMeasure>
      <BisWeighted>0</BisWeighted>
      <QtyInPackage>10</QtyInPackage>
      <ItemPrice>34.90</ItemPrice>
      <UnitOfMeasurePrice>4.99</UnitOfMeasurePrice>
      <AllowDiscount>0</AllowDiscount>
      <itemStatus>1</itemStatus>
      <LastUpdateDate />
      <LastUpdateTime />
    </Product>
    <Product>
      <PriceUpdateDate>2019/07/03 08:47</PriceUpdateDate>
      <ItemCode>7290008409773</ItemCode>
      <ItemType>1</ItemType>
      <ItemName>קציצות עוף אמיתיות קפואות 700 גרם קפוא</ItemName>
      <ManufactureName>תנובה מרכז שיתופי לשיווק תוצרת</ManufactureName>
      <ManufactureCountry />
      <ManufactureItemDescription />
      <UnitQty>'יח</UnitQty>
      <Quantity>7</Quantity>
      <UnitMeasure>ל-100 גרם</UnitMeasure>
      <BisWeighted>0</BisWeighted>
      <QtyInPackage>10</QtyInPackage>
      <ItemPrice>31.90</ItemPrice>
      <UnitOfMeasurePrice>4.56</UnitOfMeasurePrice>
      <AllowDiscount>0</AllowDiscount>
      <itemStatus>1</itemStatus>
      <LastUpdateDate />
      <LastUpdateTime />
    </Product>
    <Product>
      <PriceUpdateDate>2022/02/10 10:22</PriceUpdateDate>
      <ItemCode>7290008415514</ItemCode>
      <ItemType>1</ItemType>
      <ItemName>חומוס עם חריף 150 גרם</ItemName>
      <ManufactureName>קבוצת אסם סחר</ManufactureName>
      <ManufactureCountry />
      <ManufactureItemDescription />
      <UnitQty>'יח</UnitQty>
      <Quantity>1.50</Quantity>
      <UnitMeasure>ל-100 גרם</UnitMeasure>
      <BisWeighted>0</BisWeighted>
      <QtyInPackage>1</QtyInPackage>
      <ItemPrice>4.90</ItemPrice>
      <UnitOfMeasurePrice>3.27</UnitOfMeasurePrice>
      <AllowDiscount>0</AllowDiscount>
      <itemStatus>1</itemStatus>
      <LastUpdateDate />
      <LastUpdateTime />
    </Product>
    <Product>
      <PriceUpdateDate>2019/07/03 08:47</PriceUpdateDate>
      <ItemCode>7290008415576</ItemCode>
      <ItemType>1</ItemType>
      <ItemName>חומוס 850 גרם</ItemName>
      <ManufactureName>קבוצת אסם סחר</ManufactureName>
      <ManufactureCountry />
      <ManufactureItemDescription />
      <UnitQty>'יח</UnitQty>
      <Quantity>8.50</Quantity>
      <UnitMeasure>ל-100 גרם</UnitMeasure>
      <BisWeighted>0</BisWeighted>
      <QtyInPackage>1</QtyInPackage>
      <ItemPrice>12.90</ItemPrice>
      <UnitOfMeasurePrice>1.52</UnitOfMeasurePrice>
      <AllowDiscount>0</AllowDiscount>
      <itemStatus>1</itemStatus>
      <LastUpdateDate />
      <LastUpdateTime />
    </Product>
    <Product>
      <PriceUpdateDate>2021/12/30 18:57</PriceUpdateDate>
      <ItemCode>8443616</ItemCode>
      <ItemType>0</ItemType>
      <ItemName>נקה 7 מרכך לשיער יבש 750 מל</ItemName>
      <ManufactureName>החב. הדרומית לשיווק</ManufactureName>
      <ManufactureCountry />
      <ManufactureItemDescription />
      <UnitQty>'יח</UnitQty>
      <Quantity>7.50</Quantity>
      <UnitMeasure>ל-100 מ"ל</UnitMeasure>
      <BisWeighted>0</BisWeighted>
      <QtyInPackage>1</QtyInPackage>
      <ItemPrice>11.90</ItemPrice>
      <UnitOfMeasurePrice>1.59</UnitOfMeasurePrice>
      <AllowDiscount>1</AllowDiscount>
      <itemStatus>1</itemStatus>
      <LastUpdateDate />
      <LastUpdateTime />
    </Product>
    <Product>
      <PriceUpdateDate>2021/12/30 18:57</PriceUpdateDate>
      <ItemCode>8443630</ItemCode>
      <ItemType>0</ItemType>
      <ItemName>נקה 7 שמפו לשיער מתולתל 750 מל</ItemName>
      <ManufactureName>החב. הדרומית לשיווק</ManufactureName>
      <ManufactureCountry />
      <ManufactureItemDescription />
      <UnitQty>'יח</UnitQty>
      <Quantity>7.50</Quantity>
      <UnitMeasure>ל-100 מ"ל</UnitMeasure>
      <BisWeighted>0</BisWeighted>
      <QtyInPackage>12</QtyInPackage>
      <ItemPrice>11.90</ItemPrice>
      <UnitOfMeasurePrice>1.59</UnitOfMeasurePrice>
      <AllowDiscount>1</AllowDiscount>
      <itemStatus>1</itemStatus>
      <LastUpdateDate />
      <LastUpdateTime />
    </Product>
    <Product>
      <PriceUpdateDate>2022/07/14 11:08</PriceUpdateDate>
      <ItemCode>8462204</ItemCode>
      <ItemType>0</ItemType>
      <ItemName>חרדל דיז`ון מקורי 380 גר`</ItemName>
      <ManufactureName>א.סיימן סחר בעמ</ManufactureName>
      <ManufactureCountry />
      <ManufactureItemDescription />
      <UnitQty>'יח</UnitQty>
      <Quantity>3.80</Quantity>
      <UnitMeasure>ל-100 גרם</UnitMeasure>
      <BisWeighted>0</BisWeighted>
      <QtyInPackage>1</QtyInPackage>
      <ItemPrice>15.90</ItemPrice>
      <UnitOfMeasurePrice>4.18</UnitOfMeasurePrice>
      <AllowDiscount>1</AllowDiscount>
      <itemStatus>1</itemStatus>
      <LastUpdateDate />
      <LastUpdateTime />
    </Product>
    <Product>
      <PriceUpdateDate>2019/10/18 09:44</PriceUpdateDate>
      <ItemCode>8464024</ItemCode>
      <ItemType>0</ItemType>
      <ItemName>בירה גולדסטאר לא מסונן 500מ`ל</ItemName>
      <ManufactureName>טמפו משקאות בע`מ</ManufactureName>
      <ManufactureCountry />
      <ManufactureItemDescription />
      <UnitQty>'יח</UnitQty>
      <Quantity>5</Quantity>
      <UnitMeasure>ל-100 מ"ל</UnitMeasure>
      <BisWeighted>0</BisWeighted>
      <QtyInPackage>12</QtyInPackage>
      <ItemPrice>8.90</ItemPrice>
      <UnitOfMeasurePrice>1.72</UnitOfMeasurePrice>
      <AllowDiscount>1</AllowDiscount>
      <itemStatus>1</itemStatus>
      <LastUpdateDate />
      <LastUpdateTime />
    </Product>
    <Product>
      <PriceUpdateDate>2019/10/18 09:44</PriceUpdateDate>
      <ItemCode>8464130</ItemCode>
      <ItemType>0</ItemType>
      <ItemName>בירה UF גולדסטאר 330מ`ל*6יח</ItemName>
      <ManufactureName>טמפו משקאות בע`מ</ManufactureName>
      <ManufactureCountry />
      <ManufactureItemDescription />
      <UnitQty>'יח</UnitQty>
      <Quantity>19.80</Quantity>
      <UnitMeasure>ל-100 מ"ל</UnitMeasure>
      <BisWeighted>0</BisWeighted>
      <QtyInPackage>4</QtyInPackage>
      <ItemPrice>39.90</ItemPrice>
      <UnitOfMeasurePrice>1.92</UnitOfMeasurePrice>
      <AllowDiscount>1</AllowDiscount>
      <itemStatus>1</itemStatus>
      <LastUpdateDate />
      <LastUpdateTime />
    </Product>
    <Product>
      <PriceUpdateDate>2022/07/07 19:37</PriceUpdateDate>
      <ItemCode>8464222</ItemCode>
      <ItemType>0</ItemType>
      <ItemName>בירה מכבי 7.9 פחית להחזרה 500 מל</ItemName>
      <ManufactureName>טמפו משקאות בע`מ</ManufactureName>
      <ManufactureCountry />
      <ManufactureItemDescription />
      <UnitQty>'יח</UnitQty>
      <Quantity>5</Quantity>
      <UnitMeasure>ל-100 מ"ל</UnitMeasure>
      <BisWeighted>0</BisWeighted>
      <QtyInPackage>24</QtyInPackage>
      <ItemPrice>7.90</ItemPrice>
      <UnitOfMeasurePrice>1.52</UnitOfMeasurePrice>
      <AllowDiscount>1</AllowDiscount>
      <itemStatus>1</itemStatus>
      <LastUpdateDate />
      <LastUpdateTime />
    </Product>
    <Product>
      <PriceUpdateDate>2022/07/07 19:37</PriceUpdateDate>
      <ItemCode>8464468</ItemCode>
      <ItemType>0</ItemType>
      <ItemName>בירה גולדסטאר פחית להחזרה 500 מל</ItemName>
      <ManufactureName>טמפו משקאות בע`מ</ManufactureName>
      <ManufactureCountry />
      <ManufactureItemDescription />
      <UnitQty>'יח</UnitQty>
      <Quantity>5</Quantity>
      <UnitMeasure>ל-100 מ"ל</UnitMeasure>
      <BisWeighted>0</BisWeighted>
      <QtyInPackage>24</QtyInPackage>
      <ItemPrice>7.90</ItemPrice>
      <UnitOfMeasurePrice>1.52</UnitOfMeasurePrice>
      <AllowDiscount>1</AllowDiscount>
      <itemStatus>1</itemStatus>
      <LastUpdateDate />
      <LastUpdateTime />
    </Product>
    <Product>
      <PriceUpdateDate>2022/07/07 19:37</PriceUpdateDate>
      <ItemCode>8464604</ItemCode>
      <ItemType>0</ItemType>
      <ItemName>בירה היינקן פחית 500 מל</ItemName>
      <ManufactureName>טמפו משקאות בע`מ</ManufactureName>
      <ManufactureCountry />
      <ManufactureItemDescription />
      <UnitQty>'יח</UnitQty>
      <Quantity>5</Quantity>
      <UnitMeasure>ל-100 מ"ל</UnitMeasure>
      <BisWeighted>0</BisWeighted>
      <QtyInPackage>24</QtyInPackage>
      <ItemPrice>9.90</ItemPrice>
      <UnitOfMeasurePrice>1.92</UnitOfMeasurePrice>
      <AllowDiscount>1</AllowDiscount>
      <itemStatus>1</itemStatus>
      <LastUpdateDate />
      <LastUpdateTime />
    </Product>
    <Product>
      <PriceUpdateDate>2020/10/18 12:22</PriceUpdateDate>
      <ItemCode>8464703</ItemCode>
      <ItemType>0</ItemType>
      <ItemName>בירה מכבי בקבוק 6*330 מל</ItemName>
      <ManufactureName>טמפו משקאות בע`מ</ManufactureName>
      <ManufactureCountry />
      <ManufactureItemDescription />
      <UnitQty>'יח</UnitQty>
      <Quantity>19.80</Quantity>
      <UnitMeasure>ל-100 מ"ל</UnitMeasure>
      <BisWeighted>0</BisWeighted>
      <QtyInPackage>4</QtyInPackage>
      <ItemPrice>34.90</ItemPrice>
      <UnitOfMeasurePrice>1.67</UnitOfMeasurePrice>
      <AllowDiscount>1</AllowDiscount>
      <itemStatus>1</itemStatus>
      <LastUpdateDate />
      <LastUpdateTime />
    </Product>
    <Product>
      <PriceUpdateDate>2019/10/10 09:24</PriceUpdateDate>
      <ItemCode>8464741</ItemCode>
      <ItemType>0</ItemType>
      <ItemName>בירה גולדסטאר בקבוק 6*330 מ`ל</ItemName>
      <ManufactureName>טמפו משקאות בע`מ</ManufactureName>
      <ManufactureCountry />
      <ManufactureItemDescription />
      <UnitQty>'יח</UnitQty>
      <Quantity>19.80</Quantity>
      <UnitMeasure>ל-100 מ"ל</UnitMeasure>
      <BisWeighted>0</BisWeighted>
      <QtyInPackage>4</QtyInPackage>
      <ItemPrice>36.90</ItemPrice>
      <UnitOfMeasurePrice>1.77</UnitOfMeasurePrice>
      <AllowDiscount>1</AllowDiscount>
      <itemStatus>1</itemStatus>
      <LastUpdateDate />
      <LastUpdateTime />
    </Product>
    <Product>
      <PriceUpdateDate>2019/10/10 09:24</PriceUpdateDate>
      <ItemCode>8464796</ItemCode>
      <ItemType>0</ItemType>
      <ItemName>.בירה היינקן בקבוק 6*330 מל</ItemName>
      <ManufactureName>טמפו משקאות בע`מ</ManufactureName>
      <ManufactureCountry />
      <ManufactureItemDescription />
      <UnitQty>'יח</UnitQty>
      <Quantity>19.80</Quantity>
      <UnitMeasure>ל-100 מ"ל</UnitMeasure>
      <BisWeighted>0</BisWeighted>
      <QtyInPackage>4</QtyInPackage>
      <ItemPrice>39.90</ItemPrice>
      <UnitOfMeasurePrice>1.92</UnitOfMeasurePrice>
      <AllowDiscount>1</AllowDiscount>
      <itemStatus>1</itemStatus>
      <LastUpdateDate />
      <LastUpdateTime />
    </Product>
    <Product>
      <PriceUpdateDate>2021/03/24 14:59</PriceUpdateDate>
      <ItemCode>7290008493413</ItemCode>
      <ItemType>1</ItemType>
      <ItemName>פרורי גרסיני טבעי 200 גרם</ItemName>
      <ManufactureName>דנאגיס בעמ</ManufactureName>
      <ManufactureCountry />
      <ManufactureItemDescription />
      <UnitQty>'יח</UnitQty>
      <Quantity>2</Quantity>
      <UnitMeasure>ל-100 גרם</UnitMeasure>
      <BisWeighted>0</BisWeighted>
      <QtyInPackage>16</QtyInPackage>
      <ItemPrice>6.90</ItemPrice>
      <UnitOfMeasurePrice>3.45</UnitOfMeasurePrice>
      <AllowDiscount>1</AllowDiscount>
      <itemStatus>1</itemStatus>
      <LastUpdateDate />
      <LastUpdateTime />
    </Product>
    <Product>
      <PriceUpdateDate>2021/03/24 14:59</PriceUpdateDate>
      <ItemCode>8493710</ItemCode>
      <ItemType>0</ItemType>
      <ItemName>פרורי גרסיני זהב 200 גרם</ItemName>
      <ManufactureName>דנאגיס בעמ</ManufactureName>
      <ManufactureCountry />
      <ManufactureItemDescription />
      <UnitQty>'יח</UnitQty>
      <Quantity>2</Quantity>
      <UnitMeasure>ל-100 גרם</UnitMeasure>
      <BisWeighted>0</BisWeighted>
      <QtyInPackage>16</QtyInPackage>
      <ItemPrice>6.90</ItemPrice>
      <UnitOfMeasurePrice>3.45</UnitOfMeasurePrice>
      <AllowDiscount>1</AllowDiscount>
      <itemStatus>1</itemStatus>
      <LastUpdateDate />
      <LastUpdateTime />
    </Product>
    <Product>
      <PriceUpdateDate>2022/08/01 11:39</PriceUpdateDate>
      <ItemCode>8496421</ItemCode>
      <ItemType>0</ItemType>
      <ItemName>פילה מושט ללא עור</ItemName>
      <ManufactureName>אדום גרופ למזון שיווק והפצה בע</ManufactureName>
      <ManufactureCountry />
      <ManufactureItemDescription />
      <UnitQty>ק"ג</UnitQty>
      <Quantity>1</Quantity>
      <UnitMeasure>ל-100 גרם</UnitMeasure>
      <BisWeighted>1</BisWeighted>
      <QtyInPackage>1</QtyInPackage>
      <ItemPrice>34.90</ItemPrice>
      <UnitOfMeasurePrice>34.90</UnitOfMeasurePrice>
      <AllowDiscount>1</AllowDiscount>
      <itemStatus>1</itemStatus>
      <LastUpdateDate />
      <LastUpdateTime />
    </Product>
    <Product>
      <PriceUpdateDate>2021/03/30 06:35</PriceUpdateDate>
      <ItemCode>8644235</ItemCode>
      <ItemType>0</ItemType>
      <ItemName>ירקות צעירי הגן עלי בייבי 120 גר`</ItemName>
      <ManufactureName>ביכורי השדה הצפון בעמ` 1964</ManufactureName>
      <ManufactureCountry />
      <ManufactureItemDescription />
      <UnitQty>'יח</UnitQty>
      <Quantity>1.20</Quantity>
      <UnitMeasure>ל-100 גרם</UnitMeasure>
      <BisWeighted>0</BisWeighted>
      <QtyInPackage>1</QtyInPackage>
      <ItemPrice>10.90</ItemPrice>
      <UnitOfMeasurePrice>9.08</UnitOfMeasurePrice>
      <AllowDiscount>0</AllowDiscount>
      <itemStatus>1</itemStatus>
      <LastUpdateDate />
      <LastUpdateTime />
    </Product>
    <Product>
      <PriceUpdateDate>2020/02/19 08:44</PriceUpdateDate>
      <ItemCode>7290008644839</ItemCode>
      <ItemType>1</ItemType>
      <ItemName>חסה 300 גרם</ItemName>
      <ManufactureName>ביכורי השדה הצפון בעמ` 1964</ManufactureName>
      <ManufactureCountry />
      <ManufactureItemDescription />
      <UnitQty>'יח</UnitQty>
      <Quantity>3</Quantity>
      <UnitMeasure>ל-100 גרם</UnitMeasure>
      <BisWeighted>0</BisWeighted>
      <QtyInPackage>1</QtyInPackage>
      <ItemPrice>9.90</ItemPrice>
      <UnitOfMeasurePrice>3.30</UnitOfMeasurePrice>
      <AllowDiscount>0</AllowDiscount>
      <itemStatus>1</itemStatus>
      <LastUpdateDate />
      <LastUpdateTime />
    </Product>
    <Product>
      <PriceUpdateDate>2021/03/30 06:35</PriceUpdateDate>
      <ItemCode>7290008644945</ItemCode>
      <ItemType>1</ItemType>
      <ItemName>סלט המושבה 450 גרם</ItemName>
      <ManufactureName>ביכורי השדה הצפון בעמ` 1964</ManufactureName>
      <ManufactureCountry />
      <ManufactureItemDescription />
      <UnitQty>'יח</UnitQty>
      <Quantity>4.50</Quantity>
      <UnitMeasure>'יח</UnitMeasure>
      <BisWeighted>0</BisWeighted>
      <QtyInPackage>1</QtyInPackage>
      <ItemPrice>12.90</ItemPrice>
      <UnitOfMeasurePrice>2.87</UnitOfMeasurePrice>
      <AllowDiscount>0</AllowDiscount>
      <itemStatus>1</itemStatus>
      <LastUpdateDate />
      <LastUpdateTime />
    </Product>
    <Product>
      <PriceUpdateDate>2019/01/16 14:40</PriceUpdateDate>
      <ItemCode>7290008645935</ItemCode>
      <ItemType>1</ItemType>
      <ItemName>אחלה חומוס לניגוב 750 גרם</ItemName>
      <ManufactureName>שטראוס גרופ בע`מ</ManufactureName>
      <ManufactureCountry />
      <ManufactureItemDescription />
      <UnitQty>'יח</UnitQty>
      <Quantity>7.50</Quantity>
      <UnitMeasure>ל-100 גרם</UnitMeasure>
      <BisWeighted>0</BisWeighted>
      <QtyInPackage>6</QtyInPackage>
      <ItemPrice>10.90</ItemPrice>
      <UnitOfMeasurePrice>1.45</UnitOfMeasurePrice>
      <AllowDiscount>1</AllowDiscount>
      <itemStatus>1</itemStatus>
      <LastUpdateDate />
      <LastUpdateTime />
    </Product>
    <Product>
      <PriceUpdateDate>2019/01/16 14:41</PriceUpdateDate>
      <ItemCode>7290008693134</ItemCode>
      <ItemType>1</ItemType>
      <ItemName>גבינה דניאלה תות %5 100 גרם</ItemName>
      <ManufactureName>שטראוס גרופ בע`מ</ManufactureName>
      <ManufactureCountry />
      <ManufactureItemDescription />
      <UnitQty>'יח</UnitQty>
      <Quantity>1.50</Quantity>
      <UnitMeasure>ל-100 מ"ל</UnitMeasure>
      <BisWeighted>0</BisWeighted>
      <QtyInPackage>24</QtyInPackage>
      <ItemPrice>4.30</ItemPrice>
      <UnitOfMeasurePrice>2.87</UnitOfMeasurePrice>
      <AllowDiscount>0</AllowDiscount>
      <itemStatus>1</itemStatus>
      <LastUpdateDate />
      <LastUpdateTime />
    </Product>
    <Product>
      <PriceUpdateDate>2022/02/22 16:31</PriceUpdateDate>
      <ItemCode>7290008745239</ItemCode>
      <ItemType>1</ItemType>
      <ItemName>תפוצ`יפס Extra בטעם טבעי 55 גרם</ItemName>
      <ManufactureName>שטראוס פריטו ליי בע`מ</ManufactureName>
      <ManufactureCountry />
      <ManufactureItemDescription />
      <UnitQty>'יח</UnitQty>
      <Quantity>0.55</Quantity>
      <UnitMeasure>ל-100 גרם</UnitMeasure>
      <BisWeighted>0</BisWeighted>
      <QtyInPackage>1</QtyInPackage>
      <ItemPrice>3.90</ItemPrice>
      <UnitOfMeasurePrice>7.09</UnitOfMeasurePrice>
      <AllowDiscount>1</AllowDiscount>
      <itemStatus>1</itemStatus>
      <LastUpdateDate />
      <LastUpdateTime />
    </Product>
    <Product>
      <PriceUpdateDate>2022/05/09 11:09</PriceUpdateDate>
      <ItemCode>7290008747547</ItemCode>
      <ItemType>1</ItemType>
      <ItemName>תפוצ`יפס Extra בטעם טבעי 200 גרם</ItemName>
      <ManufactureName>שטראוס פריטו ליי בע`מ</ManufactureName>
      <ManufactureCountry />
      <ManufactureItemDescription />
      <UnitQty>'יח</UnitQty>
      <Quantity>2</Quantity>
      <UnitMeasure>ל-100 גרם</UnitMeasure>
      <BisWeighted>0</BisWeighted>
      <QtyInPackage>1</QtyInPackage>
      <ItemPrice>10.90</ItemPrice>
      <UnitOfMeasurePrice>5.45</UnitOfMeasurePrice>
      <AllowDiscount>1</AllowDiscount>
      <itemStatus>1</itemStatus>
      <LastUpdateDate />
      <LastUpdateTime />
    </Product>
    <Product>
      <PriceUpdateDate>2019/01/16 14:41</PriceUpdateDate>
      <ItemCode>7290008750264</ItemCode>
      <ItemType>1</ItemType>
      <ItemName>מסטיק מאסט בטעם דובדבן 28 גרם</ItemName>
      <ManufactureName>שטראוס גרופ בע`מ</ManufactureName>
      <ManufactureCountry />
      <ManufactureItemDescription />
      <UnitQty>'יח</UnitQty>
      <Quantity>0.28</Quantity>
      <UnitMeasure>ל-100 גרם</UnitMeasure>
      <BisWeighted>0</BisWeighted>
      <QtyInPackage>16</QtyInPackage>
      <ItemPrice>4.40</ItemPrice>
      <UnitOfMeasurePrice>15.71</UnitOfMeasurePrice>
      <AllowDiscount>0</AllowDiscount>
      <itemStatus>1</itemStatus>
      <LastUpdateDate />
      <LastUpdateTime />
    </Product>
    <Product>
      <PriceUpdateDate>2019/01/16 14:41</PriceUpdateDate>
      <ItemCode>7290008751902</ItemCode>
      <ItemType>1</ItemType>
      <ItemName>קפה טורקי שחור קלוי וטחון ואקום 1קג</ItemName>
      <ManufactureName>שטראוס גרופ בע`מ</ManufactureName>
      <ManufactureCountry />
      <ManufactureItemDescription />
      <UnitQty>'יח</UnitQty>
      <Quantity>1</Quantity>
      <UnitMeasure />
      <BisWeighted>0</BisWeighted>
      <QtyInPackage>6</QtyInPackage>
      <ItemPrice>47</ItemPrice>
      <UnitOfMeasurePrice>47</UnitOfMeasurePrice>
      <AllowDiscount>0</AllowDiscount>
      <itemStatus>1</itemStatus>
      <LastUpdateDate />
      <LastUpdateTime />
    </Product>
    <Product>
      <PriceUpdateDate>2022/02/22 16:31</PriceUpdateDate>
      <ItemCode>7290008752244</ItemCode>
      <ItemType>1</ItemType>
      <ItemName>תפוצ`יפס Extra בטעם גריל אמריקאי 50</ItemName>
      <ManufactureName>שטראוס פריטו ליי בע`מ</ManufactureName>
      <ManufactureCountry />
      <ManufactureItemDescription />
      <UnitQty>'יח</UnitQty>
      <Quantity>0.50</Quantity>
      <UnitMeasure>ל-100 גרם</UnitMeasure>
      <BisWeighted>0</BisWeighted>
      <QtyInPackage>1</QtyInPackage>
      <ItemPrice>3.90</ItemPrice>
      <UnitOfMeasurePrice>7.80</UnitOfMeasurePrice>
      <AllowDiscount>1</AllowDiscount>
      <itemStatus>1</itemStatus>
      <LastUpdateDate />
      <LastUpdateTime />
    </Product>
    <Product>
      <PriceUpdateDate>2022/02/22 16:31</PriceUpdateDate>
      <ItemCode>7290008753111</ItemCode>
      <ItemType>1</ItemType>
      <ItemName>תפוצ`יפס בטעם מקסיקני Extra קראנצ`50</ItemName>
      <ManufactureName>שטראוס פריטו ליי בע`מ</ManufactureName>
      <ManufactureCountry />
      <ManufactureItemDescription />
      <UnitQty>'יח</UnitQty>
      <Quantity>0.50</Quantity>
      <UnitMeasure>ל-100 גרם</UnitMeasure>
      <BisWeighted>0</BisWeighted>
      <QtyInPackage>1</QtyInPackage>
      <ItemPrice>3.90</ItemPrice>
      <UnitOfMeasurePrice>7.80</UnitOfMeasurePrice>
      <AllowDiscount>1</AllowDiscount>
      <itemStatus>1</itemStatus>
      <LastUpdateDate />
      <LastUpdateTime />
    </Product>
    <Product>
      <PriceUpdateDate>2019/01/16 14:41</PriceUpdateDate>
      <ItemCode>7290008754415</ItemCode>
      <ItemType>1</ItemType>
      <ItemName>מסטיק מאסט בטעם מנטה עדין 28 גרם כשלפ</ItemName>
      <ManufactureName>שטראוס גרופ בע`מ</ManufactureName>
      <ManufactureCountry />
      <ManufactureItemDescription />
      <UnitQty>'יח</UnitQty>
      <Quantity>0.28</Quantity>
      <UnitMeasure>ל-100 גרם</UnitMeasure>
      <BisWeighted>0</BisWeighted>
      <QtyInPackage>16</QtyInPackage>
      <ItemPrice>4.40</ItemPrice>
      <UnitOfMeasurePrice>15.71</UnitOfMeasurePrice>
      <AllowDiscount>0</AllowDiscount>
      <itemStatus>1</itemStatus>
      <LastUpdateDate />
      <LastUpdateTime />
    </Product>
    <Product>
      <PriceUpdateDate>2019/01/16 14:41</PriceUpdateDate>
      <ItemCode>7290008754422</ItemCode>
      <ItemType>1</ItemType>
      <ItemName>מסטיק מאסט בטעם מנטה קלאסי 28 גרם</ItemName>
      <ManufactureName>שטראוס גרופ בע`מ</ManufactureName>
      <ManufactureCountry />
      <ManufactureItemDescription />
      <UnitQty>'יח</UnitQty>
      <Quantity>0.28</Quantity>
      <UnitMeasure>ל-100 גרם</UnitMeasure>
      <BisWeighted>0</BisWeighted>
      <QtyInPackage>16</QtyInPackage>
      <ItemPrice>4.40</ItemPrice>
      <UnitOfMeasurePrice>15.71</UnitOfMeasurePrice>
      <AllowDiscount>0</AllowDiscount>
      <itemStatus>1</itemStatus>
      <LastUpdateDate />
      <LastUpdateTime />
    </Product>
    <Product>
      <PriceUpdateDate>2022/01/03 13:00</PriceUpdateDate>
      <ItemCode>8757980</ItemCode>
      <ItemType>0</ItemType>
      <ItemName>ספרינג נקטר רימונים 1 ליטר קרטון</ItemName>
      <ManufactureName>יפאורה - שותפות מוגבלת לשיווק</ManufactureName>
      <ManufactureCountry />
      <ManufactureItemDescription />
      <UnitQty>'יח</UnitQty>
      <Quantity>10</Quantity>
      <UnitMeasure>ל-100 מ"ל</UnitMeasure>
      <BisWeighted>0</BisWeighted>
      <QtyInPackage>1</QtyInPackage>
      <ItemPrice>6.90</ItemPrice>
      <UnitOfMeasurePrice>0.69</UnitOfMeasurePrice>
      <AllowDiscount>1</AllowDiscount>
      <itemStatus>1</itemStatus>
      <LastUpdateDate />
      <LastUpdateTime />
    </Product>
    <Product>
      <PriceUpdateDate>2019/01/16 14:41</PriceUpdateDate>
      <ItemCode>7290008775816</ItemCode>
      <ItemType>1</ItemType>
      <ItemName>ערגליות שוקו 300 גרם</ItemName>
      <ManufactureName>קבוצת אסם סחר</ManufactureName>
      <ManufactureCountry />
      <ManufactureItemDescription />
      <UnitQty>'יח</UnitQty>
      <Quantity>3</Quantity>
      <UnitMeasure>ל-100 גרם</UnitMeasure>
      <BisWeighted>0</BisWeighted>
      <QtyInPackage>1</QtyInPackage>
      <ItemPrice>9.90</ItemPrice>
      <UnitOfMeasurePrice>3.30</UnitOfMeasurePrice>
      <AllowDiscount>1</AllowDiscount>
      <itemStatus>1</itemStatus>
      <LastUpdateDate />
      <LastUpdateTime />
    </Product>
    <Product>
      <PriceUpdateDate>2019/01/16 14:41</PriceUpdateDate>
      <ItemCode>7290008775823</ItemCode>
      <ItemType>1</ItemType>
      <ItemName>ערגליות תות 300 גרם</ItemName>
      <ManufactureName>קבוצת אסם סחר</ManufactureName>
      <ManufactureCountry />
      <ManufactureItemDescription />
      <UnitQty>'יח</UnitQty>
      <Quantity>3</Quantity>
      <UnitMeasure>ל-100 גרם</UnitMeasure>
      <BisWeighted>0</BisWeighted>
      <QtyInPackage>1</QtyInPackage>
      <ItemPrice>9.90</ItemPrice>
      <UnitOfMeasurePrice>3.30</UnitOfMeasurePrice>
      <AllowDiscount>1</AllowDiscount>
      <itemStatus>1</itemStatus>
      <LastUpdateDate />
      <LastUpdateTime />
    </Product>
    <Product>
      <PriceUpdateDate>2022/06/08 12:24</PriceUpdateDate>
      <ItemCode>7290008801010</ItemCode>
      <ItemType>1</ItemType>
      <ItemName>קברנה סוביניון מרלו אדום יבש 750 מל</ItemName>
      <ManufactureName>אגודת הכורמים</ManufactureName>
      <ManufactureCountry />
      <ManufactureItemDescription />
      <UnitQty>'יח</UnitQty>
      <Quantity>7.50</Quantity>
      <UnitMeasure>ל-100 מ"ל</UnitMeasure>
      <BisWeighted>0</BisWeighted>
      <QtyInPackage>1</QtyInPackage>
      <ItemPrice>39.90</ItemPrice>
      <UnitOfMeasurePrice>5.28</UnitOfMeasurePrice>
      <AllowDiscount>1</AllowDiscount>
      <itemStatus>1</itemStatus>
      <LastUpdateDate />
      <LastUpdateTime />
    </Product>
    <Product>
      <PriceUpdateDate>2022/06/08 12:24</PriceUpdateDate>
      <ItemCode>7290008801157</ItemCode>
      <ItemType>1</ItemType>
      <ItemName>יין מרלו סלקטד אדום יבש 750 מל</ItemName>
      <ManufactureName>אגודת הכורמים</ManufactureName>
      <ManufactureCountry />
      <ManufactureItemDescription />
      <UnitQty>'יח</UnitQty>
      <Quantity>7.50</Quantity>
      <UnitMeasure>ל-100 מ"ל</UnitMeasure>
      <BisWeighted>0</BisWeighted>
      <QtyInPackage>1</QtyInPackage>
      <ItemPrice>29.90</ItemPrice>
      <UnitOfMeasurePrice>3.95</UnitOfMeasurePrice>
      <AllowDiscount>1</AllowDiscount>
      <itemStatus>1</itemStatus>
      <LastUpdateDate />
      <LastUpdateTime />
    </Product>
    <Product>
      <PriceUpdateDate>2022/06/08 12:24</PriceUpdateDate>
      <ItemCode>7290008801843</ItemCode>
      <ItemType>1</ItemType>
      <ItemName>קברנה סוביניון סלקטד אדום יבש 750 מל</ItemName>
      <ManufactureName>אגודת הכורמים</ManufactureName>
      <ManufactureCountry />
      <ManufactureItemDescription />
      <UnitQty>'יח</UnitQty>
      <Quantity>7.50</Quantity>
      <UnitMeasure>ל-100 מ"ל</UnitMeasure>
      <BisWeighted>0</BisWeighted>
      <QtyInPackage>1</QtyInPackage>
      <ItemPrice>29.90</ItemPrice>
      <UnitOfMeasurePrice>3.95</UnitOfMeasurePrice>
      <AllowDiscount>1</AllowDiscount>
      <itemStatus>1</itemStatus>
      <LastUpdateDate />
      <LastUpdateTime />
    </Product>
    <Product>
      <PriceUpdateDate>2022/06/08 12:24</PriceUpdateDate>
      <ItemCode>7290008801850</ItemCode>
      <ItemType>1</ItemType>
      <ItemName>אמרלד ריזלינג לבן חצי יבש 750 מל</ItemName>
      <ManufactureName>אגודת הכורמים</ManufactureName>
      <ManufactureCountry />
      <ManufactureItemDescription />
      <UnitQty>'יח</UnitQty>
      <Quantity>7.50</Quantity>
      <UnitMeasure>ל-100 מ"ל</UnitMeasure>
      <BisWeighted>0</BisWeighted>
      <QtyInPackage>1</QtyInPackage>
      <ItemPrice>29.90</ItemPrice>
      <UnitOfMeasurePrice>3.95</UnitOfMeasurePrice>
      <AllowDiscount>1</AllowDiscount>
      <itemStatus>1</itemStatus>
      <LastUpdateDate />
      <LastUpdateTime />
    </Product>
    <Product>
      <PriceUpdateDate>2022/10/19 21:26</PriceUpdateDate>
      <ItemCode>7290008802512</ItemCode>
      <ItemType>1</ItemType>
      <ItemName>יין אדום יבש 750 מל-וינו</ItemName>
      <ManufactureName>אגודת הכורמים</ManufactureName>
      <ManufactureCountry />
      <ManufactureItemDescription />
      <UnitQty>'יח</UnitQty>
      <Quantity>7.50</Quantity>
      <UnitMeasure>ל-100 מ"ל</UnitMeasure>
      <BisWeighted>0</BisWeighted>
      <QtyInPackage>1</QtyInPackage>
      <ItemPrice>21.90</ItemPrice>
      <UnitOfMeasurePrice>2.88</UnitOfMeasurePrice>
      <AllowDiscount>1</AllowDiscount>
      <itemStatus>1</itemStatus>
      <LastUpdateDate />
      <LastUpdateTime />
    </Product>
    <Product>
      <PriceUpdateDate>2022/10/19 21:26</PriceUpdateDate>
      <ItemCode>7290008802529</ItemCode>
      <ItemType>1</ItemType>
      <ItemName>יין לבן יבש 750 מל-וינו </ItemName>
      <ManufactureName>אגודת הכורמים</ManufactureName>
      <ManufactureCountry />
      <ManufactureItemDescription />
      <UnitQty>'יח</UnitQty>
      <Quantity>7.50</Quantity>
      <UnitMeasure>ל-100 מ"ל</UnitMeasure>
      <BisWeighted>0</BisWeighted>
      <QtyInPackage>1</QtyInPackage>
      <ItemPrice>21.90</ItemPrice>
      <UnitOfMeasurePrice>2.88</UnitOfMeasurePrice>
      <AllowDiscount>1</AllowDiscount>
      <itemStatus>1</itemStatus>
      <LastUpdateDate />
      <LastUpdateTime />
    </Product>
    <Product>
      <PriceUpdateDate>2022/06/08 12:24</PriceUpdateDate>
      <ItemCode>7290008802895</ItemCode>
      <ItemType>1</ItemType>
      <ItemName>יין קברנה סוביניון אדום יבש 750 מל</ItemName>
      <ManufactureName>אגודת הכורמים</ManufactureName>
      <ManufactureCountry />
      <ManufactureItemDescription />
      <UnitQty>'יח</UnitQty>
      <Quantity>7.50</Quantity>
      <UnitMeasure>ל-100 מ"ל</UnitMeasure>
      <BisWeighted>0</BisWeighted>
      <QtyInPackage>1</QtyInPackage>
      <ItemPrice>39.90</ItemPrice>
      <UnitOfMeasurePrice>5.28</UnitOfMeasurePrice>
      <AllowDiscount>1</AllowDiscount>
      <itemStatus>1</itemStatus>
      <LastUpdateDate />
      <LastUpdateTime />
    </Product>
    <Product>
      <PriceUpdateDate>2022/06/08 12:24</PriceUpdateDate>
      <ItemCode>7290008805384</ItemCode>
      <ItemType>1</ItemType>
      <ItemName>יין מוסקטו לבן חצי יבש 750 מל</ItemName>
      <ManufactureName>אגודת הכורמים</ManufactureName>
      <ManufactureCountry />
      <ManufactureItemDescription />
      <UnitQty>'יח</UnitQty>
      <Quantity>7.50</Quantity>
      <UnitMeasure>ל-100 מ"ל</UnitMeasure>
      <BisWeighted>0</BisWeighted>
      <QtyInPackage>1</QtyInPackage>
      <ItemPrice>29.90</ItemPrice>
      <UnitOfMeasurePrice>3.95</UnitOfMeasurePrice>
      <AllowDiscount>1</AllowDiscount>
      <itemStatus>1</itemStatus>
      <LastUpdateDate />
      <LastUpdateTime />
    </Product>
    <Product>
      <PriceUpdateDate>2022/06/08 12:24</PriceUpdateDate>
      <ItemCode>7290008805520</ItemCode>
      <ItemType>1</ItemType>
      <ItemName>קברנה סוביניון-מרלו יין אדום יבש 750</ItemName>
      <ManufactureName>אגודת הכורמים</ManufactureName>
      <ManufactureCountry />
      <ManufactureItemDescription />
      <UnitQty>'יח</UnitQty>
      <Quantity>7.50</Quantity>
      <UnitMeasure>ל-100 מ"ל</UnitMeasure>
      <BisWeighted>0</BisWeighted>
      <QtyInPackage>1</QtyInPackage>
      <ItemPrice>29.90</ItemPrice>
      <UnitOfMeasurePrice>3.95</UnitOfMeasurePrice>
      <AllowDiscount>1</AllowDiscount>
      <itemStatus>1</itemStatus>
      <LastUpdateDate />
      <LastUpdateTime />
    </Product>
    <Product>
      <PriceUpdateDate>2021/04/26 13:36</PriceUpdateDate>
      <ItemCode>7290008806961</ItemCode>
      <ItemType>1</ItemType>
      <ItemName>גלידה שוקולד עם שבבי  שוק`פרה 1.33ל`</ItemName>
      <ManufactureName>שטראוס גלידות</ManufactureName>
      <ManufactureCountry />
      <ManufactureItemDescription />
      <UnitQty>'יח</UnitQty>
      <Quantity>13.30</Quantity>
      <UnitMeasure>ל-100 מ"ל</UnitMeasure>
      <BisWeighted>0</BisWeighted>
      <QtyInPackage>1</QtyInPackage>
      <ItemPrice>19.90</ItemPrice>
      <UnitOfMeasurePrice>1.50</UnitOfMeasurePrice>
      <AllowDiscount>1</AllowDiscount>
      <itemStatus>1</itemStatus>
      <LastUpdateDate />
      <LastUpdateTime />
    </Product>
    <Product>
      <PriceUpdateDate>2021/10/06 21:04</PriceUpdateDate>
      <ItemCode>8835954</ItemCode>
      <ItemType>0</ItemType>
      <ItemName>פילה מושט קפוא</ItemName>
      <ManufactureName>בלדי בע`מ</ManufactureName>
      <ManufactureCountry />
      <ManufactureItemDescription />
      <UnitQty>ק"ג</UnitQty>
      <Quantity>1</Quantity>
      <UnitMeasure>ל-100 גרם</UnitMeasure>
      <BisWeighted>1</BisWeighted>
      <QtyInPackage>1</QtyInPackage>
      <ItemPrice>29.90</ItemPrice>
      <UnitOfMeasurePrice>29.90</UnitOfMeasurePrice>
      <AllowDiscount>1</AllowDiscount>
      <itemStatus>1</itemStatus>
      <LastUpdateDate />
      <LastUpdateTime />
    </Product>
    <Product>
      <PriceUpdateDate>2021/10/06 21:04</PriceUpdateDate>
      <ItemCode>8835961</ItemCode>
      <ItemType>0</ItemType>
      <ItemName>פילה מושט קפוא</ItemName>
      <ManufactureName>בלדי בע`מ</ManufactureName>
      <ManufactureCountry />
      <ManufactureItemDescription />
      <UnitQty>ק"ג</UnitQty>
      <Quantity>1</Quantity>
      <UnitMeasure>ל-100 גרם</UnitMeasure>
      <BisWeighted>1</BisWeighted>
      <QtyInPackage>1</QtyInPackage>
      <ItemPrice>29.90</ItemPrice>
      <UnitOfMeasurePrice>29.90</UnitOfMeasurePrice>
      <AllowDiscount>1</AllowDiscount>
      <itemStatus>1</itemStatus>
      <LastUpdateDate />
      <LastUpdateTime />
    </Product>
    <Product>
      <PriceUpdateDate>2020/09/30 20:18</PriceUpdateDate>
      <ItemCode>7290008849470</ItemCode>
      <ItemType>1</ItemType>
      <ItemName>פלפל צומה ושום 185 גרם</ItemName>
      <ManufactureName>תה ויסוצקי בע`מ</ManufactureName>
      <ManufactureCountry />
      <ManufactureItemDescription />
      <UnitQty>'יח</UnitQty>
      <Quantity>1.85</Quantity>
      <UnitMeasure>ל-100 גרם</UnitMeasure>
      <BisWeighted>0</BisWeighted>
      <QtyInPackage>1</QtyInPackage>
      <ItemPrice>13.90</ItemPrice>
      <UnitOfMeasurePrice>7.51</UnitOfMeasurePrice>
      <AllowDiscount>1</AllowDiscount>
      <itemStatus>1</itemStatus>
      <LastUpdateDate />
      <LastUpdateTime />
    </Product>
    <Product>
      <PriceUpdateDate>2022/11/01 11:46</PriceUpdateDate>
      <ItemCode>7290008975780</ItemCode>
      <ItemType>1</ItemType>
      <ItemName>בונזו גזע קטן 3 קג</ItemName>
      <ManufactureName>שחורי אריה ואנסטסיה</ManufactureName>
      <ManufactureCountry />
      <ManufactureItemDescription />
      <UnitQty>'יח</UnitQty>
      <Quantity>30</Quantity>
      <UnitMeasure>ל-100 גרם</UnitMeasure>
      <BisWeighted>0</BisWeighted>
      <QtyInPackage>1</QtyInPackage>
      <ItemPrice>49.90</ItemPrice>
      <UnitOfMeasurePrice>1.66</UnitOfMeasurePrice>
      <AllowDiscount>0</AllowDiscount>
      <itemStatus>1</itemStatus>
      <LastUpdateDate />
      <LastUpdateTime />
    </Product>
    <Product>
      <PriceUpdateDate>2019/07/03 08:47</PriceUpdateDate>
      <ItemCode>8989473</ItemCode>
      <ItemType>0</ItemType>
      <ItemName>ממרח חרובים בטעם שוקולד 350 גר`</ItemName>
      <ManufactureName>מ.ד אטיאס סוכנויות מזון בע`מ</ManufactureName>
      <ManufactureCountry />
      <ManufactureItemDescription />
      <UnitQty>'יח</UnitQty>
      <Quantity>3.50</Quantity>
      <UnitMeasure>ל-100 גרם</UnitMeasure>
      <BisWeighted>0</BisWeighted>
      <QtyInPackage>1</QtyInPackage>
      <ItemPrice>13.90</ItemPrice>
      <UnitOfMeasurePrice>3.97</UnitOfMeasurePrice>
      <AllowDiscount>0</AllowDiscount>
      <itemStatus>1</itemStatus>
      <LastUpdateDate />
      <LastUpdateTime />
    </Product>
    <Product>
      <PriceUpdateDate>2022/05/09 20:19</PriceUpdateDate>
      <ItemCode>7290010002023</ItemCode>
      <ItemType>1</ItemType>
      <ItemName>כורכום הודי טחון 100 גרם</ItemName>
      <ManufactureName>א.ל. ייצור ושיווק תבלינים בע`מ</ManufactureName>
      <ManufactureCountry />
      <ManufactureItemDescription />
      <UnitQty>'יח</UnitQty>
      <Quantity>1</Quantity>
      <UnitMeasure>ל-100 גרם</UnitMeasure>
      <BisWeighted>0</BisWeighted>
      <QtyInPackage>1</QtyInPackage>
      <ItemPrice>11.90</ItemPrice>
      <UnitOfMeasurePrice>11.90</UnitOfMeasurePrice>
      <AllowDiscount>0</AllowDiscount>
      <itemStatus>1</itemStatus>
      <LastUpdateDate />
      <LastUpdateTime />
    </Product>
    <Product>
      <PriceUpdateDate>2022/05/09 20:19</PriceUpdateDate>
      <ItemCode>7290010002078</ItemCode>
      <ItemType>1</ItemType>
      <ItemName>פלפל שחור טחון 100 גרם</ItemName>
      <ManufactureName>א.ל. ייצור ושיווק תבלינים בע`מ</ManufactureName>
      <ManufactureCountry />
      <ManufactureItemDescription />
      <UnitQty>'יח</UnitQty>
      <Quantity>1</Quantity>
      <UnitMeasure>ל-100 גרם</UnitMeasure>
      <BisWeighted>0</BisWeighted>
      <QtyInPackage>1</QtyInPackage>
      <ItemPrice>14.90</ItemPrice>
      <UnitOfMeasurePrice>14.90</UnitOfMeasurePrice>
      <AllowDiscount>0</AllowDiscount>
      <itemStatus>1</itemStatus>
      <LastUpdateDate />
      <LastUpdateTime />
    </Product>
    <Product>
      <PriceUpdateDate>2022/05/09 20:19</PriceUpdateDate>
      <ItemCode>7290010002108</ItemCode>
      <ItemType>1</ItemType>
      <ItemName>פלפל שחור גרוס גס 90 גרם</ItemName>
      <ManufactureName>א.ל. ייצור ושיווק תבלינים בע`מ</ManufactureName>
      <ManufactureCountry />
      <ManufactureItemDescription />
      <UnitQty>'יח</UnitQty>
      <Quantity>9</Quantity>
      <UnitMeasure>ל-100 גרם</UnitMeasure>
      <BisWeighted>0</BisWeighted>
      <QtyInPackage>1</QtyInPackage>
      <ItemPrice>14.90</ItemPrice>
      <UnitOfMeasurePrice>1.66</UnitOfMeasurePrice>
      <AllowDiscount>0</AllowDiscount>
      <itemStatus>1</itemStatus>
      <LastUpdateDate />
      <LastUpdateTime />
    </Product>
    <Product>
      <PriceUpdateDate>2022/05/09 20:19</PriceUpdateDate>
      <ItemCode>7290010002122</ItemCode>
      <ItemType>1</ItemType>
      <ItemName>פפריקה הונגרית מתוקה 100 גרם</ItemName>
      <ManufactureName>א.ל. ייצור ושיווק תבלינים בע`מ</ManufactureName>
      <ManufactureCountry />
      <ManufactureItemDescription />
      <UnitQty>'יח</UnitQty>
      <Quantity>1</Quantity>
      <UnitMeasure>ל-100 גרם</UnitMeasure>
      <BisWeighted>0</BisWeighted>
      <QtyInPackage>1</QtyInPackage>
      <ItemPrice>11.90</ItemPrice>
      <UnitOfMeasurePrice>11.90</UnitOfMeasurePrice>
      <AllowDiscount>1</AllowDiscount>
      <itemStatus>1</itemStatus>
      <LastUpdateDate />
      <LastUpdateTime />
    </Product>
    <Product>
      <PriceUpdateDate>2022/05/09 20:19</PriceUpdateDate>
      <ItemCode>7290010002283</ItemCode>
      <ItemType>1</ItemType>
      <ItemName>תבלין על האש 100 גרם</ItemName>
      <ManufactureName>א.ל. ייצור ושיווק תבלינים בע`מ</ManufactureName>
      <ManufactureCountry />
      <ManufactureItemDescription />
      <UnitQty>'יח</UnitQty>
      <Quantity>1</Quantity>
      <UnitMeasure>ל-100 גרם</UnitMeasure>
      <BisWeighted>0</BisWeighted>
      <QtyInPackage>1</QtyInPackage>
      <ItemPrice>11.90</ItemPrice>
      <UnitOfMeasurePrice>11.90</UnitOfMeasurePrice>
      <AllowDiscount>0</AllowDiscount>
      <itemStatus>1</itemStatus>
      <LastUpdateDate />
      <LastUpdateTime />
    </Product>
    <Product>
      <PriceUpdateDate>2022/05/09 20:19</PriceUpdateDate>
      <ItemCode>7290010002290</ItemCode>
      <ItemType>1</ItemType>
      <ItemName>תערובת לשווארמה טורקית 100 גרם</ItemName>
      <ManufactureName>א.ל. ייצור ושיווק תבלינים בע`מ</ManufactureName>
      <ManufactureCountry />
      <ManufactureItemDescription />
      <UnitQty>'יח</UnitQty>
      <Quantity>1</Quantity>
      <UnitMeasure>ל-100 גרם</UnitMeasure>
      <BisWeighted>0</BisWeighted>
      <QtyInPackage>1</QtyInPackage>
      <ItemPrice>11.90</ItemPrice>
      <UnitOfMeasurePrice>11.90</UnitOfMeasurePrice>
      <AllowDiscount>0</AllowDiscount>
      <itemStatus>1</itemStatus>
      <LastUpdateDate />
      <LastUpdateTime />
    </Product>
    <Product>
      <PriceUpdateDate>2022/05/09 20:19</PriceUpdateDate>
      <ItemCode>7290010002320</ItemCode>
      <ItemType>1</ItemType>
      <ItemName>תבלין גריל עוף 100 גרם</ItemName>
      <ManufactureName>א.ל. ייצור ושיווק תבלינים בע`מ</ManufactureName>
      <ManufactureCountry />
      <ManufactureItemDescription />
      <UnitQty>'יח</UnitQty>
      <Quantity>1</Quantity>
      <UnitMeasure>ל-100 גרם</UnitMeasure>
      <BisWeighted>0</BisWeighted>
      <QtyInPackage>1</QtyInPackage>
      <ItemPrice>11.90</ItemPrice>
      <UnitOfMeasurePrice>11.90</UnitOfMeasurePrice>
      <AllowDiscount>0</AllowDiscount>
      <itemStatus>1</itemStatus>
      <LastUpdateDate />
      <LastUpdateTime />
    </Product>
    <Product>
      <PriceUpdateDate>2022/05/09 20:19</PriceUpdateDate>
      <ItemCode>7290010002344</ItemCode>
      <ItemType>1</ItemType>
      <ItemName>תבלין לדג 100 גרם</ItemName>
      <ManufactureName>א.ל. ייצור ושיווק תבלינים בע`מ</ManufactureName>
      <ManufactureCountry />
      <ManufactureItemDescription />
      <UnitQty>'יח</UnitQty>
      <Quantity>1</Quantity>
      <UnitMeasure>ל-100 גרם</UnitMeasure>
      <BisWeighted>0</BisWeighted>
      <QtyInPackage>1</QtyInPackage>
      <ItemPrice>11.90</ItemPrice>
      <UnitOfMeasurePrice>11.90</UnitOfMeasurePrice>
      <AllowDiscount>0</AllowDiscount>
      <itemStatus>1</itemStatus>
      <LastUpdateDate />
      <LastUpdateTime />
    </Product>
    <Product>
      <PriceUpdateDate>2022/05/09 20:19</PriceUpdateDate>
      <ItemCode>7290010002375</ItemCode>
      <ItemType>1</ItemType>
      <ItemName>מדרס קארי 100 גרם</ItemName>
      <ManufactureName>א.ל. ייצור ושיווק תבלינים בע`מ</ManufactureName>
      <ManufactureCountry />
      <ManufactureItemDescription />
      <UnitQty>'יח</UnitQty>
      <Quantity>1</Quantity>
      <UnitMeasure>ל-100 גרם</UnitMeasure>
      <BisWeighted>0</BisWeighted>
      <QtyInPackage>1</QtyInPackage>
      <ItemPrice>11.90</ItemPrice>
      <UnitOfMeasurePrice>11.90</UnitOfMeasurePrice>
      <AllowDiscount>0</AllowDiscount>
      <itemStatus>1</itemStatus>
      <LastUpdateDate />
      <LastUpdateTime />
    </Product>
    <Product>
      <PriceUpdateDate>2022/05/09 20:19</PriceUpdateDate>
      <ItemCode>7290010002405</ItemCode>
      <ItemType>1</ItemType>
      <ItemName>טימין הררי 40 גרם</ItemName>
      <ManufactureName>א.ל. ייצור ושיווק תבלינים בע`מ</ManufactureName>
      <ManufactureCountry />
      <ManufactureItemDescription />
      <UnitQty>'יח</UnitQty>
      <Quantity>4</Quantity>
      <UnitMeasure>ל-100 גרם</UnitMeasure>
      <BisWeighted>0</BisWeighted>
      <QtyInPackage>1</QtyInPackage>
      <ItemPrice>9.90</ItemPrice>
      <UnitOfMeasurePrice>2.48</UnitOfMeasurePrice>
      <AllowDiscount>0</AllowDiscount>
      <itemStatus>1</itemStatus>
      <LastUpdateDate />
      <LastUpdateTime />
    </Product>
    <Product>
      <PriceUpdateDate>2022/05/09 20:19</PriceUpdateDate>
      <ItemCode>7290010002481</ItemCode>
      <ItemType>1</ItemType>
      <ItemName>שום טחון 100 גרם</ItemName>
      <ManufactureName>א.ל. ייצור ושיווק תבלינים בע`מ</ManufactureName>
      <ManufactureCountry />
      <ManufactureItemDescription />
      <UnitQty>'יח</UnitQty>
      <Quantity>1</Quantity>
      <UnitMeasure>ל-100 גרם</UnitMeasure>
      <BisWeighted>0</BisWeighted>
      <QtyInPackage>1</QtyInPackage>
      <ItemPrice>14.90</ItemPrice>
      <UnitOfMeasurePrice>14.90</UnitOfMeasurePrice>
      <AllowDiscount>0</AllowDiscount>
      <itemStatus>1</itemStatus>
      <LastUpdateDate />
      <LastUpdateTime />
    </Product>
    <Product>
      <PriceUpdateDate>2022/05/09 20:19</PriceUpdateDate>
      <ItemCode>7290010002597</ItemCode>
      <ItemType>1</ItemType>
      <ItemName>כוסברה ירוקה 30 גרם</ItemName>
      <ManufactureName>א.ל. ייצור ושיווק תבלינים בע`מ</ManufactureName>
      <ManufactureCountry />
      <ManufactureItemDescription />
      <UnitQty>'יח</UnitQty>
      <Quantity>0.20</Quantity>
      <UnitMeasure>ל-100 גרם</UnitMeasure>
      <BisWeighted>0</BisWeighted>
      <QtyInPackage>1</QtyInPackage>
      <ItemPrice>9.90</ItemPrice>
      <UnitOfMeasurePrice>49.50</UnitOfMeasurePrice>
      <AllowDiscount>0</AllowDiscount>
      <itemStatus>1</itemStatus>
      <LastUpdateDate />
      <LastUpdateTime />
    </Product>
    <Product>
      <PriceUpdateDate>2019/01/16 14:41</PriceUpdateDate>
      <ItemCode>7290010002658</ItemCode>
      <ItemType>1</ItemType>
      <ItemName>פלפל יבש מתוק 150 גר`</ItemName>
      <ManufactureName>א.ל. ייצור ושיווק תבלינים בע`מ</ManufactureName>
      <ManufactureCountry />
      <ManufactureItemDescription />
      <UnitQty>'יח</UnitQty>
      <Quantity>1.50</Quantity>
      <UnitMeasure>ל-100 גרם</UnitMeasure>
      <BisWeighted>0</BisWeighted>
      <QtyInPackage>1</QtyInPackage>
      <ItemPrice>14.90</ItemPrice>
      <UnitOfMeasurePrice>9.93</UnitOfMeasurePrice>
      <AllowDiscount>0</AllowDiscount>
      <itemStatus>1</itemStatus>
      <LastUpdateDate />
      <LastUpdateTime />
    </Product>
    <Product>
      <PriceUpdateDate>2022/03/25 14:51</PriceUpdateDate>
      <ItemCode>7290010003075</ItemCode>
      <ItemType>1</ItemType>
      <ItemName>פפריקה מרוקאית מתוקה 400 גרם</ItemName>
      <ManufactureName>א.ל. ייצור ושיווק תבלינים בע`מ</ManufactureName>
      <ManufactureCountry />
      <ManufactureItemDescription />
      <UnitQty>'יח</UnitQty>
      <Quantity>4</Quantity>
      <UnitMeasure>ל-100 גרם</UnitMeasure>
      <BisWeighted>0</BisWeighted>
      <QtyInPackage>1</QtyInPackage>
      <ItemPrice>23.90</ItemPrice>
      <UnitOfMeasurePrice>5.98</UnitOfMeasurePrice>
      <AllowDiscount>0</AllowDiscount>
      <itemStatus>1</itemStatus>
      <LastUpdateDate />
      <LastUpdateTime />
    </Product>
    <Product>
      <PriceUpdateDate>2019/07/03 08:47</PriceUpdateDate>
      <ItemCode>7290010003686</ItemCode>
      <ItemType>1</ItemType>
      <ItemName>עלי דפנה שקית 20 גרם</ItemName>
      <ManufactureName>א.ל. ייצור ושיווק תבלינים בע`מ</ManufactureName>
      <ManufactureCountry />
      <ManufactureItemDescription />
      <UnitQty>'יח</UnitQty>
      <Quantity>2</Quantity>
      <UnitMeasure>ל-100 גרם</UnitMeasure>
      <BisWeighted>0</BisWeighted>
      <QtyInPackage>1</QtyInPackage>
      <ItemPrice>5.90</ItemPrice>
      <UnitOfMeasurePrice>2.95</UnitOfMeasurePrice>
      <AllowDiscount>0</AllowDiscount>
      <itemStatus>1</itemStatus>
      <LastUpdateDate />
      <LastUpdateTime />
    </Product>
    <Product>
      <PriceUpdateDate>2019/07/03 08:47</PriceUpdateDate>
      <ItemCode>7290010003693</ItemCode>
      <ItemType>1</ItemType>
      <ItemName>פפריקה מתוקה שקית 80 גרם</ItemName>
      <ManufactureName>א.ל. ייצור ושיווק תבלינים בע`מ</ManufactureName>
      <ManufactureCountry />
      <ManufactureItemDescription />
      <UnitQty>'יח</UnitQty>
      <Quantity>8</Quantity>
      <UnitMeasure>ל-100 גרם</UnitMeasure>
      <BisWeighted>0</BisWeighted>
      <QtyInPackage>1</QtyInPackage>
      <ItemPrice>5.90</ItemPrice>
      <UnitOfMeasurePrice>0.74</UnitOfMeasurePrice>
      <AllowDiscount>0</AllowDiscount>
      <itemStatus>1</itemStatus>
      <LastUpdateDate />
      <LastUpdateTime />
    </Product>
    <Product>
      <PriceUpdateDate>2022/03/25 14:51</PriceUpdateDate>
      <ItemCode>7290010003709</ItemCode>
      <ItemType>1</ItemType>
      <ItemName>פלפל שחור טחון שקית 50 גרם</ItemName>
      <ManufactureName>א.ל. ייצור ושיווק תבלינים בע`מ</ManufactureName>
      <ManufactureCountry />
      <ManufactureItemDescription />
      <UnitQty>'יח</UnitQty>
      <Quantity>5</Quantity>
      <UnitMeasure>ל-100 גרם</UnitMeasure>
      <BisWeighted>0</BisWeighted>
      <QtyInPackage>1</QtyInPackage>
      <ItemPrice>8.90</ItemPrice>
      <UnitOfMeasurePrice>1.78</UnitOfMeasurePrice>
      <AllowDiscount>0</AllowDiscount>
      <itemStatus>1</itemStatus>
      <LastUpdateDate />
      <LastUpdateTime />
    </Product>
    <Product>
      <PriceUpdateDate>2019/07/03 08:47</PriceUpdateDate>
      <ItemCode>7290010003754</ItemCode>
      <ItemType>1</ItemType>
      <ItemName>כמון טחון שקית 50 גרם</ItemName>
      <ManufactureName>א.ל. ייצור ושיווק תבלינים בע`מ</ManufactureName>
      <ManufactureCountry />
      <ManufactureItemDescription />
      <UnitQty>'יח</UnitQty>
      <Quantity>5</Quantity>
      <UnitMeasure>ל-100 גרם</UnitMeasure>
      <BisWeighted>0</BisWeighted>
      <QtyInPackage>1</QtyInPackage>
      <ItemPrice>5.90</ItemPrice>
      <UnitOfMeasurePrice>1.18</UnitOfMeasurePrice>
      <AllowDiscount>0</AllowDiscount>
      <itemStatus>1</itemStatus>
      <LastUpdateDate />
      <LastUpdateTime />
    </Product>
    <Product>
      <PriceUpdateDate>2019/07/03 08:47</PriceUpdateDate>
      <ItemCode>7290010003792</ItemCode>
      <ItemType>1</ItemType>
      <ItemName>מלח לימון שקית 100 גרם</ItemName>
      <ManufactureName>א.ל. ייצור ושיווק תבלינים בע`מ</ManufactureName>
      <ManufactureCountry />
      <ManufactureItemDescription />
      <UnitQty>'יח</UnitQty>
      <Quantity>1</Quantity>
      <UnitMeasure>ל-100 גרם</UnitMeasure>
      <BisWeighted>0</BisWeighted>
      <QtyInPackage>1</QtyInPackage>
      <ItemPrice>5.90</ItemPrice>
      <UnitOfMeasurePrice>5.90</UnitOfMeasurePrice>
      <AllowDiscount>0</AllowDiscount>
      <itemStatus>1</itemStatus>
      <LastUpdateDate />
      <LastUpdateTime />
    </Product>
    <Product>
      <PriceUpdateDate>2019/07/03 08:47</PriceUpdateDate>
      <ItemCode>7290010003808</ItemCode>
      <ItemType>1</ItemType>
      <ItemName>זעתר ושומשום שקית 80 גרם</ItemName>
      <ManufactureName>א.ל. ייצור ושיווק תבלינים בע`מ</ManufactureName>
      <ManufactureCountry />
      <ManufactureItemDescription />
      <UnitQty>'יח</UnitQty>
      <Quantity>8</Quantity>
      <UnitMeasure>ל-100 גרם</UnitMeasure>
      <BisWeighted>0</BisWeighted>
      <QtyInPackage>1</QtyInPackage>
      <ItemPrice>5.90</ItemPrice>
      <UnitOfMeasurePrice>0.74</UnitOfMeasurePrice>
      <AllowDiscount>0</AllowDiscount>
      <itemStatus>1</itemStatus>
      <LastUpdateDate />
      <LastUpdateTime />
    </Product>
    <Product>
      <PriceUpdateDate>2019/07/03 08:47</PriceUpdateDate>
      <ItemCode>7290010003822</ItemCode>
      <ItemType>1</ItemType>
      <ItemName>פפריקה חריפה שקית 80 גרם</ItemName>
      <ManufactureName>א.ל. ייצור ושיווק תבלינים בע`מ</ManufactureName>
      <ManufactureCountry />
      <ManufactureItemDescription />
      <UnitQty>'יח</UnitQty>
      <Quantity>8</Quantity>
      <UnitMeasure>ל-100 גרם</UnitMeasure>
      <BisWeighted>0</BisWeighted>
      <QtyInPackage>1</QtyInPackage>
      <ItemPrice>5.90</ItemPrice>
      <UnitOfMeasurePrice>0.74</UnitOfMeasurePrice>
      <AllowDiscount>0</AllowDiscount>
      <itemStatus>1</itemStatus>
      <LastUpdateDate />
      <LastUpdateTime />
    </Product>
    <Product>
      <PriceUpdateDate>2022/05/09 20:19</PriceUpdateDate>
      <ItemCode>10004348</ItemCode>
      <ItemType>0</ItemType>
      <ItemName>פפריקה מרוקאית מתוקה 250 גרם</ItemName>
      <ManufactureName>א.ל. ייצור ושיווק תבלינים בע`מ</ManufactureName>
      <ManufactureCountry />
      <ManufactureItemDescription />
      <UnitQty>'יח</UnitQty>
      <Quantity>2.50</Quantity>
      <UnitMeasure>ל-100 גרם</UnitMeasure>
      <BisWeighted>0</BisWeighted>
      <QtyInPackage>1</QtyInPackage>
      <ItemPrice>21.90</ItemPrice>
      <UnitOfMeasurePrice>8.76</UnitOfMeasurePrice>
      <AllowDiscount>0</AllowDiscount>
      <itemStatus>1</itemStatus>
      <LastUpdateDate />
      <LastUpdateTime />
    </Product>
    <Product>
      <PriceUpdateDate>2019/10/16 13:11</PriceUpdateDate>
      <ItemCode>7290010116980</ItemCode>
      <ItemType>1</ItemType>
      <ItemName>שוקולית אבקה להכנת משקה שוקו שקית 850</ItemName>
      <ManufactureName>שטראוס גרופ בע`מ</ManufactureName>
      <ManufactureCountry />
      <ManufactureItemDescription />
      <UnitQty>'יח</UnitQty>
      <Quantity>8.50</Quantity>
      <UnitMeasure>ל-100 גרם</UnitMeasure>
      <BisWeighted>0</BisWeighted>
      <QtyInPackage>6</QtyInPackage>
      <ItemPrice>17.90</ItemPrice>
      <UnitOfMeasurePrice>2.11</UnitOfMeasurePrice>
      <AllowDiscount>0</AllowDiscount>
      <itemStatus>1</itemStatus>
      <LastUpdateDate />
      <LastUpdateTime />
    </Product>
    <Product>
      <PriceUpdateDate>2022/07/20 20:07</PriceUpdateDate>
      <ItemCode>7290010117864</ItemCode>
      <ItemType>1</ItemType>
      <ItemName>חטיף דוריטוס חריף אש 70 גרם</ItemName>
      <ManufactureName>שטראוס פריטו ליי בע`מ</ManufactureName>
      <ManufactureCountry />
      <ManufactureItemDescription />
      <UnitQty>'יח</UnitQty>
      <Quantity>0.70</Quantity>
      <UnitMeasure>ל-100 גרם</UnitMeasure>
      <BisWeighted>0</BisWeighted>
      <QtyInPackage>1</QtyInPackage>
      <ItemPrice>3.90</ItemPrice>
      <UnitOfMeasurePrice>5.57</UnitOfMeasurePrice>
      <AllowDiscount>1</AllowDiscount>
      <itemStatus>1</itemStatus>
      <LastUpdateDate />
      <LastUpdateTime />
    </Product>
    <Product>
      <PriceUpdateDate>2019/07/03 08:47</PriceUpdateDate>
      <ItemCode>7290010117970</ItemCode>
      <ItemType>1</ItemType>
      <ItemName>סבבה בוטנים אמריקאים 50 גר`</ItemName>
      <ManufactureName>שטראוס פריטו ליי בע`מ</ManufactureName>
      <ManufactureCountry />
      <ManufactureItemDescription />
      <UnitQty>'יח</UnitQty>
      <Quantity>0.50</Quantity>
      <UnitMeasure>ל-100 גרם</UnitMeasure>
      <BisWeighted>0</BisWeighted>
      <QtyInPackage>1</QtyInPackage>
      <ItemPrice>1.90</ItemPrice>
      <UnitOfMeasurePrice>3.80</UnitOfMeasurePrice>
      <AllowDiscount>0</AllowDiscount>
      <itemStatus>1</itemStatus>
      <LastUpdateDate />
      <LastUpdateTime />
    </Product>
    <Product>
      <PriceUpdateDate>2019/01/16 14:41</PriceUpdateDate>
      <ItemCode>10118328</ItemCode>
      <ItemType>0</ItemType>
      <ItemName>תפוצ`יפס בטעם טבעי 6*40 גרם</ItemName>
      <ManufactureName>שטראוס פריטו ליי בע`מ</ManufactureName>
      <ManufactureCountry />
      <ManufactureItemDescription />
      <UnitQty>'יח</UnitQty>
      <Quantity>2.40</Quantity>
      <UnitMeasure>ל-100 גרם</UnitMeasure>
      <BisWeighted>0</BisWeighted>
      <QtyInPackage>1</QtyInPackage>
      <ItemPrice>11.90</ItemPrice>
      <UnitOfMeasurePrice>4.96</UnitOfMeasurePrice>
      <AllowDiscount>0</AllowDiscount>
      <itemStatus>1</itemStatus>
      <LastUpdateDate />
      <LastUpdateTime />
    </Product>
    <Product>
      <PriceUpdateDate>2019/05/26 21:38</PriceUpdateDate>
      <ItemCode>10124190</ItemCode>
      <ItemType>0</ItemType>
      <ItemName>שניצל בקר מלינסה אל מטאדור 250 גר`</ItemName>
      <ManufactureName>בלדי בע`מ</ManufactureName>
      <ManufactureCountry />
      <ManufactureItemDescription />
      <UnitQty>'יח</UnitQty>
      <Quantity>2.50</Quantity>
      <UnitMeasure>ל-100 גרם</UnitMeasure>
      <BisWeighted>0</BisWeighted>
      <QtyInPackage>20</QtyInPackage>
      <ItemPrice>14.90</ItemPrice>
      <UnitOfMeasurePrice>5.96</UnitOfMeasurePrice>
      <AllowDiscount>0</AllowDiscount>
      <itemStatus>1</itemStatus>
      <LastUpdateDate />
      <LastUpdateTime />
    </Product>
    <Product>
      <PriceUpdateDate>2019/05/26 21:38</PriceUpdateDate>
      <ItemCode>10124213</ItemCode>
      <ItemType>0</ItemType>
      <ItemName>סינטה בקר דק דק אל מטאדור 250 גר`</ItemName>
      <ManufactureName>בלדי בע`מ</ManufactureName>
      <ManufactureCountry />
      <ManufactureItemDescription />
      <UnitQty>'יח</UnitQty>
      <Quantity>2.50</Quantity>
      <UnitMeasure>ל-100 גרם</UnitMeasure>
      <BisWeighted>0</BisWeighted>
      <QtyInPackage>20</QtyInPackage>
      <ItemPrice>19.90</ItemPrice>
      <UnitOfMeasurePrice>7.96</UnitOfMeasurePrice>
      <AllowDiscount>0</AllowDiscount>
      <itemStatus>1</itemStatus>
      <LastUpdateDate />
      <LastUpdateTime />
    </Product>
    <Product>
      <PriceUpdateDate>2020/10/27 15:09</PriceUpdateDate>
      <ItemCode>10124473</ItemCode>
      <ItemType>0</ItemType>
      <ItemName>אפונה עדינה 600 גר`</ItemName>
      <ManufactureName>בלדי בע`מ</ManufactureName>
      <ManufactureCountry />
      <ManufactureItemDescription />
      <UnitQty>'יח</UnitQty>
      <Quantity>6</Quantity>
      <UnitMeasure>ל-100 גרם</UnitMeasure>
      <BisWeighted>0</BisWeighted>
      <QtyInPackage>1</QtyInPackage>
      <ItemPrice>11.90</ItemPrice>
      <UnitOfMeasurePrice>1.98</UnitOfMeasurePrice>
      <AllowDiscount>0</AllowDiscount>
      <itemStatus>1</itemStatus>
      <LastUpdateDate />
      <LastUpdateTime />
    </Product>
    <Product>
      <PriceUpdateDate>2021/06/24 14:50</PriceUpdateDate>
      <ItemCode>7290010124503</ItemCode>
      <ItemType>1</ItemType>
      <ItemName>שומן כבש קפוא ארוז 200גר</ItemName>
      <ManufactureName>בלדי בע`מ</ManufactureName>
      <ManufactureCountry />
      <ManufactureItemDescription />
      <UnitQty>'יח</UnitQty>
      <Quantity>2</Quantity>
      <UnitMeasure>ל-100 גרם</UnitMeasure>
      <BisWeighted>0</BisWeighted>
      <QtyInPackage>30</QtyInPackage>
      <ItemPrice>11.90</ItemPrice>
      <UnitOfMeasurePrice>5.95</UnitOfMeasurePrice>
      <AllowDiscount>0</AllowDiscount>
      <itemStatus>1</itemStatus>
      <LastUpdateDate />
      <LastUpdateTime />
    </Product>
    <Product>
      <PriceUpdateDate>2019/01/16 14:41</PriceUpdateDate>
      <ItemCode>7290010154005</ItemCode>
      <ItemType>1</ItemType>
      <ItemName>סחוג תימני 250 גרם</ItemName>
      <ManufactureName>נטו מלינדה סחר בע`מ</ManufactureName>
      <ManufactureCountry />
      <ManufactureItemDescription />
      <UnitQty>'יח</UnitQty>
      <Quantity>2.50</Quantity>
      <UnitMeasure>ל-100 גרם</UnitMeasure>
      <BisWeighted>0</BisWeighted>
      <QtyInPackage>12</QtyInPackage>
      <ItemPrice>12.90</ItemPrice>
      <UnitOfMeasurePrice>5.16</UnitOfMeasurePrice>
      <AllowDiscount>0</AllowDiscount>
      <itemStatus>1</itemStatus>
      <LastUpdateDate />
      <LastUpdateTime />
    </Product>
    <Product>
      <PriceUpdateDate>2019/01/16 14:41</PriceUpdateDate>
      <ItemCode>10154029</ItemCode>
      <ItemType>0</ItemType>
      <ItemName>אריסה מתוקה 250 ג</ItemName>
      <ManufactureName>נטו מלינדה סחר בע`מ</ManufactureName>
      <ManufactureCountry />
      <ManufactureItemDescription />
      <UnitQty>'יח</UnitQty>
      <Quantity>2.50</Quantity>
      <UnitMeasure>ל-100 גרם</UnitMeasure>
      <BisWeighted>0</BisWeighted>
      <QtyInPackage>12</QtyInPackage>
      <ItemPrice>12.90</ItemPrice>
      <UnitOfMeasurePrice>5.16</UnitOfMeasurePrice>
      <AllowDiscount>0</AllowDiscount>
      <itemStatus>1</itemStatus>
      <LastUpdateDate />
      <LastUpdateTime />
    </Product>
    <Product>
      <PriceUpdateDate>2019/01/16 14:41</PriceUpdateDate>
      <ItemCode>7290010154036</ItemCode>
      <ItemType>1</ItemType>
      <ItemName>עמבה 250 גר`</ItemName>
      <ManufactureName>נטו מלינדה סחר בע`מ</ManufactureName>
      <ManufactureCountry />
      <ManufactureItemDescription />
      <UnitQty>'יח</UnitQty>
      <Quantity>2.50</Quantity>
      <UnitMeasure>ל-100 גרם</UnitMeasure>
      <BisWeighted>0</BisWeighted>
      <QtyInPackage>12</QtyInPackage>
      <ItemPrice>12.90</ItemPrice>
      <UnitOfMeasurePrice>5.16</UnitOfMeasurePrice>
      <AllowDiscount>0</AllowDiscount>
      <itemStatus>1</itemStatus>
      <LastUpdateDate />
      <LastUpdateTime />
    </Product>
    <Product>
      <PriceUpdateDate>2019/01/16 14:41</PriceUpdateDate>
      <ItemCode>7290010154425</ItemCode>
      <ItemType>1</ItemType>
      <ItemName>סחוג ירוק 130 גרם</ItemName>
      <ManufactureName>נטו מלינדה סחר בע`מ</ManufactureName>
      <ManufactureCountry />
      <ManufactureItemDescription />
      <UnitQty>'יח</UnitQty>
      <Quantity>1.30</Quantity>
      <UnitMeasure>ל-100 גרם</UnitMeasure>
      <BisWeighted>0</BisWeighted>
      <QtyInPackage>12</QtyInPackage>
      <ItemPrice>7.90</ItemPrice>
      <UnitOfMeasurePrice>6.08</UnitOfMeasurePrice>
      <AllowDiscount>0</AllowDiscount>
      <itemStatus>1</itemStatus>
      <LastUpdateDate />
      <LastUpdateTime />
    </Product>
    <Product>
      <PriceUpdateDate>2022/01/03 13:00</PriceUpdateDate>
      <ItemCode>7290010237531</ItemCode>
      <ItemType>1</ItemType>
      <ItemName>פפסי קולה בקבוק 500 מ``ל</ItemName>
      <ManufactureName>טמפו משקאות בע`מ</ManufactureName>
      <ManufactureCountry />
      <ManufactureItemDescription />
      <UnitQty>'יח</UnitQty>
      <Quantity>5</Quantity>
      <UnitMeasure>ל-100 מ"ל</UnitMeasure>
      <BisWeighted>0</BisWeighted>
      <QtyInPackage>24</QtyInPackage>
      <ItemPrice>4.80</ItemPrice>
      <UnitOfMeasurePrice>0.90</UnitOfMeasurePrice>
      <AllowDiscount>1</AllowDiscount>
      <itemStatus>1</itemStatus>
      <LastUpdateDate />
      <LastUpdateTime />
    </Product>
    <Product>
      <PriceUpdateDate>2022/01/03 13:00</PriceUpdateDate>
      <ItemCode>7290010237548</ItemCode>
      <ItemType>1</ItemType>
      <ItemName>פפסי מקס בקבוק 500 מ``ל</ItemName>
      <ManufactureName>טמפו משקאות בע`מ</ManufactureName>
      <ManufactureCountry />
      <ManufactureItemDescription />
      <UnitQty>'יח</UnitQty>
      <Quantity>5</Quantity>
      <UnitMeasure>ל-100 מ"ל</UnitMeasure>
      <BisWeighted>0</BisWeighted>
      <QtyInPackage>24</QtyInPackage>
      <ItemPrice>4.80</ItemPrice>
      <UnitOfMeasurePrice>0.90</UnitOfMeasurePrice>
      <AllowDiscount>1</AllowDiscount>
      <itemStatus>1</itemStatus>
      <LastUpdateDate />
      <LastUpdateTime />
    </Product>
    <Product>
      <PriceUpdateDate>2022/01/03 13:00</PriceUpdateDate>
      <ItemCode>7290010237586</ItemCode>
      <ItemType>1</ItemType>
      <ItemName>משקה דיאט 7UP בקבוק 500 מ``ל</ItemName>
      <ManufactureName>טמפו משקאות בע`מ</ManufactureName>
      <ManufactureCountry />
      <ManufactureItemDescription />
      <UnitQty>'יח</UnitQty>
      <Quantity>5</Quantity>
      <UnitMeasure>ל-100 מ"ל</UnitMeasure>
      <BisWeighted>0</BisWeighted>
      <QtyInPackage>24</QtyInPackage>
      <ItemPrice>4.80</ItemPrice>
      <UnitOfMeasurePrice>0.90</UnitOfMeasurePrice>
      <AllowDiscount>1</AllowDiscount>
      <itemStatus>1</itemStatus>
      <LastUpdateDate />
      <LastUpdateTime />
    </Product>
    <Product>
      <PriceUpdateDate>2019/01/16 14:41</PriceUpdateDate>
      <ItemCode>10237685</ItemCode>
      <ItemType>0</ItemType>
      <ItemName>בירה הייניקן צואר ארוך 330 מ`ל</ItemName>
      <ManufactureName>טמפו משקאות בע`מ</ManufactureName>
      <ManufactureCountry />
      <ManufactureItemDescription />
      <UnitQty>'יח</UnitQty>
      <Quantity>3.30</Quantity>
      <UnitMeasure>ל-100 מ"ל</UnitMeasure>
      <BisWeighted>0</BisWeighted>
      <QtyInPackage>1</QtyInPackage>
      <ItemPrice>7.90</ItemPrice>
      <UnitOfMeasurePrice>2.30</UnitOfMeasurePrice>
      <AllowDiscount>0</AllowDiscount>
      <itemStatus>1</itemStatus>
      <LastUpdateDate />
      <LastUpdateTime />
    </Product>
    <Product>
      <PriceUpdateDate>2020/10/18 12:22</PriceUpdateDate>
      <ItemCode>10237890</ItemCode>
      <ItemType>0</ItemType>
      <ItemName>בירה היינקן בקבוק 500 מל</ItemName>
      <ManufactureName>טמפו משקאות בע`מ</ManufactureName>
      <ManufactureCountry />
      <ManufactureItemDescription />
      <UnitQty>'יח</UnitQty>
      <Quantity>5</Quantity>
      <UnitMeasure>ל-100 מ"ל</UnitMeasure>
      <BisWeighted>0</BisWeighted>
      <QtyInPackage>20</QtyInPackage>
      <ItemPrice>8.80</ItemPrice>
      <UnitOfMeasurePrice>1.52</UnitOfMeasurePrice>
      <AllowDiscount>1</AllowDiscount>
      <itemStatus>1</itemStatus>
      <LastUpdateDate />
      <LastUpdateTime />
    </Product>
    <Product>
      <PriceUpdateDate>2021/10/31 10:02</PriceUpdateDate>
      <ItemCode>10259359</ItemCode>
      <ItemType>0</ItemType>
      <ItemName>נודלס ביצים להקפצה 200 גרם</ItemName>
      <ManufactureName>ג. וילי-פוד אינטרנשיונל בע`מ</ManufactureName>
      <ManufactureCountry />
      <ManufactureItemDescription />
      <UnitQty>'יח</UnitQty>
      <Quantity>2</Quantity>
      <UnitMeasure>ל-100 גרם</UnitMeasure>
      <BisWeighted>0</BisWeighted>
      <QtyInPackage>24</QtyInPackage>
      <ItemPrice>4.90</ItemPrice>
      <UnitOfMeasurePrice>2.45</UnitOfMeasurePrice>
      <AllowDiscount>0</AllowDiscount>
      <itemStatus>1</itemStatus>
      <LastUpdateDate />
      <LastUpdateTime />
    </Product>
    <Product>
      <PriceUpdateDate>2021/10/31 10:02</PriceUpdateDate>
      <ItemCode>7290010259366</ItemCode>
      <ItemType>1</ItemType>
      <ItemName>אטריות ביצים מסולסלות 200 גרם</ItemName>
      <ManufactureName>ג. וילי-פוד אינטרנשיונל בע`מ</ManufactureName>
      <ManufactureCountry />
      <ManufactureItemDescription />
      <UnitQty>'יח</UnitQty>
      <Quantity>2</Quantity>
      <UnitMeasure>ל-100 גרם</UnitMeasure>
      <BisWeighted>0</BisWeighted>
      <QtyInPackage>24</QtyInPackage>
      <ItemPrice>4.90</ItemPrice>
      <UnitOfMeasurePrice>2.45</UnitOfMeasurePrice>
      <AllowDiscount>0</AllowDiscount>
      <itemStatus>1</itemStatus>
      <LastUpdateDate />
      <LastUpdateTime />
    </Product>
    <Product>
      <PriceUpdateDate>2019/07/03 08:47</PriceUpdateDate>
      <ItemCode>7290010259823</ItemCode>
      <ItemType>1</ItemType>
      <ItemName>מנת השף נודלס בטעם עוף 70 גרם</ItemName>
      <ManufactureName>ג. וילי-פוד אינטרנשיונל בע`מ</ManufactureName>
      <ManufactureCountry />
      <ManufactureItemDescription />
      <UnitQty>'יח</UnitQty>
      <Quantity>7</Quantity>
      <UnitMeasure>ל-100 גרם</UnitMeasure>
      <BisWeighted>0</BisWeighted>
      <QtyInPackage>1</QtyInPackage>
      <ItemPrice>4.90</ItemPrice>
      <UnitOfMeasurePrice>0.70</UnitOfMeasurePrice>
      <AllowDiscount>0</AllowDiscount>
      <itemStatus>1</itemStatus>
      <LastUpdateDate />
      <LastUpdateTime />
    </Product>
    <Product>
      <PriceUpdateDate>2019/07/03 08:47</PriceUpdateDate>
      <ItemCode>7290010259830</ItemCode>
      <ItemType>1</ItemType>
      <ItemName>מנת השף נודלס בסגנון סיני-פיקנטי 70ג</ItemName>
      <ManufactureName>ג. וילי-פוד אינטרנשיונל בע`מ</ManufactureName>
      <ManufactureCountry />
      <ManufactureItemDescription />
      <UnitQty>'יח</UnitQty>
      <Quantity>7</Quantity>
      <UnitMeasure>ל-100 גרם</UnitMeasure>
      <BisWeighted>0</BisWeighted>
      <QtyInPackage>1</QtyInPackage>
      <ItemPrice>4.90</ItemPrice>
      <UnitOfMeasurePrice>0.70</UnitOfMeasurePrice>
      <AllowDiscount>0</AllowDiscount>
      <itemStatus>1</itemStatus>
      <LastUpdateDate />
      <LastUpdateTime />
    </Product>
    <Product>
      <PriceUpdateDate>2022/01/30 11:41</PriceUpdateDate>
      <ItemCode>10259977</ItemCode>
      <ItemType>0</ItemType>
      <ItemName>שמן קנולה מזוכך 1 ליטר</ItemName>
      <ManufactureName>ג. וילי-פוד אינטרנשיונל בע`מ</ManufactureName>
      <ManufactureCountry />
      <ManufactureItemDescription />
      <UnitQty>'יח</UnitQty>
      <Quantity>10</Quantity>
      <UnitMeasure>ל-100 מ"ל</UnitMeasure>
      <BisWeighted>0</BisWeighted>
      <QtyInPackage>1</QtyInPackage>
      <ItemPrice>9.90</ItemPrice>
      <UnitOfMeasurePrice>0.99</UnitOfMeasurePrice>
      <AllowDiscount>0</AllowDiscount>
      <itemStatus>1</itemStatus>
      <LastUpdateDate />
      <LastUpdateTime />
    </Product>
    <Product>
      <PriceUpdateDate>2022/01/26 17:01</PriceUpdateDate>
      <ItemCode>7290010259991</ItemCode>
      <ItemType>1</ItemType>
      <ItemName>צנימים 250 גרם</ItemName>
      <ManufactureName>ג. וילי-פוד אינטרנשיונל בע`מ</ManufactureName>
      <ManufactureCountry />
      <ManufactureItemDescription />
      <UnitQty>'יח</UnitQty>
      <Quantity>2.50</Quantity>
      <UnitMeasure>ל-100 גרם</UnitMeasure>
      <BisWeighted>0</BisWeighted>
      <QtyInPackage>24</QtyInPackage>
      <ItemPrice>7.90</ItemPrice>
      <UnitOfMeasurePrice>3.16</UnitOfMeasurePrice>
      <AllowDiscount>0</AllowDiscount>
      <itemStatus>1</itemStatus>
      <LastUpdateDate />
      <LastUpdateTime />
    </Product>
    <Product>
      <PriceUpdateDate>2019/07/03 08:47</PriceUpdateDate>
      <ItemCode>7290010279227</ItemCode>
      <ItemType>1</ItemType>
      <ItemName>זיקוק 15 ס`מ 6 יח`</ItemName>
      <ManufactureName>שמחה זה אנחנו בע`מ</ManufactureName>
      <ManufactureCountry />
      <ManufactureItemDescription />
      <UnitQty>'יח</UnitQty>
      <Quantity>1</Quantity>
      <UnitMeasure />
      <BisWeighted>0</BisWeighted>
      <QtyInPackage>1</QtyInPackage>
      <ItemPrice>19.90</ItemPrice>
      <UnitOfMeasurePrice>19.90</UnitOfMeasurePrice>
      <AllowDiscount>0</AllowDiscount>
      <itemStatus>1</itemStatus>
      <LastUpdateDate />
      <LastUpdateTime />
    </Product>
    <Product>
      <PriceUpdateDate>2022/06/23 12:05</PriceUpdateDate>
      <ItemCode>10328093</ItemCode>
      <ItemType>0</ItemType>
      <ItemName>ממרח חלבה 400 גרם</ItemName>
      <ManufactureName>אחדות ביתחרושת לטחינה חלבה</ManufactureName>
      <ManufactureCountry />
      <ManufactureItemDescription />
      <UnitQty>'יח</UnitQty>
      <Quantity>4</Quantity>
      <UnitMeasure>ל-100 מ"ל</UnitMeasure>
      <BisWeighted>0</BisWeighted>
      <QtyInPackage>1</QtyInPackage>
      <ItemPrice>10.90</ItemPrice>
      <UnitOfMeasurePrice>2.73</UnitOfMeasurePrice>
      <AllowDiscount>0</AllowDiscount>
      <itemStatus>1</itemStatus>
      <LastUpdateDate />
      <LastUpdateTime />
    </Product>
    <Product>
      <PriceUpdateDate>2020/06/24 14:07</PriceUpdateDate>
      <ItemCode>7290010328239</ItemCode>
      <ItemType>1</ItemType>
      <ItemName>טחינה 500 גרם מתובלת</ItemName>
      <ManufactureName>אחדות ביתחרושת לטחינה חלבה</ManufactureName>
      <ManufactureCountry />
      <ManufactureItemDescription />
      <UnitQty>'יח</UnitQty>
      <Quantity>5</Quantity>
      <UnitMeasure>ל-100 גרם</UnitMeasure>
      <BisWeighted>0</BisWeighted>
      <QtyInPackage>1</QtyInPackage>
      <ItemPrice>11.90</ItemPrice>
      <UnitOfMeasurePrice>2.38</UnitOfMeasurePrice>
      <AllowDiscount>1</AllowDiscount>
      <itemStatus>1</itemStatus>
      <LastUpdateDate />
      <LastUpdateTime />
    </Product>
    <Product>
      <PriceUpdateDate>2022/07/01 13:42</PriceUpdateDate>
      <ItemCode>7290010328246</ItemCode>
      <ItemType>1</ItemType>
      <ItemName>טחינה משומשום מלא 500 גרם</ItemName>
      <ManufactureName>אחדות ביתחרושת לטחינה חלבה</ManufactureName>
      <ManufactureCountry />
      <ManufactureItemDescription />
      <UnitQty>'יח</UnitQty>
      <Quantity>5</Quantity>
      <UnitMeasure>ל-100 גרם</UnitMeasure>
      <BisWeighted>0</BisWeighted>
      <QtyInPackage>1</QtyInPackage>
      <ItemPrice>10.90</ItemPrice>
      <UnitOfMeasurePrice>2.18</UnitOfMeasurePrice>
      <AllowDiscount>1</AllowDiscount>
      <itemStatus>1</itemStatus>
      <LastUpdateDate />
      <LastUpdateTime />
    </Product>
    <Product>
      <PriceUpdateDate>2022/07/01 13:42</PriceUpdateDate>
      <ItemCode>7290010328253</ItemCode>
      <ItemType>1</ItemType>
      <ItemName>טחינה משומשום טבעי 500 גרם</ItemName>
      <ManufactureName>אחדות ביתחרושת לטחינה חלבה</ManufactureName>
      <ManufactureCountry />
      <ManufactureItemDescription />
      <UnitQty>'יח</UnitQty>
      <Quantity>5</Quantity>
      <UnitMeasure>ל-100 גרם</UnitMeasure>
      <BisWeighted>0</BisWeighted>
      <QtyInPackage>1</QtyInPackage>
      <ItemPrice>10.90</ItemPrice>
      <UnitOfMeasurePrice>2.18</UnitOfMeasurePrice>
      <AllowDiscount>1</AllowDiscount>
      <itemStatus>1</itemStatus>
      <LastUpdateDate />
      <LastUpdateTime />
    </Product>
    <Product>
      <PriceUpdateDate>2022/07/24 15:21</PriceUpdateDate>
      <ItemCode>10328345</ItemCode>
      <ItemType>0</ItemType>
      <ItemName>חלווה 50 גר` בקופסה</ItemName>
      <ManufactureName>אחדות ביתחרושת לטחינה חלבה</ManufactureName>
      <ManufactureCountry />
      <ManufactureItemDescription />
      <UnitQty>'יח</UnitQty>
      <Quantity>0.50</Quantity>
      <UnitMeasure>ל-100 גרם</UnitMeasure>
      <BisWeighted>0</BisWeighted>
      <QtyInPackage>1</QtyInPackage>
      <ItemPrice>1.50</ItemPrice>
      <UnitOfMeasurePrice>3</UnitOfMeasurePrice>
      <AllowDiscount>1</AllowDiscount>
      <itemStatus>1</itemStatus>
      <LastUpdateDate />
      <LastUpdateTime />
    </Product>
    <Product>
      <PriceUpdateDate>2019/07/03 08:47</PriceUpdateDate>
      <ItemCode>7290010328451</ItemCode>
      <ItemType>1</ItemType>
      <ItemName>חלוה עם פולי קקאו במגש 400 גר`</ItemName>
      <ManufactureName>אחדות ביתחרושת לטחינה חלבה</ManufactureName>
      <ManufactureCountry />
      <ManufactureItemDescription />
      <UnitQty>'יח</UnitQty>
      <Quantity>4</Quantity>
      <UnitMeasure>ל-100 גרם</UnitMeasure>
      <BisWeighted>0</BisWeighted>
      <QtyInPackage>1</QtyInPackage>
      <ItemPrice>12.90</ItemPrice>
      <UnitOfMeasurePrice>3.23</UnitOfMeasurePrice>
      <AllowDiscount>0</AllowDiscount>
      <itemStatus>1</itemStatus>
      <LastUpdateDate />
      <LastUpdateTime />
    </Product>
    <Product>
      <PriceUpdateDate>2022/01/03 13:00</PriceUpdateDate>
      <ItemCode>10328505</ItemCode>
      <ItemType>0</ItemType>
      <ItemName>חטיפי מיני חלווה ללא תוספת סוכר 15 יח</ItemName>
      <ManufactureName>אחדות ביתחרושת לטחינה חלבה</ManufactureName>
      <ManufactureCountry />
      <ManufactureItemDescription />
      <UnitQty>'יח</UnitQty>
      <Quantity>1.50</Quantity>
      <UnitMeasure>'יח</UnitMeasure>
      <BisWeighted>0</BisWeighted>
      <QtyInPackage>1</QtyInPackage>
      <ItemPrice>10.90</ItemPrice>
      <UnitOfMeasurePrice>7.27</UnitOfMeasurePrice>
      <AllowDiscount>1</AllowDiscount>
      <itemStatus>1</itemStatus>
      <LastUpdateDate />
      <LastUpdateTime />
    </Product>
    <Product>
      <PriceUpdateDate>2020/06/25 13:14</PriceUpdateDate>
      <ItemCode>10328710</ItemCode>
      <ItemType>0</ItemType>
      <ItemName>קצפיות במגש 180 גר`</ItemName>
      <ManufactureName>אחדות ביתחרושת לטחינה חלבה</ManufactureName>
      <ManufactureCountry />
      <ManufactureItemDescription />
      <UnitQty>'יח</UnitQty>
      <Quantity>4</Quantity>
      <UnitMeasure>ל-100 גרם</UnitMeasure>
      <BisWeighted>0</BisWeighted>
      <QtyInPackage>1</QtyInPackage>
      <ItemPrice>8.90</ItemPrice>
      <UnitOfMeasurePrice>2.23</UnitOfMeasurePrice>
      <AllowDiscount>0</AllowDiscount>
      <itemStatus>1</itemStatus>
      <LastUpdateDate />
      <LastUpdateTime />
    </Product>
    <Product>
      <PriceUpdateDate>2020/06/25 12:29</PriceUpdateDate>
      <ItemCode>10328727</ItemCode>
      <ItemType>0</ItemType>
      <ItemName>ממרח טחינה עם שוקולד 400 גר`</ItemName>
      <ManufactureName>אחדות ביתחרושת לטחינה חלבה</ManufactureName>
      <ManufactureCountry />
      <ManufactureItemDescription />
      <UnitQty>'יח</UnitQty>
      <Quantity>4</Quantity>
      <UnitMeasure>ל-100 מ"ל</UnitMeasure>
      <BisWeighted>0</BisWeighted>
      <QtyInPackage>1</QtyInPackage>
      <ItemPrice>11.90</ItemPrice>
      <UnitOfMeasurePrice>2.98</UnitOfMeasurePrice>
      <AllowDiscount>0</AllowDiscount>
      <itemStatus>1</itemStatus>
      <LastUpdateDate />
      <LastUpdateTime />
    </Product>
    <Product>
      <PriceUpdateDate>2020/06/25 12:29</PriceUpdateDate>
      <ItemCode>10328734</ItemCode>
      <ItemType>0</ItemType>
      <ItemName>ממרח טחינה עם סילאן 400 גר`</ItemName>
      <ManufactureName>אחדות ביתחרושת לטחינה חלבה</ManufactureName>
      <ManufactureCountry />
      <ManufactureItemDescription />
      <UnitQty>'יח</UnitQty>
      <Quantity>4</Quantity>
      <UnitMeasure>ל-100 מ"ל</UnitMeasure>
      <BisWeighted>0</BisWeighted>
      <QtyInPackage>1</QtyInPackage>
      <ItemPrice>11.90</ItemPrice>
      <UnitOfMeasurePrice>2.98</UnitOfMeasurePrice>
      <AllowDiscount>0</AllowDiscount>
      <itemStatus>1</itemStatus>
      <LastUpdateDate />
      <LastUpdateTime />
    </Product>
    <Product>
      <PriceUpdateDate>2022/07/24 15:21</PriceUpdateDate>
      <ItemCode>10328765</ItemCode>
      <ItemType>0</ItemType>
      <ItemName>חלווה 50 גר` שוקו וניל בקופסא</ItemName>
      <ManufactureName>אחדות ביתחרושת לטחינה חלבה</ManufactureName>
      <ManufactureCountry />
      <ManufactureItemDescription />
      <UnitQty>'יח</UnitQty>
      <Quantity>0.50</Quantity>
      <UnitMeasure>ל-100 גרם</UnitMeasure>
      <BisWeighted>0</BisWeighted>
      <QtyInPackage>1</QtyInPackage>
      <ItemPrice>1.50</ItemPrice>
      <UnitOfMeasurePrice>3</UnitOfMeasurePrice>
      <AllowDiscount>1</AllowDiscount>
      <itemStatus>1</itemStatus>
      <LastUpdateDate />
      <LastUpdateTime />
    </Product>
    <Product>
      <PriceUpdateDate>2019/07/03 08:47</PriceUpdateDate>
      <ItemCode>10429684</ItemCode>
      <ItemType>0</ItemType>
      <ItemName>מארז דבש 350 פרחי בר</ItemName>
      <ManufactureName>שטראוס גרופ בע`מ</ManufactureName>
      <ManufactureCountry />
      <ManufactureItemDescription />
      <UnitQty>'יח</UnitQty>
      <Quantity>7</Quantity>
      <UnitMeasure>ל-100 גרם</UnitMeasure>
      <BisWeighted>0</BisWeighted>
      <QtyInPackage>1</QtyInPackage>
      <ItemPrice>31.90</ItemPrice>
      <UnitOfMeasurePrice>4.56</UnitOfMeasurePrice>
      <AllowDiscount>1</AllowDiscount>
      <itemStatus>1</itemStatus>
      <LastUpdateDate />
      <LastUpdateTime />
    </Product>
    <Product>
      <PriceUpdateDate>2019/01/16 14:41</PriceUpdateDate>
      <ItemCode>7290010471669</ItemCode>
      <ItemType>1</ItemType>
      <ItemName>דנונה בר תות קורנפלקס 175מ`ל</ItemName>
      <ManufactureName>שטראוס גרופ בע`מ</ManufactureName>
      <ManufactureCountry />
      <ManufactureItemDescription />
      <UnitQty>'יח</UnitQty>
      <Quantity>1.75</Quantity>
      <UnitMeasure>ל-100 מ"ל</UnitMeasure>
      <BisWeighted>0</BisWeighted>
      <QtyInPackage>24</QtyInPackage>
      <ItemPrice>4.60</ItemPrice>
      <UnitOfMeasurePrice>2.63</UnitOfMeasurePrice>
      <AllowDiscount>0</AllowDiscount>
      <itemStatus>1</itemStatus>
      <LastUpdateDate />
      <LastUpdateTime />
    </Product>
    <Product>
      <PriceUpdateDate>2021/11/10 08:15</PriceUpdateDate>
      <ItemCode>10546633</ItemCode>
      <ItemType>0</ItemType>
      <ItemName>31גרנולה חמאת בוטנים מועשר בחלבון 350 גר</ItemName>
      <ManufactureName>גורי מוצרי צריכה 1991 בע`מ</ManufactureName>
      <ManufactureCountry />
      <ManufactureItemDescription />
      <UnitQty>'יח</UnitQty>
      <Quantity>3.50</Quantity>
      <UnitMeasure>ל-100 גרם</UnitMeasure>
      <BisWeighted>0</BisWeighted>
      <QtyInPackage>6</QtyInPackage>
      <ItemPrice>19.90</ItemPrice>
      <UnitOfMeasurePrice>5.69</UnitOfMeasurePrice>
      <AllowDiscount>0</AllowDiscount>
      <itemStatus>1</itemStatus>
      <LastUpdateDate />
      <LastUpdateTime />
    </Product>
    <Product>
      <PriceUpdateDate>2019/01/16 14:41</PriceUpdateDate>
      <ItemCode>7290010548514</ItemCode>
      <ItemType>1</ItemType>
      <ItemName>עשבי תיבול לבישול איטלקי 70 גרם</ItemName>
      <ManufactureName>קבוצת אסם סחר</ManufactureName>
      <ManufactureCountry />
      <ManufactureItemDescription />
      <UnitQty>'יח</UnitQty>
      <Quantity>0.70</Quantity>
      <UnitMeasure>ל-100 גרם</UnitMeasure>
      <BisWeighted>0</BisWeighted>
      <QtyInPackage>1</QtyInPackage>
      <ItemPrice>12.90</ItemPrice>
      <UnitOfMeasurePrice>18.43</UnitOfMeasurePrice>
      <AllowDiscount>0</AllowDiscount>
      <itemStatus>1</itemStatus>
      <LastUpdateDate />
      <LastUpdateTime />
    </Product>
    <Product>
      <PriceUpdateDate>2021/03/30 06:35</PriceUpdateDate>
      <ItemCode>10582037</ItemCode>
      <ItemType>0</ItemType>
      <ItemName>סוויט בייט פלפלונים</ItemName>
      <ManufactureName>ביכורי השדה הצפון בעמ` 1964</ManufactureName>
      <ManufactureCountry />
      <ManufactureItemDescription />
      <UnitQty>'יח</UnitQty>
      <Quantity>1</Quantity>
      <UnitMeasure />
      <BisWeighted>0</BisWeighted>
      <QtyInPackage>1</QtyInPackage>
      <ItemPrice>8.90</ItemPrice>
      <UnitOfMeasurePrice>8.90</UnitOfMeasurePrice>
      <AllowDiscount>0</AllowDiscount>
      <itemStatus>1</itemStatus>
      <LastUpdateDate />
      <LastUpdateTime />
    </Product>
    <Product>
      <PriceUpdateDate>2022/02/13 10:55</PriceUpdateDate>
      <ItemCode>10609550</ItemCode>
      <ItemType>0</ItemType>
      <ItemName>טרופית פקק 20 יח`</ItemName>
      <ManufactureName>דודו הדיל בעמ</ManufactureName>
      <ManufactureCountry />
      <ManufactureItemDescription />
      <UnitQty>'יח</UnitQty>
      <Quantity>20</Quantity>
      <UnitMeasure>ל-100 מ"ל</UnitMeasure>
      <BisWeighted>0</BisWeighted>
      <QtyInPackage>1</QtyInPackage>
      <ItemPrice>24.90</ItemPrice>
      <UnitOfMeasurePrice>1.25</UnitOfMeasurePrice>
      <AllowDiscount>0</AllowDiscount>
      <itemStatus>1</itemStatus>
      <LastUpdateDate />
      <LastUpdateTime />
    </Product>
    <Product>
      <PriceUpdateDate>2022/02/13 10:55</PriceUpdateDate>
      <ItemCode>7290010609727</ItemCode>
      <ItemType>1</ItemType>
      <ItemName>שלוקים פופס קידס 70  יח`</ItemName>
      <ManufactureName>דודו הדיל בעמ</ManufactureName>
      <ManufactureCountry />
      <ManufactureItemDescription />
      <UnitQty>'יח</UnitQty>
      <Quantity>1</Quantity>
      <UnitMeasure />
      <BisWeighted>0</BisWeighted>
      <QtyInPackage>1</QtyInPackage>
      <ItemPrice>13.90</ItemPrice>
      <UnitOfMeasurePrice>13.90</UnitOfMeasurePrice>
      <AllowDiscount>0</AllowDiscount>
      <itemStatus>1</itemStatus>
      <LastUpdateDate />
      <LastUpdateTime />
    </Product>
    <Product>
      <PriceUpdateDate>2022/02/13 10:55</PriceUpdateDate>
      <ItemCode>10609734</ItemCode>
      <ItemType>0</ItemType>
      <ItemName>אייס לי קרחונים להקפאה 8 יח` 800 מ"ל</ItemName>
      <ManufactureName>דודו הדיל בעמ</ManufactureName>
      <ManufactureCountry />
      <ManufactureItemDescription />
      <UnitQty>'יח</UnitQty>
      <Quantity>1</Quantity>
      <UnitMeasure />
      <BisWeighted>0</BisWeighted>
      <QtyInPackage>1</QtyInPackage>
      <ItemPrice>5.90</ItemPrice>
      <UnitOfMeasurePrice>5.90</UnitOfMeasurePrice>
      <AllowDiscount>1</AllowDiscount>
      <itemStatus>1</itemStatus>
      <LastUpdateDate />
      <LastUpdateTime />
    </Product>
    <Product>
      <PriceUpdateDate>2022/02/13 10:55</PriceUpdateDate>
      <ItemCode>7290010609871</ItemCode>
      <ItemType>1</ItemType>
      <ItemName>קרטון טרופיות ענבים 18 יחידות</ItemName>
      <ManufactureName>דודו הדיל בעמ</ManufactureName>
      <ManufactureCountry />
      <ManufactureItemDescription />
      <UnitQty>'יח</UnitQty>
      <Quantity>22.90</Quantity>
      <UnitMeasure>ל-100 מ"ל</UnitMeasure>
      <BisWeighted>0</BisWeighted>
      <QtyInPackage>1</QtyInPackage>
      <ItemPrice>16.90</ItemPrice>
      <UnitOfMeasurePrice>0.74</UnitOfMeasurePrice>
      <AllowDiscount>0</AllowDiscount>
      <itemStatus>1</itemStatus>
      <LastUpdateDate />
      <LastUpdateTime />
    </Product>
    <Product>
      <PriceUpdateDate>2021/07/25 15:01</PriceUpdateDate>
      <ItemCode>7290010627004</ItemCode>
      <ItemType>1</ItemType>
      <ItemName>טחינה ירושליים 500 גר`</ItemName>
      <ManufactureName>תה ויסוצקי בע`מ</ManufactureName>
      <ManufactureCountry />
      <ManufactureItemDescription />
      <UnitQty>'יח</UnitQty>
      <Quantity>5</Quantity>
      <UnitMeasure>ל-100 גרם</UnitMeasure>
      <BisWeighted>0</BisWeighted>
      <QtyInPackage>1</QtyInPackage>
      <ItemPrice>15.90</ItemPrice>
      <UnitOfMeasurePrice>3.18</UnitOfMeasurePrice>
      <AllowDiscount>1</AllowDiscount>
      <itemStatus>1</itemStatus>
      <LastUpdateDate />
      <LastUpdateTime />
    </Product>
    <Product>
      <PriceUpdateDate>2022/07/24 16:26</PriceUpdateDate>
      <ItemCode>7290010627844</ItemCode>
      <ItemType>1</ItemType>
      <ItemName>טחינה ירושליים 500 מלא</ItemName>
      <ManufactureName>תה ויסוצקי בע`מ</ManufactureName>
      <ManufactureCountry />
      <ManufactureItemDescription />
      <UnitQty>'יח</UnitQty>
      <Quantity>5</Quantity>
      <UnitMeasure>ל-100 גרם</UnitMeasure>
      <BisWeighted>0</BisWeighted>
      <QtyInPackage>1</QtyInPackage>
      <ItemPrice>15.90</ItemPrice>
      <UnitOfMeasurePrice>3.18</UnitOfMeasurePrice>
      <AllowDiscount>1</AllowDiscount>
      <itemStatus>1</itemStatus>
      <LastUpdateDate />
      <LastUpdateTime />
    </Product>
    <Product>
      <PriceUpdateDate>2021/03/30 06:35</PriceUpdateDate>
      <ItemCode>7290010650033</ItemCode>
      <ItemType>1</ItemType>
      <ItemName>בצלצלי שלוט מגשית 350 גר</ItemName>
      <ManufactureName>ביכורי השדה הצפון בעמ` 1964</ManufactureName>
      <ManufactureCountry />
      <ManufactureItemDescription />
      <UnitQty>'יח</UnitQty>
      <Quantity>1</Quantity>
      <UnitMeasure />
      <BisWeighted>0</BisWeighted>
      <QtyInPackage>1</QtyInPackage>
      <ItemPrice>12.90</ItemPrice>
      <UnitOfMeasurePrice>12.90</UnitOfMeasurePrice>
      <AllowDiscount>0</AllowDiscount>
      <itemStatus>1</itemStatus>
      <LastUpdateDate />
      <LastUpdateTime />
    </Product>
    <Product>
      <PriceUpdateDate>2020/03/15 19:26</PriceUpdateDate>
      <ItemCode>10650064</ItemCode>
      <ItemType>0</ItemType>
      <ItemName>פטריות יער מיובשות  חוות תקוע .</ItemName>
      <ManufactureName>ביכורי השדה הצפון בעמ` 1964</ManufactureName>
      <ManufactureCountry />
      <ManufactureItemDescription />
      <UnitQty>'יח</UnitQty>
      <Quantity>1</Quantity>
      <UnitMeasure />
      <BisWeighted>0</BisWeighted>
      <QtyInPackage>1</QtyInPackage>
      <ItemPrice>9.90</ItemPrice>
      <UnitOfMeasurePrice>9.90</UnitOfMeasurePrice>
      <AllowDiscount>0</AllowDiscount>
      <itemStatus>1</itemStatus>
      <LastUpdateDate />
      <LastUpdateTime />
    </Product>
    <Product>
      <PriceUpdateDate>2019/01/16 14:41</PriceUpdateDate>
      <ItemCode>10711123</ItemCode>
      <ItemType>0</ItemType>
      <ItemName>כריות מתכת רביעייה</ItemName>
      <ManufactureName>מ.א. יצור ויבוא מטליות בעמ`</ManufactureName>
      <ManufactureCountry />
      <ManufactureItemDescription />
      <UnitQty>'יח</UnitQty>
      <Quantity>1</Quantity>
      <UnitMeasure />
      <BisWeighted>0</BisWeighted>
      <QtyInPackage>1</QtyInPackage>
      <ItemPrice>6.90</ItemPrice>
      <UnitOfMeasurePrice>6.90</UnitOfMeasurePrice>
      <AllowDiscount>1</AllowDiscount>
      <itemStatus>1</itemStatus>
      <LastUpdateDate />
      <LastUpdateTime />
    </Product>
    <Product>
      <PriceUpdateDate>2022/05/16 09:46</PriceUpdateDate>
      <ItemCode>10711208</ItemCode>
      <ItemType>0</ItemType>
      <ItemName>גליל מטליות צהוב 40 יח`</ItemName>
      <ManufactureName>מ.א. יצור ויבוא מטליות בעמ`</ManufactureName>
      <ManufactureCountry />
      <ManufactureItemDescription />
      <UnitQty>'יח</UnitQty>
      <Quantity>1</Quantity>
      <UnitMeasure />
      <BisWeighted>0</BisWeighted>
      <QtyInPackage>1</QtyInPackage>
      <ItemPrice>16.90</ItemPrice>
      <UnitOfMeasurePrice>16.90</UnitOfMeasurePrice>
      <AllowDiscount>0</AllowDiscount>
      <itemStatus>1</itemStatus>
      <LastUpdateDate />
      <LastUpdateTime />
    </Product>
    <Product>
      <PriceUpdateDate>2019/07/03 08:47</PriceUpdateDate>
      <ItemCode>7290010711543</ItemCode>
      <ItemType>1</ItemType>
      <ItemName>כף אשפה+גומי</ItemName>
      <ManufactureName>ד.ג.ש ייבוא ושיווק בעמ</ManufactureName>
      <ManufactureCountry />
      <ManufactureItemDescription />
      <UnitQty>'יח</UnitQty>
      <Quantity>1</Quantity>
      <UnitMeasure />
      <BisWeighted>0</BisWeighted>
      <QtyInPackage>1</QtyInPackage>
      <ItemPrice>5.90</ItemPrice>
      <UnitOfMeasurePrice>5.90</UnitOfMeasurePrice>
      <AllowDiscount>0</AllowDiscount>
      <itemStatus>1</itemStatus>
      <LastUpdateDate />
      <LastUpdateTime />
    </Product>
    <Product>
      <PriceUpdateDate>2021/11/11 22:05</PriceUpdateDate>
      <ItemCode>7290010711901</ItemCode>
      <ItemType>1</ItemType>
      <ItemName>מיקרופייבר שלישייה לרצפה שייני</ItemName>
      <ManufactureName>מ.א. יצור ויבוא מטליות בעמ`</ManufactureName>
      <ManufactureCountry />
      <ManufactureItemDescription />
      <UnitQty>'יח</UnitQty>
      <Quantity>1</Quantity>
      <UnitMeasure />
      <BisWeighted>0</BisWeighted>
      <QtyInPackage>1</QtyInPackage>
      <ItemPrice>13.90</ItemPrice>
      <UnitOfMeasurePrice>13.90</UnitOfMeasurePrice>
      <AllowDiscount>0</AllowDiscount>
      <itemStatus>1</itemStatus>
      <LastUpdateDate />
      <LastUpdateTime />
    </Product>
    <Product>
      <PriceUpdateDate>2021/04/07 10:15</PriceUpdateDate>
      <ItemCode>7290010711918</ItemCode>
      <ItemType>1</ItemType>
      <ItemName>מיקרופייבר חמישייה לניקוי כללי</ItemName>
      <ManufactureName>מ.א. יצור ויבוא מטליות בעמ`</ManufactureName>
      <ManufactureCountry />
      <ManufactureItemDescription />
      <UnitQty>'יח</UnitQty>
      <Quantity>1</Quantity>
      <UnitMeasure />
      <BisWeighted>0</BisWeighted>
      <QtyInPackage>1</QtyInPackage>
      <ItemPrice>7.90</ItemPrice>
      <UnitOfMeasurePrice>7.90</UnitOfMeasurePrice>
      <AllowDiscount>1</AllowDiscount>
      <itemStatus>1</itemStatus>
      <LastUpdateDate />
      <LastUpdateTime />
    </Product>
    <Product>
      <PriceUpdateDate>2022/01/31 13:58</PriceUpdateDate>
      <ItemCode>10711932</ItemCode>
      <ItemType>0</ItemType>
      <ItemName>מארז 9 מטליות SHINY</ItemName>
      <ManufactureName>מ.א. יצור ויבוא מטליות בעמ`</ManufactureName>
      <ManufactureCountry />
      <ManufactureItemDescription />
      <UnitQty>'יח</UnitQty>
      <Quantity>1</Quantity>
      <UnitMeasure />
      <BisWeighted>0</BisWeighted>
      <QtyInPackage>1</QtyInPackage>
      <ItemPrice>7.90</ItemPrice>
      <UnitOfMeasurePrice>7.90</UnitOfMeasurePrice>
      <AllowDiscount>0</AllowDiscount>
      <itemStatus>1</itemStatus>
      <LastUpdateDate />
      <LastUpdateTime />
    </Product>
    <Product>
      <PriceUpdateDate>2020/09/30 20:18</PriceUpdateDate>
      <ItemCode>7290010766949</ItemCode>
      <ItemType>1</ItemType>
      <ItemName>ממרח תחתיות לארטישוק</ItemName>
      <ManufactureName>תה ויסוצקי בע`מ</ManufactureName>
      <ManufactureCountry />
      <ManufactureItemDescription />
      <UnitQty>'יח</UnitQty>
      <Quantity>1.80</Quantity>
      <UnitMeasure>ל-100 גרם</UnitMeasure>
      <BisWeighted>0</BisWeighted>
      <QtyInPackage>12</QtyInPackage>
      <ItemPrice>13.90</ItemPrice>
      <UnitOfMeasurePrice>7.72</UnitOfMeasurePrice>
      <AllowDiscount>1</AllowDiscount>
      <itemStatus>1</itemStatus>
      <LastUpdateDate />
      <LastUpdateTime />
    </Product>
    <Product>
      <PriceUpdateDate>2020/09/30 20:18</PriceUpdateDate>
      <ItemCode>7290010766956</ItemCode>
      <ItemType>1</ItemType>
      <ItemName>ממרח פלפלים קלויים</ItemName>
      <ManufactureName>תה ויסוצקי בע`מ</ManufactureName>
      <ManufactureCountry />
      <ManufactureItemDescription />
      <UnitQty>'יח</UnitQty>
      <Quantity>1</Quantity>
      <UnitMeasure />
      <BisWeighted>0</BisWeighted>
      <QtyInPackage>12</QtyInPackage>
      <ItemPrice>13.90</ItemPrice>
      <UnitOfMeasurePrice>13.90</UnitOfMeasurePrice>
      <AllowDiscount>1</AllowDiscount>
      <itemStatus>1</itemStatus>
      <LastUpdateDate />
      <LastUpdateTime />
    </Product>
    <Product>
      <PriceUpdateDate>2021/02/16 08:01</PriceUpdateDate>
      <ItemCode>7290010814695</ItemCode>
      <ItemType>1</ItemType>
      <ItemName>חופשי שוקולד מריר ללא סוכר 85 גרם</ItemName>
      <ManufactureName>כרמית תעשיות ממתקים בעמ</ManufactureName>
      <ManufactureCountry />
      <ManufactureItemDescription />
      <UnitQty>'יח</UnitQty>
      <Quantity>0.85</Quantity>
      <UnitMeasure />
      <BisWeighted>0</BisWeighted>
      <QtyInPackage>1</QtyInPackage>
      <ItemPrice>5.90</ItemPrice>
      <UnitOfMeasurePrice>6.94</UnitOfMeasurePrice>
      <AllowDiscount>0</AllowDiscount>
      <itemStatus>1</itemStatus>
      <LastUpdateDate />
      <LastUpdateTime />
    </Product>
    <Product>
      <PriceUpdateDate>2021/01/31 14:59</PriceUpdateDate>
      <ItemCode>7290010838424</ItemCode>
      <ItemType>1</ItemType>
      <ItemName>טואלט דאק נוזל לאסלה ירוק 2*750 מל</ItemName>
      <ManufactureName>דנאגיס בעמ</ManufactureName>
      <ManufactureCountry />
      <ManufactureItemDescription />
      <UnitQty>'יח</UnitQty>
      <Quantity>1.50</Quantity>
      <UnitMeasure>לליטר</UnitMeasure>
      <BisWeighted>0</BisWeighted>
      <QtyInPackage>1</QtyInPackage>
      <ItemPrice>18.90</ItemPrice>
      <UnitOfMeasurePrice>12.60</UnitOfMeasurePrice>
      <AllowDiscount>1</AllowDiscount>
      <itemStatus>1</itemStatus>
      <LastUpdateDate />
      <LastUpdateTime />
    </Product>
    <Product>
      <PriceUpdateDate>2019/01/16 14:41</PriceUpdateDate>
      <ItemCode>7290010839865</ItemCode>
      <ItemType>1</ItemType>
      <ItemName>רכז רימונים 320 גר`</ItemName>
      <ManufactureName>ג. וילי-פוד אינטרנשיונל בע`מ</ManufactureName>
      <ManufactureCountry />
      <ManufactureItemDescription />
      <UnitQty>'יח</UnitQty>
      <Quantity>3.20</Quantity>
      <UnitMeasure>ל-100 מ"ל</UnitMeasure>
      <BisWeighted>0</BisWeighted>
      <QtyInPackage>1</QtyInPackage>
      <ItemPrice>11.70</ItemPrice>
      <UnitOfMeasurePrice>3.66</UnitOfMeasurePrice>
      <AllowDiscount>0</AllowDiscount>
      <itemStatus>1</itemStatus>
      <LastUpdateDate />
      <LastUpdateTime />
    </Product>
    <Product>
      <PriceUpdateDate>2019/01/16 14:41</PriceUpdateDate>
      <ItemCode>7290010883042</ItemCode>
      <ItemType>1</ItemType>
      <ItemName>סנובון נוזלי לאסלה תות 750 מל</ItemName>
      <ManufactureName>החב. הדרומית לשיווק</ManufactureName>
      <ManufactureCountry />
      <ManufactureItemDescription />
      <UnitQty>'יח</UnitQty>
      <Quantity>7.50</Quantity>
      <UnitMeasure>ל-100 מ"ל</UnitMeasure>
      <BisWeighted>0</BisWeighted>
      <QtyInPackage>12</QtyInPackage>
      <ItemPrice>10.90</ItemPrice>
      <UnitOfMeasurePrice>1.45</UnitOfMeasurePrice>
      <AllowDiscount>1</AllowDiscount>
      <itemStatus>1</itemStatus>
      <LastUpdateDate />
      <LastUpdateTime />
    </Product>
    <Product>
      <PriceUpdateDate>2021/12/30 18:57</PriceUpdateDate>
      <ItemCode>7290010883356</ItemCode>
      <ItemType>1</ItemType>
      <ItemName>סושי כפפות אלוורה L</ItemName>
      <ManufactureName>החב. הדרומית לשיווק</ManufactureName>
      <ManufactureCountry />
      <ManufactureItemDescription />
      <UnitQty>'יח</UnitQty>
      <Quantity>1</Quantity>
      <UnitMeasure />
      <BisWeighted>0</BisWeighted>
      <QtyInPackage>1</QtyInPackage>
      <ItemPrice>10.90</ItemPrice>
      <UnitOfMeasurePrice>10.90</UnitOfMeasurePrice>
      <AllowDiscount>0</AllowDiscount>
      <itemStatus>1</itemStatus>
      <LastUpdateDate />
      <LastUpdateTime />
    </Product>
    <Product>
      <PriceUpdateDate>2021/12/30 18:57</PriceUpdateDate>
      <ItemCode>7290010883370</ItemCode>
      <ItemType>1</ItemType>
      <ItemName>סושי כפפות אלוורה M</ItemName>
      <ManufactureName>החב. הדרומית לשיווק</ManufactureName>
      <ManufactureCountry />
      <ManufactureItemDescription />
      <UnitQty>'יח</UnitQty>
      <Quantity>1</Quantity>
      <UnitMeasure />
      <BisWeighted>0</BisWeighted>
      <QtyInPackage>12</QtyInPackage>
      <ItemPrice>10.90</ItemPrice>
      <UnitOfMeasurePrice>10.90</UnitOfMeasurePrice>
      <AllowDiscount>0</AllowDiscount>
      <itemStatus>1</itemStatus>
      <LastUpdateDate />
      <LastUpdateTime />
    </Product>
    <Product>
      <PriceUpdateDate>2021/05/27 10:00</PriceUpdateDate>
      <ItemCode>10922888</ItemCode>
      <ItemType>0</ItemType>
      <ItemName>טחון בקר טהור 1 ק"ג אשפר</ItemName>
      <ManufactureName>בלדי בע`מ</ManufactureName>
      <ManufactureCountry />
      <ManufactureItemDescription />
      <UnitQty>'יח</UnitQty>
      <Quantity>10</Quantity>
      <UnitMeasure>ל-100 גרם</UnitMeasure>
      <BisWeighted>0</BisWeighted>
      <QtyInPackage>1</QtyInPackage>
      <ItemPrice>34.90</ItemPrice>
      <UnitOfMeasurePrice>3.49</UnitOfMeasurePrice>
      <AllowDiscount>0</AllowDiscount>
      <itemStatus>1</itemStatus>
      <LastUpdateDate />
      <LastUpdateTime />
    </Product>
    <Product>
      <PriceUpdateDate>2021/05/27 10:00</PriceUpdateDate>
      <ItemCode>10922895</ItemCode>
      <ItemType>0</ItemType>
      <ItemName>המבורגר בקר 400  גר`אשפר</ItemName>
      <ManufactureName>בלדי בע`מ</ManufactureName>
      <ManufactureCountry />
      <ManufactureItemDescription />
      <UnitQty>'יח</UnitQty>
      <Quantity>4</Quantity>
      <UnitMeasure>ל-100 גרם</UnitMeasure>
      <BisWeighted>0</BisWeighted>
      <QtyInPackage>1</QtyInPackage>
      <ItemPrice>13.90</ItemPrice>
      <UnitOfMeasurePrice>3.48</UnitOfMeasurePrice>
      <AllowDiscount>0</AllowDiscount>
      <itemStatus>1</itemStatus>
      <LastUpdateDate />
      <LastUpdateTime />
    </Product>
    <Product>
      <PriceUpdateDate>2021/05/27 10:00</PriceUpdateDate>
      <ItemCode>10922901</ItemCode>
      <ItemType>0</ItemType>
      <ItemName>קבב מזרחי 400  גר`אשפר</ItemName>
      <ManufactureName>בלדי בע`מ</ManufactureName>
      <ManufactureCountry />
      <ManufactureItemDescription />
      <UnitQty>'יח</UnitQty>
      <Quantity>10</Quantity>
      <UnitMeasure>ל-100 גרם</UnitMeasure>
      <BisWeighted>0</BisWeighted>
      <QtyInPackage>1</QtyInPackage>
      <ItemPrice>13.90</ItemPrice>
      <UnitOfMeasurePrice>1.39</UnitOfMeasurePrice>
      <AllowDiscount>0</AllowDiscount>
      <itemStatus>1</itemStatus>
      <LastUpdateDate />
      <LastUpdateTime />
    </Product>
    <Product>
      <PriceUpdateDate>2021/04/21 15:20</PriceUpdateDate>
      <ItemCode>10922949</ItemCode>
      <ItemType>0</ItemType>
      <ItemName>תות קפוא 250 גר` shake it</ItemName>
      <ManufactureName>בלדי בע`מ</ManufactureName>
      <ManufactureCountry />
      <ManufactureItemDescription />
      <UnitQty>'יח</UnitQty>
      <Quantity>2.50</Quantity>
      <UnitMeasure>ל-100 גרם</UnitMeasure>
      <BisWeighted>0</BisWeighted>
      <QtyInPackage>1</QtyInPackage>
      <ItemPrice>11.90</ItemPrice>
      <UnitOfMeasurePrice>4.76</UnitOfMeasurePrice>
      <AllowDiscount>1</AllowDiscount>
      <itemStatus>1</itemStatus>
      <LastUpdateDate />
      <LastUpdateTime />
    </Product>
    <Product>
      <PriceUpdateDate>2022/09/08 16:31</PriceUpdateDate>
      <ItemCode>7290010945450</ItemCode>
      <ItemType>1</ItemType>
      <ItemName>גבינה לבנה רכה מהדרין %3 250 גרם</ItemName>
      <ManufactureName>החברה המרכזית להפצה</ManufactureName>
      <ManufactureCountry />
      <ManufactureItemDescription />
      <UnitQty>'יח</UnitQty>
      <Quantity>2.50</Quantity>
      <UnitMeasure>ל-100 גרם</UnitMeasure>
      <BisWeighted>0</BisWeighted>
      <QtyInPackage>1</QtyInPackage>
      <ItemPrice>5</ItemPrice>
      <UnitOfMeasurePrice>2</UnitOfMeasurePrice>
      <AllowDiscount>0</AllowDiscount>
      <itemStatus>1</itemStatus>
      <LastUpdateDate />
      <LastUpdateTime />
    </Product>
    <Product>
      <PriceUpdateDate>2022/06/08 11:30</PriceUpdateDate>
      <ItemCode>7290011015862</ItemCode>
      <ItemType>1</ItemType>
      <ItemName>סירופ דיאט לימונענע 750 מל פיקדון</ItemName>
      <ManufactureName>החברה המרכזית להפצת משקאות בע`</ManufactureName>
      <ManufactureCountry />
      <ManufactureItemDescription />
      <UnitQty>'יח</UnitQty>
      <Quantity>7.50</Quantity>
      <UnitMeasure>ל-100 מ"ל</UnitMeasure>
      <BisWeighted>0</BisWeighted>
      <QtyInPackage>6</QtyInPackage>
      <ItemPrice>21.90</ItemPrice>
      <UnitOfMeasurePrice>2.88</UnitOfMeasurePrice>
      <AllowDiscount>0</AllowDiscount>
      <itemStatus>1</itemStatus>
      <LastUpdateDate />
      <LastUpdateTime />
    </Product>
    <Product>
      <PriceUpdateDate>2022/06/08 11:30</PriceUpdateDate>
      <ItemCode>7290011015985</ItemCode>
      <ItemType>1</ItemType>
      <ItemName>סירופ דיאט אננס 750 מל פיקדון</ItemName>
      <ManufactureName>החברה המרכזית להפצת משקאות בע`</ManufactureName>
      <ManufactureCountry />
      <ManufactureItemDescription />
      <UnitQty>'יח</UnitQty>
      <Quantity>7.50</Quantity>
      <UnitMeasure>ל-100 מ"ל</UnitMeasure>
      <BisWeighted>0</BisWeighted>
      <QtyInPackage>6</QtyInPackage>
      <ItemPrice>21.90</ItemPrice>
      <UnitOfMeasurePrice>2.88</UnitOfMeasurePrice>
      <AllowDiscount>0</AllowDiscount>
      <itemStatus>1</itemStatus>
      <LastUpdateDate />
      <LastUpdateTime />
    </Product>
    <Product>
      <PriceUpdateDate>2022/01/03 18:30</PriceUpdateDate>
      <ItemCode>11017866</ItemCode>
      <ItemType>0</ItemType>
      <ItemName>פחית ק`ק סילק 330 מ`ל</ItemName>
      <ManufactureName>החברה המרכזית להפצת משקאות בע`</ManufactureName>
      <ManufactureCountry />
      <ManufactureItemDescription />
      <UnitQty>'יח</UnitQty>
      <Quantity>3.30</Quantity>
      <UnitMeasure>ל-100 מ"ל</UnitMeasure>
      <BisWeighted>0</BisWeighted>
      <QtyInPackage>24</QtyInPackage>
      <ItemPrice>4.90</ItemPrice>
      <UnitOfMeasurePrice>1.39</UnitOfMeasurePrice>
      <AllowDiscount>1</AllowDiscount>
      <itemStatus>1</itemStatus>
      <LastUpdateDate />
      <LastUpdateTime />
    </Product>
    <Product>
      <PriceUpdateDate>2022/01/03 13:00</PriceUpdateDate>
      <ItemCode>11017873</ItemCode>
      <ItemType>0</ItemType>
      <ItemName>פחית זירו סליק 330 מ`ל</ItemName>
      <ManufactureName>החברה המרכזית להפצת משקאות בע`</ManufactureName>
      <ManufactureCountry />
      <ManufactureItemDescription />
      <UnitQty>'יח</UnitQty>
      <Quantity>3.30</Quantity>
      <UnitMeasure>ל-100 מ"ל</UnitMeasure>
      <BisWeighted>0</BisWeighted>
      <QtyInPackage>24</QtyInPackage>
      <ItemPrice>4.20</ItemPrice>
      <UnitOfMeasurePrice>1.18</UnitOfMeasurePrice>
      <AllowDiscount>1</AllowDiscount>
      <itemStatus>1</itemStatus>
      <LastUpdateDate />
      <LastUpdateTime />
    </Product>
    <Product>
      <PriceUpdateDate>2022/01/03 18:30</PriceUpdateDate>
      <ItemCode>11017880</ItemCode>
      <ItemType>0</ItemType>
      <ItemName>פחית דיאט קוק סליק 330 מ`ל</ItemName>
      <ManufactureName>החברה המרכזית להפצת משקאות בע`</ManufactureName>
      <ManufactureCountry />
      <ManufactureItemDescription />
      <UnitQty>'יח</UnitQty>
      <Quantity>3.30</Quantity>
      <UnitMeasure>ל-100 מ"ל</UnitMeasure>
      <BisWeighted>0</BisWeighted>
      <QtyInPackage>24</QtyInPackage>
      <ItemPrice>4.90</ItemPrice>
      <UnitOfMeasurePrice>1.39</UnitOfMeasurePrice>
      <AllowDiscount>1</AllowDiscount>
      <itemStatus>1</itemStatus>
      <LastUpdateDate />
      <LastUpdateTime />
    </Product>
    <Product>
      <PriceUpdateDate>2022/01/03 13:00</PriceUpdateDate>
      <ItemCode>11018443</ItemCode>
      <ItemType>0</ItemType>
      <ItemName>פחית פנטה אורנג` סילק 330 מ`ל</ItemName>
      <ManufactureName>החברה המרכזית להפצת משקאות בע`</ManufactureName>
      <ManufactureCountry />
      <ManufactureItemDescription />
      <UnitQty>'יח</UnitQty>
      <Quantity>3.30</Quantity>
      <UnitMeasure>ל-100 מ"ל</UnitMeasure>
      <BisWeighted>0</BisWeighted>
      <QtyInPackage>24</QtyInPackage>
      <ItemPrice>4.20</ItemPrice>
      <UnitOfMeasurePrice>1.18</UnitOfMeasurePrice>
      <AllowDiscount>1</AllowDiscount>
      <itemStatus>1</itemStatus>
      <LastUpdateDate />
      <LastUpdateTime />
    </Product>
    <Product>
      <PriceUpdateDate>2019/06/30 20:17</PriceUpdateDate>
      <ItemCode>7290011026066</ItemCode>
      <ItemType>1</ItemType>
      <ItemName>סרקל שמפו ומרכך שיער לילדים 1 ליטר</ItemName>
      <ManufactureName>פישר תעשיות פרמצבטיות בע"מ</ManufactureName>
      <ManufactureCountry />
      <ManufactureItemDescription />
      <UnitQty>'יח</UnitQty>
      <Quantity>10</Quantity>
      <UnitMeasure>ל-100 מ"ל</UnitMeasure>
      <BisWeighted>0</BisWeighted>
      <QtyInPackage>1</QtyInPackage>
      <ItemPrice>27.90</ItemPrice>
      <UnitOfMeasurePrice>2.79</UnitOfMeasurePrice>
      <AllowDiscount>1</AllowDiscount>
      <itemStatus>1</itemStatus>
      <LastUpdateDate />
      <LastUpdateTime />
    </Product>
    <Product>
      <PriceUpdateDate>2022/03/25 14:51</PriceUpdateDate>
      <ItemCode>11065416</ItemCode>
      <ItemType>0</ItemType>
      <ItemName>פלפל שחור מטחנה 60 גר`</ItemName>
      <ManufactureName>א.ל. ייצור ושיווק תבלינים בע`מ</ManufactureName>
      <ManufactureCountry />
      <ManufactureItemDescription />
      <UnitQty>'יח</UnitQty>
      <Quantity>6</Quantity>
      <UnitMeasure>ל-100 גרם</UnitMeasure>
      <BisWeighted>0</BisWeighted>
      <QtyInPackage>1</QtyInPackage>
      <ItemPrice>17.90</ItemPrice>
      <UnitOfMeasurePrice>2.98</UnitOfMeasurePrice>
      <AllowDiscount>0</AllowDiscount>
      <itemStatus>1</itemStatus>
      <LastUpdateDate />
      <LastUpdateTime />
    </Product>
    <Product>
      <PriceUpdateDate>2022/03/25 14:51</PriceUpdateDate>
      <ItemCode>11065423</ItemCode>
      <ItemType>0</ItemType>
      <ItemName>מלח ים מטחנה 130 גר`</ItemName>
      <ManufactureName>א.ל. ייצור ושיווק תבלינים בע`מ</ManufactureName>
      <ManufactureCountry />
      <ManufactureItemDescription />
      <UnitQty>'יח</UnitQty>
      <Quantity>1.30</Quantity>
      <UnitMeasure>ל-100 גרם</UnitMeasure>
      <BisWeighted>0</BisWeighted>
      <QtyInPackage>1</QtyInPackage>
      <ItemPrice>17.90</ItemPrice>
      <UnitOfMeasurePrice>13.77</UnitOfMeasurePrice>
      <AllowDiscount>0</AllowDiscount>
      <itemStatus>1</itemStatus>
      <LastUpdateDate />
      <LastUpdateTime />
    </Product>
    <Product>
      <PriceUpdateDate>2021/04/26 13:36</PriceUpdateDate>
      <ItemCode>7290011081690</ItemCode>
      <ItemType>1</ItemType>
      <ItemName>קרמיסימו פרווה שוקו צ`יפ וניל צ`יפ1.</ItemName>
      <ManufactureName>שטראוס גלידות</ManufactureName>
      <ManufactureCountry />
      <ManufactureItemDescription />
      <UnitQty>'יח</UnitQty>
      <Quantity>13.30</Quantity>
      <UnitMeasure>ל-100 מ"ל</UnitMeasure>
      <BisWeighted>0</BisWeighted>
      <QtyInPackage>1</QtyInPackage>
      <ItemPrice>19.90</ItemPrice>
      <UnitOfMeasurePrice>1.50</UnitOfMeasurePrice>
      <AllowDiscount>1</AllowDiscount>
      <itemStatus>1</itemStatus>
      <LastUpdateDate />
      <LastUpdateTime />
    </Product>
    <Product>
      <PriceUpdateDate>2019/01/16 14:41</PriceUpdateDate>
      <ItemCode>11091453</ItemCode>
      <ItemType>0</ItemType>
      <ItemName>כוסברה טחון 100 גר`</ItemName>
      <ManufactureName>תבלינים חיים לחיים טובים בעמ`</ManufactureName>
      <ManufactureCountry />
      <ManufactureItemDescription />
      <UnitQty>'יח</UnitQty>
      <Quantity>1</Quantity>
      <UnitMeasure />
      <BisWeighted>0</BisWeighted>
      <QtyInPackage>1</QtyInPackage>
      <ItemPrice>14.90</ItemPrice>
      <UnitOfMeasurePrice>14.90</UnitOfMeasurePrice>
      <AllowDiscount>0</AllowDiscount>
      <itemStatus>1</itemStatus>
      <LastUpdateDate />
      <LastUpdateTime />
    </Product>
    <Product>
      <PriceUpdateDate>2019/01/16 14:41</PriceUpdateDate>
      <ItemCode>11091590</ItemCode>
      <ItemType>0</ItemType>
      <ItemName>פפריקה חריפה 150 גר`</ItemName>
      <ManufactureName>תבלינים חיים לחיים טובים בעמ`</ManufactureName>
      <ManufactureCountry />
      <ManufactureItemDescription />
      <UnitQty>'יח</UnitQty>
      <Quantity>1.20</Quantity>
      <UnitMeasure>ל-100 גרם</UnitMeasure>
      <BisWeighted>0</BisWeighted>
      <QtyInPackage>1</QtyInPackage>
      <ItemPrice>14.90</ItemPrice>
      <UnitOfMeasurePrice>12.42</UnitOfMeasurePrice>
      <AllowDiscount>0</AllowDiscount>
      <itemStatus>1</itemStatus>
      <LastUpdateDate />
      <LastUpdateTime />
    </Product>
    <Product>
      <PriceUpdateDate>2022/01/17 20:43</PriceUpdateDate>
      <ItemCode>11115159</ItemCode>
      <ItemType>0</ItemType>
      <ItemName>נקה 7 סבון מועשר בלחות 4*100 גרם</ItemName>
      <ManufactureName>החב. הדרומית לשיווק</ManufactureName>
      <ManufactureCountry />
      <ManufactureItemDescription />
      <UnitQty>'יח</UnitQty>
      <Quantity>4</Quantity>
      <UnitMeasure>ל-100 גרם</UnitMeasure>
      <BisWeighted>0</BisWeighted>
      <QtyInPackage>12</QtyInPackage>
      <ItemPrice>10.90</ItemPrice>
      <UnitOfMeasurePrice>2.73</UnitOfMeasurePrice>
      <AllowDiscount>0</AllowDiscount>
      <itemStatus>1</itemStatus>
      <LastUpdateDate />
      <LastUpdateTime />
    </Product>
    <Product>
      <PriceUpdateDate>2022/01/17 20:43</PriceUpdateDate>
      <ItemCode>11115166</ItemCode>
      <ItemType>0</ItemType>
      <ItemName>נקה תחליב ירוק אלוורה 1 ל`</ItemName>
      <ManufactureName>החב. הדרומית לשיווק</ManufactureName>
      <ManufactureCountry />
      <ManufactureItemDescription />
      <UnitQty>'יח</UnitQty>
      <Quantity>10</Quantity>
      <UnitMeasure>לליטר</UnitMeasure>
      <BisWeighted>0</BisWeighted>
      <QtyInPackage>12</QtyInPackage>
      <ItemPrice>13.90</ItemPrice>
      <UnitOfMeasurePrice>1.39</UnitOfMeasurePrice>
      <AllowDiscount>0</AllowDiscount>
      <itemStatus>1</itemStatus>
      <LastUpdateDate />
      <LastUpdateTime />
    </Product>
    <Product>
      <PriceUpdateDate>2022/01/17 20:43</PriceUpdateDate>
      <ItemCode>11115173</ItemCode>
      <ItemType>0</ItemType>
      <ItemName>נקה 7 ארומה סבון נוזלי וניל שקד 1ליט</ItemName>
      <ManufactureName>החב. הדרומית לשיווק</ManufactureName>
      <ManufactureCountry />
      <ManufactureItemDescription />
      <UnitQty>'יח</UnitQty>
      <Quantity>10</Quantity>
      <UnitMeasure>לליטר</UnitMeasure>
      <BisWeighted>0</BisWeighted>
      <QtyInPackage>12</QtyInPackage>
      <ItemPrice>13.90</ItemPrice>
      <UnitOfMeasurePrice>1.39</UnitOfMeasurePrice>
      <AllowDiscount>0</AllowDiscount>
      <itemStatus>1</itemStatus>
      <LastUpdateDate />
      <LastUpdateTime />
    </Product>
    <Product>
      <PriceUpdateDate>2022/01/17 20:43</PriceUpdateDate>
      <ItemCode>11115272</ItemCode>
      <ItemType>0</ItemType>
      <ItemName>סבון נקה 7 מוצק ירוק מועשר 4*100 גרם</ItemName>
      <ManufactureName>החב. הדרומית לשיווק</ManufactureName>
      <ManufactureCountry />
      <ManufactureItemDescription />
      <UnitQty>'יח</UnitQty>
      <Quantity>4</Quantity>
      <UnitMeasure>ל-100 גרם</UnitMeasure>
      <BisWeighted>0</BisWeighted>
      <QtyInPackage>12</QtyInPackage>
      <ItemPrice>10.90</ItemPrice>
      <UnitOfMeasurePrice>2.73</UnitOfMeasurePrice>
      <AllowDiscount>0</AllowDiscount>
      <itemStatus>1</itemStatus>
      <LastUpdateDate />
      <LastUpdateTime />
    </Product>
    <Product>
      <PriceUpdateDate>2022/01/17 20:43</PriceUpdateDate>
      <ItemCode>11115289</ItemCode>
      <ItemType>0</ItemType>
      <ItemName>סבון נקה 7 ורוד לילך 4*100 גרם</ItemName>
      <ManufactureName>החב. הדרומית לשיווק</ManufactureName>
      <ManufactureCountry />
      <ManufactureItemDescription />
      <UnitQty>'יח</UnitQty>
      <Quantity>4</Quantity>
      <UnitMeasure>ל-100 גרם</UnitMeasure>
      <BisWeighted>0</BisWeighted>
      <QtyInPackage>1</QtyInPackage>
      <ItemPrice>10.90</ItemPrice>
      <UnitOfMeasurePrice>2.73</UnitOfMeasurePrice>
      <AllowDiscount>0</AllowDiscount>
      <itemStatus>1</itemStatus>
      <LastUpdateDate />
      <LastUpdateTime />
    </Product>
    <Product>
      <PriceUpdateDate>2022/01/17 20:43</PriceUpdateDate>
      <ItemCode>11115296</ItemCode>
      <ItemType>0</ItemType>
      <ItemName>סבון נקה 7 שחור מועשר 4*100 גרם</ItemName>
      <ManufactureName>החב. הדרומית לשיווק</ManufactureName>
      <ManufactureCountry />
      <ManufactureItemDescription />
      <UnitQty>'יח</UnitQty>
      <Quantity>4</Quantity>
      <UnitMeasure>ל-100 גרם</UnitMeasure>
      <BisWeighted>0</BisWeighted>
      <QtyInPackage>12</QtyInPackage>
      <ItemPrice>10.90</ItemPrice>
      <UnitOfMeasurePrice>2.73</UnitOfMeasurePrice>
      <AllowDiscount>0</AllowDiscount>
      <itemStatus>1</itemStatus>
      <LastUpdateDate />
      <LastUpdateTime />
    </Product>
    <Product>
      <PriceUpdateDate>2022/01/17 20:43</PriceUpdateDate>
      <ItemCode>11115401</ItemCode>
      <ItemType>0</ItemType>
      <ItemName>סבון נקה 7 ארומה קמומיל 4*100 גרם</ItemName>
      <ManufactureName>החב. הדרומית לשיווק</ManufactureName>
      <ManufactureCountry />
      <ManufactureItemDescription />
      <UnitQty>'יח</UnitQty>
      <Quantity>4</Quantity>
      <UnitMeasure>ל-100 גרם</UnitMeasure>
      <BisWeighted>0</BisWeighted>
      <QtyInPackage>12</QtyInPackage>
      <ItemPrice>10.90</ItemPrice>
      <UnitOfMeasurePrice>2.73</UnitOfMeasurePrice>
      <AllowDiscount>0</AllowDiscount>
      <itemStatus>1</itemStatus>
      <LastUpdateDate />
      <LastUpdateTime />
    </Product>
    <Product>
      <PriceUpdateDate>2019/07/03 08:47</PriceUpdateDate>
      <ItemCode>7290011126957</ItemCode>
      <ItemType>1</ItemType>
      <ItemName>תה ירוק ארל גריי 25שק`*1.5 גרם</ItemName>
      <ManufactureName>תה ויסוצקי בע`מ</ManufactureName>
      <ManufactureCountry />
      <ManufactureItemDescription />
      <UnitQty>'יח</UnitQty>
      <Quantity>0.3750</Quantity>
      <UnitMeasure>ל-100 גרם</UnitMeasure>
      <BisWeighted>0</BisWeighted>
      <QtyInPackage>1</QtyInPackage>
      <ItemPrice>22.90</ItemPrice>
      <UnitOfMeasurePrice>61.07</UnitOfMeasurePrice>
      <AllowDiscount>1</AllowDiscount>
      <itemStatus>1</itemStatus>
      <LastUpdateDate />
      <LastUpdateTime />
    </Product>
    <Product>
      <PriceUpdateDate>2021/02/04 07:36</PriceUpdateDate>
      <ItemCode>11128043</ItemCode>
      <ItemType>0</ItemType>
      <ItemName>שורש פטרוזליה</ItemName>
      <ManufactureName>ביכורי השדה הצפון בעמ` 1964</ManufactureName>
      <ManufactureCountry />
      <ManufactureItemDescription />
      <UnitQty>'יח</UnitQty>
      <Quantity>1</Quantity>
      <UnitMeasure />
      <BisWeighted>0</BisWeighted>
      <QtyInPackage>1</QtyInPackage>
      <ItemPrice>4.90</ItemPrice>
      <UnitOfMeasurePrice>4.90</UnitOfMeasurePrice>
      <AllowDiscount>0</AllowDiscount>
      <itemStatus>1</itemStatus>
      <LastUpdateDate />
      <LastUpdateTime />
    </Product>
    <Product>
      <PriceUpdateDate>2019/01/16 14:41</PriceUpdateDate>
      <ItemCode>11148898</ItemCode>
      <ItemType>0</ItemType>
      <ItemName>ברוקלי יח`</ItemName>
      <ManufactureName>ביכורי השדה הצפון בעמ` 1964</ManufactureName>
      <ManufactureCountry />
      <ManufactureItemDescription />
      <UnitQty>'יח</UnitQty>
      <Quantity>1</Quantity>
      <UnitMeasure />
      <BisWeighted>0</BisWeighted>
      <QtyInPackage>1</QtyInPackage>
      <ItemPrice>9.90</ItemPrice>
      <UnitOfMeasurePrice>9.90</UnitOfMeasurePrice>
      <AllowDiscount>0</AllowDiscount>
      <itemStatus>1</itemStatus>
      <LastUpdateDate />
      <LastUpdateTime />
    </Product>
    <Product>
      <PriceUpdateDate>2019/06/05 08:47</PriceUpdateDate>
      <ItemCode>11148904</ItemCode>
      <ItemType>0</ItemType>
      <ItemName>צ`ילי חריף</ItemName>
      <ManufactureName>ביכורי השדה הצפון בעמ` 1964</ManufactureName>
      <ManufactureCountry />
      <ManufactureItemDescription />
      <UnitQty>'יח</UnitQty>
      <Quantity>1</Quantity>
      <UnitMeasure />
      <BisWeighted>0</BisWeighted>
      <QtyInPackage>1</QtyInPackage>
      <ItemPrice>7.90</ItemPrice>
      <UnitOfMeasurePrice>7.90</UnitOfMeasurePrice>
      <AllowDiscount>0</AllowDiscount>
      <itemStatus>1</itemStatus>
      <LastUpdateDate />
      <LastUpdateTime />
    </Product>
    <Product>
      <PriceUpdateDate>2021/03/30 06:35</PriceUpdateDate>
      <ItemCode>11148911</ItemCode>
      <ItemType>0</ItemType>
      <ItemName>פלפל טינקרבל</ItemName>
      <ManufactureName>ביכורי השדה הצפון בעמ` 1964</ManufactureName>
      <ManufactureCountry />
      <ManufactureItemDescription />
      <UnitQty>'יח</UnitQty>
      <Quantity>1</Quantity>
      <UnitMeasure />
      <BisWeighted>0</BisWeighted>
      <QtyInPackage>1</QtyInPackage>
      <ItemPrice>8.90</ItemPrice>
      <UnitOfMeasurePrice>8.90</UnitOfMeasurePrice>
      <AllowDiscount>0</AllowDiscount>
      <itemStatus>1</itemStatus>
      <LastUpdateDate />
      <LastUpdateTime />
    </Product>
    <Product>
      <PriceUpdateDate>2019/01/16 14:41</PriceUpdateDate>
      <ItemCode>11148935</ItemCode>
      <ItemType>0</ItemType>
      <ItemName>מלפפון מיני</ItemName>
      <ManufactureName>ביכורי השדה הצפון בעמ` 1964</ManufactureName>
      <ManufactureCountry />
      <ManufactureItemDescription />
      <UnitQty>'יח</UnitQty>
      <Quantity>1</Quantity>
      <UnitMeasure />
      <BisWeighted>0</BisWeighted>
      <QtyInPackage>1</QtyInPackage>
      <ItemPrice>9.90</ItemPrice>
      <UnitOfMeasurePrice>9.90</UnitOfMeasurePrice>
      <AllowDiscount>0</AllowDiscount>
      <itemStatus>1</itemStatus>
      <LastUpdateDate />
      <LastUpdateTime />
    </Product>
    <Product>
      <PriceUpdateDate>2019/01/16 14:41</PriceUpdateDate>
      <ItemCode>11154134</ItemCode>
      <ItemType>0</ItemType>
      <ItemName>סילאן 900 גרם</ItemName>
      <ManufactureName>ח.כהן סוכנות מזון ומשקאות</ManufactureName>
      <ManufactureCountry />
      <ManufactureItemDescription />
      <UnitQty>'יח</UnitQty>
      <Quantity>9</Quantity>
      <UnitMeasure>ל-100 גרם</UnitMeasure>
      <BisWeighted>0</BisWeighted>
      <QtyInPackage>1</QtyInPackage>
      <ItemPrice>12.90</ItemPrice>
      <UnitOfMeasurePrice>1.43</UnitOfMeasurePrice>
      <AllowDiscount>0</AllowDiscount>
      <itemStatus>1</itemStatus>
      <LastUpdateDate />
      <LastUpdateTime />
    </Product>
    <Product>
      <PriceUpdateDate>2020/10/18 12:22</PriceUpdateDate>
      <ItemCode>11174897</ItemCode>
      <ItemType>0</ItemType>
      <ItemName>אפונה עדינה 600 גר`</ItemName>
      <ManufactureName>ויטה פרי גליל (החדשה) בע`מ</ManufactureName>
      <ManufactureCountry />
      <ManufactureItemDescription />
      <UnitQty>'יח</UnitQty>
      <Quantity>8</Quantity>
      <UnitMeasure>ל-100 גרם</UnitMeasure>
      <BisWeighted>0</BisWeighted>
      <QtyInPackage>1</QtyInPackage>
      <ItemPrice>12.90</ItemPrice>
      <UnitOfMeasurePrice>1.61</UnitOfMeasurePrice>
      <AllowDiscount>0</AllowDiscount>
      <itemStatus>1</itemStatus>
      <LastUpdateDate />
      <LastUpdateTime />
    </Product>
    <Product>
      <PriceUpdateDate>2019/01/16 14:41</PriceUpdateDate>
      <ItemCode>7290011194215</ItemCode>
      <ItemType>1</ItemType>
      <ItemName>גבינה דניאלה בננה 5% 100 גרם</ItemName>
      <ManufactureName>שטראוס גרופ בע`מ</ManufactureName>
      <ManufactureCountry />
      <ManufactureItemDescription />
      <UnitQty>'יח</UnitQty>
      <Quantity>1.50</Quantity>
      <UnitMeasure>ל-100 מ"ל</UnitMeasure>
      <BisWeighted>0</BisWeighted>
      <QtyInPackage>24</QtyInPackage>
      <ItemPrice>4.30</ItemPrice>
      <UnitOfMeasurePrice>2.87</UnitOfMeasurePrice>
      <AllowDiscount>0</AllowDiscount>
      <itemStatus>1</itemStatus>
      <LastUpdateDate />
      <LastUpdateTime />
    </Product>
    <Product>
      <PriceUpdateDate>2019/07/03 08:47</PriceUpdateDate>
      <ItemCode>7290011194246</ItemCode>
      <ItemType>1</ItemType>
      <ItemName> קוטג`שטראוס 5% 250 גרם</ItemName>
      <ManufactureName>שטראוס גרופ בע`מ</ManufactureName>
      <ManufactureCountry />
      <ManufactureItemDescription />
      <UnitQty>'יח</UnitQty>
      <Quantity>2.50</Quantity>
      <UnitMeasure>ל-100 גרם</UnitMeasure>
      <BisWeighted>0</BisWeighted>
      <QtyInPackage>12</QtyInPackage>
      <ItemPrice>5.90</ItemPrice>
      <UnitOfMeasurePrice>2.36</UnitOfMeasurePrice>
      <AllowDiscount>0</AllowDiscount>
      <itemStatus>1</itemStatus>
      <LastUpdateDate />
      <LastUpdateTime />
    </Product>
    <Product>
      <PriceUpdateDate>2021/01/31 14:59</PriceUpdateDate>
      <ItemCode>7290011223038</ItemCode>
      <ItemType>1</ItemType>
      <ItemName>עלים לקרמשניט 300 גרם</ItemName>
      <ManufactureName>דנאגיס בעמ</ManufactureName>
      <ManufactureCountry />
      <ManufactureItemDescription />
      <UnitQty>'יח</UnitQty>
      <Quantity>3</Quantity>
      <UnitMeasure>ל-100 גרם</UnitMeasure>
      <BisWeighted>0</BisWeighted>
      <QtyInPackage>1</QtyInPackage>
      <ItemPrice>17.90</ItemPrice>
      <UnitOfMeasurePrice>5.97</UnitOfMeasurePrice>
      <AllowDiscount>0</AllowDiscount>
      <itemStatus>1</itemStatus>
      <LastUpdateDate />
      <LastUpdateTime />
    </Product>
    <Product>
      <PriceUpdateDate>2021/01/31 14:59</PriceUpdateDate>
      <ItemCode>7290011223045</ItemCode>
      <ItemType>1</ItemType>
      <ItemName>בישקוטים 200 ג`ר</ItemName>
      <ManufactureName>דנאגיס בעמ</ManufactureName>
      <ManufactureCountry />
      <ManufactureItemDescription />
      <UnitQty>'יח</UnitQty>
      <Quantity>2</Quantity>
      <UnitMeasure>ל-100 גרם</UnitMeasure>
      <BisWeighted>0</BisWeighted>
      <QtyInPackage>1</QtyInPackage>
      <ItemPrice>6.90</ItemPrice>
      <UnitOfMeasurePrice>3.45</UnitOfMeasurePrice>
      <AllowDiscount>0</AllowDiscount>
      <itemStatus>1</itemStatus>
      <LastUpdateDate />
      <LastUpdateTime />
    </Product>
    <Product>
      <PriceUpdateDate>2022/01/23 20:23</PriceUpdateDate>
      <ItemCode>7290011223243</ItemCode>
      <ItemType>1</ItemType>
      <ItemName>טואלט דאק ג`ל לאסלה לבנדר 55 מל</ItemName>
      <ManufactureName>דנאגיס בעמ</ManufactureName>
      <ManufactureCountry />
      <ManufactureItemDescription />
      <UnitQty>'יח</UnitQty>
      <Quantity>0.55</Quantity>
      <UnitMeasure>ל-100 מ"ל</UnitMeasure>
      <BisWeighted>0</BisWeighted>
      <QtyInPackage>1</QtyInPackage>
      <ItemPrice>10.90</ItemPrice>
      <UnitOfMeasurePrice>19.82</UnitOfMeasurePrice>
      <AllowDiscount>1</AllowDiscount>
      <itemStatus>1</itemStatus>
      <LastUpdateDate />
      <LastUpdateTime />
    </Product>
    <Product>
      <PriceUpdateDate>2021/03/30 06:35</PriceUpdateDate>
      <ItemCode>11235024</ItemCode>
      <ItemType>0</ItemType>
      <ItemName>רוזמרין</ItemName>
      <ManufactureName>ביכורי השדה הצפון בעמ` 1964</ManufactureName>
      <ManufactureCountry />
      <ManufactureItemDescription />
      <UnitQty>'יח</UnitQty>
      <Quantity>1</Quantity>
      <UnitMeasure />
      <BisWeighted>0</BisWeighted>
      <QtyInPackage>1</QtyInPackage>
      <ItemPrice>5.90</ItemPrice>
      <UnitOfMeasurePrice>5.90</UnitOfMeasurePrice>
      <AllowDiscount>0</AllowDiscount>
      <itemStatus>1</itemStatus>
      <LastUpdateDate />
      <LastUpdateTime />
    </Product>
    <Product>
      <PriceUpdateDate>2019/01/16 14:41</PriceUpdateDate>
      <ItemCode>11235031</ItemCode>
      <ItemType>0</ItemType>
      <ItemName>רוקט</ItemName>
      <ManufactureName>ביכורי השדה הצפון בעמ` 1964</ManufactureName>
      <ManufactureCountry />
      <ManufactureItemDescription />
      <UnitQty>'יח</UnitQty>
      <Quantity>1</Quantity>
      <UnitMeasure />
      <BisWeighted>0</BisWeighted>
      <QtyInPackage>1</QtyInPackage>
      <ItemPrice>4.90</ItemPrice>
      <UnitOfMeasurePrice>4.90</UnitOfMeasurePrice>
      <AllowDiscount>0</AllowDiscount>
      <itemStatus>1</itemStatus>
      <LastUpdateDate />
      <LastUpdateTime />
    </Product>
    <Product>
      <PriceUpdateDate>2021/03/30 06:35</PriceUpdateDate>
      <ItemCode>11235055</ItemCode>
      <ItemType>0</ItemType>
      <ItemName>בזיליקום</ItemName>
      <ManufactureName>ביכורי השדה הצפון בעמ` 1964</ManufactureName>
      <ManufactureCountry />
      <ManufactureItemDescription />
      <UnitQty>'יח</UnitQty>
      <Quantity>1</Quantity>
      <UnitMeasure />
      <BisWeighted>0</BisWeighted>
      <QtyInPackage>1</QtyInPackage>
      <ItemPrice>5.90</ItemPrice>
      <UnitOfMeasurePrice>5.90</UnitOfMeasurePrice>
      <AllowDiscount>0</AllowDiscount>
      <itemStatus>1</itemStatus>
      <LastUpdateDate />
      <LastUpdateTime />
    </Product>
    <Product>
      <PriceUpdateDate>2021/03/30 06:35</PriceUpdateDate>
      <ItemCode>11235062</ItemCode>
      <ItemType>0</ItemType>
      <ItemName>עירית</ItemName>
      <ManufactureName>ביכורי השדה הצפון בעמ` 1964</ManufactureName>
      <ManufactureCountry />
      <ManufactureItemDescription />
      <UnitQty>'יח</UnitQty>
      <Quantity>1</Quantity>
      <UnitMeasure />
      <BisWeighted>0</BisWeighted>
      <QtyInPackage>1</QtyInPackage>
      <ItemPrice>5.90</ItemPrice>
      <UnitOfMeasurePrice>5.90</UnitOfMeasurePrice>
      <AllowDiscount>0</AllowDiscount>
      <itemStatus>1</itemStatus>
      <LastUpdateDate />
      <LastUpdateTime />
    </Product>
    <Product>
      <PriceUpdateDate>2021/03/30 06:35</PriceUpdateDate>
      <ItemCode>11235079</ItemCode>
      <ItemType>0</ItemType>
      <ItemName>טימין</ItemName>
      <ManufactureName>ביכורי השדה הצפון בעמ` 1964</ManufactureName>
      <ManufactureCountry />
      <ManufactureItemDescription />
      <UnitQty>'יח</UnitQty>
      <Quantity>1</Quantity>
      <UnitMeasure />
      <BisWeighted>0</BisWeighted>
      <QtyInPackage>1</QtyInPackage>
      <ItemPrice>5.90</ItemPrice>
      <UnitOfMeasurePrice>5.90</UnitOfMeasurePrice>
      <AllowDiscount>0</AllowDiscount>
      <itemStatus>1</itemStatus>
      <LastUpdateDate />
      <LastUpdateTime />
    </Product>
    <Product>
      <PriceUpdateDate>2021/03/30 06:35</PriceUpdateDate>
      <ItemCode>11235109</ItemCode>
      <ItemType>0</ItemType>
      <ItemName>מרווה</ItemName>
      <ManufactureName>ביכורי השדה הצפון בעמ` 1964</ManufactureName>
      <ManufactureCountry />
      <ManufactureItemDescription />
      <UnitQty>'יח</UnitQty>
      <Quantity>1</Quantity>
      <UnitMeasure />
      <BisWeighted>0</BisWeighted>
      <QtyInPackage>1</QtyInPackage>
      <ItemPrice>5.90</ItemPrice>
      <UnitOfMeasurePrice>5.90</UnitOfMeasurePrice>
      <AllowDiscount>0</AllowDiscount>
      <itemStatus>1</itemStatus>
      <LastUpdateDate />
      <LastUpdateTime />
    </Product>
    <Product>
      <PriceUpdateDate>2022/04/28 13:31</PriceUpdateDate>
      <ItemCode>7290011249250</ItemCode>
      <ItemType>1</ItemType>
      <ItemName>גביעי גלידה אמריקה 24  יח`גילרו</ItemName>
      <ManufactureName>מ.ד אטיאס סוכנויות מזון בע`מ</ManufactureName>
      <ManufactureCountry />
      <ManufactureItemDescription />
      <UnitQty>'יח</UnitQty>
      <Quantity>1</Quantity>
      <UnitMeasure>ל-100 גרם</UnitMeasure>
      <BisWeighted>0</BisWeighted>
      <QtyInPackage>1</QtyInPackage>
      <ItemPrice>8.90</ItemPrice>
      <UnitOfMeasurePrice>8.90</UnitOfMeasurePrice>
      <AllowDiscount>0</AllowDiscount>
      <itemStatus>1</itemStatus>
      <LastUpdateDate />
      <LastUpdateTime />
    </Product>
    <Product>
      <PriceUpdateDate>2019/01/16 14:41</PriceUpdateDate>
      <ItemCode>11378028</ItemCode>
      <ItemType>0</ItemType>
      <ItemName>בארכה חלבה שומשום מלא ללא סוכר 350 גרם</ItemName>
      <ManufactureName>קבוצת אסם סחר</ManufactureName>
      <ManufactureCountry />
      <ManufactureItemDescription />
      <UnitQty>'יח</UnitQty>
      <Quantity>3.50</Quantity>
      <UnitMeasure>ל-100 גרם</UnitMeasure>
      <BisWeighted>0</BisWeighted>
      <QtyInPackage>1</QtyInPackage>
      <ItemPrice>15.90</ItemPrice>
      <UnitOfMeasurePrice>4.54</UnitOfMeasurePrice>
      <AllowDiscount>0</AllowDiscount>
      <itemStatus>1</itemStatus>
      <LastUpdateDate />
      <LastUpdateTime />
    </Product>
    <Product>
      <PriceUpdateDate>2019/07/03 08:47</PriceUpdateDate>
      <ItemCode>7290011435226</ItemCode>
      <ItemType>1</ItemType>
      <ItemName>דבש טהור פרחי בר לחיץ 650גר</ItemName>
      <ManufactureName>שטראוס גרופ בע`מ</ManufactureName>
      <ManufactureCountry />
      <ManufactureItemDescription />
      <UnitQty>'יח</UnitQty>
      <Quantity>6.50</Quantity>
      <UnitMeasure>ל-100 גרם</UnitMeasure>
      <BisWeighted>0</BisWeighted>
      <QtyInPackage>9</QtyInPackage>
      <ItemPrice>34.90</ItemPrice>
      <UnitOfMeasurePrice>5.37</UnitOfMeasurePrice>
      <AllowDiscount>0</AllowDiscount>
      <itemStatus>1</itemStatus>
      <LastUpdateDate />
      <LastUpdateTime />
    </Product>
    <Product>
      <PriceUpdateDate>2021/11/04 17:14</PriceUpdateDate>
      <ItemCode>7290011447267</ItemCode>
      <ItemType>1</ItemType>
      <ItemName>מטרנה חלבי שלב 1 700 גרם</ItemName>
      <ManufactureName>קבוצת אסם סחר</ManufactureName>
      <ManufactureCountry />
      <ManufactureItemDescription />
      <UnitQty>'יח</UnitQty>
      <Quantity>7</Quantity>
      <UnitMeasure>ל-100 גרם</UnitMeasure>
      <BisWeighted>0</BisWeighted>
      <QtyInPackage>1</QtyInPackage>
      <ItemPrice>54.90</ItemPrice>
      <UnitOfMeasurePrice>7.84</UnitOfMeasurePrice>
      <AllowDiscount>0</AllowDiscount>
      <itemStatus>1</itemStatus>
      <LastUpdateDate />
      <LastUpdateTime />
    </Product>
    <Product>
      <PriceUpdateDate>2019/07/03 08:47</PriceUpdateDate>
      <ItemCode>7290011447281</ItemCode>
      <ItemType>1</ItemType>
      <ItemName>מטרנה חלבי שלב 2 700 גרם</ItemName>
      <ManufactureName>קבוצת אסם סחר</ManufactureName>
      <ManufactureCountry />
      <ManufactureItemDescription />
      <UnitQty>'יח</UnitQty>
      <Quantity>7</Quantity>
      <UnitMeasure>ל-100 גרם</UnitMeasure>
      <BisWeighted>0</BisWeighted>
      <QtyInPackage>1</QtyInPackage>
      <ItemPrice>54.90</ItemPrice>
      <UnitOfMeasurePrice>7.84</UnitOfMeasurePrice>
      <AllowDiscount>0</AllowDiscount>
      <itemStatus>1</itemStatus>
      <LastUpdateDate />
      <LastUpdateTime />
    </Product>
    <Product>
      <PriceUpdateDate>2021/11/04 17:14</PriceUpdateDate>
      <ItemCode>7290011447304</ItemCode>
      <ItemType>1</ItemType>
      <ItemName>מטרנה חלבי שלב 3 700 גרם</ItemName>
      <ManufactureName>קבוצת אסם סחר</ManufactureName>
      <ManufactureCountry />
      <ManufactureItemDescription />
      <UnitQty>'יח</UnitQty>
      <Quantity>7</Quantity>
      <UnitMeasure>ל-100 גרם</UnitMeasure>
      <BisWeighted>0</BisWeighted>
      <QtyInPackage>1</QtyInPackage>
      <ItemPrice>54.90</ItemPrice>
      <UnitOfMeasurePrice>7.84</UnitOfMeasurePrice>
      <AllowDiscount>0</AllowDiscount>
      <itemStatus>1</itemStatus>
      <LastUpdateDate />
      <LastUpdateTime />
    </Product>
    <Product>
      <PriceUpdateDate>2019/07/03 08:47</PriceUpdateDate>
      <ItemCode>7290011447359</ItemCode>
      <ItemType>1</ItemType>
      <ItemName>מטרנה מהדרין שלב 1 700 גרם</ItemName>
      <ManufactureName>קבוצת אסם סחר</ManufactureName>
      <ManufactureCountry />
      <ManufactureItemDescription />
      <UnitQty>'יח</UnitQty>
      <Quantity>7</Quantity>
      <UnitMeasure>ל-100 גרם</UnitMeasure>
      <BisWeighted>0</BisWeighted>
      <QtyInPackage>1</QtyInPackage>
      <ItemPrice>54.90</ItemPrice>
      <UnitOfMeasurePrice>7.84</UnitOfMeasurePrice>
      <AllowDiscount>0</AllowDiscount>
      <itemStatus>1</itemStatus>
      <LastUpdateDate />
      <LastUpdateTime />
    </Product>
    <Product>
      <PriceUpdateDate>2019/07/03 08:47</PriceUpdateDate>
      <ItemCode>7290011447373</ItemCode>
      <ItemType>1</ItemType>
      <ItemName>מטרנה מהדרין שלב 2 700 גרם</ItemName>
      <ManufactureName>קבוצת אסם סחר</ManufactureName>
      <ManufactureCountry />
      <ManufactureItemDescription />
      <UnitQty>'יח</UnitQty>
      <Quantity>7</Quantity>
      <UnitMeasure>ל-100 גרם</UnitMeasure>
      <BisWeighted>0</BisWeighted>
      <QtyInPackage>1</QtyInPackage>
      <ItemPrice>54.90</ItemPrice>
      <UnitOfMeasurePrice>7.84</UnitOfMeasurePrice>
      <AllowDiscount>0</AllowDiscount>
      <itemStatus>1</itemStatus>
      <LastUpdateDate />
      <LastUpdateTime />
    </Product>
    <Product>
      <PriceUpdateDate>2022/11/01 11:46</PriceUpdateDate>
      <ItemCode>11447908</ItemCode>
      <ItemType>0</ItemType>
      <ItemName>מזון לחתולים מלא טעם עוף וכבד סופר קט 3</ItemName>
      <ManufactureName>שחורי אריה ואנסטסיה</ManufactureName>
      <ManufactureCountry />
      <ManufactureItemDescription />
      <UnitQty>'יח</UnitQty>
      <Quantity>30</Quantity>
      <UnitMeasure>ל-100 גרם</UnitMeasure>
      <BisWeighted>0</BisWeighted>
      <QtyInPackage>1</QtyInPackage>
      <ItemPrice>49.90</ItemPrice>
      <UnitOfMeasurePrice>1.66</UnitOfMeasurePrice>
      <AllowDiscount>0</AllowDiscount>
      <itemStatus>1</itemStatus>
      <LastUpdateDate />
      <LastUpdateTime />
    </Product>
    <Product>
      <PriceUpdateDate>2021/04/27 06:45</PriceUpdateDate>
      <ItemCode>11480509</ItemCode>
      <ItemType>0</ItemType>
      <ItemName>פטרוזליה מהדרין הכפר</ItemName>
      <ManufactureName>ביכורי השדה הצפון בעמ` 1964</ManufactureName>
      <ManufactureCountry />
      <ManufactureItemDescription />
      <UnitQty>'יח</UnitQty>
      <Quantity>1</Quantity>
      <UnitMeasure />
      <BisWeighted>0</BisWeighted>
      <QtyInPackage>1</QtyInPackage>
      <ItemPrice>5.90</ItemPrice>
      <UnitOfMeasurePrice>5.90</UnitOfMeasurePrice>
      <AllowDiscount>0</AllowDiscount>
      <itemStatus>1</itemStatus>
      <LastUpdateDate />
      <LastUpdateTime />
    </Product>
    <Product>
      <PriceUpdateDate>2021/04/27 06:45</PriceUpdateDate>
      <ItemCode>11480516</ItemCode>
      <ItemType>0</ItemType>
      <ItemName>שמיר מהדרין הכפר</ItemName>
      <ManufactureName>ביכורי השדה הצפון בעמ` 1964</ManufactureName>
      <ManufactureCountry />
      <ManufactureItemDescription />
      <UnitQty>'יח</UnitQty>
      <Quantity>1</Quantity>
      <UnitMeasure />
      <BisWeighted>0</BisWeighted>
      <QtyInPackage>1</QtyInPackage>
      <ItemPrice>5.90</ItemPrice>
      <UnitOfMeasurePrice>5.90</UnitOfMeasurePrice>
      <AllowDiscount>0</AllowDiscount>
      <itemStatus>1</itemStatus>
      <LastUpdateDate />
      <LastUpdateTime />
    </Product>
    <Product>
      <PriceUpdateDate>2021/04/27 06:45</PriceUpdateDate>
      <ItemCode>11480523</ItemCode>
      <ItemType>0</ItemType>
      <ItemName>נענע מהדרין הכפר</ItemName>
      <ManufactureName>ביכורי השדה הצפון בעמ` 1964</ManufactureName>
      <ManufactureCountry />
      <ManufactureItemDescription />
      <UnitQty>'יח</UnitQty>
      <Quantity>1</Quantity>
      <UnitMeasure />
      <BisWeighted>0</BisWeighted>
      <QtyInPackage>1</QtyInPackage>
      <ItemPrice>5.90</ItemPrice>
      <UnitOfMeasurePrice>5.90</UnitOfMeasurePrice>
      <AllowDiscount>0</AllowDiscount>
      <itemStatus>1</itemStatus>
      <LastUpdateDate />
      <LastUpdateTime />
    </Product>
    <Product>
      <PriceUpdateDate>2021/04/27 06:45</PriceUpdateDate>
      <ItemCode>11480530</ItemCode>
      <ItemType>0</ItemType>
      <ItemName>כוסברה מהדרין הכפר</ItemName>
      <ManufactureName>ביכורי השדה הצפון בעמ` 1964</ManufactureName>
      <ManufactureCountry />
      <ManufactureItemDescription />
      <UnitQty>'יח</UnitQty>
      <Quantity>1</Quantity>
      <UnitMeasure />
      <BisWeighted>0</BisWeighted>
      <QtyInPackage>1</QtyInPackage>
      <ItemPrice>5.90</ItemPrice>
      <UnitOfMeasurePrice>5.90</UnitOfMeasurePrice>
      <AllowDiscount>0</AllowDiscount>
      <itemStatus>1</itemStatus>
      <LastUpdateDate />
      <LastUpdateTime />
    </Product>
    <Product>
      <PriceUpdateDate>2019/01/16 14:41</PriceUpdateDate>
      <ItemCode>11480554</ItemCode>
      <ItemType>0</ItemType>
      <ItemName>סלרי עלים גוש קטיף</ItemName>
      <ManufactureName>ביכורי השדה הצפון בעמ` 1964</ManufactureName>
      <ManufactureCountry />
      <ManufactureItemDescription />
      <UnitQty>'יח</UnitQty>
      <Quantity>1</Quantity>
      <UnitMeasure />
      <BisWeighted>0</BisWeighted>
      <QtyInPackage>1</QtyInPackage>
      <ItemPrice>5.90</ItemPrice>
      <UnitOfMeasurePrice>5.90</UnitOfMeasurePrice>
      <AllowDiscount>0</AllowDiscount>
      <itemStatus>1</itemStatus>
      <LastUpdateDate />
      <LastUpdateTime />
    </Product>
    <Product>
      <PriceUpdateDate>2019/01/16 14:41</PriceUpdateDate>
      <ItemCode>11480578</ItemCode>
      <ItemType>0</ItemType>
      <ItemName>חסה</ItemName>
      <ManufactureName>ביכורי השדה הצפון בעמ` 1964</ManufactureName>
      <ManufactureCountry />
      <ManufactureItemDescription />
      <UnitQty>'יח</UnitQty>
      <Quantity>1</Quantity>
      <UnitMeasure />
      <BisWeighted>0</BisWeighted>
      <QtyInPackage>1</QtyInPackage>
      <ItemPrice>6.90</ItemPrice>
      <UnitOfMeasurePrice>6.90</UnitOfMeasurePrice>
      <AllowDiscount>0</AllowDiscount>
      <itemStatus>1</itemStatus>
      <LastUpdateDate />
      <LastUpdateTime />
    </Product>
    <Product>
      <PriceUpdateDate>2021/03/30 06:35</PriceUpdateDate>
      <ItemCode>11480585</ItemCode>
      <ItemType>0</ItemType>
      <ItemName>כרוב לבן גוש קטיף</ItemName>
      <ManufactureName>ביכורי השדה הצפון בעמ` 1964</ManufactureName>
      <ManufactureCountry />
      <ManufactureItemDescription />
      <UnitQty>ק"ג</UnitQty>
      <Quantity>1</Quantity>
      <UnitMeasure />
      <BisWeighted>1</BisWeighted>
      <QtyInPackage>1</QtyInPackage>
      <ItemPrice>15.90</ItemPrice>
      <UnitOfMeasurePrice>15.90</UnitOfMeasurePrice>
      <AllowDiscount>0</AllowDiscount>
      <itemStatus>1</itemStatus>
      <LastUpdateDate />
      <LastUpdateTime />
    </Product>
    <Product>
      <PriceUpdateDate>2021/08/24 06:37</PriceUpdateDate>
      <ItemCode>11499105</ItemCode>
      <ItemType>0</ItemType>
      <ItemName>גבינה בולגרית 5% 250 גרם</ItemName>
      <ManufactureName>מחלבות גד בעמ`</ManufactureName>
      <ManufactureCountry />
      <ManufactureItemDescription />
      <UnitQty>'יח</UnitQty>
      <Quantity>2.50</Quantity>
      <UnitMeasure>ל-100 גרם</UnitMeasure>
      <BisWeighted>0</BisWeighted>
      <QtyInPackage>1</QtyInPackage>
      <ItemPrice>21.90</ItemPrice>
      <UnitOfMeasurePrice>8.76</UnitOfMeasurePrice>
      <AllowDiscount>0</AllowDiscount>
      <itemStatus>1</itemStatus>
      <LastUpdateDate />
      <LastUpdateTime />
    </Product>
    <Product>
      <PriceUpdateDate>2019/01/16 14:41</PriceUpdateDate>
      <ItemCode>7290011499112</ItemCode>
      <ItemType>1</ItemType>
      <ItemName>גבינה בולגרית 16% 250 גרם</ItemName>
      <ManufactureName>מחלבות גד בעמ`</ManufactureName>
      <ManufactureCountry />
      <ManufactureItemDescription />
      <UnitQty>'יח</UnitQty>
      <Quantity>2.50</Quantity>
      <UnitMeasure>ל-100 גרם</UnitMeasure>
      <BisWeighted>0</BisWeighted>
      <QtyInPackage>1</QtyInPackage>
      <ItemPrice>24.70</ItemPrice>
      <UnitOfMeasurePrice>9.88</UnitOfMeasurePrice>
      <AllowDiscount>0</AllowDiscount>
      <itemStatus>1</itemStatus>
      <LastUpdateDate />
      <LastUpdateTime />
    </Product>
    <Product>
      <PriceUpdateDate>2019/10/16 13:11</PriceUpdateDate>
      <ItemCode>11499129</ItemCode>
      <ItemType>0</ItemType>
      <ItemName>גבינה בולגרית קוביות מעודנת 5% 250גר</ItemName>
      <ManufactureName>מחלבות גד בעמ`</ManufactureName>
      <ManufactureCountry />
      <ManufactureItemDescription />
      <UnitQty>'יח</UnitQty>
      <Quantity>2</Quantity>
      <UnitMeasure>ל-100 גרם</UnitMeasure>
      <BisWeighted>0</BisWeighted>
      <QtyInPackage>1</QtyInPackage>
      <ItemPrice>21.90</ItemPrice>
      <UnitOfMeasurePrice>10.95</UnitOfMeasurePrice>
      <AllowDiscount>0</AllowDiscount>
      <itemStatus>1</itemStatus>
      <LastUpdateDate />
      <LastUpdateTime />
    </Product>
    <Product>
      <PriceUpdateDate>2020/08/24 12:18</PriceUpdateDate>
      <ItemCode>11499303</ItemCode>
      <ItemType>0</ItemType>
      <ItemName>גבינה בולגרית עיזים מעודנת 5% 250 גר</ItemName>
      <ManufactureName>מחלבות גד בעמ`</ManufactureName>
      <ManufactureCountry />
      <ManufactureItemDescription />
      <UnitQty>'יח</UnitQty>
      <Quantity>2.50</Quantity>
      <UnitMeasure>ל-100 גרם</UnitMeasure>
      <BisWeighted>0</BisWeighted>
      <QtyInPackage>1</QtyInPackage>
      <ItemPrice>31.90</ItemPrice>
      <UnitOfMeasurePrice>12.76</UnitOfMeasurePrice>
      <AllowDiscount>0</AllowDiscount>
      <itemStatus>1</itemStatus>
      <LastUpdateDate />
      <LastUpdateTime />
    </Product>
    <Product>
      <PriceUpdateDate>2021/07/21 16:23</PriceUpdateDate>
      <ItemCode>11499327</ItemCode>
      <ItemType>0</ItemType>
      <ItemName>גבינה בולגרית מעודנת 5% 250 גרם</ItemName>
      <ManufactureName>מחלבות גד בעמ`</ManufactureName>
      <ManufactureCountry />
      <ManufactureItemDescription />
      <UnitQty>'יח</UnitQty>
      <Quantity>2.50</Quantity>
      <UnitMeasure>ל-100 גרם</UnitMeasure>
      <BisWeighted>0</BisWeighted>
      <QtyInPackage>1</QtyInPackage>
      <ItemPrice>21.90</ItemPrice>
      <UnitOfMeasurePrice>8.76</UnitOfMeasurePrice>
      <AllowDiscount>0</AllowDiscount>
      <itemStatus>1</itemStatus>
      <LastUpdateDate />
      <LastUpdateTime />
    </Product>
    <Product>
      <PriceUpdateDate>2019/12/24 08:42</PriceUpdateDate>
      <ItemCode>11499341</ItemCode>
      <ItemType>0</ItemType>
      <ItemName>גבינת קשקבל 200 גרם</ItemName>
      <ManufactureName>מחלבות גד בעמ`</ManufactureName>
      <ManufactureCountry />
      <ManufactureItemDescription />
      <UnitQty>'יח</UnitQty>
      <Quantity>2</Quantity>
      <UnitMeasure>ל-100 גרם</UnitMeasure>
      <BisWeighted>0</BisWeighted>
      <QtyInPackage>1</QtyInPackage>
      <ItemPrice>26.90</ItemPrice>
      <UnitOfMeasurePrice>13.45</UnitOfMeasurePrice>
      <AllowDiscount>0</AllowDiscount>
      <itemStatus>1</itemStatus>
      <LastUpdateDate />
      <LastUpdateTime />
    </Product>
    <Product>
      <PriceUpdateDate>2019/01/16 14:41</PriceUpdateDate>
      <ItemCode>7290011499358</ItemCode>
      <ItemType>1</ItemType>
      <ItemName>גבינת פטה עיזים 200 גרם</ItemName>
      <ManufactureName>מחלבות גד בעמ`</ManufactureName>
      <ManufactureCountry />
      <ManufactureItemDescription />
      <UnitQty>'יח</UnitQty>
      <Quantity>2</Quantity>
      <UnitMeasure>ל-100 גרם</UnitMeasure>
      <BisWeighted>0</BisWeighted>
      <QtyInPackage>1</QtyInPackage>
      <ItemPrice>27.90</ItemPrice>
      <UnitOfMeasurePrice>13.95</UnitOfMeasurePrice>
      <AllowDiscount>0</AllowDiscount>
      <itemStatus>1</itemStatus>
      <LastUpdateDate />
      <LastUpdateTime />
    </Product>
    <Product>
      <PriceUpdateDate>2022/04/04 10:35</PriceUpdateDate>
      <ItemCode>11499365</ItemCode>
      <ItemType>0</ItemType>
      <ItemName>גבינת חלומי 200 גרם</ItemName>
      <ManufactureName>מחלבות גד בעמ`</ManufactureName>
      <ManufactureCountry />
      <ManufactureItemDescription />
      <UnitQty>'יח</UnitQty>
      <Quantity>2</Quantity>
      <UnitMeasure>ל-100 גרם</UnitMeasure>
      <BisWeighted>0</BisWeighted>
      <QtyInPackage>1</QtyInPackage>
      <ItemPrice>21.90</ItemPrice>
      <UnitOfMeasurePrice>10.95</UnitOfMeasurePrice>
      <AllowDiscount>0</AllowDiscount>
      <itemStatus>1</itemStatus>
      <LastUpdateDate />
      <LastUpdateTime />
    </Product>
    <Product>
      <PriceUpdateDate>2021/12/09 13:37</PriceUpdateDate>
      <ItemCode>7290011499419</ItemCode>
      <ItemType>1</ItemType>
      <ItemName>גבינת ניו יורק לייט טבעי 5%</ItemName>
      <ManufactureName>מחלבות גד בעמ`</ManufactureName>
      <ManufactureCountry />
      <ManufactureItemDescription />
      <UnitQty>'יח</UnitQty>
      <Quantity>2</Quantity>
      <UnitMeasure>ל-100 גרם</UnitMeasure>
      <BisWeighted>0</BisWeighted>
      <QtyInPackage>1</QtyInPackage>
      <ItemPrice>11.90</ItemPrice>
      <UnitOfMeasurePrice>5.95</UnitOfMeasurePrice>
      <AllowDiscount>0</AllowDiscount>
      <itemStatus>1</itemStatus>
      <LastUpdateDate />
      <LastUpdateTime />
    </Product>
    <Product>
      <PriceUpdateDate>2020/01/26 14:26</PriceUpdateDate>
      <ItemCode>11499624</ItemCode>
      <ItemType>0</ItemType>
      <ItemName>גבינת ניו יורק טבעי 30%</ItemName>
      <ManufactureName>מחלבות גד בעמ`</ManufactureName>
      <ManufactureCountry />
      <ManufactureItemDescription />
      <UnitQty>'יח</UnitQty>
      <Quantity>2</Quantity>
      <UnitMeasure>ל-100 גרם</UnitMeasure>
      <BisWeighted>0</BisWeighted>
      <QtyInPackage>1</QtyInPackage>
      <ItemPrice>13.90</ItemPrice>
      <UnitOfMeasurePrice>6.95</UnitOfMeasurePrice>
      <AllowDiscount>0</AllowDiscount>
      <itemStatus>1</itemStatus>
      <LastUpdateDate />
      <LastUpdateTime />
    </Product>
    <Product>
      <PriceUpdateDate>2022/02/15 11:52</PriceUpdateDate>
      <ItemCode>11515683</ItemCode>
      <ItemType>0</ItemType>
      <ItemName>אקסטרים וניל 6*72 גרם</ItemName>
      <ManufactureName>נגה גלידות שותפות מוגבלת</ManufactureName>
      <ManufactureCountry />
      <ManufactureItemDescription />
      <UnitQty>'יח</UnitQty>
      <Quantity>0.72</Quantity>
      <UnitMeasure>ל-100 גרם</UnitMeasure>
      <BisWeighted>0</BisWeighted>
      <QtyInPackage>1</QtyInPackage>
      <ItemPrice>27.90</ItemPrice>
      <UnitOfMeasurePrice>38.75</UnitOfMeasurePrice>
      <AllowDiscount>0</AllowDiscount>
      <itemStatus>1</itemStatus>
      <LastUpdateDate />
      <LastUpdateTime />
    </Product>
    <Product>
      <PriceUpdateDate>2022/02/15 11:52</PriceUpdateDate>
      <ItemCode>7290011515911</ItemCode>
      <ItemType>1</ItemType>
      <ItemName>שלגוני לייט ריבת חלב עם סירופ 6*52 גרם</ItemName>
      <ManufactureName>נגה גלידות שותפות מוגבלת</ManufactureName>
      <ManufactureCountry />
      <ManufactureItemDescription />
      <UnitQty>'יח</UnitQty>
      <Quantity>0.52</Quantity>
      <UnitMeasure>ל-100 גרם</UnitMeasure>
      <BisWeighted>0</BisWeighted>
      <QtyInPackage>1</QtyInPackage>
      <ItemPrice>27.90</ItemPrice>
      <UnitOfMeasurePrice>53.65</UnitOfMeasurePrice>
      <AllowDiscount>0</AllowDiscount>
      <itemStatus>1</itemStatus>
      <LastUpdateDate />
      <LastUpdateTime />
    </Product>
    <Product>
      <PriceUpdateDate>2019/10/10 09:24</PriceUpdateDate>
      <ItemCode>7290011518561</ItemCode>
      <ItemType>1</ItemType>
      <ItemName>דנונה Actimel בטעם תות שדה 14*100 מל</ItemName>
      <ManufactureName>שטראוס גרופ בע`מ</ManufactureName>
      <ManufactureCountry />
      <ManufactureItemDescription />
      <UnitQty>'יח</UnitQty>
      <Quantity>1</Quantity>
      <UnitMeasure>ל-100 גרם</UnitMeasure>
      <BisWeighted>0</BisWeighted>
      <QtyInPackage>3</QtyInPackage>
      <ItemPrice>29.90</ItemPrice>
      <UnitOfMeasurePrice>29.90</UnitOfMeasurePrice>
      <AllowDiscount>0</AllowDiscount>
      <itemStatus>1</itemStatus>
      <LastUpdateDate />
      <LastUpdateTime />
    </Product>
    <Product>
      <PriceUpdateDate>2022/04/14 11:44</PriceUpdateDate>
      <ItemCode>7290011524548</ItemCode>
      <ItemType>1</ItemType>
      <ItemName>גרגירי חומוס 800 גרם</ItemName>
      <ManufactureName>ויטה פרי גליל (החדשה) בע`מ</ManufactureName>
      <ManufactureCountry />
      <ManufactureItemDescription />
      <UnitQty>'יח</UnitQty>
      <Quantity>8</Quantity>
      <UnitMeasure>ל-100 גרם</UnitMeasure>
      <BisWeighted>0</BisWeighted>
      <QtyInPackage>20</QtyInPackage>
      <ItemPrice>12.90</ItemPrice>
      <UnitOfMeasurePrice>1.61</UnitOfMeasurePrice>
      <AllowDiscount>1</AllowDiscount>
      <itemStatus>1</itemStatus>
      <LastUpdateDate />
      <LastUpdateTime />
    </Product>
    <Product>
      <PriceUpdateDate>2022/04/25 10:54</PriceUpdateDate>
      <ItemCode>7290011524555</ItemCode>
      <ItemType>1</ItemType>
      <ItemName>שעועית לבנה מבושלת 800 גרם</ItemName>
      <ManufactureName>ויטה פרי גליל (החדשה) בע`מ</ManufactureName>
      <ManufactureCountry />
      <ManufactureItemDescription />
      <UnitQty>'יח</UnitQty>
      <Quantity>8</Quantity>
      <UnitMeasure>ל-100 גרם</UnitMeasure>
      <BisWeighted>0</BisWeighted>
      <QtyInPackage>20</QtyInPackage>
      <ItemPrice>12.90</ItemPrice>
      <UnitOfMeasurePrice>1.61</UnitOfMeasurePrice>
      <AllowDiscount>0</AllowDiscount>
      <itemStatus>1</itemStatus>
      <LastUpdateDate />
      <LastUpdateTime />
    </Product>
    <Product>
      <PriceUpdateDate>2019/06/30 20:17</PriceUpdateDate>
      <ItemCode>11525712</ItemCode>
      <ItemType>0</ItemType>
      <ItemName>קמיל בלו אל סבון לפני השינה 1 ליטר</ItemName>
      <ManufactureName>פישר תעשיות פרמצבטיות בע"מ</ManufactureName>
      <ManufactureCountry />
      <ManufactureItemDescription />
      <UnitQty>'יח</UnitQty>
      <Quantity>10</Quantity>
      <UnitMeasure>ל-100 מ"ל</UnitMeasure>
      <BisWeighted>0</BisWeighted>
      <QtyInPackage>1</QtyInPackage>
      <ItemPrice>29.90</ItemPrice>
      <UnitOfMeasurePrice>2.99</UnitOfMeasurePrice>
      <AllowDiscount>1</AllowDiscount>
      <itemStatus>1</itemStatus>
      <LastUpdateDate />
      <LastUpdateTime />
    </Product>
    <Product>
      <PriceUpdateDate>2022/02/20 18:17</PriceUpdateDate>
      <ItemCode>11530471</ItemCode>
      <ItemType>0</ItemType>
      <ItemName>פולי סויה אדממה 1 ק`ג</ItemName>
      <ManufactureName>בלדי בע`מ</ManufactureName>
      <ManufactureCountry />
      <ManufactureItemDescription />
      <UnitQty>'יח</UnitQty>
      <Quantity>10</Quantity>
      <UnitMeasure>ל-100 גרם</UnitMeasure>
      <BisWeighted>0</BisWeighted>
      <QtyInPackage>1</QtyInPackage>
      <ItemPrice>14.90</ItemPrice>
      <UnitOfMeasurePrice>1.49</UnitOfMeasurePrice>
      <AllowDiscount>0</AllowDiscount>
      <itemStatus>1</itemStatus>
      <LastUpdateDate />
      <LastUpdateTime />
    </Product>
    <Product>
      <PriceUpdateDate>2020/05/27 15:01</PriceUpdateDate>
      <ItemCode>11530747</ItemCode>
      <ItemType>0</ItemType>
      <ItemName>שייק איט יום רביעי מארז שלישייה</ItemName>
      <ManufactureName>בלדי בע`מ</ManufactureName>
      <ManufactureCountry />
      <ManufactureItemDescription />
      <UnitQty>'יח</UnitQty>
      <Quantity>4.50</Quantity>
      <UnitMeasure>ל-100 גרם</UnitMeasure>
      <BisWeighted>0</BisWeighted>
      <QtyInPackage>1</QtyInPackage>
      <ItemPrice>29.90</ItemPrice>
      <UnitOfMeasurePrice>6.64</UnitOfMeasurePrice>
      <AllowDiscount>1</AllowDiscount>
      <itemStatus>1</itemStatus>
      <LastUpdateDate />
      <LastUpdateTime />
    </Product>
    <Product>
      <PriceUpdateDate>2019/12/24 08:42</PriceUpdateDate>
      <ItemCode>11530945</ItemCode>
      <ItemType>0</ItemType>
      <ItemName>קרפציו עגל בלדי</ItemName>
      <ManufactureName>בלדי בע`מ</ManufactureName>
      <ManufactureCountry />
      <ManufactureItemDescription />
      <UnitQty>'יח</UnitQty>
      <Quantity>1</Quantity>
      <UnitMeasure />
      <BisWeighted>0</BisWeighted>
      <QtyInPackage>1</QtyInPackage>
      <ItemPrice>39.90</ItemPrice>
      <UnitOfMeasurePrice>39.90</UnitOfMeasurePrice>
      <AllowDiscount>0</AllowDiscount>
      <itemStatus>1</itemStatus>
      <LastUpdateDate />
      <LastUpdateTime />
    </Product>
    <Product>
      <PriceUpdateDate>2019/01/16 14:41</PriceUpdateDate>
      <ItemCode>11587307</ItemCode>
      <ItemType>0</ItemType>
      <ItemName>ארטישוק תחתיות</ItemName>
      <ManufactureName>תומר ייבוא ושיווק מוצרי מזון [</ManufactureName>
      <ManufactureCountry />
      <ManufactureItemDescription />
      <UnitQty>'יח</UnitQty>
      <Quantity>4</Quantity>
      <UnitMeasure>ל-100 גרם</UnitMeasure>
      <BisWeighted>0</BisWeighted>
      <QtyInPackage>24</QtyInPackage>
      <ItemPrice>10.60</ItemPrice>
      <UnitOfMeasurePrice>2.65</UnitOfMeasurePrice>
      <AllowDiscount>0</AllowDiscount>
      <itemStatus>1</itemStatus>
      <LastUpdateDate />
      <LastUpdateTime />
    </Product>
    <Product>
      <PriceUpdateDate>2022/07/14 11:08</PriceUpdateDate>
      <ItemCode>7290011587758</ItemCode>
      <ItemType>1</ItemType>
      <ItemName>נודלס 200  גר`דק</ItemName>
      <ManufactureName>תומר ייבוא ושיווק מוצרי מזון [</ManufactureName>
      <ManufactureCountry />
      <ManufactureItemDescription />
      <UnitQty>'יח</UnitQty>
      <Quantity>2</Quantity>
      <UnitMeasure>ל-100 גרם</UnitMeasure>
      <BisWeighted>0</BisWeighted>
      <QtyInPackage>1</QtyInPackage>
      <ItemPrice>4.90</ItemPrice>
      <UnitOfMeasurePrice>2.45</UnitOfMeasurePrice>
      <AllowDiscount>0</AllowDiscount>
      <itemStatus>1</itemStatus>
      <LastUpdateDate />
      <LastUpdateTime />
    </Product>
    <Product>
      <PriceUpdateDate>2022/07/14 11:08</PriceUpdateDate>
      <ItemCode>7290011587765</ItemCode>
      <ItemType>1</ItemType>
      <ItemName>נודלס 200  גר`עבה</ItemName>
      <ManufactureName>תומר ייבוא ושיווק מוצרי מזון [</ManufactureName>
      <ManufactureCountry />
      <ManufactureItemDescription />
      <UnitQty>'יח</UnitQty>
      <Quantity>2</Quantity>
      <UnitMeasure>ל-100 גרם</UnitMeasure>
      <BisWeighted>0</BisWeighted>
      <QtyInPackage>1</QtyInPackage>
      <ItemPrice>4.90</ItemPrice>
      <UnitOfMeasurePrice>2.45</UnitOfMeasurePrice>
      <AllowDiscount>0</AllowDiscount>
      <itemStatus>1</itemStatus>
      <LastUpdateDate />
      <LastUpdateTime />
    </Product>
    <Product>
      <PriceUpdateDate>2022/01/17 16:45</PriceUpdateDate>
      <ItemCode>11598211</ItemCode>
      <ItemType>0</ItemType>
      <ItemName>אנטי קאלק רב שימושי 4ב1 700 מל</ItemName>
      <ManufactureName>החב. הדרומית לשיווק</ManufactureName>
      <ManufactureCountry />
      <ManufactureItemDescription />
      <UnitQty>'יח</UnitQty>
      <Quantity>7</Quantity>
      <UnitMeasure>ל-100 מ"ל</UnitMeasure>
      <BisWeighted>0</BisWeighted>
      <QtyInPackage>12</QtyInPackage>
      <ItemPrice>17.90</ItemPrice>
      <UnitOfMeasurePrice>2.56</UnitOfMeasurePrice>
      <AllowDiscount>1</AllowDiscount>
      <itemStatus>1</itemStatus>
      <LastUpdateDate />
      <LastUpdateTime />
    </Product>
    <Product>
      <PriceUpdateDate>2022/01/17 20:43</PriceUpdateDate>
      <ItemCode>7290011598402</ItemCode>
      <ItemType>1</ItemType>
      <ItemName>מרכך כביסה סנו מקסימה מאסק 4 ל</ItemName>
      <ManufactureName>החב. הדרומית לשיווק</ManufactureName>
      <ManufactureCountry />
      <ManufactureItemDescription />
      <UnitQty>'יח</UnitQty>
      <Quantity>40</Quantity>
      <UnitMeasure>ל-100 מ"ל</UnitMeasure>
      <BisWeighted>0</BisWeighted>
      <QtyInPackage>6</QtyInPackage>
      <ItemPrice>21.90</ItemPrice>
      <UnitOfMeasurePrice>0.55</UnitOfMeasurePrice>
      <AllowDiscount>0</AllowDiscount>
      <itemStatus>1</itemStatus>
      <LastUpdateDate />
      <LastUpdateTime />
    </Product>
    <Product>
      <PriceUpdateDate>2022/11/01 09:45</PriceUpdateDate>
      <ItemCode>11598457</ItemCode>
      <ItemType>0</ItemType>
      <ItemName>סופט 48 גלילים פרש לבן</ItemName>
      <ManufactureName>החב. הדרומית לשיווק</ManufactureName>
      <ManufactureCountry />
      <ManufactureItemDescription />
      <UnitQty>'יח</UnitQty>
      <Quantity>30.90</Quantity>
      <UnitMeasure>ל-100 גרם</UnitMeasure>
      <BisWeighted>0</BisWeighted>
      <QtyInPackage>1</QtyInPackage>
      <ItemPrice>49.90</ItemPrice>
      <UnitOfMeasurePrice>1.61</UnitOfMeasurePrice>
      <AllowDiscount>0</AllowDiscount>
      <itemStatus>1</itemStatus>
      <LastUpdateDate />
      <LastUpdateTime />
    </Product>
    <Product>
      <PriceUpdateDate>2022/10/26 16:38</PriceUpdateDate>
      <ItemCode>11607180</ItemCode>
      <ItemType>0</ItemType>
      <ItemName>קולון 101 אבקת כביסה שקית 1.25 קג</ItemName>
      <ManufactureName>תה ויסוצקי בע`מ</ManufactureName>
      <ManufactureCountry />
      <ManufactureItemDescription />
      <UnitQty>'יח</UnitQty>
      <Quantity>12</Quantity>
      <UnitMeasure>ל-100 גרם</UnitMeasure>
      <BisWeighted>0</BisWeighted>
      <QtyInPackage>1</QtyInPackage>
      <ItemPrice>12.90</ItemPrice>
      <UnitOfMeasurePrice>1.08</UnitOfMeasurePrice>
      <AllowDiscount>1</AllowDiscount>
      <itemStatus>1</itemStatus>
      <LastUpdateDate />
      <LastUpdateTime />
    </Product>
    <Product>
      <PriceUpdateDate>2022/01/06 22:01</PriceUpdateDate>
      <ItemCode>11607197</ItemCode>
      <ItemType>0</ItemType>
      <ItemName>קולון 101 אבקת כביסה שקית 5 ק"ג</ItemName>
      <ManufactureName>תה ויסוצקי בע`מ</ManufactureName>
      <ManufactureCountry />
      <ManufactureItemDescription />
      <UnitQty>'יח</UnitQty>
      <Quantity>50</Quantity>
      <UnitMeasure>ל-100 גרם</UnitMeasure>
      <BisWeighted>0</BisWeighted>
      <QtyInPackage>1</QtyInPackage>
      <ItemPrice>34.90</ItemPrice>
      <UnitOfMeasurePrice>0.70</UnitOfMeasurePrice>
      <AllowDiscount>1</AllowDiscount>
      <itemStatus>1</itemStatus>
      <LastUpdateDate />
      <LastUpdateTime />
    </Product>
    <Product>
      <PriceUpdateDate>2021/12/30 18:57</PriceUpdateDate>
      <ItemCode>7290011765095</ItemCode>
      <ItemType>1</ItemType>
      <ItemName>קרמה ג`ל גילוח לעור עדין 200 מל</ItemName>
      <ManufactureName>החב. הדרומית לשיווק</ManufactureName>
      <ManufactureCountry />
      <ManufactureItemDescription />
      <UnitQty>'יח</UnitQty>
      <Quantity>2</Quantity>
      <UnitMeasure>ל-100 מ"ל</UnitMeasure>
      <BisWeighted>0</BisWeighted>
      <QtyInPackage>12</QtyInPackage>
      <ItemPrice>11.90</ItemPrice>
      <UnitOfMeasurePrice>5.95</UnitOfMeasurePrice>
      <AllowDiscount>0</AllowDiscount>
      <itemStatus>1</itemStatus>
      <LastUpdateDate />
      <LastUpdateTime />
    </Product>
    <Product>
      <PriceUpdateDate>2019/01/16 14:42</PriceUpdateDate>
      <ItemCode>7290011765392</ItemCode>
      <ItemType>1</ItemType>
      <ItemName>כיף בוב ספוג שמפו לילדים 750 מל</ItemName>
      <ManufactureName>החב. הדרומית לשיווק</ManufactureName>
      <ManufactureCountry />
      <ManufactureItemDescription />
      <UnitQty>'יח</UnitQty>
      <Quantity>7.50</Quantity>
      <UnitMeasure>ל-100 מ"ל</UnitMeasure>
      <BisWeighted>0</BisWeighted>
      <QtyInPackage>12</QtyInPackage>
      <ItemPrice>11.90</ItemPrice>
      <UnitOfMeasurePrice>1.59</UnitOfMeasurePrice>
      <AllowDiscount>0</AllowDiscount>
      <itemStatus>1</itemStatus>
      <LastUpdateDate />
      <LastUpdateTime />
    </Product>
    <Product>
      <PriceUpdateDate>2019/01/16 14:42</PriceUpdateDate>
      <ItemCode>7290011765408</ItemCode>
      <ItemType>1</ItemType>
      <ItemName>כיף בוב ספוג שמפו 2ב1 לילדים 750 מל</ItemName>
      <ManufactureName>החב. הדרומית לשיווק</ManufactureName>
      <ManufactureCountry />
      <ManufactureItemDescription />
      <UnitQty>'יח</UnitQty>
      <Quantity>7.50</Quantity>
      <UnitMeasure>ל-100 מ"ל</UnitMeasure>
      <BisWeighted>0</BisWeighted>
      <QtyInPackage>1</QtyInPackage>
      <ItemPrice>11.90</ItemPrice>
      <UnitOfMeasurePrice>1.59</UnitOfMeasurePrice>
      <AllowDiscount>0</AllowDiscount>
      <itemStatus>1</itemStatus>
      <LastUpdateDate />
      <LastUpdateTime />
    </Product>
    <Product>
      <PriceUpdateDate>2022/01/20 14:35</PriceUpdateDate>
      <ItemCode>7290011800840</ItemCode>
      <ItemType>1</ItemType>
      <ItemName>טחינה לבנה רפי 400 גר`בד`צ</ItemName>
      <ManufactureName>קבוצת אסם סחר</ManufactureName>
      <ManufactureCountry />
      <ManufactureItemDescription />
      <UnitQty>'יח</UnitQty>
      <Quantity>4</Quantity>
      <UnitMeasure>ל-100 גרם</UnitMeasure>
      <BisWeighted>0</BisWeighted>
      <QtyInPackage>1</QtyInPackage>
      <ItemPrice>17.90</ItemPrice>
      <UnitOfMeasurePrice>4.48</UnitOfMeasurePrice>
      <AllowDiscount>0</AllowDiscount>
      <itemStatus>1</itemStatus>
      <LastUpdateDate />
      <LastUpdateTime />
    </Product>
    <Product>
      <PriceUpdateDate>2019/07/03 08:47</PriceUpdateDate>
      <ItemCode>7290011876388</ItemCode>
      <ItemType>1</ItemType>
      <ItemName>קציצות עוף ובקר 600גר קפוא</ItemName>
      <ManufactureName>תנובה מרכז שיתופי לשיווק תוצרת</ManufactureName>
      <ManufactureCountry />
      <ManufactureItemDescription />
      <UnitQty>'יח</UnitQty>
      <Quantity>6</Quantity>
      <UnitMeasure>ל-100 גרם</UnitMeasure>
      <BisWeighted>0</BisWeighted>
      <QtyInPackage>12</QtyInPackage>
      <ItemPrice>34.90</ItemPrice>
      <UnitOfMeasurePrice>5.82</UnitOfMeasurePrice>
      <AllowDiscount>0</AllowDiscount>
      <itemStatus>1</itemStatus>
      <LastUpdateDate />
      <LastUpdateTime />
    </Product>
    <Product>
      <PriceUpdateDate>2021/12/30 18:57</PriceUpdateDate>
      <ItemCode>7290011877088</ItemCode>
      <ItemType>1</ItemType>
      <ItemName>נייר  כסף(זוגות)</ItemName>
      <ManufactureName>החב. הדרומית לשיווק</ManufactureName>
      <ManufactureCountry />
      <ManufactureItemDescription />
      <UnitQty>'יח</UnitQty>
      <Quantity>1</Quantity>
      <UnitMeasure />
      <BisWeighted>0</BisWeighted>
      <QtyInPackage>12</QtyInPackage>
      <ItemPrice>14.90</ItemPrice>
      <UnitOfMeasurePrice>14.90</UnitOfMeasurePrice>
      <AllowDiscount>0</AllowDiscount>
      <itemStatus>1</itemStatus>
      <LastUpdateDate />
      <LastUpdateTime />
    </Product>
    <Product>
      <PriceUpdateDate>2019/01/16 14:42</PriceUpdateDate>
      <ItemCode>11877101</ItemCode>
      <ItemType>0</ItemType>
      <ItemName>מבשם אויר סנומוד Musk נטול גז 150מ`</ItemName>
      <ManufactureName>החב. הדרומית לשיווק</ManufactureName>
      <ManufactureCountry />
      <ManufactureItemDescription />
      <UnitQty>'יח</UnitQty>
      <Quantity>1.50</Quantity>
      <UnitMeasure>ל-100 מ"ל</UnitMeasure>
      <BisWeighted>0</BisWeighted>
      <QtyInPackage>12</QtyInPackage>
      <ItemPrice>11.90</ItemPrice>
      <UnitOfMeasurePrice>7.93</UnitOfMeasurePrice>
      <AllowDiscount>0</AllowDiscount>
      <itemStatus>1</itemStatus>
      <LastUpdateDate />
      <LastUpdateTime />
    </Product>
    <Product>
      <PriceUpdateDate>2022/01/06 22:10</PriceUpdateDate>
      <ItemCode>11877156</ItemCode>
      <ItemType>0</ItemType>
      <ItemName>מטהר אויר סנופרש Mask ענק 375 מל</ItemName>
      <ManufactureName>החב. הדרומית לשיווק</ManufactureName>
      <ManufactureCountry />
      <ManufactureItemDescription />
      <UnitQty>'יח</UnitQty>
      <Quantity>3.75</Quantity>
      <UnitMeasure>ל-100 מ"ל</UnitMeasure>
      <BisWeighted>0</BisWeighted>
      <QtyInPackage>12</QtyInPackage>
      <ItemPrice>10.90</ItemPrice>
      <UnitOfMeasurePrice>2.91</UnitOfMeasurePrice>
      <AllowDiscount>0</AllowDiscount>
      <itemStatus>1</itemStatus>
      <LastUpdateDate />
      <LastUpdateTime />
    </Product>
    <Product>
      <PriceUpdateDate>2021/08/22 14:48</PriceUpdateDate>
      <ItemCode>7290011877859</ItemCode>
      <ItemType>1</ItemType>
      <ItemName>סנו אינסטלטור 200 גרם</ItemName>
      <ManufactureName>החב. הדרומית לשיווק</ManufactureName>
      <ManufactureCountry />
      <ManufactureItemDescription />
      <UnitQty>'יח</UnitQty>
      <Quantity>2</Quantity>
      <UnitMeasure>ל-100 גרם</UnitMeasure>
      <BisWeighted>0</BisWeighted>
      <QtyInPackage>12</QtyInPackage>
      <ItemPrice>14.90</ItemPrice>
      <UnitOfMeasurePrice>7.45</UnitOfMeasurePrice>
      <AllowDiscount>0</AllowDiscount>
      <itemStatus>1</itemStatus>
      <LastUpdateDate />
      <LastUpdateTime />
    </Product>
    <Product>
      <PriceUpdateDate>2022/03/27 06:37</PriceUpdateDate>
      <ItemCode>11877866</ItemCode>
      <ItemType>0</ItemType>
      <ItemName>סנו מקסימה אבקת כביסה מאסק 6גר שקית</ItemName>
      <ManufactureName>החב. הדרומית לשיווק</ManufactureName>
      <ManufactureCountry />
      <ManufactureItemDescription />
      <UnitQty>'יח</UnitQty>
      <Quantity>6</Quantity>
      <UnitMeasure>ל-100 גרם</UnitMeasure>
      <BisWeighted>0</BisWeighted>
      <QtyInPackage>3</QtyInPackage>
      <ItemPrice>49.90</ItemPrice>
      <UnitOfMeasurePrice>8.32</UnitOfMeasurePrice>
      <AllowDiscount>0</AllowDiscount>
      <itemStatus>1</itemStatus>
      <LastUpdateDate />
      <LastUpdateTime />
    </Product>
    <Product>
      <PriceUpdateDate>2021/01/18 15:10</PriceUpdateDate>
      <ItemCode>7290011912642</ItemCode>
      <ItemType>1</ItemType>
      <ItemName>שטיפת פה ליסטרין הגנה על השיניים והחני</ItemName>
      <ManufactureName>שקד תבל בע`מ</ManufactureName>
      <ManufactureCountry />
      <ManufactureItemDescription />
      <UnitQty>'יח</UnitQty>
      <Quantity>5</Quantity>
      <UnitMeasure>ל-100 מ"ל</UnitMeasure>
      <BisWeighted>0</BisWeighted>
      <QtyInPackage>1</QtyInPackage>
      <ItemPrice>14.90</ItemPrice>
      <UnitOfMeasurePrice>2.98</UnitOfMeasurePrice>
      <AllowDiscount>0</AllowDiscount>
      <itemStatus>1</itemStatus>
      <LastUpdateDate />
      <LastUpdateTime />
    </Product>
    <Product>
      <PriceUpdateDate>2022/04/21 08:15</PriceUpdateDate>
      <ItemCode>11947309</ItemCode>
      <ItemType>0</ItemType>
      <ItemName>זית סורי מבוקע עם לימון כבוש 220 גר`</ItemName>
      <ManufactureName>תה ויסוצקי בע`מ</ManufactureName>
      <ManufactureCountry />
      <ManufactureItemDescription />
      <UnitQty>'יח</UnitQty>
      <Quantity>2.20</Quantity>
      <UnitMeasure>ל-100 גרם</UnitMeasure>
      <BisWeighted>0</BisWeighted>
      <QtyInPackage>1</QtyInPackage>
      <ItemPrice>14.90</ItemPrice>
      <UnitOfMeasurePrice>6.77</UnitOfMeasurePrice>
      <AllowDiscount>1</AllowDiscount>
      <itemStatus>1</itemStatus>
      <LastUpdateDate />
      <LastUpdateTime />
    </Product>
    <Product>
      <PriceUpdateDate>2020/11/24 12:29</PriceUpdateDate>
      <ItemCode>11947781</ItemCode>
      <ItemType>0</ItemType>
      <ItemName>מיקס זיתים ללא גלעין עם שמן זית 190 גר</ItemName>
      <ManufactureName>תה ויסוצקי בע`מ</ManufactureName>
      <ManufactureCountry />
      <ManufactureItemDescription />
      <UnitQty>'יח</UnitQty>
      <Quantity>1.90</Quantity>
      <UnitMeasure>ל-100 גרם</UnitMeasure>
      <BisWeighted>0</BisWeighted>
      <QtyInPackage>1</QtyInPackage>
      <ItemPrice>14.90</ItemPrice>
      <UnitOfMeasurePrice>7.84</UnitOfMeasurePrice>
      <AllowDiscount>1</AllowDiscount>
      <itemStatus>1</itemStatus>
      <LastUpdateDate />
      <LastUpdateTime />
    </Product>
    <Product>
      <PriceUpdateDate>2020/11/24 12:29</PriceUpdateDate>
      <ItemCode>11947798</ItemCode>
      <ItemType>0</ItemType>
      <ItemName>זית קלמטה ללא גלעין עם שמן זית זיתא</ItemName>
      <ManufactureName>תה ויסוצקי בע`מ</ManufactureName>
      <ManufactureCountry />
      <ManufactureItemDescription />
      <UnitQty>'יח</UnitQty>
      <Quantity>2.17</Quantity>
      <UnitMeasure>ל-100 גרם</UnitMeasure>
      <BisWeighted>0</BisWeighted>
      <QtyInPackage>1</QtyInPackage>
      <ItemPrice>14.90</ItemPrice>
      <UnitOfMeasurePrice>6.87</UnitOfMeasurePrice>
      <AllowDiscount>1</AllowDiscount>
      <itemStatus>1</itemStatus>
      <LastUpdateDate />
      <LastUpdateTime />
    </Product>
    <Product>
      <PriceUpdateDate>2022/04/21 08:15</PriceUpdateDate>
      <ItemCode>11947903</ItemCode>
      <ItemType>0</ItemType>
      <ItemName>מיקס זיתים יווני 215 גר` זיתא</ItemName>
      <ManufactureName>תה ויסוצקי בע`מ</ManufactureName>
      <ManufactureCountry />
      <ManufactureItemDescription />
      <UnitQty>'יח</UnitQty>
      <Quantity>2.17</Quantity>
      <UnitMeasure>ל-100 גרם</UnitMeasure>
      <BisWeighted>0</BisWeighted>
      <QtyInPackage>1</QtyInPackage>
      <ItemPrice>14.90</ItemPrice>
      <UnitOfMeasurePrice>6.87</UnitOfMeasurePrice>
      <AllowDiscount>0</AllowDiscount>
      <itemStatus>1</itemStatus>
      <LastUpdateDate />
      <LastUpdateTime />
    </Product>
    <Product>
      <PriceUpdateDate>2019/07/03 08:47</PriceUpdateDate>
      <ItemCode>7290011964344</ItemCode>
      <ItemType>1</ItemType>
      <ItemName>שום גבישי</ItemName>
      <ManufactureName>תבליני טעם וריח</ManufactureName>
      <ManufactureCountry />
      <ManufactureItemDescription />
      <UnitQty>'יח</UnitQty>
      <Quantity>1</Quantity>
      <UnitMeasure />
      <BisWeighted>0</BisWeighted>
      <QtyInPackage>1</QtyInPackage>
      <ItemPrice>9.90</ItemPrice>
      <UnitOfMeasurePrice>9.90</UnitOfMeasurePrice>
      <AllowDiscount>1</AllowDiscount>
      <itemStatus>1</itemStatus>
      <LastUpdateDate />
      <LastUpdateTime />
    </Product>
    <Product>
      <PriceUpdateDate>2019/07/03 08:47</PriceUpdateDate>
      <ItemCode>11964566</ItemCode>
      <ItemType>0</ItemType>
      <ItemName>גריל עוף 400 גר`</ItemName>
      <ManufactureName>תבליני טעם וריח</ManufactureName>
      <ManufactureCountry />
      <ManufactureItemDescription />
      <UnitQty>'יח</UnitQty>
      <Quantity>4</Quantity>
      <UnitMeasure>ל-100 גרם</UnitMeasure>
      <BisWeighted>0</BisWeighted>
      <QtyInPackage>1</QtyInPackage>
      <ItemPrice>24.90</ItemPrice>
      <UnitOfMeasurePrice>6.23</UnitOfMeasurePrice>
      <AllowDiscount>0</AllowDiscount>
      <itemStatus>1</itemStatus>
      <LastUpdateDate />
      <LastUpdateTime />
    </Product>
    <Product>
      <PriceUpdateDate>2019/07/03 08:47</PriceUpdateDate>
      <ItemCode>11964627</ItemCode>
      <ItemType>0</ItemType>
      <ItemName>פפריקה מתוקה בשמן 400 גר`</ItemName>
      <ManufactureName>תבליני טעם וריח</ManufactureName>
      <ManufactureCountry />
      <ManufactureItemDescription />
      <UnitQty>'יח</UnitQty>
      <Quantity>4</Quantity>
      <UnitMeasure>ל-100 גרם</UnitMeasure>
      <BisWeighted>0</BisWeighted>
      <QtyInPackage>1</QtyInPackage>
      <ItemPrice>24.90</ItemPrice>
      <UnitOfMeasurePrice>6.23</UnitOfMeasurePrice>
      <AllowDiscount>0</AllowDiscount>
      <itemStatus>1</itemStatus>
      <LastUpdateDate />
      <LastUpdateTime />
    </Product>
    <Product>
      <PriceUpdateDate>2022/02/20 18:24</PriceUpdateDate>
      <ItemCode>11964658</ItemCode>
      <ItemType>0</ItemType>
      <ItemName>מלח לימון 170 גרם</ItemName>
      <ManufactureName>תבליני טעם וריח</ManufactureName>
      <ManufactureCountry />
      <ManufactureItemDescription />
      <UnitQty>'יח</UnitQty>
      <Quantity>1</Quantity>
      <UnitMeasure />
      <BisWeighted>0</BisWeighted>
      <QtyInPackage>1</QtyInPackage>
      <ItemPrice>9.90</ItemPrice>
      <UnitOfMeasurePrice>9.90</UnitOfMeasurePrice>
      <AllowDiscount>1</AllowDiscount>
      <itemStatus>1</itemStatus>
      <LastUpdateDate />
      <LastUpdateTime />
    </Product>
    <Product>
      <PriceUpdateDate>2019/07/03 08:47</PriceUpdateDate>
      <ItemCode>11964702</ItemCode>
      <ItemType>0</ItemType>
      <ItemName>תיבול לשווארמה</ItemName>
      <ManufactureName>תבליני טעם וריח</ManufactureName>
      <ManufactureCountry />
      <ManufactureItemDescription />
      <UnitQty>'יח</UnitQty>
      <Quantity>1</Quantity>
      <UnitMeasure />
      <BisWeighted>0</BisWeighted>
      <QtyInPackage>1</QtyInPackage>
      <ItemPrice>9.90</ItemPrice>
      <UnitOfMeasurePrice>9.90</UnitOfMeasurePrice>
      <AllowDiscount>1</AllowDiscount>
      <itemStatus>1</itemStatus>
      <LastUpdateDate />
      <LastUpdateTime />
    </Product>
    <Product>
      <PriceUpdateDate>2022/10/18 20:22</PriceUpdateDate>
      <ItemCode>7290011996000</ItemCode>
      <ItemType>1</ItemType>
      <ItemName>איטריות עגבניות 454 גר`אסיה</ItemName>
      <ManufactureName>טחנת האבן קואופ בעמ</ManufactureName>
      <ManufactureCountry />
      <ManufactureItemDescription />
      <UnitQty>'יח</UnitQty>
      <Quantity>4.54</Quantity>
      <UnitMeasure>ל-100 גרם</UnitMeasure>
      <BisWeighted>0</BisWeighted>
      <QtyInPackage>1</QtyInPackage>
      <ItemPrice>9.90</ItemPrice>
      <UnitOfMeasurePrice>2.18</UnitOfMeasurePrice>
      <AllowDiscount>0</AllowDiscount>
      <itemStatus>1</itemStatus>
      <LastUpdateDate />
      <LastUpdateTime />
    </Product>
    <Product>
      <PriceUpdateDate>2022/10/18 20:22</PriceUpdateDate>
      <ItemCode>7290011996017</ItemCode>
      <ItemType>1</ItemType>
      <ItemName>איטריות תרד 400 גר`אסיה</ItemName>
      <ManufactureName>טחנת האבן קואופ בעמ</ManufactureName>
      <ManufactureCountry />
      <ManufactureItemDescription />
      <UnitQty>'יח</UnitQty>
      <Quantity>4.54</Quantity>
      <UnitMeasure>ל-100 גרם</UnitMeasure>
      <BisWeighted>0</BisWeighted>
      <QtyInPackage>1</QtyInPackage>
      <ItemPrice>9.90</ItemPrice>
      <UnitOfMeasurePrice>2.18</UnitOfMeasurePrice>
      <AllowDiscount>0</AllowDiscount>
      <itemStatus>1</itemStatus>
      <LastUpdateDate />
      <LastUpdateTime />
    </Product>
    <Product>
      <PriceUpdateDate>2022/10/18 20:22</PriceUpdateDate>
      <ItemCode>7290011996031</ItemCode>
      <ItemType>1</ItemType>
      <ItemName>איטריות ביצים 454 גר`אסיה</ItemName>
      <ManufactureName>טחנת האבן קואופ בעמ</ManufactureName>
      <ManufactureCountry />
      <ManufactureItemDescription />
      <UnitQty>'יח</UnitQty>
      <Quantity>4.54</Quantity>
      <UnitMeasure>ל-100 גרם</UnitMeasure>
      <BisWeighted>0</BisWeighted>
      <QtyInPackage>1</QtyInPackage>
      <ItemPrice>9.90</ItemPrice>
      <UnitOfMeasurePrice>2.18</UnitOfMeasurePrice>
      <AllowDiscount>0</AllowDiscount>
      <itemStatus>1</itemStatus>
      <LastUpdateDate />
      <LastUpdateTime />
    </Product>
    <Product>
      <PriceUpdateDate>2020/12/07 15:06</PriceUpdateDate>
      <ItemCode>7290011996062</ItemCode>
      <ItemType>1</ItemType>
      <ItemName>אורז לסושי 1 קג</ItemName>
      <ManufactureName>טחנת האבן קואופ בעמ</ManufactureName>
      <ManufactureCountry />
      <ManufactureItemDescription />
      <UnitQty>'יח</UnitQty>
      <Quantity>10</Quantity>
      <UnitMeasure>ל-100 גרם</UnitMeasure>
      <BisWeighted>0</BisWeighted>
      <QtyInPackage>1</QtyInPackage>
      <ItemPrice>13.90</ItemPrice>
      <UnitOfMeasurePrice>1.39</UnitOfMeasurePrice>
      <AllowDiscount>0</AllowDiscount>
      <itemStatus>1</itemStatus>
      <LastUpdateDate />
      <LastUpdateTime />
    </Product>
    <Product>
      <PriceUpdateDate>2022/05/12 10:36</PriceUpdateDate>
      <ItemCode>7290011996086</ItemCode>
      <ItemType>1</ItemType>
      <ItemName>רוטב צ`ילי חריף אסיה 700 מ"ל</ItemName>
      <ManufactureName>טחנת האבן קואופ בעמ</ManufactureName>
      <ManufactureCountry />
      <ManufactureItemDescription />
      <UnitQty>'יח</UnitQty>
      <Quantity>7</Quantity>
      <UnitMeasure>ל-100 גרם</UnitMeasure>
      <BisWeighted>0</BisWeighted>
      <QtyInPackage>1</QtyInPackage>
      <ItemPrice>9.90</ItemPrice>
      <UnitOfMeasurePrice>1.41</UnitOfMeasurePrice>
      <AllowDiscount>0</AllowDiscount>
      <itemStatus>1</itemStatus>
      <LastUpdateDate />
      <LastUpdateTime />
    </Product>
    <Product>
      <PriceUpdateDate>2019/07/03 08:47</PriceUpdateDate>
      <ItemCode>7290011996109</ItemCode>
      <ItemType>1</ItemType>
      <ItemName>רוטב צ`ילי מתוק</ItemName>
      <ManufactureName>טחנת האבן קואופ בעמ</ManufactureName>
      <ManufactureCountry />
      <ManufactureItemDescription />
      <UnitQty>'יח</UnitQty>
      <Quantity>7</Quantity>
      <UnitMeasure>ל-100 מ"ל</UnitMeasure>
      <BisWeighted>0</BisWeighted>
      <QtyInPackage>1</QtyInPackage>
      <ItemPrice>9.90</ItemPrice>
      <UnitOfMeasurePrice>1.41</UnitOfMeasurePrice>
      <AllowDiscount>0</AllowDiscount>
      <itemStatus>1</itemStatus>
      <LastUpdateDate />
      <LastUpdateTime />
    </Product>
    <Product>
      <PriceUpdateDate>2020/12/07 15:06</PriceUpdateDate>
      <ItemCode>7290011996123</ItemCode>
      <ItemType>1</ItemType>
      <ItemName>אצות נורי גולד</ItemName>
      <ManufactureName>טחנת האבן קואופ בעמ</ManufactureName>
      <ManufactureCountry />
      <ManufactureItemDescription />
      <UnitQty>'יח</UnitQty>
      <Quantity>10</Quantity>
      <UnitMeasure>ל-100 מ"ל</UnitMeasure>
      <BisWeighted>0</BisWeighted>
      <QtyInPackage>1</QtyInPackage>
      <ItemPrice>10.90</ItemPrice>
      <UnitOfMeasurePrice>1.09</UnitOfMeasurePrice>
      <AllowDiscount>0</AllowDiscount>
      <itemStatus>1</itemStatus>
      <LastUpdateDate />
      <LastUpdateTime />
    </Product>
    <Product>
      <PriceUpdateDate>2019/01/16 14:42</PriceUpdateDate>
      <ItemCode>7290011996178</ItemCode>
      <ItemType>1</ItemType>
      <ItemName>רוטב סויה יפני 300מ`ל</ItemName>
      <ManufactureName>טחנת האבן קואופ בעמ</ManufactureName>
      <ManufactureCountry />
      <ManufactureItemDescription />
      <UnitQty>'יח</UnitQty>
      <Quantity>1.60</Quantity>
      <UnitMeasure>ל-100 גרם</UnitMeasure>
      <BisWeighted>0</BisWeighted>
      <QtyInPackage>1</QtyInPackage>
      <ItemPrice>10.20</ItemPrice>
      <UnitOfMeasurePrice>6.38</UnitOfMeasurePrice>
      <AllowDiscount>0</AllowDiscount>
      <itemStatus>1</itemStatus>
      <LastUpdateDate />
      <LastUpdateTime />
    </Product>
    <Product>
      <PriceUpdateDate>2019/07/03 08:47</PriceUpdateDate>
      <ItemCode>7290011996222</ItemCode>
      <ItemType>1</ItemType>
      <ItemName>מי קוקוס 400מ`ל</ItemName>
      <ManufactureName>טחנת האבן קואופ בעמ</ManufactureName>
      <ManufactureCountry />
      <ManufactureItemDescription />
      <UnitQty>'יח</UnitQty>
      <Quantity>4</Quantity>
      <UnitMeasure>ל-100 גרם</UnitMeasure>
      <BisWeighted>0</BisWeighted>
      <QtyInPackage>1</QtyInPackage>
      <ItemPrice>5.90</ItemPrice>
      <UnitOfMeasurePrice>1.48</UnitOfMeasurePrice>
      <AllowDiscount>0</AllowDiscount>
      <itemStatus>1</itemStatus>
      <LastUpdateDate />
      <LastUpdateTime />
    </Product>
    <Product>
      <PriceUpdateDate>2019/01/16 14:42</PriceUpdateDate>
      <ItemCode>7290011996277</ItemCode>
      <ItemType>1</ItemType>
      <ItemName>מחצלת במבו</ItemName>
      <ManufactureName>טחנת האבן קואופ בעמ</ManufactureName>
      <ManufactureCountry />
      <ManufactureItemDescription />
      <UnitQty>'יח</UnitQty>
      <Quantity>1</Quantity>
      <UnitMeasure />
      <BisWeighted>0</BisWeighted>
      <QtyInPackage>1</QtyInPackage>
      <ItemPrice>4.90</ItemPrice>
      <UnitOfMeasurePrice>4.90</UnitOfMeasurePrice>
      <AllowDiscount>0</AllowDiscount>
      <itemStatus>1</itemStatus>
      <LastUpdateDate />
      <LastUpdateTime />
    </Product>
    <Product>
      <PriceUpdateDate>2022/10/18 20:22</PriceUpdateDate>
      <ItemCode>7290011996499</ItemCode>
      <ItemType>1</ItemType>
      <ItemName>מקלוני אורז דק 400גר אסיה</ItemName>
      <ManufactureName>טחנת האבן קואופ בעמ</ManufactureName>
      <ManufactureCountry />
      <ManufactureItemDescription />
      <UnitQty>'יח</UnitQty>
      <Quantity>4</Quantity>
      <UnitMeasure>ל-100 גרם</UnitMeasure>
      <BisWeighted>0</BisWeighted>
      <QtyInPackage>1</QtyInPackage>
      <ItemPrice>8.90</ItemPrice>
      <UnitOfMeasurePrice>2.23</UnitOfMeasurePrice>
      <AllowDiscount>0</AllowDiscount>
      <itemStatus>1</itemStatus>
      <LastUpdateDate />
      <LastUpdateTime />
    </Product>
    <Product>
      <PriceUpdateDate>2020/12/07 15:06</PriceUpdateDate>
      <ItemCode>7290011996529</ItemCode>
      <ItemType>1</ItemType>
      <ItemName>מקלוני אורז 5 ממ 454גר אסיה</ItemName>
      <ManufactureName>טחנת האבן קואופ בעמ</ManufactureName>
      <ManufactureCountry />
      <ManufactureItemDescription />
      <UnitQty>'יח</UnitQty>
      <Quantity>4.54</Quantity>
      <UnitMeasure>ל-100 גרם</UnitMeasure>
      <BisWeighted>0</BisWeighted>
      <QtyInPackage>1</QtyInPackage>
      <ItemPrice>7.90</ItemPrice>
      <UnitOfMeasurePrice>1.74</UnitOfMeasurePrice>
      <AllowDiscount>0</AllowDiscount>
      <itemStatus>1</itemStatus>
      <LastUpdateDate />
      <LastUpdateTime />
    </Product>
    <Product>
      <PriceUpdateDate>2020/12/07 15:06</PriceUpdateDate>
      <ItemCode>7290011996604</ItemCode>
      <ItemType>1</ItemType>
      <ItemName>רוטב פד תאי 300מל</ItemName>
      <ManufactureName>טחנת האבן קואופ בעמ</ManufactureName>
      <ManufactureCountry />
      <ManufactureItemDescription />
      <UnitQty>'יח</UnitQty>
      <Quantity>3</Quantity>
      <UnitMeasure>ל-100 גרם</UnitMeasure>
      <BisWeighted>0</BisWeighted>
      <QtyInPackage>1</QtyInPackage>
      <ItemPrice>12.90</ItemPrice>
      <UnitOfMeasurePrice>4.30</UnitOfMeasurePrice>
      <AllowDiscount>0</AllowDiscount>
      <itemStatus>1</itemStatus>
      <LastUpdateDate />
      <LastUpdateTime />
    </Product>
    <Product>
      <PriceUpdateDate>2022/10/18 20:22</PriceUpdateDate>
      <ItemCode>7290011996819</ItemCode>
      <ItemType>1</ItemType>
      <ItemName>מקלוני אורז שעועית 250גר אסיה</ItemName>
      <ManufactureName>טחנת האבן קואופ בעמ</ManufactureName>
      <ManufactureCountry />
      <ManufactureItemDescription />
      <UnitQty>'יח</UnitQty>
      <Quantity>2.50</Quantity>
      <UnitMeasure>ל-100 גרם</UnitMeasure>
      <BisWeighted>0</BisWeighted>
      <QtyInPackage>1</QtyInPackage>
      <ItemPrice>6.90</ItemPrice>
      <UnitOfMeasurePrice>2.76</UnitOfMeasurePrice>
      <AllowDiscount>0</AllowDiscount>
      <itemStatus>1</itemStatus>
      <LastUpdateDate />
      <LastUpdateTime />
    </Product>
    <Product>
      <PriceUpdateDate>2020/12/07 15:06</PriceUpdateDate>
      <ItemCode>7290011996888</ItemCode>
      <ItemType>1</ItemType>
      <ItemName>רוטב טריאקי 300מל</ItemName>
      <ManufactureName>טחנת האבן קואופ בעמ</ManufactureName>
      <ManufactureCountry />
      <ManufactureItemDescription />
      <UnitQty>'יח</UnitQty>
      <Quantity>3</Quantity>
      <UnitMeasure>ל-100 גרם</UnitMeasure>
      <BisWeighted>0</BisWeighted>
      <QtyInPackage>1</QtyInPackage>
      <ItemPrice>9.90</ItemPrice>
      <UnitOfMeasurePrice>3.30</UnitOfMeasurePrice>
      <AllowDiscount>0</AllowDiscount>
      <itemStatus>1</itemStatus>
      <LastUpdateDate />
      <LastUpdateTime />
    </Product>
    <Product>
      <PriceUpdateDate>2019/01/16 14:42</PriceUpdateDate>
      <ItemCode>7290012001994</ItemCode>
      <ItemType>1</ItemType>
      <ItemName>חרדל דיז`ון עם גרעינים שלמים 350 גרם</ItemName>
      <ManufactureName>דיפלומט מפיצים (1968) בע`מ</ManufactureName>
      <ManufactureCountry />
      <ManufactureItemDescription />
      <UnitQty>'יח</UnitQty>
      <Quantity>3.50</Quantity>
      <UnitMeasure>ל-100 גרם</UnitMeasure>
      <BisWeighted>0</BisWeighted>
      <QtyInPackage>12</QtyInPackage>
      <ItemPrice>12.90</ItemPrice>
      <UnitOfMeasurePrice>3.69</UnitOfMeasurePrice>
      <AllowDiscount>0</AllowDiscount>
      <itemStatus>1</itemStatus>
      <LastUpdateDate />
      <LastUpdateTime />
    </Product>
    <Product>
      <PriceUpdateDate>2022/10/31 14:55</PriceUpdateDate>
      <ItemCode>12009105</ItemCode>
      <ItemType>0</ItemType>
      <ItemName>אוכמניות</ItemName>
      <ManufactureName>ביכורי השדה הצפון בעמ` 1964</ManufactureName>
      <ManufactureCountry />
      <ManufactureItemDescription />
      <UnitQty>'יח</UnitQty>
      <Quantity>1</Quantity>
      <UnitMeasure />
      <BisWeighted>0</BisWeighted>
      <QtyInPackage>1</QtyInPackage>
      <ItemPrice>13.90</ItemPrice>
      <UnitOfMeasurePrice>13.90</UnitOfMeasurePrice>
      <AllowDiscount>1</AllowDiscount>
      <itemStatus>1</itemStatus>
      <LastUpdateDate />
      <LastUpdateTime />
    </Product>
    <Product>
      <PriceUpdateDate>2020/10/09 07:10</PriceUpdateDate>
      <ItemCode>7290012019265</ItemCode>
      <ItemType>1</ItemType>
      <ItemName>רסק תפו דיאט 4  יח`452 גרם</ItemName>
      <ManufactureName>תומר ייבוא ושיווק מוצרי מזון [</ManufactureName>
      <ManufactureCountry />
      <ManufactureItemDescription />
      <UnitQty>'יח</UnitQty>
      <Quantity>4.52</Quantity>
      <UnitMeasure>ל-100 גרם</UnitMeasure>
      <BisWeighted>0</BisWeighted>
      <QtyInPackage>12</QtyInPackage>
      <ItemPrice>10.90</ItemPrice>
      <UnitOfMeasurePrice>2.41</UnitOfMeasurePrice>
      <AllowDiscount>0</AllowDiscount>
      <itemStatus>1</itemStatus>
      <LastUpdateDate />
      <LastUpdateTime />
    </Product>
    <Product>
      <PriceUpdateDate>2019/10/18 09:44</PriceUpdateDate>
      <ItemCode>7290012022203</ItemCode>
      <ItemType>1</ItemType>
      <ItemName>פריכיות חיטה מלאה 60 גרם</ItemName>
      <ManufactureName>דילייט 2005 בע`מ</ManufactureName>
      <ManufactureCountry />
      <ManufactureItemDescription />
      <UnitQty>'יח</UnitQty>
      <Quantity>0.60</Quantity>
      <UnitMeasure>ל-100 גרם</UnitMeasure>
      <BisWeighted>0</BisWeighted>
      <QtyInPackage>1</QtyInPackage>
      <ItemPrice>13.90</ItemPrice>
      <UnitOfMeasurePrice>23.17</UnitOfMeasurePrice>
      <AllowDiscount>0</AllowDiscount>
      <itemStatus>1</itemStatus>
      <LastUpdateDate />
      <LastUpdateTime />
    </Product>
    <Product>
      <PriceUpdateDate>2019/06/30 20:17</PriceUpdateDate>
      <ItemCode>12071003</ItemCode>
      <ItemType>0</ItemType>
      <ItemName>קמיל בלו משחה לתינוק 200 גר`</ItemName>
      <ManufactureName>פישר תעשיות פרמצבטיות בע"מ</ManufactureName>
      <ManufactureCountry />
      <ManufactureItemDescription />
      <UnitQty>'יח</UnitQty>
      <Quantity>2</Quantity>
      <UnitMeasure>ל-100 גרם</UnitMeasure>
      <BisWeighted>0</BisWeighted>
      <QtyInPackage>1</QtyInPackage>
      <ItemPrice>19.90</ItemPrice>
      <UnitOfMeasurePrice>9.95</UnitOfMeasurePrice>
      <AllowDiscount>0</AllowDiscount>
      <itemStatus>1</itemStatus>
      <LastUpdateDate />
      <LastUpdateTime />
    </Product>
    <Product>
      <PriceUpdateDate>2020/10/19 18:24</PriceUpdateDate>
      <ItemCode>12116360</ItemCode>
      <ItemType>0</ItemType>
      <ItemName>סנו פוליויקס גרניט פורצלן 2 ליטר</ItemName>
      <ManufactureName>החב. הדרומית לשיווק</ManufactureName>
      <ManufactureCountry />
      <ManufactureItemDescription />
      <UnitQty>'יח</UnitQty>
      <Quantity>20</Quantity>
      <UnitMeasure>ל-100 מ"ל</UnitMeasure>
      <BisWeighted>0</BisWeighted>
      <QtyInPackage>8</QtyInPackage>
      <ItemPrice>19.90</ItemPrice>
      <UnitOfMeasurePrice>1</UnitOfMeasurePrice>
      <AllowDiscount>0</AllowDiscount>
      <itemStatus>1</itemStatus>
      <LastUpdateDate />
      <LastUpdateTime />
    </Product>
    <Product>
      <PriceUpdateDate>2019/12/24 08:42</PriceUpdateDate>
      <ItemCode>7290012116537</ItemCode>
      <ItemType>1</ItemType>
      <ItemName>סנו מקסימה מאסק 2.5</ItemName>
      <ManufactureName>החב. הדרומית לשיווק</ManufactureName>
      <ManufactureCountry />
      <ManufactureItemDescription />
      <UnitQty>'יח</UnitQty>
      <Quantity>25</Quantity>
      <UnitMeasure>ל-100 גרם</UnitMeasure>
      <BisWeighted>0</BisWeighted>
      <QtyInPackage>6</QtyInPackage>
      <ItemPrice>24.90</ItemPrice>
      <UnitOfMeasurePrice>1</UnitOfMeasurePrice>
      <AllowDiscount>0</AllowDiscount>
      <itemStatus>1</itemStatus>
      <LastUpdateDate />
      <LastUpdateTime />
    </Product>
    <Product>
      <PriceUpdateDate>2021/12/30 18:57</PriceUpdateDate>
      <ItemCode>12116551</ItemCode>
      <ItemType>0</ItemType>
      <ItemName>אנטי קלאק 4ב *12ליטר</ItemName>
      <ManufactureName>החב. הדרומית לשיווק</ManufactureName>
      <ManufactureCountry />
      <ManufactureItemDescription />
      <UnitQty>'יח</UnitQty>
      <Quantity>20</Quantity>
      <UnitMeasure>ל-100 מ"ל</UnitMeasure>
      <BisWeighted>0</BisWeighted>
      <QtyInPackage>8</QtyInPackage>
      <ItemPrice>19.90</ItemPrice>
      <UnitOfMeasurePrice>1</UnitOfMeasurePrice>
      <AllowDiscount>0</AllowDiscount>
      <itemStatus>1</itemStatus>
      <LastUpdateDate />
      <LastUpdateTime />
    </Product>
    <Product>
      <PriceUpdateDate>2022/11/01 09:45</PriceUpdateDate>
      <ItemCode>12116735</ItemCode>
      <ItemType>0</ItemType>
      <ItemName>סופט ג`מבו פרש לבן 24 גלילים</ItemName>
      <ManufactureName>החב. הדרומית לשיווק</ManufactureName>
      <ManufactureCountry />
      <ManufactureItemDescription />
      <UnitQty>'יח</UnitQty>
      <Quantity>25.50</Quantity>
      <UnitMeasure>ל-100 גרם</UnitMeasure>
      <BisWeighted>0</BisWeighted>
      <QtyInPackage>1</QtyInPackage>
      <ItemPrice>49.90</ItemPrice>
      <UnitOfMeasurePrice>1.96</UnitOfMeasurePrice>
      <AllowDiscount>0</AllowDiscount>
      <itemStatus>1</itemStatus>
      <LastUpdateDate />
      <LastUpdateTime />
    </Product>
    <Product>
      <PriceUpdateDate>2020/10/19 18:24</PriceUpdateDate>
      <ItemCode>7290012117039</ItemCode>
      <ItemType>1</ItemType>
      <ItemName>סנו 00 לאמבטיה 1 ליטר</ItemName>
      <ManufactureName>החב. הדרומית לשיווק</ManufactureName>
      <ManufactureCountry />
      <ManufactureItemDescription />
      <UnitQty>'יח</UnitQty>
      <Quantity>10</Quantity>
      <UnitMeasure>ל-100 מ"ל</UnitMeasure>
      <BisWeighted>0</BisWeighted>
      <QtyInPackage>12</QtyInPackage>
      <ItemPrice>7.90</ItemPrice>
      <UnitOfMeasurePrice>0.79</UnitOfMeasurePrice>
      <AllowDiscount>0</AllowDiscount>
      <itemStatus>1</itemStatus>
      <LastUpdateDate />
      <LastUpdateTime />
    </Product>
    <Product>
      <PriceUpdateDate>2022/03/27 06:37</PriceUpdateDate>
      <ItemCode>12117091</ItemCode>
      <ItemType>0</ItemType>
      <ItemName>סנו מקסימה אבקת כביסה סנסטיב 6קג שקית</ItemName>
      <ManufactureName>החב. הדרומית לשיווק</ManufactureName>
      <ManufactureCountry />
      <ManufactureItemDescription />
      <UnitQty>'יח</UnitQty>
      <Quantity>6</Quantity>
      <UnitMeasure>ל-100 גרם</UnitMeasure>
      <BisWeighted>0</BisWeighted>
      <QtyInPackage>3</QtyInPackage>
      <ItemPrice>49.90</ItemPrice>
      <UnitOfMeasurePrice>8.32</UnitOfMeasurePrice>
      <AllowDiscount>0</AllowDiscount>
      <itemStatus>1</itemStatus>
      <LastUpdateDate />
      <LastUpdateTime />
    </Product>
    <Product>
      <PriceUpdateDate>2022/01/17 20:43</PriceUpdateDate>
      <ItemCode>12117275</ItemCode>
      <ItemType>0</ItemType>
      <ItemName>סנוקליר שקית מילוי 750 מ`ל</ItemName>
      <ManufactureName>החב. הדרומית לשיווק</ManufactureName>
      <ManufactureCountry />
      <ManufactureItemDescription />
      <UnitQty>'יח</UnitQty>
      <Quantity>7.50</Quantity>
      <UnitMeasure>ל-100 מ"ל</UnitMeasure>
      <BisWeighted>0</BisWeighted>
      <QtyInPackage>12</QtyInPackage>
      <ItemPrice>5.90</ItemPrice>
      <UnitOfMeasurePrice>0.79</UnitOfMeasurePrice>
      <AllowDiscount>0</AllowDiscount>
      <itemStatus>1</itemStatus>
      <LastUpdateDate />
      <LastUpdateTime />
    </Product>
    <Product>
      <PriceUpdateDate>2022/01/17 20:43</PriceUpdateDate>
      <ItemCode>7290012117350</ItemCode>
      <ItemType>1</ItemType>
      <ItemName>ריצפז פרש לבנדר 2 ליטר</ItemName>
      <ManufactureName>החב. הדרומית לשיווק</ManufactureName>
      <ManufactureCountry />
      <ManufactureItemDescription />
      <UnitQty>'יח</UnitQty>
      <Quantity>20</Quantity>
      <UnitMeasure>ל-100 מ"ל</UnitMeasure>
      <BisWeighted>0</BisWeighted>
      <QtyInPackage>8</QtyInPackage>
      <ItemPrice>17.90</ItemPrice>
      <UnitOfMeasurePrice>0.90</UnitOfMeasurePrice>
      <AllowDiscount>1</AllowDiscount>
      <itemStatus>1</itemStatus>
      <LastUpdateDate />
      <LastUpdateTime />
    </Product>
    <Product>
      <PriceUpdateDate>2021/12/30 18:57</PriceUpdateDate>
      <ItemCode>7290012117411</ItemCode>
      <ItemType>1</ItemType>
      <ItemName>ג`ל רחצה במבוק</ItemName>
      <ManufactureName>החב. הדרומית לשיווק</ManufactureName>
      <ManufactureCountry />
      <ManufactureItemDescription />
      <UnitQty>'יח</UnitQty>
      <Quantity>7</Quantity>
      <UnitMeasure>ל-100 מ"ל</UnitMeasure>
      <BisWeighted>0</BisWeighted>
      <QtyInPackage>12</QtyInPackage>
      <ItemPrice>19.90</ItemPrice>
      <UnitOfMeasurePrice>2.84</UnitOfMeasurePrice>
      <AllowDiscount>0</AllowDiscount>
      <itemStatus>1</itemStatus>
      <LastUpdateDate />
      <LastUpdateTime />
    </Product>
    <Product>
      <PriceUpdateDate>2021/12/30 18:57</PriceUpdateDate>
      <ItemCode>12117435</ItemCode>
      <ItemType>0</ItemType>
      <ItemName>ג`ל רחצה אלוורה</ItemName>
      <ManufactureName>החב. הדרומית לשיווק</ManufactureName>
      <ManufactureCountry />
      <ManufactureItemDescription />
      <UnitQty>'יח</UnitQty>
      <Quantity>7</Quantity>
      <UnitMeasure>ל-100 מ"ל</UnitMeasure>
      <BisWeighted>0</BisWeighted>
      <QtyInPackage>12</QtyInPackage>
      <ItemPrice>19.90</ItemPrice>
      <UnitOfMeasurePrice>2.84</UnitOfMeasurePrice>
      <AllowDiscount>0</AllowDiscount>
      <itemStatus>1</itemStatus>
      <LastUpdateDate />
      <LastUpdateTime />
    </Product>
    <Product>
      <PriceUpdateDate>2021/12/30 18:57</PriceUpdateDate>
      <ItemCode>12117534</ItemCode>
      <ItemType>0</ItemType>
      <ItemName>מרכך סופר מרוכז קול 1 ל`</ItemName>
      <ManufactureName>החב. הדרומית לשיווק</ManufactureName>
      <ManufactureCountry />
      <ManufactureItemDescription />
      <UnitQty>'יח</UnitQty>
      <Quantity>10</Quantity>
      <UnitMeasure>ל-100 מ"ל</UnitMeasure>
      <BisWeighted>0</BisWeighted>
      <QtyInPackage>12</QtyInPackage>
      <ItemPrice>18.90</ItemPrice>
      <UnitOfMeasurePrice>1.89</UnitOfMeasurePrice>
      <AllowDiscount>1</AllowDiscount>
      <itemStatus>1</itemStatus>
      <LastUpdateDate />
      <LastUpdateTime />
    </Product>
    <Product>
      <PriceUpdateDate>2021/12/30 18:57</PriceUpdateDate>
      <ItemCode>12117541</ItemCode>
      <ItemType>0</ItemType>
      <ItemName>מרכך סופר מרוכז זן 1 ל`</ItemName>
      <ManufactureName>החב. הדרומית לשיווק</ManufactureName>
      <ManufactureCountry />
      <ManufactureItemDescription />
      <UnitQty>'יח</UnitQty>
      <Quantity>10</Quantity>
      <UnitMeasure>ל-100 מ"ל</UnitMeasure>
      <BisWeighted>0</BisWeighted>
      <QtyInPackage>1</QtyInPackage>
      <ItemPrice>18.90</ItemPrice>
      <UnitOfMeasurePrice>1.89</UnitOfMeasurePrice>
      <AllowDiscount>1</AllowDiscount>
      <itemStatus>1</itemStatus>
      <LastUpdateDate />
      <LastUpdateTime />
    </Product>
    <Product>
      <PriceUpdateDate>2021/12/30 18:57</PriceUpdateDate>
      <ItemCode>7290012117565</ItemCode>
      <ItemType>1</ItemType>
      <ItemName>סושי 100 כפפות לטקס S</ItemName>
      <ManufactureName>החב. הדרומית לשיווק</ManufactureName>
      <ManufactureCountry />
      <ManufactureItemDescription />
      <UnitQty>'יח</UnitQty>
      <Quantity>1</Quantity>
      <UnitMeasure />
      <BisWeighted>0</BisWeighted>
      <QtyInPackage>10</QtyInPackage>
      <ItemPrice>29.90</ItemPrice>
      <UnitOfMeasurePrice>29.90</UnitOfMeasurePrice>
      <AllowDiscount>0</AllowDiscount>
      <itemStatus>1</itemStatus>
      <LastUpdateDate />
      <LastUpdateTime />
    </Product>
    <Product>
      <PriceUpdateDate>2021/12/30 18:57</PriceUpdateDate>
      <ItemCode>7290012117572</ItemCode>
      <ItemType>1</ItemType>
      <ItemName>סושי 100 כפפות לטקס M</ItemName>
      <ManufactureName>החב. הדרומית לשיווק</ManufactureName>
      <ManufactureCountry />
      <ManufactureItemDescription />
      <UnitQty>'יח</UnitQty>
      <Quantity>1</Quantity>
      <UnitMeasure />
      <BisWeighted>0</BisWeighted>
      <QtyInPackage>10</QtyInPackage>
      <ItemPrice>29.90</ItemPrice>
      <UnitOfMeasurePrice>29.90</UnitOfMeasurePrice>
      <AllowDiscount>0</AllowDiscount>
      <itemStatus>1</itemStatus>
      <LastUpdateDate />
      <LastUpdateTime />
    </Product>
    <Product>
      <PriceUpdateDate>2021/12/30 18:57</PriceUpdateDate>
      <ItemCode>7290012117589</ItemCode>
      <ItemType>1</ItemType>
      <ItemName>סושי 100 כפפות לטקס L</ItemName>
      <ManufactureName>החב. הדרומית לשיווק</ManufactureName>
      <ManufactureCountry />
      <ManufactureItemDescription />
      <UnitQty>'יח</UnitQty>
      <Quantity>1</Quantity>
      <UnitMeasure />
      <BisWeighted>0</BisWeighted>
      <QtyInPackage>10</QtyInPackage>
      <ItemPrice>29.90</ItemPrice>
      <UnitOfMeasurePrice>29.90</UnitOfMeasurePrice>
      <AllowDiscount>0</AllowDiscount>
      <itemStatus>1</itemStatus>
      <LastUpdateDate />
      <LastUpdateTime />
    </Product>
    <Product>
      <PriceUpdateDate>2019/01/16 14:42</PriceUpdateDate>
      <ItemCode>12117916</ItemCode>
      <ItemType>0</ItemType>
      <ItemName>סנו אינסטלטור נוזלי</ItemName>
      <ManufactureName>החב. הדרומית לשיווק</ManufactureName>
      <ManufactureCountry />
      <ManufactureItemDescription />
      <UnitQty>'יח</UnitQty>
      <Quantity>10</Quantity>
      <UnitMeasure>ל-100 מ"ל</UnitMeasure>
      <BisWeighted>0</BisWeighted>
      <QtyInPackage>12</QtyInPackage>
      <ItemPrice>26.90</ItemPrice>
      <UnitOfMeasurePrice>2.69</UnitOfMeasurePrice>
      <AllowDiscount>0</AllowDiscount>
      <itemStatus>1</itemStatus>
      <LastUpdateDate />
      <LastUpdateTime />
    </Product>
    <Product>
      <PriceUpdateDate>2020/06/10 08:07</PriceUpdateDate>
      <ItemCode>12226014</ItemCode>
      <ItemType>0</ItemType>
      <ItemName>נקניקיות וינר 800גר</ItemName>
      <ManufactureName>נקניק זוגלובק נהריה</ManufactureName>
      <ManufactureCountry />
      <ManufactureItemDescription />
      <UnitQty>'יח</UnitQty>
      <Quantity>8</Quantity>
      <UnitMeasure>ל-100 גרם</UnitMeasure>
      <BisWeighted>0</BisWeighted>
      <QtyInPackage>1</QtyInPackage>
      <ItemPrice>21.90</ItemPrice>
      <UnitOfMeasurePrice>2.74</UnitOfMeasurePrice>
      <AllowDiscount>0</AllowDiscount>
      <itemStatus>1</itemStatus>
      <LastUpdateDate />
      <LastUpdateTime />
    </Product>
    <Product>
      <PriceUpdateDate>2019/01/16 14:42</PriceUpdateDate>
      <ItemCode>7290012226021</ItemCode>
      <ItemType>1</ItemType>
      <ItemName>סלמי מעושן פראג 400גר</ItemName>
      <ManufactureName>נקניק זוגלובק נהריה</ManufactureName>
      <ManufactureCountry />
      <ManufactureItemDescription />
      <UnitQty>'יח</UnitQty>
      <Quantity>4</Quantity>
      <UnitMeasure>ל-100 גרם</UnitMeasure>
      <BisWeighted>0</BisWeighted>
      <QtyInPackage>1</QtyInPackage>
      <ItemPrice>22.40</ItemPrice>
      <UnitOfMeasurePrice>5.60</UnitOfMeasurePrice>
      <AllowDiscount>0</AllowDiscount>
      <itemStatus>1</itemStatus>
      <LastUpdateDate />
      <LastUpdateTime />
    </Product>
    <Product>
      <PriceUpdateDate>2019/01/16 14:42</PriceUpdateDate>
      <ItemCode>12226076</ItemCode>
      <ItemType>0</ItemType>
      <ItemName>פסטרמה חרמון 200 גר`</ItemName>
      <ManufactureName>נקניק זוגלובק נהריה</ManufactureName>
      <ManufactureCountry />
      <ManufactureItemDescription />
      <UnitQty>'יח</UnitQty>
      <Quantity>2</Quantity>
      <UnitMeasure>ל-100 גרם</UnitMeasure>
      <BisWeighted>0</BisWeighted>
      <QtyInPackage>1</QtyInPackage>
      <ItemPrice>15.70</ItemPrice>
      <UnitOfMeasurePrice>7.85</UnitOfMeasurePrice>
      <AllowDiscount>0</AllowDiscount>
      <itemStatus>1</itemStatus>
      <LastUpdateDate />
      <LastUpdateTime />
    </Product>
    <Product>
      <PriceUpdateDate>2019/07/03 08:47</PriceUpdateDate>
      <ItemCode>12226120</ItemCode>
      <ItemType>0</ItemType>
      <ItemName>קבנוס זוגלובק טבעי 135 גרם</ItemName>
      <ManufactureName>נקניק זוגלובק נהריה</ManufactureName>
      <ManufactureCountry />
      <ManufactureItemDescription />
      <UnitQty>'יח</UnitQty>
      <Quantity>1.35</Quantity>
      <UnitMeasure>ל-100 גרם</UnitMeasure>
      <BisWeighted>0</BisWeighted>
      <QtyInPackage>1</QtyInPackage>
      <ItemPrice>10.90</ItemPrice>
      <UnitOfMeasurePrice>8.07</UnitOfMeasurePrice>
      <AllowDiscount>0</AllowDiscount>
      <itemStatus>1</itemStatus>
      <LastUpdateDate />
      <LastUpdateTime />
    </Product>
    <Product>
      <PriceUpdateDate>2022/04/27 12:36</PriceUpdateDate>
      <ItemCode>7290012226922</ItemCode>
      <ItemType>1</ItemType>
      <ItemName>קבנוס זוגלובק שום 135 גרם</ItemName>
      <ManufactureName>נקניק זוגלובק נהריה</ManufactureName>
      <ManufactureCountry />
      <ManufactureItemDescription />
      <UnitQty>'יח</UnitQty>
      <Quantity>1.35</Quantity>
      <UnitMeasure>ל-100 גרם</UnitMeasure>
      <BisWeighted>0</BisWeighted>
      <QtyInPackage>1</QtyInPackage>
      <ItemPrice>10.90</ItemPrice>
      <UnitOfMeasurePrice>8.07</UnitOfMeasurePrice>
      <AllowDiscount>0</AllowDiscount>
      <itemStatus>1</itemStatus>
      <LastUpdateDate />
      <LastUpdateTime />
    </Product>
    <Product>
      <PriceUpdateDate>2022/04/27 12:36</PriceUpdateDate>
      <ItemCode>7290012226939</ItemCode>
      <ItemType>1</ItemType>
      <ItemName>קבנוס זוגלובק צ`ילי 135 גרם</ItemName>
      <ManufactureName>נקניק זוגלובק נהריה</ManufactureName>
      <ManufactureCountry />
      <ManufactureItemDescription />
      <UnitQty>'יח</UnitQty>
      <Quantity>1.35</Quantity>
      <UnitMeasure>ל-100 גרם</UnitMeasure>
      <BisWeighted>0</BisWeighted>
      <QtyInPackage>1</QtyInPackage>
      <ItemPrice>10.90</ItemPrice>
      <UnitOfMeasurePrice>8.07</UnitOfMeasurePrice>
      <AllowDiscount>0</AllowDiscount>
      <itemStatus>1</itemStatus>
      <LastUpdateDate />
      <LastUpdateTime />
    </Product>
    <Product>
      <PriceUpdateDate>2022/04/21 08:06</PriceUpdateDate>
      <ItemCode>7290012226991</ItemCode>
      <ItemType>1</ItemType>
      <ItemName>נקניקיות ג`מבו 1.5קג`</ItemName>
      <ManufactureName>נקניק זוגלובק נהריה</ManufactureName>
      <ManufactureCountry />
      <ManufactureItemDescription />
      <UnitQty>'יח</UnitQty>
      <Quantity>15</Quantity>
      <UnitMeasure>ל-100 גרם</UnitMeasure>
      <BisWeighted>0</BisWeighted>
      <QtyInPackage>1</QtyInPackage>
      <ItemPrice>29.90</ItemPrice>
      <UnitOfMeasurePrice>1.99</UnitOfMeasurePrice>
      <AllowDiscount>0</AllowDiscount>
      <itemStatus>1</itemStatus>
      <LastUpdateDate />
      <LastUpdateTime />
    </Product>
    <Product>
      <PriceUpdateDate>2019/11/11 12:25</PriceUpdateDate>
      <ItemCode>7290012227172</ItemCode>
      <ItemType>1</ItemType>
      <ItemName>פסטרמה כפרית חרמון 2יח*300גר</ItemName>
      <ManufactureName>נקניק זוגלובק נהריה</ManufactureName>
      <ManufactureCountry />
      <ManufactureItemDescription />
      <UnitQty>'יח</UnitQty>
      <Quantity>8</Quantity>
      <UnitMeasure>ל-100 גרם</UnitMeasure>
      <BisWeighted>0</BisWeighted>
      <QtyInPackage>1</QtyInPackage>
      <ItemPrice>29.90</ItemPrice>
      <UnitOfMeasurePrice>3.74</UnitOfMeasurePrice>
      <AllowDiscount>0</AllowDiscount>
      <itemStatus>1</itemStatus>
      <LastUpdateDate />
      <LastUpdateTime />
    </Product>
    <Product>
      <PriceUpdateDate>2019/08/27 12:24</PriceUpdateDate>
      <ItemCode>12227325</ItemCode>
      <ItemType>0</ItemType>
      <ItemName>סלמי מעושן איטלקי 120 גר` דק דק</ItemName>
      <ManufactureName>נקניק זוגלובק נהריה</ManufactureName>
      <ManufactureCountry />
      <ManufactureItemDescription />
      <UnitQty>'יח</UnitQty>
      <Quantity>1.20</Quantity>
      <UnitMeasure>ל-100 גרם</UnitMeasure>
      <BisWeighted>0</BisWeighted>
      <QtyInPackage>1</QtyInPackage>
      <ItemPrice>14.90</ItemPrice>
      <UnitOfMeasurePrice>12.42</UnitOfMeasurePrice>
      <AllowDiscount>1</AllowDiscount>
      <itemStatus>1</itemStatus>
      <LastUpdateDate />
      <LastUpdateTime />
    </Product>
    <Product>
      <PriceUpdateDate>2020/06/10 08:07</PriceUpdateDate>
      <ItemCode>12227400</ItemCode>
      <ItemType>0</ItemType>
      <ItemName>נקניקיות עוף 800 גר`</ItemName>
      <ManufactureName>נקניק זוגלובק נהריה</ManufactureName>
      <ManufactureCountry />
      <ManufactureItemDescription />
      <UnitQty>'יח</UnitQty>
      <Quantity>8</Quantity>
      <UnitMeasure>ל-100 גרם</UnitMeasure>
      <BisWeighted>0</BisWeighted>
      <QtyInPackage>1</QtyInPackage>
      <ItemPrice>21.90</ItemPrice>
      <UnitOfMeasurePrice>2.74</UnitOfMeasurePrice>
      <AllowDiscount>0</AllowDiscount>
      <itemStatus>1</itemStatus>
      <LastUpdateDate />
      <LastUpdateTime />
    </Product>
    <Product>
      <PriceUpdateDate>2022/04/27 12:36</PriceUpdateDate>
      <ItemCode>7290012227912</ItemCode>
      <ItemType>1</ItemType>
      <ItemName>קבנוס מעודן 110 גר`</ItemName>
      <ManufactureName>נקניק זוגלובק נהריה</ManufactureName>
      <ManufactureCountry />
      <ManufactureItemDescription />
      <UnitQty>'יח</UnitQty>
      <Quantity>1.10</Quantity>
      <UnitMeasure>ל-100 גרם</UnitMeasure>
      <BisWeighted>0</BisWeighted>
      <QtyInPackage>1</QtyInPackage>
      <ItemPrice>10.90</ItemPrice>
      <UnitOfMeasurePrice>9.91</UnitOfMeasurePrice>
      <AllowDiscount>0</AllowDiscount>
      <itemStatus>1</itemStatus>
      <LastUpdateDate />
      <LastUpdateTime />
    </Product>
    <Product>
      <PriceUpdateDate>2019/08/27 12:24</PriceUpdateDate>
      <ItemCode>12227974</ItemCode>
      <ItemType>0</ItemType>
      <ItemName>פסטרמה בדבש 120 גר` דק דק</ItemName>
      <ManufactureName>נקניק זוגלובק נהריה</ManufactureName>
      <ManufactureCountry />
      <ManufactureItemDescription />
      <UnitQty>'יח</UnitQty>
      <Quantity>1.20</Quantity>
      <UnitMeasure>ל-100 גרם</UnitMeasure>
      <BisWeighted>0</BisWeighted>
      <QtyInPackage>1</QtyInPackage>
      <ItemPrice>14.90</ItemPrice>
      <UnitOfMeasurePrice>12.42</UnitOfMeasurePrice>
      <AllowDiscount>1</AllowDiscount>
      <itemStatus>1</itemStatus>
      <LastUpdateDate />
      <LastUpdateTime />
    </Product>
    <Product>
      <PriceUpdateDate>2019/08/27 12:24</PriceUpdateDate>
      <ItemCode>12227981</ItemCode>
      <ItemType>0</ItemType>
      <ItemName>פסטרמה ברביקיו 120 גר` דק דק</ItemName>
      <ManufactureName>נקניק זוגלובק נהריה</ManufactureName>
      <ManufactureCountry />
      <ManufactureItemDescription />
      <UnitQty>'יח</UnitQty>
      <Quantity>1.20</Quantity>
      <UnitMeasure>ל-100 גרם</UnitMeasure>
      <BisWeighted>0</BisWeighted>
      <QtyInPackage>1</QtyInPackage>
      <ItemPrice>14.90</ItemPrice>
      <UnitOfMeasurePrice>12.42</UnitOfMeasurePrice>
      <AllowDiscount>1</AllowDiscount>
      <itemStatus>1</itemStatus>
      <LastUpdateDate />
      <LastUpdateTime />
    </Product>
    <Product>
      <PriceUpdateDate>2019/08/27 12:24</PriceUpdateDate>
      <ItemCode>12227998</ItemCode>
      <ItemType>0</ItemType>
      <ItemName>חזה בקר 120 גר` דק דק</ItemName>
      <ManufactureName>נקניק זוגלובק נהריה</ManufactureName>
      <ManufactureCountry />
      <ManufactureItemDescription />
      <UnitQty>'יח</UnitQty>
      <Quantity>1.20</Quantity>
      <UnitMeasure>ל-100 גרם</UnitMeasure>
      <BisWeighted>0</BisWeighted>
      <QtyInPackage>1</QtyInPackage>
      <ItemPrice>14.90</ItemPrice>
      <UnitOfMeasurePrice>12.42</UnitOfMeasurePrice>
      <AllowDiscount>1</AllowDiscount>
      <itemStatus>1</itemStatus>
      <LastUpdateDate />
      <LastUpdateTime />
    </Product>
    <Product>
      <PriceUpdateDate>2021/07/01 22:18</PriceUpdateDate>
      <ItemCode>12313141</ItemCode>
      <ItemType>0</ItemType>
      <ItemName>מלפפון פרוס במלח</ItemName>
      <ManufactureName>קבוצת יבנה</ManufactureName>
      <ManufactureCountry />
      <ManufactureItemDescription />
      <UnitQty>'יח</UnitQty>
      <Quantity>6</Quantity>
      <UnitMeasure>ל-100 גרם</UnitMeasure>
      <BisWeighted>0</BisWeighted>
      <QtyInPackage>1</QtyInPackage>
      <ItemPrice>6.90</ItemPrice>
      <UnitOfMeasurePrice>1.15</UnitOfMeasurePrice>
      <AllowDiscount>1</AllowDiscount>
      <itemStatus>1</itemStatus>
      <LastUpdateDate />
      <LastUpdateTime />
    </Product>
    <Product>
      <PriceUpdateDate>2020/07/16 11:34</PriceUpdateDate>
      <ItemCode>7290012413643</ItemCode>
      <ItemType>1</ItemType>
      <ItemName>תה ירוק קמומיל</ItemName>
      <ManufactureName>תה ויסוצקי בע`מ</ManufactureName>
      <ManufactureCountry />
      <ManufactureItemDescription />
      <UnitQty>'יח</UnitQty>
      <Quantity>0.3750</Quantity>
      <UnitMeasure>ל-100 גרם</UnitMeasure>
      <BisWeighted>0</BisWeighted>
      <QtyInPackage>1</QtyInPackage>
      <ItemPrice>22.90</ItemPrice>
      <UnitOfMeasurePrice>61.07</UnitOfMeasurePrice>
      <AllowDiscount>1</AllowDiscount>
      <itemStatus>1</itemStatus>
      <LastUpdateDate />
      <LastUpdateTime />
    </Product>
    <Product>
      <PriceUpdateDate>2019/06/25 09:03</PriceUpdateDate>
      <ItemCode>7290012483233</ItemCode>
      <ItemType>1</ItemType>
      <ItemName>אנשובי ארוך בשמן זית 80 גרם</ItemName>
      <ManufactureName>ג. וילי-פוד אינטרנשיונל בע`מ</ManufactureName>
      <ManufactureCountry />
      <ManufactureItemDescription />
      <UnitQty>'יח</UnitQty>
      <Quantity>0.80</Quantity>
      <UnitMeasure>ל-100 גרם</UnitMeasure>
      <BisWeighted>0</BisWeighted>
      <QtyInPackage>1</QtyInPackage>
      <ItemPrice>15.90</ItemPrice>
      <UnitOfMeasurePrice>19.88</UnitOfMeasurePrice>
      <AllowDiscount>0</AllowDiscount>
      <itemStatus>1</itemStatus>
      <LastUpdateDate />
      <LastUpdateTime />
    </Product>
    <Product>
      <PriceUpdateDate>2022/07/24 18:01</PriceUpdateDate>
      <ItemCode>7290012561405</ItemCode>
      <ItemType>1</ItemType>
      <ItemName>בצל חצי מטוגן</ItemName>
      <ManufactureName>קבוצת אסם סחר</ManufactureName>
      <ManufactureCountry />
      <ManufactureItemDescription />
      <UnitQty>'יח</UnitQty>
      <Quantity>16</Quantity>
      <UnitMeasure>ל-100 גרם</UnitMeasure>
      <BisWeighted>0</BisWeighted>
      <QtyInPackage>1</QtyInPackage>
      <ItemPrice>10.90</ItemPrice>
      <UnitOfMeasurePrice>0.68</UnitOfMeasurePrice>
      <AllowDiscount>0</AllowDiscount>
      <itemStatus>1</itemStatus>
      <LastUpdateDate />
      <LastUpdateTime />
    </Product>
    <Product>
      <PriceUpdateDate>2022/07/24 18:20</PriceUpdateDate>
      <ItemCode>12588242</ItemCode>
      <ItemType>0</ItemType>
      <ItemName>מים מינרליים כדורגל שישייה 500 מל`</ItemName>
      <ManufactureName>טמפו משקאות בע`מ</ManufactureName>
      <ManufactureCountry />
      <ManufactureItemDescription />
      <UnitQty>'יח</UnitQty>
      <Quantity>3</Quantity>
      <UnitMeasure>ל-100 מ"ל</UnitMeasure>
      <BisWeighted>0</BisWeighted>
      <QtyInPackage>4</QtyInPackage>
      <ItemPrice>12.90</ItemPrice>
      <UnitOfMeasurePrice>3.70</UnitOfMeasurePrice>
      <AllowDiscount>1</AllowDiscount>
      <itemStatus>1</itemStatus>
      <LastUpdateDate />
      <LastUpdateTime />
    </Product>
    <Product>
      <PriceUpdateDate>2022/08/03 13:45</PriceUpdateDate>
      <ItemCode>12642036</ItemCode>
      <ItemType>0</ItemType>
      <ItemName>לה פסטה 5 ספגטי 400 גר`</ItemName>
      <ManufactureName>תומר ייבוא ושיווק מוצרי מזון [</ManufactureName>
      <ManufactureCountry />
      <ManufactureItemDescription />
      <UnitQty>'יח</UnitQty>
      <Quantity>4</Quantity>
      <UnitMeasure>ל-100 גרם</UnitMeasure>
      <BisWeighted>0</BisWeighted>
      <QtyInPackage>1</QtyInPackage>
      <ItemPrice>3.90</ItemPrice>
      <UnitOfMeasurePrice>0.98</UnitOfMeasurePrice>
      <AllowDiscount>1</AllowDiscount>
      <itemStatus>1</itemStatus>
      <LastUpdateDate />
      <LastUpdateTime />
    </Product>
    <Product>
      <PriceUpdateDate>2019/07/03 08:47</PriceUpdateDate>
      <ItemCode>7290012642586</ItemCode>
      <ItemType>1</ItemType>
      <ItemName>ערמונים קלופים 100 גר`</ItemName>
      <ManufactureName>תומר ייבוא ושיווק מוצרי מזון [</ManufactureName>
      <ManufactureCountry />
      <ManufactureItemDescription />
      <UnitQty>'יח</UnitQty>
      <Quantity>8</Quantity>
      <UnitMeasure>'יח</UnitMeasure>
      <BisWeighted>0</BisWeighted>
      <QtyInPackage>1</QtyInPackage>
      <ItemPrice>5.90</ItemPrice>
      <UnitOfMeasurePrice>0.74</UnitOfMeasurePrice>
      <AllowDiscount>1</AllowDiscount>
      <itemStatus>1</itemStatus>
      <LastUpdateDate />
      <LastUpdateTime />
    </Product>
    <Product>
      <PriceUpdateDate>2019/07/03 08:47</PriceUpdateDate>
      <ItemCode>7290012645112</ItemCode>
      <ItemType>1</ItemType>
      <ItemName>יוגורט עיזים בדלי 750 מ`ל</ItemName>
      <ManufactureName>שטראוס גרופ בע`מ</ManufactureName>
      <ManufactureCountry />
      <ManufactureItemDescription />
      <UnitQty>'יח</UnitQty>
      <Quantity>7.50</Quantity>
      <UnitMeasure>ל-100 גרם</UnitMeasure>
      <BisWeighted>0</BisWeighted>
      <QtyInPackage>6</QtyInPackage>
      <ItemPrice>21.90</ItemPrice>
      <UnitOfMeasurePrice>2.92</UnitOfMeasurePrice>
      <AllowDiscount>0</AllowDiscount>
      <itemStatus>1</itemStatus>
      <LastUpdateDate />
      <LastUpdateTime />
    </Product>
    <Product>
      <PriceUpdateDate>2019/07/03 08:47</PriceUpdateDate>
      <ItemCode>7290012645389</ItemCode>
      <ItemType>1</ItemType>
      <ItemName>יוגורט עיזים טבעי בבקבוק 1 ליטר</ItemName>
      <ManufactureName>שטראוס גרופ בע`מ</ManufactureName>
      <ManufactureCountry />
      <ManufactureItemDescription />
      <UnitQty>'יח</UnitQty>
      <Quantity>10</Quantity>
      <UnitMeasure>ל-100 גרם</UnitMeasure>
      <BisWeighted>0</BisWeighted>
      <QtyInPackage>6</QtyInPackage>
      <ItemPrice>22.90</ItemPrice>
      <UnitOfMeasurePrice>2.29</UnitOfMeasurePrice>
      <AllowDiscount>0</AllowDiscount>
      <itemStatus>1</itemStatus>
      <LastUpdateDate />
      <LastUpdateTime />
    </Product>
    <Product>
      <PriceUpdateDate>2021/01/31 14:59</PriceUpdateDate>
      <ItemCode>7290012803215</ItemCode>
      <ItemType>1</ItemType>
      <ItemName>וופל בלגי בטעם שוקולד 200 גר`</ItemName>
      <ManufactureName>דנאגיס בעמ</ManufactureName>
      <ManufactureCountry />
      <ManufactureItemDescription />
      <UnitQty>'יח</UnitQty>
      <Quantity>2</Quantity>
      <UnitMeasure>ל-100 גרם</UnitMeasure>
      <BisWeighted>0</BisWeighted>
      <QtyInPackage>1</QtyInPackage>
      <ItemPrice>7.90</ItemPrice>
      <UnitOfMeasurePrice>3.95</UnitOfMeasurePrice>
      <AllowDiscount>0</AllowDiscount>
      <itemStatus>1</itemStatus>
      <LastUpdateDate />
      <LastUpdateTime />
    </Product>
    <Product>
      <PriceUpdateDate>2021/01/31 14:59</PriceUpdateDate>
      <ItemCode>7290012803451</ItemCode>
      <ItemType>1</ItemType>
      <ItemName>טוסו  מר`שוקולד מריר 62% 100 גר`</ItemName>
      <ManufactureName>דנאגיס בעמ</ManufactureName>
      <ManufactureCountry />
      <ManufactureItemDescription />
      <UnitQty>'יח</UnitQty>
      <Quantity>1</Quantity>
      <UnitMeasure>ל-100 גרם</UnitMeasure>
      <BisWeighted>0</BisWeighted>
      <QtyInPackage>1</QtyInPackage>
      <ItemPrice>10.90</ItemPrice>
      <UnitOfMeasurePrice>10.90</UnitOfMeasurePrice>
      <AllowDiscount>0</AllowDiscount>
      <itemStatus>1</itemStatus>
      <LastUpdateDate />
      <LastUpdateTime />
    </Product>
    <Product>
      <PriceUpdateDate>2021/01/31 14:59</PriceUpdateDate>
      <ItemCode>7290012803772</ItemCode>
      <ItemType>1</ItemType>
      <ItemName>טוסו  מר`שוקולד חלב 100 גר`</ItemName>
      <ManufactureName>דנאגיס בעמ</ManufactureName>
      <ManufactureCountry />
      <ManufactureItemDescription />
      <UnitQty>'יח</UnitQty>
      <Quantity>1</Quantity>
      <UnitMeasure>ל-100 גרם</UnitMeasure>
      <BisWeighted>0</BisWeighted>
      <QtyInPackage>1</QtyInPackage>
      <ItemPrice>10.90</ItemPrice>
      <UnitOfMeasurePrice>10.90</UnitOfMeasurePrice>
      <AllowDiscount>0</AllowDiscount>
      <itemStatus>1</itemStatus>
      <LastUpdateDate />
      <LastUpdateTime />
    </Product>
    <Product>
      <PriceUpdateDate>2021/01/31 14:59</PriceUpdateDate>
      <ItemCode>7290012803796</ItemCode>
      <ItemType>1</ItemType>
      <ItemName>טוסו  מר`שוקולד חלב עם אגוזים 100 גר`</ItemName>
      <ManufactureName>דנאגיס בעמ</ManufactureName>
      <ManufactureCountry />
      <ManufactureItemDescription />
      <UnitQty>'יח</UnitQty>
      <Quantity>1</Quantity>
      <UnitMeasure>ל-100 גרם</UnitMeasure>
      <BisWeighted>0</BisWeighted>
      <QtyInPackage>1</QtyInPackage>
      <ItemPrice>10.90</ItemPrice>
      <UnitOfMeasurePrice>10.90</UnitOfMeasurePrice>
      <AllowDiscount>0</AllowDiscount>
      <itemStatus>1</itemStatus>
      <LastUpdateDate />
      <LastUpdateTime />
    </Product>
    <Product>
      <PriceUpdateDate>2021/12/30 18:57</PriceUpdateDate>
      <ItemCode>7290012823251</ItemCode>
      <ItemType>1</ItemType>
      <ItemName>כיף סבון נוזלי יסמין לבנר 1 ליטר</ItemName>
      <ManufactureName>החב. הדרומית לשיווק</ManufactureName>
      <ManufactureCountry />
      <ManufactureItemDescription />
      <UnitQty>'יח</UnitQty>
      <Quantity>1</Quantity>
      <UnitMeasure />
      <BisWeighted>0</BisWeighted>
      <QtyInPackage>12</QtyInPackage>
      <ItemPrice>12.90</ItemPrice>
      <UnitOfMeasurePrice>12.90</UnitOfMeasurePrice>
      <AllowDiscount>0</AllowDiscount>
      <itemStatus>1</itemStatus>
      <LastUpdateDate />
      <LastUpdateTime />
    </Product>
    <Product>
      <PriceUpdateDate>2021/12/30 18:57</PriceUpdateDate>
      <ItemCode>12823381</ItemCode>
      <ItemType>0</ItemType>
      <ItemName>מרכך סופר מרוכז סנסטיב 1 ל`</ItemName>
      <ManufactureName>החב. הדרומית לשיווק</ManufactureName>
      <ManufactureCountry />
      <ManufactureItemDescription />
      <UnitQty>'יח</UnitQty>
      <Quantity>10</Quantity>
      <UnitMeasure>ל-100 מ"ל</UnitMeasure>
      <BisWeighted>0</BisWeighted>
      <QtyInPackage>1</QtyInPackage>
      <ItemPrice>18.90</ItemPrice>
      <UnitOfMeasurePrice>1.89</UnitOfMeasurePrice>
      <AllowDiscount>1</AllowDiscount>
      <itemStatus>1</itemStatus>
      <LastUpdateDate />
      <LastUpdateTime />
    </Product>
    <Product>
      <PriceUpdateDate>2021/12/30 18:57</PriceUpdateDate>
      <ItemCode>12823398</ItemCode>
      <ItemType>0</ItemType>
      <ItemName>מטליות לחות לרצפה בניחוח מרכך כביסה</ItemName>
      <ManufactureName>החב. הדרומית לשיווק</ManufactureName>
      <ManufactureCountry />
      <ManufactureItemDescription />
      <UnitQty>'יח</UnitQty>
      <Quantity>1</Quantity>
      <UnitMeasure />
      <BisWeighted>0</BisWeighted>
      <QtyInPackage>12</QtyInPackage>
      <ItemPrice>12.90</ItemPrice>
      <UnitOfMeasurePrice>12.90</UnitOfMeasurePrice>
      <AllowDiscount>0</AllowDiscount>
      <itemStatus>1</itemStatus>
      <LastUpdateDate />
      <LastUpdateTime />
    </Product>
    <Product>
      <PriceUpdateDate>2021/12/30 18:57</PriceUpdateDate>
      <ItemCode>7290012823541</ItemCode>
      <ItemType>1</ItemType>
      <ItemName>סנו ריצפז פרש מטליות לחות לריצפה</ItemName>
      <ManufactureName>החב. הדרומית לשיווק</ManufactureName>
      <ManufactureCountry />
      <ManufactureItemDescription />
      <UnitQty>'יח</UnitQty>
      <Quantity>1</Quantity>
      <UnitMeasure />
      <BisWeighted>0</BisWeighted>
      <QtyInPackage>12</QtyInPackage>
      <ItemPrice>12.90</ItemPrice>
      <UnitOfMeasurePrice>12.90</UnitOfMeasurePrice>
      <AllowDiscount>0</AllowDiscount>
      <itemStatus>1</itemStatus>
      <LastUpdateDate />
      <LastUpdateTime />
    </Product>
    <Product>
      <PriceUpdateDate>2022/01/17 20:43</PriceUpdateDate>
      <ItemCode>12823589</ItemCode>
      <ItemType>0</ItemType>
      <ItemName>ריצפז פרש 2 ליטר</ItemName>
      <ManufactureName>החב. הדרומית לשיווק</ManufactureName>
      <ManufactureCountry />
      <ManufactureItemDescription />
      <UnitQty>'יח</UnitQty>
      <Quantity>2</Quantity>
      <UnitMeasure>לליטר</UnitMeasure>
      <BisWeighted>0</BisWeighted>
      <QtyInPackage>8</QtyInPackage>
      <ItemPrice>17.90</ItemPrice>
      <UnitOfMeasurePrice>8.95</UnitOfMeasurePrice>
      <AllowDiscount>1</AllowDiscount>
      <itemStatus>1</itemStatus>
      <LastUpdateDate />
      <LastUpdateTime />
    </Product>
    <Product>
      <PriceUpdateDate>2022/11/01 09:45</PriceUpdateDate>
      <ItemCode>7290012823602</ItemCode>
      <ItemType>1</ItemType>
      <ItemName>סופט 32 גלילים פרש לבן</ItemName>
      <ManufactureName>החב. הדרומית לשיווק</ManufactureName>
      <ManufactureCountry />
      <ManufactureItemDescription />
      <UnitQty>'יח</UnitQty>
      <Quantity>25.50</Quantity>
      <UnitMeasure>ל-100 גרם</UnitMeasure>
      <BisWeighted>0</BisWeighted>
      <QtyInPackage>1</QtyInPackage>
      <ItemPrice>34.90</ItemPrice>
      <UnitOfMeasurePrice>1.37</UnitOfMeasurePrice>
      <AllowDiscount>0</AllowDiscount>
      <itemStatus>1</itemStatus>
      <LastUpdateDate />
      <LastUpdateTime />
    </Product>
    <Product>
      <PriceUpdateDate>2022/01/17 20:43</PriceUpdateDate>
      <ItemCode>7290012823916</ItemCode>
      <ItemType>1</ItemType>
      <ItemName>סנו מקסימה ג`ל כביסה מרוכז 5  ל`נואר</ItemName>
      <ManufactureName>החב. הדרומית לשיווק</ManufactureName>
      <ManufactureCountry />
      <ManufactureItemDescription />
      <UnitQty>'יח</UnitQty>
      <Quantity>50</Quantity>
      <UnitMeasure>ל-100 מ"ל</UnitMeasure>
      <BisWeighted>0</BisWeighted>
      <QtyInPackage>4</QtyInPackage>
      <ItemPrice>44.90</ItemPrice>
      <UnitOfMeasurePrice>0.90</UnitOfMeasurePrice>
      <AllowDiscount>0</AllowDiscount>
      <itemStatus>1</itemStatus>
      <LastUpdateDate />
      <LastUpdateTime />
    </Product>
    <Product>
      <PriceUpdateDate>2019/07/03 08:47</PriceUpdateDate>
      <ItemCode>12823947</ItemCode>
      <ItemType>0</ItemType>
      <ItemName>מרכך מקסימה פרפיום קריסטל 750 מ`ל</ItemName>
      <ManufactureName>החב. הדרומית לשיווק</ManufactureName>
      <ManufactureCountry />
      <ManufactureItemDescription />
      <UnitQty>'יח</UnitQty>
      <Quantity>7.50</Quantity>
      <UnitMeasure>ל-100 מ"ל</UnitMeasure>
      <BisWeighted>0</BisWeighted>
      <QtyInPackage>12</QtyInPackage>
      <ItemPrice>17.90</ItemPrice>
      <UnitOfMeasurePrice>2.39</UnitOfMeasurePrice>
      <AllowDiscount>1</AllowDiscount>
      <itemStatus>1</itemStatus>
      <LastUpdateDate />
      <LastUpdateTime />
    </Product>
    <Product>
      <PriceUpdateDate>2020/06/17 12:22</PriceUpdateDate>
      <ItemCode>7290012850035</ItemCode>
      <ItemType>1</ItemType>
      <ItemName>BELOVED מחית תפוח ואפרסק 190 גרם</ItemName>
      <ManufactureName>שקד תבל בע`מ</ManufactureName>
      <ManufactureCountry />
      <ManufactureItemDescription />
      <UnitQty>'יח</UnitQty>
      <Quantity>1.90</Quantity>
      <UnitMeasure>ל-100 גרם</UnitMeasure>
      <BisWeighted>0</BisWeighted>
      <QtyInPackage>1</QtyInPackage>
      <ItemPrice>4.90</ItemPrice>
      <UnitOfMeasurePrice>2.58</UnitOfMeasurePrice>
      <AllowDiscount>1</AllowDiscount>
      <itemStatus>1</itemStatus>
      <LastUpdateDate />
      <LastUpdateTime />
    </Product>
    <Product>
      <PriceUpdateDate>2020/06/17 12:22</PriceUpdateDate>
      <ItemCode>7290012850073</ItemCode>
      <ItemType>1</ItemType>
      <ItemName>BELOVED מחית סלט פירות 190 גרם</ItemName>
      <ManufactureName>שקד תבל בע`מ</ManufactureName>
      <ManufactureCountry />
      <ManufactureItemDescription />
      <UnitQty>'יח</UnitQty>
      <Quantity>1.90</Quantity>
      <UnitMeasure>ל-100 גרם</UnitMeasure>
      <BisWeighted>0</BisWeighted>
      <QtyInPackage>1</QtyInPackage>
      <ItemPrice>4.90</ItemPrice>
      <UnitOfMeasurePrice>2.58</UnitOfMeasurePrice>
      <AllowDiscount>1</AllowDiscount>
      <itemStatus>1</itemStatus>
      <LastUpdateDate />
      <LastUpdateTime />
    </Product>
    <Product>
      <PriceUpdateDate>2019/01/16 14:42</PriceUpdateDate>
      <ItemCode>7290012864001</ItemCode>
      <ItemType>1</ItemType>
      <ItemName>נבטי חמניה</ItemName>
      <ManufactureName>ביכורי השדה הצפון בעמ` 1964</ManufactureName>
      <ManufactureCountry />
      <ManufactureItemDescription />
      <UnitQty>'יח</UnitQty>
      <Quantity>1</Quantity>
      <UnitMeasure />
      <BisWeighted>0</BisWeighted>
      <QtyInPackage>1</QtyInPackage>
      <ItemPrice>8.90</ItemPrice>
      <UnitOfMeasurePrice>8.90</UnitOfMeasurePrice>
      <AllowDiscount>0</AllowDiscount>
      <itemStatus>1</itemStatus>
      <LastUpdateDate />
      <LastUpdateTime />
    </Product>
    <Product>
      <PriceUpdateDate>2021/03/30 06:35</PriceUpdateDate>
      <ItemCode>12864155</ItemCode>
      <ItemType>0</ItemType>
      <ItemName>מיקס נבטים</ItemName>
      <ManufactureName>ביכורי השדה הצפון בעמ` 1964</ManufactureName>
      <ManufactureCountry />
      <ManufactureItemDescription />
      <UnitQty>'יח</UnitQty>
      <Quantity>1</Quantity>
      <UnitMeasure />
      <BisWeighted>0</BisWeighted>
      <QtyInPackage>1</QtyInPackage>
      <ItemPrice>10.90</ItemPrice>
      <UnitOfMeasurePrice>10.90</UnitOfMeasurePrice>
      <AllowDiscount>0</AllowDiscount>
      <itemStatus>1</itemStatus>
      <LastUpdateDate />
      <LastUpdateTime />
    </Product>
    <Product>
      <PriceUpdateDate>2022/05/11 11:36</PriceUpdateDate>
      <ItemCode>7290012884986</ItemCode>
      <ItemType>1</ItemType>
      <ItemName>תפוגן בתנור עד 4% שומן 1.5 ק`ג</ItemName>
      <ManufactureName>קבוצת אסם סחר</ManufactureName>
      <ManufactureCountry />
      <ManufactureItemDescription />
      <UnitQty>'יח</UnitQty>
      <Quantity>15</Quantity>
      <UnitMeasure>ל-100 גרם</UnitMeasure>
      <BisWeighted>0</BisWeighted>
      <QtyInPackage>1</QtyInPackage>
      <ItemPrice>24.90</ItemPrice>
      <UnitOfMeasurePrice>1.66</UnitOfMeasurePrice>
      <AllowDiscount>0</AllowDiscount>
      <itemStatus>1</itemStatus>
      <LastUpdateDate />
      <LastUpdateTime />
    </Product>
    <Product>
      <PriceUpdateDate>2021/06/06 15:03</PriceUpdateDate>
      <ItemCode>12901355</ItemCode>
      <ItemType>0</ItemType>
      <ItemName>דודלס ארוחת אטריות עם גבינה 206 גר`</ItemName>
      <ManufactureName>מור ים מרקטינג בעמ</ManufactureName>
      <ManufactureCountry />
      <ManufactureItemDescription />
      <UnitQty>'יח</UnitQty>
      <Quantity>2.06</Quantity>
      <UnitMeasure>ל-100 גרם</UnitMeasure>
      <BisWeighted>0</BisWeighted>
      <QtyInPackage>1</QtyInPackage>
      <ItemPrice>10.90</ItemPrice>
      <UnitOfMeasurePrice>5.29</UnitOfMeasurePrice>
      <AllowDiscount>0</AllowDiscount>
      <itemStatus>1</itemStatus>
      <LastUpdateDate />
      <LastUpdateTime />
    </Product>
    <Product>
      <PriceUpdateDate>2020/12/07 15:06</PriceUpdateDate>
      <ItemCode>7290012911293</ItemCode>
      <ItemType>1</ItemType>
      <ItemName>דפי אורז אסיה</ItemName>
      <ManufactureName>טחנת האבן קואופ בעמ</ManufactureName>
      <ManufactureCountry />
      <ManufactureItemDescription />
      <UnitQty>'יח</UnitQty>
      <Quantity>5</Quantity>
      <UnitMeasure>ל-100 גרם</UnitMeasure>
      <BisWeighted>0</BisWeighted>
      <QtyInPackage>1</QtyInPackage>
      <ItemPrice>10.90</ItemPrice>
      <UnitOfMeasurePrice>2.18</UnitOfMeasurePrice>
      <AllowDiscount>0</AllowDiscount>
      <itemStatus>1</itemStatus>
      <LastUpdateDate />
      <LastUpdateTime />
    </Product>
    <Product>
      <PriceUpdateDate>2022/01/16 13:24</PriceUpdateDate>
      <ItemCode>7290012911422</ItemCode>
      <ItemType>1</ItemType>
      <ItemName>ממרח קארי אדום 400 גר`אסיה</ItemName>
      <ManufactureName>טחנת האבן קואופ בעמ</ManufactureName>
      <ManufactureCountry />
      <ManufactureItemDescription />
      <UnitQty>'יח</UnitQty>
      <Quantity>1</Quantity>
      <UnitMeasure />
      <BisWeighted>0</BisWeighted>
      <QtyInPackage>1</QtyInPackage>
      <ItemPrice>16.90</ItemPrice>
      <UnitOfMeasurePrice>16.90</UnitOfMeasurePrice>
      <AllowDiscount>0</AllowDiscount>
      <itemStatus>1</itemStatus>
      <LastUpdateDate />
      <LastUpdateTime />
    </Product>
    <Product>
      <PriceUpdateDate>2019/01/16 14:42</PriceUpdateDate>
      <ItemCode>7290012911477</ItemCode>
      <ItemType>1</ItemType>
      <ItemName>קרם קוקוס אסיה 400גר</ItemName>
      <ManufactureName>טחנת האבן קואופ בעמ</ManufactureName>
      <ManufactureCountry />
      <ManufactureItemDescription />
      <UnitQty>'יח</UnitQty>
      <Quantity>4</Quantity>
      <UnitMeasure>ל-100 מ"ל</UnitMeasure>
      <BisWeighted>0</BisWeighted>
      <QtyInPackage>1</QtyInPackage>
      <ItemPrice>7.90</ItemPrice>
      <UnitOfMeasurePrice>1.98</UnitOfMeasurePrice>
      <AllowDiscount>0</AllowDiscount>
      <itemStatus>1</itemStatus>
      <LastUpdateDate />
      <LastUpdateTime />
    </Product>
    <Product>
      <PriceUpdateDate>2020/12/07 15:06</PriceUpdateDate>
      <ItemCode>12911651</ItemCode>
      <ItemType>0</ItemType>
      <ItemName>0איטריות אורז 400 גר`כשלפ</ItemName>
      <ManufactureName>טחנת האבן קואופ בעמ</ManufactureName>
      <ManufactureCountry />
      <ManufactureItemDescription />
      <UnitQty>'יח</UnitQty>
      <Quantity>4</Quantity>
      <UnitMeasure>ל-100 גרם</UnitMeasure>
      <BisWeighted>0</BisWeighted>
      <QtyInPackage>1</QtyInPackage>
      <ItemPrice>7.90</ItemPrice>
      <UnitOfMeasurePrice>1.98</UnitOfMeasurePrice>
      <AllowDiscount>0</AllowDiscount>
      <itemStatus>1</itemStatus>
      <LastUpdateDate />
      <LastUpdateTime />
    </Product>
    <Product>
      <PriceUpdateDate>2022/10/18 20:22</PriceUpdateDate>
      <ItemCode>7290012911675</ItemCode>
      <ItemType>1</ItemType>
      <ItemName>פיטריות שיטאקי 100 גר`</ItemName>
      <ManufactureName>טחנת האבן קואופ בעמ</ManufactureName>
      <ManufactureCountry />
      <ManufactureItemDescription />
      <UnitQty>'יח</UnitQty>
      <Quantity>1</Quantity>
      <UnitMeasure />
      <BisWeighted>0</BisWeighted>
      <QtyInPackage>1</QtyInPackage>
      <ItemPrice>16.90</ItemPrice>
      <UnitOfMeasurePrice>16.90</UnitOfMeasurePrice>
      <AllowDiscount>0</AllowDiscount>
      <itemStatus>1</itemStatus>
      <LastUpdateDate />
      <LastUpdateTime />
    </Product>
    <Product>
      <PriceUpdateDate>2020/12/07 15:06</PriceUpdateDate>
      <ItemCode>7290012911804</ItemCode>
      <ItemType>1</ItemType>
      <ItemName>שמן שומשום 150 מל</ItemName>
      <ManufactureName>טחנת האבן קואופ בעמ</ManufactureName>
      <ManufactureCountry />
      <ManufactureItemDescription />
      <UnitQty>'יח</UnitQty>
      <Quantity>1</Quantity>
      <UnitMeasure />
      <BisWeighted>0</BisWeighted>
      <QtyInPackage>1</QtyInPackage>
      <ItemPrice>9.90</ItemPrice>
      <UnitOfMeasurePrice>9.90</UnitOfMeasurePrice>
      <AllowDiscount>0</AllowDiscount>
      <itemStatus>1</itemStatus>
      <LastUpdateDate />
      <LastUpdateTime />
    </Product>
    <Product>
      <PriceUpdateDate>2020/12/07 15:06</PriceUpdateDate>
      <ItemCode>7290012911866</ItemCode>
      <ItemType>1</ItemType>
      <ItemName>דפי אורז אסיה</ItemName>
      <ManufactureName>טחנת האבן קואופ בעמ</ManufactureName>
      <ManufactureCountry />
      <ManufactureItemDescription />
      <UnitQty>'יח</UnitQty>
      <Quantity>3</Quantity>
      <UnitMeasure>ל-100 גרם</UnitMeasure>
      <BisWeighted>0</BisWeighted>
      <QtyInPackage>1</QtyInPackage>
      <ItemPrice>10.90</ItemPrice>
      <UnitOfMeasurePrice>3.63</UnitOfMeasurePrice>
      <AllowDiscount>0</AllowDiscount>
      <itemStatus>1</itemStatus>
      <LastUpdateDate />
      <LastUpdateTime />
    </Product>
    <Product>
      <PriceUpdateDate>2020/12/07 15:06</PriceUpdateDate>
      <ItemCode>7290012911941</ItemCode>
      <ItemType>1</ItemType>
      <ItemName>רוטב צ`ילי ללא סוכר 700מ`ל</ItemName>
      <ManufactureName>טחנת האבן קואופ בעמ</ManufactureName>
      <ManufactureCountry />
      <ManufactureItemDescription />
      <UnitQty>'יח</UnitQty>
      <Quantity>7</Quantity>
      <UnitMeasure>ל-100 מ"ל</UnitMeasure>
      <BisWeighted>0</BisWeighted>
      <QtyInPackage>1</QtyInPackage>
      <ItemPrice>13.90</ItemPrice>
      <UnitOfMeasurePrice>1.99</UnitOfMeasurePrice>
      <AllowDiscount>0</AllowDiscount>
      <itemStatus>1</itemStatus>
      <LastUpdateDate />
      <LastUpdateTime />
    </Product>
    <Product>
      <PriceUpdateDate>2020/12/07 15:06</PriceUpdateDate>
      <ItemCode>7290012911965</ItemCode>
      <ItemType>1</ItemType>
      <ItemName>ג`ינג`ר לסושי ללא צבע 250גר</ItemName>
      <ManufactureName>טחנת האבן קואופ בעמ</ManufactureName>
      <ManufactureCountry />
      <ManufactureItemDescription />
      <UnitQty>'יח</UnitQty>
      <Quantity>1</Quantity>
      <UnitMeasure />
      <BisWeighted>0</BisWeighted>
      <QtyInPackage>1</QtyInPackage>
      <ItemPrice>7.90</ItemPrice>
      <UnitOfMeasurePrice>7.90</UnitOfMeasurePrice>
      <AllowDiscount>0</AllowDiscount>
      <itemStatus>1</itemStatus>
      <LastUpdateDate />
      <LastUpdateTime />
    </Product>
    <Product>
      <PriceUpdateDate>2019/01/16 14:42</PriceUpdateDate>
      <ItemCode>7290012931611</ItemCode>
      <ItemType>1</ItemType>
      <ItemName>כריות ברזל שלישייה</ItemName>
      <ManufactureName>מ.א. יצור ויבוא מטליות בעמ`</ManufactureName>
      <ManufactureCountry />
      <ManufactureItemDescription />
      <UnitQty>'יח</UnitQty>
      <Quantity>1</Quantity>
      <UnitMeasure />
      <BisWeighted>0</BisWeighted>
      <QtyInPackage>1</QtyInPackage>
      <ItemPrice>7.40</ItemPrice>
      <UnitOfMeasurePrice>7.40</UnitOfMeasurePrice>
      <AllowDiscount>0</AllowDiscount>
      <itemStatus>1</itemStatus>
      <LastUpdateDate />
      <LastUpdateTime />
    </Product>
    <Product>
      <PriceUpdateDate>2022/05/09 20:19</PriceUpdateDate>
      <ItemCode>7290012936937</ItemCode>
      <ItemType>1</ItemType>
      <ItemName>תבלין בהר`ט 40 גרם</ItemName>
      <ManufactureName>א.ל. ייצור ושיווק תבלינים בע`מ</ManufactureName>
      <ManufactureCountry />
      <ManufactureItemDescription />
      <UnitQty>'יח</UnitQty>
      <Quantity>4</Quantity>
      <UnitMeasure>ל-100 גרם</UnitMeasure>
      <BisWeighted>0</BisWeighted>
      <QtyInPackage>1</QtyInPackage>
      <ItemPrice>11.90</ItemPrice>
      <UnitOfMeasurePrice>2.98</UnitOfMeasurePrice>
      <AllowDiscount>0</AllowDiscount>
      <itemStatus>1</itemStatus>
      <LastUpdateDate />
      <LastUpdateTime />
    </Product>
    <Product>
      <PriceUpdateDate>2022/01/31 13:57</PriceUpdateDate>
      <ItemCode>7290012938405</ItemCode>
      <ItemType>1</ItemType>
      <ItemName>דיימונד עבה במיוחד 087</ItemName>
      <ManufactureName>גורי ע.ע.ע. בע`מ</ManufactureName>
      <ManufactureCountry />
      <ManufactureItemDescription />
      <UnitQty>'יח</UnitQty>
      <Quantity>1</Quantity>
      <UnitMeasure />
      <BisWeighted>0</BisWeighted>
      <QtyInPackage>24</QtyInPackage>
      <ItemPrice>14.90</ItemPrice>
      <UnitOfMeasurePrice>14.90</UnitOfMeasurePrice>
      <AllowDiscount>1</AllowDiscount>
      <itemStatus>1</itemStatus>
      <LastUpdateDate />
      <LastUpdateTime />
    </Product>
    <Product>
      <PriceUpdateDate>2021/07/28 16:53</PriceUpdateDate>
      <ItemCode>7290012938580</ItemCode>
      <ItemType>1</ItemType>
      <ItemName>משחת שיניים סנסודין 75 מ`ל הלבנה עדינה</ItemName>
      <ManufactureName>גורי ע.ע.ע. בע`מ</ManufactureName>
      <ManufactureCountry />
      <ManufactureItemDescription />
      <UnitQty>'יח</UnitQty>
      <Quantity>0.75</Quantity>
      <UnitMeasure>ל-100 מ"ל</UnitMeasure>
      <BisWeighted>0</BisWeighted>
      <QtyInPackage>1</QtyInPackage>
      <ItemPrice>21.90</ItemPrice>
      <UnitOfMeasurePrice>29.20</UnitOfMeasurePrice>
      <AllowDiscount>1</AllowDiscount>
      <itemStatus>1</itemStatus>
      <LastUpdateDate />
      <LastUpdateTime />
    </Product>
    <Product>
      <PriceUpdateDate>2022/10/23 19:20</PriceUpdateDate>
      <ItemCode>7290012938597</ItemCode>
      <ItemType>1</ItemType>
      <ItemName>סנסודיין רפיד רליפ 75 מ`ל</ItemName>
      <ManufactureName>גורי ע.ע.ע. בע`מ</ManufactureName>
      <ManufactureCountry />
      <ManufactureItemDescription />
      <UnitQty>'יח</UnitQty>
      <Quantity>0.75</Quantity>
      <UnitMeasure>ל-100 מ"ל</UnitMeasure>
      <BisWeighted>0</BisWeighted>
      <QtyInPackage>1</QtyInPackage>
      <ItemPrice>25.90</ItemPrice>
      <UnitOfMeasurePrice>34.53</UnitOfMeasurePrice>
      <AllowDiscount>1</AllowDiscount>
      <itemStatus>1</itemStatus>
      <LastUpdateDate />
      <LastUpdateTime />
    </Product>
    <Product>
      <PriceUpdateDate>2021/07/28 16:53</PriceUpdateDate>
      <ItemCode>7290012938740</ItemCode>
      <ItemType>1</ItemType>
      <ItemName>משחת שיניים סנסודין מנטה 75 מ`ל ירוק</ItemName>
      <ManufactureName>גורי ע.ע.ע. בע`מ</ManufactureName>
      <ManufactureCountry />
      <ManufactureItemDescription />
      <UnitQty>'יח</UnitQty>
      <Quantity>0.75</Quantity>
      <UnitMeasure>ל-100 מ"ל</UnitMeasure>
      <BisWeighted>0</BisWeighted>
      <QtyInPackage>1</QtyInPackage>
      <ItemPrice>21.90</ItemPrice>
      <UnitOfMeasurePrice>29.20</UnitOfMeasurePrice>
      <AllowDiscount>1</AllowDiscount>
      <itemStatus>1</itemStatus>
      <LastUpdateDate />
      <LastUpdateTime />
    </Product>
    <Product>
      <PriceUpdateDate>2019/01/16 14:42</PriceUpdateDate>
      <ItemCode>12965067</ItemCode>
      <ItemType>0</ItemType>
      <ItemName>לבבות קיסר</ItemName>
      <ManufactureName>ביכורי השדה הצפון בעמ` 1964</ManufactureName>
      <ManufactureCountry />
      <ManufactureItemDescription />
      <UnitQty>'יח</UnitQty>
      <Quantity>1</Quantity>
      <UnitMeasure />
      <BisWeighted>0</BisWeighted>
      <QtyInPackage>1</QtyInPackage>
      <ItemPrice>8.90</ItemPrice>
      <UnitOfMeasurePrice>8.90</UnitOfMeasurePrice>
      <AllowDiscount>0</AllowDiscount>
      <itemStatus>1</itemStatus>
      <LastUpdateDate />
      <LastUpdateTime />
    </Product>
    <Product>
      <PriceUpdateDate>2021/12/01 16:15</PriceUpdateDate>
      <ItemCode>12975875</ItemCode>
      <ItemType>0</ItemType>
      <ItemName>כוסות יהלום בנדע</ItemName>
      <ManufactureName>ח.כהן סוכנות מזון ומשקאות</ManufactureName>
      <ManufactureCountry />
      <ManufactureItemDescription />
      <UnitQty>'יח</UnitQty>
      <Quantity>1</Quantity>
      <UnitMeasure />
      <BisWeighted>0</BisWeighted>
      <QtyInPackage>1</QtyInPackage>
      <ItemPrice>9.90</ItemPrice>
      <UnitOfMeasurePrice>9.90</UnitOfMeasurePrice>
      <AllowDiscount>1</AllowDiscount>
      <itemStatus>1</itemStatus>
      <LastUpdateDate />
      <LastUpdateTime />
    </Product>
    <Product>
      <PriceUpdateDate>2022/08/18 20:53</PriceUpdateDate>
      <ItemCode>12983160</ItemCode>
      <ItemType>0</ItemType>
      <ItemName>סילאן לחיץ 400 גרם</ItemName>
      <ManufactureName>תה ויסוצקי בע`מ</ManufactureName>
      <ManufactureCountry />
      <ManufactureItemDescription />
      <UnitQty>'יח</UnitQty>
      <Quantity>6.50</Quantity>
      <UnitMeasure>ל-100 גרם</UnitMeasure>
      <BisWeighted>0</BisWeighted>
      <QtyInPackage>1</QtyInPackage>
      <ItemPrice>12.90</ItemPrice>
      <UnitOfMeasurePrice>1.98</UnitOfMeasurePrice>
      <AllowDiscount>1</AllowDiscount>
      <itemStatus>1</itemStatus>
      <LastUpdateDate />
      <LastUpdateTime />
    </Product>
    <Product>
      <PriceUpdateDate>2019/06/25 09:20</PriceUpdateDate>
      <ItemCode>7290013083685</ItemCode>
      <ItemType>1</ItemType>
      <ItemName>מטרנה קייר שלב 3 700 גרם</ItemName>
      <ManufactureName>קבוצת אסם סחר</ManufactureName>
      <ManufactureCountry />
      <ManufactureItemDescription />
      <UnitQty>'יח</UnitQty>
      <Quantity>7</Quantity>
      <UnitMeasure>ל-100 גרם</UnitMeasure>
      <BisWeighted>0</BisWeighted>
      <QtyInPackage>1</QtyInPackage>
      <ItemPrice>59.90</ItemPrice>
      <UnitOfMeasurePrice>8.56</UnitOfMeasurePrice>
      <AllowDiscount>0</AllowDiscount>
      <itemStatus>1</itemStatus>
      <LastUpdateDate />
      <LastUpdateTime />
    </Product>
    <Product>
      <PriceUpdateDate>2022/11/01 11:46</PriceUpdateDate>
      <ItemCode>7290013083999</ItemCode>
      <ItemType>1</ItemType>
      <ItemName>קריסטל יורוקיטי 3.8 ליטר</ItemName>
      <ManufactureName>שחורי אריה ואנסטסיה</ManufactureName>
      <ManufactureCountry />
      <ManufactureItemDescription />
      <UnitQty>'יח</UnitQty>
      <Quantity>38</Quantity>
      <UnitMeasure>ל-100 גרם</UnitMeasure>
      <BisWeighted>0</BisWeighted>
      <QtyInPackage>1</QtyInPackage>
      <ItemPrice>24.90</ItemPrice>
      <UnitOfMeasurePrice>0.66</UnitOfMeasurePrice>
      <AllowDiscount>0</AllowDiscount>
      <itemStatus>1</itemStatus>
      <LastUpdateDate />
      <LastUpdateTime />
    </Product>
    <Product>
      <PriceUpdateDate>2019/11/11 12:25</PriceUpdateDate>
      <ItemCode>7290013117212</ItemCode>
      <ItemType>1</ItemType>
      <ItemName>בורקס פילו גבינה 600גר קפוא</ItemName>
      <ManufactureName>תנובה מרכז שיתופי לשיווק תוצרת</ManufactureName>
      <ManufactureCountry />
      <ManufactureItemDescription />
      <UnitQty>'יח</UnitQty>
      <Quantity>6</Quantity>
      <UnitMeasure>ל-100 גרם</UnitMeasure>
      <BisWeighted>0</BisWeighted>
      <QtyInPackage>10</QtyInPackage>
      <ItemPrice>19.90</ItemPrice>
      <UnitOfMeasurePrice>3.32</UnitOfMeasurePrice>
      <AllowDiscount>1</AllowDiscount>
      <itemStatus>1</itemStatus>
      <LastUpdateDate />
      <LastUpdateTime />
    </Product>
    <Product>
      <PriceUpdateDate>2020/03/02 09:05</PriceUpdateDate>
      <ItemCode>7290013117229</ItemCode>
      <ItemType>1</ItemType>
      <ItemName>בורקס פילו תפו`א 600גר קפוא</ItemName>
      <ManufactureName>תנובה מרכז שיתופי לשיווק תוצרת</ManufactureName>
      <ManufactureCountry />
      <ManufactureItemDescription />
      <UnitQty>'יח</UnitQty>
      <Quantity>6</Quantity>
      <UnitMeasure>ל-100 גרם</UnitMeasure>
      <BisWeighted>0</BisWeighted>
      <QtyInPackage>10</QtyInPackage>
      <ItemPrice>19.90</ItemPrice>
      <UnitOfMeasurePrice>3.32</UnitOfMeasurePrice>
      <AllowDiscount>1</AllowDiscount>
      <itemStatus>1</itemStatus>
      <LastUpdateDate />
      <LastUpdateTime />
    </Product>
    <Product>
      <PriceUpdateDate>2022/04/20 09:46</PriceUpdateDate>
      <ItemCode>7290013117236</ItemCode>
      <ItemType>1</ItemType>
      <ItemName>בורקס פילו פיצה 600גר קפוא</ItemName>
      <ManufactureName>תנובה מרכז שיתופי לשיווק תוצרת</ManufactureName>
      <ManufactureCountry />
      <ManufactureItemDescription />
      <UnitQty>'יח</UnitQty>
      <Quantity>6</Quantity>
      <UnitMeasure>ל-100 גרם</UnitMeasure>
      <BisWeighted>0</BisWeighted>
      <QtyInPackage>10</QtyInPackage>
      <ItemPrice>21.90</ItemPrice>
      <UnitOfMeasurePrice>3.65</UnitOfMeasurePrice>
      <AllowDiscount>1</AllowDiscount>
      <itemStatus>1</itemStatus>
      <LastUpdateDate />
      <LastUpdateTime />
    </Product>
    <Product>
      <PriceUpdateDate>2022/04/20 09:46</PriceUpdateDate>
      <ItemCode>7290013117243</ItemCode>
      <ItemType>1</ItemType>
      <ItemName>בורקס פילו בולגרית 600גר קפוא</ItemName>
      <ManufactureName>תנובה מרכז שיתופי לשיווק תוצרת</ManufactureName>
      <ManufactureCountry />
      <ManufactureItemDescription />
      <UnitQty>'יח</UnitQty>
      <Quantity>6</Quantity>
      <UnitMeasure>ל-100 גרם</UnitMeasure>
      <BisWeighted>0</BisWeighted>
      <QtyInPackage>10</QtyInPackage>
      <ItemPrice>21.90</ItemPrice>
      <UnitOfMeasurePrice>3.65</UnitOfMeasurePrice>
      <AllowDiscount>1</AllowDiscount>
      <itemStatus>1</itemStatus>
      <LastUpdateDate />
      <LastUpdateTime />
    </Product>
    <Product>
      <PriceUpdateDate>2019/01/16 14:42</PriceUpdateDate>
      <ItemCode>7290013117410</ItemCode>
      <ItemType>1</ItemType>
      <ItemName>בצק פריך מתוק 900גר קפוא</ItemName>
      <ManufactureName>תנובה מרכז שיתופי לשיווק תוצרת</ManufactureName>
      <ManufactureCountry />
      <ManufactureItemDescription />
      <UnitQty>'יח</UnitQty>
      <Quantity>9</Quantity>
      <UnitMeasure>ל-100 גרם</UnitMeasure>
      <BisWeighted>0</BisWeighted>
      <QtyInPackage>10</QtyInPackage>
      <ItemPrice>24.50</ItemPrice>
      <UnitOfMeasurePrice>2.72</UnitOfMeasurePrice>
      <AllowDiscount>0</AllowDiscount>
      <itemStatus>1</itemStatus>
      <LastUpdateDate />
      <LastUpdateTime />
    </Product>
    <Product>
      <PriceUpdateDate>2019/10/06 10:00</PriceUpdateDate>
      <ItemCode>7290013117526</ItemCode>
      <ItemType>1</ItemType>
      <ItemName>בצק שמרים למאפים מתוקים 900גר קפוא</ItemName>
      <ManufactureName>תנובה מרכז שיתופי לשיווק תוצרת</ManufactureName>
      <ManufactureCountry />
      <ManufactureItemDescription />
      <UnitQty>'יח</UnitQty>
      <Quantity>6</Quantity>
      <UnitMeasure>ל-100 גרם</UnitMeasure>
      <BisWeighted>0</BisWeighted>
      <QtyInPackage>9</QtyInPackage>
      <ItemPrice>21.90</ItemPrice>
      <UnitOfMeasurePrice>3.65</UnitOfMeasurePrice>
      <AllowDiscount>0</AllowDiscount>
      <itemStatus>1</itemStatus>
      <LastUpdateDate />
      <LastUpdateTime />
    </Product>
    <Product>
      <PriceUpdateDate>2021/12/01 07:34</PriceUpdateDate>
      <ItemCode>13121127</ItemCode>
      <ItemType>0</ItemType>
      <ItemName>לחמיני`ס גרין לייט</ItemName>
      <ManufactureName>גורי ע.ע.ע. בע`מ</ManufactureName>
      <ManufactureCountry />
      <ManufactureItemDescription />
      <UnitQty>'יח</UnitQty>
      <Quantity>4.30</Quantity>
      <UnitMeasure>ל-100 גרם</UnitMeasure>
      <BisWeighted>0</BisWeighted>
      <QtyInPackage>1</QtyInPackage>
      <ItemPrice>17.90</ItemPrice>
      <UnitOfMeasurePrice>4.16</UnitOfMeasurePrice>
      <AllowDiscount>0</AllowDiscount>
      <itemStatus>1</itemStatus>
      <LastUpdateDate />
      <LastUpdateTime />
    </Product>
    <Product>
      <PriceUpdateDate>2021/12/01 07:34</PriceUpdateDate>
      <ItemCode>13121158</ItemCode>
      <ItemType>0</ItemType>
      <ItemName>רביעיית לחמניות סנדויץ</ItemName>
      <ManufactureName>גורי ע.ע.ע. בע`מ</ManufactureName>
      <ManufactureCountry />
      <ManufactureItemDescription />
      <UnitQty>'יח</UnitQty>
      <Quantity>4.60</Quantity>
      <UnitMeasure>ל-100 גרם</UnitMeasure>
      <BisWeighted>0</BisWeighted>
      <QtyInPackage>1</QtyInPackage>
      <ItemPrice>17.90</ItemPrice>
      <UnitOfMeasurePrice>3.89</UnitOfMeasurePrice>
      <AllowDiscount>0</AllowDiscount>
      <itemStatus>1</itemStatus>
      <LastUpdateDate />
      <LastUpdateTime />
    </Product>
    <Product>
      <PriceUpdateDate>2021/12/01 07:34</PriceUpdateDate>
      <ItemCode>13121301</ItemCode>
      <ItemType>0</ItemType>
      <ItemName>בורקס תפוח אדמה 500 גר`</ItemName>
      <ManufactureName>גורי ע.ע.ע. בע`מ</ManufactureName>
      <ManufactureCountry />
      <ManufactureItemDescription />
      <UnitQty>'יח</UnitQty>
      <Quantity>4</Quantity>
      <UnitMeasure>ל-100 גרם</UnitMeasure>
      <BisWeighted>0</BisWeighted>
      <QtyInPackage>1</QtyInPackage>
      <ItemPrice>28.90</ItemPrice>
      <UnitOfMeasurePrice>7.23</UnitOfMeasurePrice>
      <AllowDiscount>0</AllowDiscount>
      <itemStatus>1</itemStatus>
      <LastUpdateDate />
      <LastUpdateTime />
    </Product>
    <Product>
      <PriceUpdateDate>2021/12/01 07:34</PriceUpdateDate>
      <ItemCode>13121752</ItemCode>
      <ItemType>0</ItemType>
      <ItemName>לחם לבן ביתי גרין לייט</ItemName>
      <ManufactureName>גורי ע.ע.ע. בע`מ</ManufactureName>
      <ManufactureCountry />
      <ManufactureItemDescription />
      <UnitQty>'יח</UnitQty>
      <Quantity>5</Quantity>
      <UnitMeasure>ל-100 גרם</UnitMeasure>
      <BisWeighted>0</BisWeighted>
      <QtyInPackage>1</QtyInPackage>
      <ItemPrice>19.90</ItemPrice>
      <UnitOfMeasurePrice>3.98</UnitOfMeasurePrice>
      <AllowDiscount>0</AllowDiscount>
      <itemStatus>1</itemStatus>
      <LastUpdateDate />
      <LastUpdateTime />
    </Product>
    <Product>
      <PriceUpdateDate>2022/06/15 14:22</PriceUpdateDate>
      <ItemCode>7290013144232</ItemCode>
      <ItemType>1</ItemType>
      <ItemName>פודינג וניל 80 גרם</ItemName>
      <ManufactureName>א.ל. ייצור ושיווק תבלינים בע`מ</ManufactureName>
      <ManufactureCountry />
      <ManufactureItemDescription />
      <UnitQty>'יח</UnitQty>
      <Quantity>8</Quantity>
      <UnitMeasure>ל-100 גרם</UnitMeasure>
      <BisWeighted>0</BisWeighted>
      <QtyInPackage>1</QtyInPackage>
      <ItemPrice>4.90</ItemPrice>
      <UnitOfMeasurePrice>0.61</UnitOfMeasurePrice>
      <AllowDiscount>1</AllowDiscount>
      <itemStatus>1</itemStatus>
      <LastUpdateDate />
      <LastUpdateTime />
    </Product>
    <Product>
      <PriceUpdateDate>2022/06/15 14:22</PriceUpdateDate>
      <ItemCode>7290013144249</ItemCode>
      <ItemType>1</ItemType>
      <ItemName>פודינג שוקולד 95 גרם</ItemName>
      <ManufactureName>א.ל. ייצור ושיווק תבלינים בע`מ</ManufactureName>
      <ManufactureCountry />
      <ManufactureItemDescription />
      <UnitQty>'יח</UnitQty>
      <Quantity>9.50</Quantity>
      <UnitMeasure>ל-100 גרם</UnitMeasure>
      <BisWeighted>0</BisWeighted>
      <QtyInPackage>1</QtyInPackage>
      <ItemPrice>4.90</ItemPrice>
      <UnitOfMeasurePrice>0.52</UnitOfMeasurePrice>
      <AllowDiscount>1</AllowDiscount>
      <itemStatus>1</itemStatus>
      <LastUpdateDate />
      <LastUpdateTime />
    </Product>
    <Product>
      <PriceUpdateDate>2022/03/25 14:51</PriceUpdateDate>
      <ItemCode>7290013144393</ItemCode>
      <ItemType>1</ItemType>
      <ItemName>תמצית וניל 50 גרם</ItemName>
      <ManufactureName>א.ל. ייצור ושיווק תבלינים בע`מ</ManufactureName>
      <ManufactureCountry />
      <ManufactureItemDescription />
      <UnitQty>'יח</UnitQty>
      <Quantity>5</Quantity>
      <UnitMeasure>ל-100 גרם</UnitMeasure>
      <BisWeighted>0</BisWeighted>
      <QtyInPackage>1</QtyInPackage>
      <ItemPrice>4.90</ItemPrice>
      <UnitOfMeasurePrice>0.98</UnitOfMeasurePrice>
      <AllowDiscount>0</AllowDiscount>
      <itemStatus>1</itemStatus>
      <LastUpdateDate />
      <LastUpdateTime />
    </Product>
    <Product>
      <PriceUpdateDate>2022/03/25 14:51</PriceUpdateDate>
      <ItemCode>7290013144416</ItemCode>
      <ItemType>1</ItemType>
      <ItemName>תמצית שקדים 50 גרם</ItemName>
      <ManufactureName>א.ל. ייצור ושיווק תבלינים בע`מ</ManufactureName>
      <ManufactureCountry />
      <ManufactureItemDescription />
      <UnitQty>'יח</UnitQty>
      <Quantity>5</Quantity>
      <UnitMeasure>ל-100 גרם</UnitMeasure>
      <BisWeighted>0</BisWeighted>
      <QtyInPackage>1</QtyInPackage>
      <ItemPrice>4.90</ItemPrice>
      <UnitOfMeasurePrice>0.98</UnitOfMeasurePrice>
      <AllowDiscount>0</AllowDiscount>
      <itemStatus>1</itemStatus>
      <LastUpdateDate />
      <LastUpdateTime />
    </Product>
    <Product>
      <PriceUpdateDate>2022/06/15 14:22</PriceUpdateDate>
      <ItemCode>13144447</ItemCode>
      <ItemType>0</ItemType>
      <ItemName>תמצית תפוז 50 גרם</ItemName>
      <ManufactureName>א.ל. ייצור ושיווק תבלינים בע`מ</ManufactureName>
      <ManufactureCountry />
      <ManufactureItemDescription />
      <UnitQty>'יח</UnitQty>
      <Quantity>0.50</Quantity>
      <UnitMeasure>ל-100 גרם</UnitMeasure>
      <BisWeighted>0</BisWeighted>
      <QtyInPackage>1</QtyInPackage>
      <ItemPrice>9.90</ItemPrice>
      <UnitOfMeasurePrice>19.80</UnitOfMeasurePrice>
      <AllowDiscount>0</AllowDiscount>
      <itemStatus>1</itemStatus>
      <LastUpdateDate />
      <LastUpdateTime />
    </Product>
    <Product>
      <PriceUpdateDate>2022/06/15 14:22</PriceUpdateDate>
      <ItemCode>7290013144508</ItemCode>
      <ItemType>1</ItemType>
      <ItemName>תמצית ורדים 50 גרם</ItemName>
      <ManufactureName>א.ל. ייצור ושיווק תבלינים בע`מ</ManufactureName>
      <ManufactureCountry />
      <ManufactureItemDescription />
      <UnitQty>'יח</UnitQty>
      <Quantity>5</Quantity>
      <UnitMeasure>ל-100 גרם</UnitMeasure>
      <BisWeighted>0</BisWeighted>
      <QtyInPackage>1</QtyInPackage>
      <ItemPrice>9.90</ItemPrice>
      <UnitOfMeasurePrice>1.98</UnitOfMeasurePrice>
      <AllowDiscount>0</AllowDiscount>
      <itemStatus>1</itemStatus>
      <LastUpdateDate />
      <LastUpdateTime />
    </Product>
    <Product>
      <PriceUpdateDate>2019/01/16 14:42</PriceUpdateDate>
      <ItemCode>7290013144539</ItemCode>
      <ItemType>1</ItemType>
      <ItemName>צבע מאכל אדום 50 גרם</ItemName>
      <ManufactureName>א.ל. ייצור ושיווק תבלינים בע`מ</ManufactureName>
      <ManufactureCountry />
      <ManufactureItemDescription />
      <UnitQty>'יח</UnitQty>
      <Quantity>5</Quantity>
      <UnitMeasure>ל-100 גרם</UnitMeasure>
      <BisWeighted>0</BisWeighted>
      <QtyInPackage>1</QtyInPackage>
      <ItemPrice>3.90</ItemPrice>
      <UnitOfMeasurePrice>0.78</UnitOfMeasurePrice>
      <AllowDiscount>0</AllowDiscount>
      <itemStatus>1</itemStatus>
      <LastUpdateDate />
      <LastUpdateTime />
    </Product>
    <Product>
      <PriceUpdateDate>2022/03/25 14:51</PriceUpdateDate>
      <ItemCode>7290013145024</ItemCode>
      <ItemType>1</ItemType>
      <ItemName>אגוז מלך טחון 100 גרם</ItemName>
      <ManufactureName>א.ל. ייצור ושיווק תבלינים בע`מ</ManufactureName>
      <ManufactureCountry />
      <ManufactureItemDescription />
      <UnitQty>'יח</UnitQty>
      <Quantity>1</Quantity>
      <UnitMeasure>ל-100 גרם</UnitMeasure>
      <BisWeighted>0</BisWeighted>
      <QtyInPackage>1</QtyInPackage>
      <ItemPrice>12.90</ItemPrice>
      <UnitOfMeasurePrice>12.90</UnitOfMeasurePrice>
      <AllowDiscount>0</AllowDiscount>
      <itemStatus>1</itemStatus>
      <LastUpdateDate />
      <LastUpdateTime />
    </Product>
    <Product>
      <PriceUpdateDate>2022/03/25 14:51</PriceUpdateDate>
      <ItemCode>7290013145031</ItemCode>
      <ItemType>1</ItemType>
      <ItemName>ברס-אגוזי לוז מסוכרים 100 גרם</ItemName>
      <ManufactureName>א.ל. ייצור ושיווק תבלינים בע`מ</ManufactureName>
      <ManufactureCountry />
      <ManufactureItemDescription />
      <UnitQty>'יח</UnitQty>
      <Quantity>1</Quantity>
      <UnitMeasure>ל-100 גרם</UnitMeasure>
      <BisWeighted>0</BisWeighted>
      <QtyInPackage>1</QtyInPackage>
      <ItemPrice>13.90</ItemPrice>
      <UnitOfMeasurePrice>13.90</UnitOfMeasurePrice>
      <AllowDiscount>0</AllowDiscount>
      <itemStatus>1</itemStatus>
      <LastUpdateDate />
      <LastUpdateTime />
    </Product>
    <Product>
      <PriceUpdateDate>2022/03/25 14:51</PriceUpdateDate>
      <ItemCode>7290013145055</ItemCode>
      <ItemType>1</ItemType>
      <ItemName>פרג שלם 100 גרם</ItemName>
      <ManufactureName>א.ל. ייצור ושיווק תבלינים בע`מ</ManufactureName>
      <ManufactureCountry />
      <ManufactureItemDescription />
      <UnitQty>'יח</UnitQty>
      <Quantity>1</Quantity>
      <UnitMeasure>ל-100 גרם</UnitMeasure>
      <BisWeighted>0</BisWeighted>
      <QtyInPackage>1</QtyInPackage>
      <ItemPrice>5.90</ItemPrice>
      <UnitOfMeasurePrice>5.90</UnitOfMeasurePrice>
      <AllowDiscount>0</AllowDiscount>
      <itemStatus>1</itemStatus>
      <LastUpdateDate />
      <LastUpdateTime />
    </Product>
    <Product>
      <PriceUpdateDate>2022/03/25 14:51</PriceUpdateDate>
      <ItemCode>7290013145123</ItemCode>
      <ItemType>1</ItemType>
      <ItemName>שקד מולבן פרוס 100 גרם</ItemName>
      <ManufactureName>א.ל. ייצור ושיווק תבלינים בע`מ</ManufactureName>
      <ManufactureCountry />
      <ManufactureItemDescription />
      <UnitQty>'יח</UnitQty>
      <Quantity>1</Quantity>
      <UnitMeasure>ל-100 גרם</UnitMeasure>
      <BisWeighted>0</BisWeighted>
      <QtyInPackage>1</QtyInPackage>
      <ItemPrice>12.90</ItemPrice>
      <UnitOfMeasurePrice>12.90</UnitOfMeasurePrice>
      <AllowDiscount>1</AllowDiscount>
      <itemStatus>1</itemStatus>
      <LastUpdateDate />
      <LastUpdateTime />
    </Product>
    <Product>
      <PriceUpdateDate>2022/06/15 14:22</PriceUpdateDate>
      <ItemCode>7290013145178</ItemCode>
      <ItemType>1</ItemType>
      <ItemName>קוקוס טחון לבן 100 גרם</ItemName>
      <ManufactureName>א.ל. ייצור ושיווק תבלינים בע`מ</ManufactureName>
      <ManufactureCountry />
      <ManufactureItemDescription />
      <UnitQty>'יח</UnitQty>
      <Quantity>1</Quantity>
      <UnitMeasure>ל-100 גרם</UnitMeasure>
      <BisWeighted>0</BisWeighted>
      <QtyInPackage>1</QtyInPackage>
      <ItemPrice>3.90</ItemPrice>
      <UnitOfMeasurePrice>3.90</UnitOfMeasurePrice>
      <AllowDiscount>0</AllowDiscount>
      <itemStatus>1</itemStatus>
      <LastUpdateDate />
      <LastUpdateTime />
    </Product>
    <Product>
      <PriceUpdateDate>2022/03/25 14:51</PriceUpdateDate>
      <ItemCode>7290013145192</ItemCode>
      <ItemType>1</ItemType>
      <ItemName>שומשום 100 גרם</ItemName>
      <ManufactureName>א.ל. ייצור ושיווק תבלינים בע`מ</ManufactureName>
      <ManufactureCountry />
      <ManufactureItemDescription />
      <UnitQty>'יח</UnitQty>
      <Quantity>1</Quantity>
      <UnitMeasure>ל-100 גרם</UnitMeasure>
      <BisWeighted>0</BisWeighted>
      <QtyInPackage>1</QtyInPackage>
      <ItemPrice>4.90</ItemPrice>
      <UnitOfMeasurePrice>4.90</UnitOfMeasurePrice>
      <AllowDiscount>0</AllowDiscount>
      <itemStatus>1</itemStatus>
      <LastUpdateDate />
      <LastUpdateTime />
    </Product>
    <Product>
      <PriceUpdateDate>2022/06/15 14:22</PriceUpdateDate>
      <ItemCode>13145215</ItemCode>
      <ItemType>0</ItemType>
      <ItemName>שומשום 400 גרם</ItemName>
      <ManufactureName>א.ל. ייצור ושיווק תבלינים בע`מ</ManufactureName>
      <ManufactureCountry />
      <ManufactureItemDescription />
      <UnitQty>'יח</UnitQty>
      <Quantity>4</Quantity>
      <UnitMeasure>ל-100 גרם</UnitMeasure>
      <BisWeighted>0</BisWeighted>
      <QtyInPackage>1</QtyInPackage>
      <ItemPrice>11.90</ItemPrice>
      <UnitOfMeasurePrice>2.98</UnitOfMeasurePrice>
      <AllowDiscount>0</AllowDiscount>
      <itemStatus>1</itemStatus>
      <LastUpdateDate />
      <LastUpdateTime />
    </Product>
    <Product>
      <PriceUpdateDate>2022/03/25 14:51</PriceUpdateDate>
      <ItemCode>7290013145390</ItemCode>
      <ItemType>1</ItemType>
      <ItemName>שוקולד ציפס 250 גרם</ItemName>
      <ManufactureName>א.ל. ייצור ושיווק תבלינים בע`מ</ManufactureName>
      <ManufactureCountry />
      <ManufactureItemDescription />
      <UnitQty>'יח</UnitQty>
      <Quantity>2.50</Quantity>
      <UnitMeasure>ל-100 גרם</UnitMeasure>
      <BisWeighted>0</BisWeighted>
      <QtyInPackage>1</QtyInPackage>
      <ItemPrice>7.90</ItemPrice>
      <UnitOfMeasurePrice>3.16</UnitOfMeasurePrice>
      <AllowDiscount>0</AllowDiscount>
      <itemStatus>1</itemStatus>
      <LastUpdateDate />
      <LastUpdateTime />
    </Product>
    <Product>
      <PriceUpdateDate>2022/06/15 14:22</PriceUpdateDate>
      <ItemCode>7290013145451</ItemCode>
      <ItemType>1</ItemType>
      <ItemName>קקאו 150 בד`צ</ItemName>
      <ManufactureName>א.ל. ייצור ושיווק תבלינים בע`מ</ManufactureName>
      <ManufactureCountry />
      <ManufactureItemDescription />
      <UnitQty>'יח</UnitQty>
      <Quantity>1.50</Quantity>
      <UnitMeasure>ל-100 גרם</UnitMeasure>
      <BisWeighted>0</BisWeighted>
      <QtyInPackage>1</QtyInPackage>
      <ItemPrice>7.90</ItemPrice>
      <UnitOfMeasurePrice>5.27</UnitOfMeasurePrice>
      <AllowDiscount>0</AllowDiscount>
      <itemStatus>1</itemStatus>
      <LastUpdateDate />
      <LastUpdateTime />
    </Product>
    <Product>
      <PriceUpdateDate>2022/03/25 14:51</PriceUpdateDate>
      <ItemCode>7290013145529</ItemCode>
      <ItemType>1</ItemType>
      <ItemName>סוכריות צבעוניות לקישוט 90 גרם</ItemName>
      <ManufactureName>א.ל. ייצור ושיווק תבלינים בע`מ</ManufactureName>
      <ManufactureCountry />
      <ManufactureItemDescription />
      <UnitQty>'יח</UnitQty>
      <Quantity>9</Quantity>
      <UnitMeasure>ל-100 גרם</UnitMeasure>
      <BisWeighted>0</BisWeighted>
      <QtyInPackage>1</QtyInPackage>
      <ItemPrice>4.90</ItemPrice>
      <UnitOfMeasurePrice>0.54</UnitOfMeasurePrice>
      <AllowDiscount>0</AllowDiscount>
      <itemStatus>1</itemStatus>
      <LastUpdateDate />
      <LastUpdateTime />
    </Product>
    <Product>
      <PriceUpdateDate>2022/03/25 14:51</PriceUpdateDate>
      <ItemCode>7290013145628</ItemCode>
      <ItemType>1</ItemType>
      <ItemName>סוכריות צבעוניות לקישוט 200 גרם</ItemName>
      <ManufactureName>א.ל. ייצור ושיווק תבלינים בע`מ</ManufactureName>
      <ManufactureCountry />
      <ManufactureItemDescription />
      <UnitQty>'יח</UnitQty>
      <Quantity>2</Quantity>
      <UnitMeasure>ל-100 גרם</UnitMeasure>
      <BisWeighted>0</BisWeighted>
      <QtyInPackage>1</QtyInPackage>
      <ItemPrice>8.90</ItemPrice>
      <UnitOfMeasurePrice>4.45</UnitOfMeasurePrice>
      <AllowDiscount>0</AllowDiscount>
      <itemStatus>1</itemStatus>
      <LastUpdateDate />
      <LastUpdateTime />
    </Product>
    <Product>
      <PriceUpdateDate>2022/06/15 14:22</PriceUpdateDate>
      <ItemCode>7290013145840</ItemCode>
      <ItemType>1</ItemType>
      <ItemName>סוכר וניל 10  יח`בצלופן</ItemName>
      <ManufactureName>א.ל. ייצור ושיווק תבלינים בע`מ</ManufactureName>
      <ManufactureCountry />
      <ManufactureItemDescription />
      <UnitQty>'יח</UnitQty>
      <Quantity>1</Quantity>
      <UnitMeasure>ל-100 גרם</UnitMeasure>
      <BisWeighted>0</BisWeighted>
      <QtyInPackage>1</QtyInPackage>
      <ItemPrice>1.90</ItemPrice>
      <UnitOfMeasurePrice>1.90</UnitOfMeasurePrice>
      <AllowDiscount>0</AllowDiscount>
      <itemStatus>1</itemStatus>
      <LastUpdateDate />
      <LastUpdateTime />
    </Product>
    <Product>
      <PriceUpdateDate>2022/06/15 14:22</PriceUpdateDate>
      <ItemCode>7290013145857</ItemCode>
      <ItemType>1</ItemType>
      <ItemName>אבקת אפיה 10  יח`בצלופן</ItemName>
      <ManufactureName>א.ל. ייצור ושיווק תבלינים בע`מ</ManufactureName>
      <ManufactureCountry />
      <ManufactureItemDescription />
      <UnitQty>'יח</UnitQty>
      <Quantity>1</Quantity>
      <UnitMeasure>ל-100 גרם</UnitMeasure>
      <BisWeighted>0</BisWeighted>
      <QtyInPackage>1</QtyInPackage>
      <ItemPrice>1.90</ItemPrice>
      <UnitOfMeasurePrice>1.90</UnitOfMeasurePrice>
      <AllowDiscount>0</AllowDiscount>
      <itemStatus>1</itemStatus>
      <LastUpdateDate />
      <LastUpdateTime />
    </Product>
    <Product>
      <PriceUpdateDate>2022/03/25 14:51</PriceUpdateDate>
      <ItemCode>7290013145871</ItemCode>
      <ItemType>1</ItemType>
      <ItemName>שמרים יבשים 11*5</ItemName>
      <ManufactureName>א.ל. ייצור ושיווק תבלינים בע`מ</ManufactureName>
      <ManufactureCountry />
      <ManufactureItemDescription />
      <UnitQty>'יח</UnitQty>
      <Quantity>3</Quantity>
      <UnitMeasure>ל-100 גרם</UnitMeasure>
      <BisWeighted>0</BisWeighted>
      <QtyInPackage>1</QtyInPackage>
      <ItemPrice>9.90</ItemPrice>
      <UnitOfMeasurePrice>3.30</UnitOfMeasurePrice>
      <AllowDiscount>0</AllowDiscount>
      <itemStatus>1</itemStatus>
      <LastUpdateDate />
      <LastUpdateTime />
    </Product>
    <Product>
      <PriceUpdateDate>2022/03/25 14:51</PriceUpdateDate>
      <ItemCode>7290013145901</ItemCode>
      <ItemType>1</ItemType>
      <ItemName>סודה לשתיה 100 גרם</ItemName>
      <ManufactureName>א.ל. ייצור ושיווק תבלינים בע`מ</ManufactureName>
      <ManufactureCountry />
      <ManufactureItemDescription />
      <UnitQty>'יח</UnitQty>
      <Quantity>1</Quantity>
      <UnitMeasure>ל-100 גרם</UnitMeasure>
      <BisWeighted>0</BisWeighted>
      <QtyInPackage>1</QtyInPackage>
      <ItemPrice>1.90</ItemPrice>
      <UnitOfMeasurePrice>1.90</UnitOfMeasurePrice>
      <AllowDiscount>0</AllowDiscount>
      <itemStatus>1</itemStatus>
      <LastUpdateDate />
      <LastUpdateTime />
    </Product>
    <Product>
      <PriceUpdateDate>2019/12/18 16:12</PriceUpdateDate>
      <ItemCode>7290013145918</ItemCode>
      <ItemType>1</ItemType>
      <ItemName>אבקת סוכר 100 גרם</ItemName>
      <ManufactureName>א.ל. ייצור ושיווק תבלינים בע`מ</ManufactureName>
      <ManufactureCountry />
      <ManufactureItemDescription />
      <UnitQty>'יח</UnitQty>
      <Quantity>1</Quantity>
      <UnitMeasure>ל-100 גרם</UnitMeasure>
      <BisWeighted>0</BisWeighted>
      <QtyInPackage>1</QtyInPackage>
      <ItemPrice>1.90</ItemPrice>
      <UnitOfMeasurePrice>1.90</UnitOfMeasurePrice>
      <AllowDiscount>0</AllowDiscount>
      <itemStatus>1</itemStatus>
      <LastUpdateDate />
      <LastUpdateTime />
    </Product>
    <Product>
      <PriceUpdateDate>2022/06/15 14:22</PriceUpdateDate>
      <ItemCode>7290013145956</ItemCode>
      <ItemType>1</ItemType>
      <ItemName>שמרים יבשים בואקום 500 גר`</ItemName>
      <ManufactureName>א.ל. ייצור ושיווק תבלינים בע`מ</ManufactureName>
      <ManufactureCountry />
      <ManufactureItemDescription />
      <UnitQty>'יח</UnitQty>
      <Quantity>5</Quantity>
      <UnitMeasure>ל-100 גרם</UnitMeasure>
      <BisWeighted>0</BisWeighted>
      <QtyInPackage>1</QtyInPackage>
      <ItemPrice>11.90</ItemPrice>
      <UnitOfMeasurePrice>2.38</UnitOfMeasurePrice>
      <AllowDiscount>0</AllowDiscount>
      <itemStatus>1</itemStatus>
      <LastUpdateDate />
      <LastUpdateTime />
    </Product>
    <Product>
      <PriceUpdateDate>2019/07/03 08:47</PriceUpdateDate>
      <ItemCode>7290013145963</ItemCode>
      <ItemType>1</ItemType>
      <ItemName>שמרים יבשים בואקום 125 גר`</ItemName>
      <ManufactureName>א.ל. ייצור ושיווק תבלינים בע`מ</ManufactureName>
      <ManufactureCountry />
      <ManufactureItemDescription />
      <UnitQty>'יח</UnitQty>
      <Quantity>1.25</Quantity>
      <UnitMeasure>ל-100 גרם</UnitMeasure>
      <BisWeighted>0</BisWeighted>
      <QtyInPackage>1</QtyInPackage>
      <ItemPrice>5.90</ItemPrice>
      <UnitOfMeasurePrice>4.72</UnitOfMeasurePrice>
      <AllowDiscount>0</AllowDiscount>
      <itemStatus>1</itemStatus>
      <LastUpdateDate />
      <LastUpdateTime />
    </Product>
    <Product>
      <PriceUpdateDate>2022/03/25 14:51</PriceUpdateDate>
      <ItemCode>7290013145970</ItemCode>
      <ItemType>1</ItemType>
      <ItemName>קורנפלור 200 גרם</ItemName>
      <ManufactureName>א.ל. ייצור ושיווק תבלינים בע`מ</ManufactureName>
      <ManufactureCountry />
      <ManufactureItemDescription />
      <UnitQty>'יח</UnitQty>
      <Quantity>2</Quantity>
      <UnitMeasure>ל-100 גרם</UnitMeasure>
      <BisWeighted>0</BisWeighted>
      <QtyInPackage>1</QtyInPackage>
      <ItemPrice>3.90</ItemPrice>
      <UnitOfMeasurePrice>1.95</UnitOfMeasurePrice>
      <AllowDiscount>0</AllowDiscount>
      <itemStatus>1</itemStatus>
      <LastUpdateDate />
      <LastUpdateTime />
    </Product>
    <Product>
      <PriceUpdateDate>2022/03/25 14:51</PriceUpdateDate>
      <ItemCode>13146656</ItemCode>
      <ItemType>0</ItemType>
      <ItemName>סוכריות כוכבים תכלת ירוק לקישוט 60 גר`</ItemName>
      <ManufactureName>א.ל. ייצור ושיווק תבלינים בע`מ</ManufactureName>
      <ManufactureCountry />
      <ManufactureItemDescription />
      <UnitQty>'יח</UnitQty>
      <Quantity>0.60</Quantity>
      <UnitMeasure>ל-100 גרם</UnitMeasure>
      <BisWeighted>0</BisWeighted>
      <QtyInPackage>1</QtyInPackage>
      <ItemPrice>10.90</ItemPrice>
      <UnitOfMeasurePrice>18.17</UnitOfMeasurePrice>
      <AllowDiscount>1</AllowDiscount>
      <itemStatus>1</itemStatus>
      <LastUpdateDate />
      <LastUpdateTime />
    </Product>
    <Product>
      <PriceUpdateDate>2022/03/25 14:51</PriceUpdateDate>
      <ItemCode>13146670</ItemCode>
      <ItemType>0</ItemType>
      <ItemName>סוכריות לב סגול ורוד לבן לקישוט 60 גר`</ItemName>
      <ManufactureName>א.ל. ייצור ושיווק תבלינים בע`מ</ManufactureName>
      <ManufactureCountry />
      <ManufactureItemDescription />
      <UnitQty>'יח</UnitQty>
      <Quantity>0.60</Quantity>
      <UnitMeasure>ל-100 גרם</UnitMeasure>
      <BisWeighted>0</BisWeighted>
      <QtyInPackage>1</QtyInPackage>
      <ItemPrice>10.90</ItemPrice>
      <UnitOfMeasurePrice>18.17</UnitOfMeasurePrice>
      <AllowDiscount>1</AllowDiscount>
      <itemStatus>1</itemStatus>
      <LastUpdateDate />
      <LastUpdateTime />
    </Product>
    <Product>
      <PriceUpdateDate>2022/06/15 14:22</PriceUpdateDate>
      <ItemCode>7290013146854</ItemCode>
      <ItemType>1</ItemType>
      <ItemName>קוקוס לבן 400 גרם</ItemName>
      <ManufactureName>א.ל. ייצור ושיווק תבלינים בע`מ</ManufactureName>
      <ManufactureCountry />
      <ManufactureItemDescription />
      <UnitQty>'יח</UnitQty>
      <Quantity>4</Quantity>
      <UnitMeasure>ל-100 גרם</UnitMeasure>
      <BisWeighted>0</BisWeighted>
      <QtyInPackage>1</QtyInPackage>
      <ItemPrice>12.90</ItemPrice>
      <UnitOfMeasurePrice>3.23</UnitOfMeasurePrice>
      <AllowDiscount>0</AllowDiscount>
      <itemStatus>1</itemStatus>
      <LastUpdateDate />
      <LastUpdateTime />
    </Product>
    <Product>
      <PriceUpdateDate>2021/03/30 06:35</PriceUpdateDate>
      <ItemCode>13215024</ItemCode>
      <ItemType>0</ItemType>
      <ItemName>פטריות פורטובלה</ItemName>
      <ManufactureName>ביכורי השדה הצפון בעמ` 1964</ManufactureName>
      <ManufactureCountry />
      <ManufactureItemDescription />
      <UnitQty>'יח</UnitQty>
      <Quantity>1</Quantity>
      <UnitMeasure />
      <BisWeighted>0</BisWeighted>
      <QtyInPackage>1</QtyInPackage>
      <ItemPrice>13.90</ItemPrice>
      <UnitOfMeasurePrice>13.90</UnitOfMeasurePrice>
      <AllowDiscount>0</AllowDiscount>
      <itemStatus>1</itemStatus>
      <LastUpdateDate />
      <LastUpdateTime />
    </Product>
    <Product>
      <PriceUpdateDate>2020/04/27 11:28</PriceUpdateDate>
      <ItemCode>13215062</ItemCode>
      <ItemType>0</ItemType>
      <ItemName>פטריות יער</ItemName>
      <ManufactureName>ביכורי השדה הצפון בעמ` 1964</ManufactureName>
      <ManufactureCountry />
      <ManufactureItemDescription />
      <UnitQty>'יח</UnitQty>
      <Quantity>1</Quantity>
      <UnitMeasure />
      <BisWeighted>0</BisWeighted>
      <QtyInPackage>1</QtyInPackage>
      <ItemPrice>9.90</ItemPrice>
      <UnitOfMeasurePrice>9.90</UnitOfMeasurePrice>
      <AllowDiscount>0</AllowDiscount>
      <itemStatus>1</itemStatus>
      <LastUpdateDate />
      <LastUpdateTime />
    </Product>
    <Product>
      <PriceUpdateDate>2020/03/02 09:05</PriceUpdateDate>
      <ItemCode>7290013267665</ItemCode>
      <ItemType>1</ItemType>
      <ItemName>מאגדת מיני סולרו טרופי</ItemName>
      <ManufactureName>שטראוס גלידות</ManufactureName>
      <ManufactureCountry />
      <ManufactureItemDescription />
      <UnitQty>'יח</UnitQty>
      <Quantity>3.54</Quantity>
      <UnitMeasure>ל-100 גרם</UnitMeasure>
      <BisWeighted>0</BisWeighted>
      <QtyInPackage>1</QtyInPackage>
      <ItemPrice>28.90</ItemPrice>
      <UnitOfMeasurePrice>8.16</UnitOfMeasurePrice>
      <AllowDiscount>1</AllowDiscount>
      <itemStatus>1</itemStatus>
      <LastUpdateDate />
      <LastUpdateTime />
    </Product>
    <Product>
      <PriceUpdateDate>2021/12/30 18:57</PriceUpdateDate>
      <ItemCode>13268037</ItemCode>
      <ItemType>0</ItemType>
      <ItemName>מרכך סופר מרוכז פצולי לבנדר 1 ל`</ItemName>
      <ManufactureName>החב. הדרומית לשיווק</ManufactureName>
      <ManufactureCountry />
      <ManufactureItemDescription />
      <UnitQty>'יח</UnitQty>
      <Quantity>10</Quantity>
      <UnitMeasure>ל-100 מ"ל</UnitMeasure>
      <BisWeighted>0</BisWeighted>
      <QtyInPackage>12</QtyInPackage>
      <ItemPrice>18.90</ItemPrice>
      <UnitOfMeasurePrice>1.89</UnitOfMeasurePrice>
      <AllowDiscount>1</AllowDiscount>
      <itemStatus>1</itemStatus>
      <LastUpdateDate />
      <LastUpdateTime />
    </Product>
    <Product>
      <PriceUpdateDate>2022/03/27 06:37</PriceUpdateDate>
      <ItemCode>13268242</ItemCode>
      <ItemType>0</ItemType>
      <ItemName>רצפז פרש הום בניחוח מלון מפנק 2 ל`</ItemName>
      <ManufactureName>החב. הדרומית לשיווק</ManufactureName>
      <ManufactureCountry />
      <ManufactureItemDescription />
      <UnitQty>'יח</UnitQty>
      <Quantity>20</Quantity>
      <UnitMeasure>ל-100 מ"ל</UnitMeasure>
      <BisWeighted>0</BisWeighted>
      <QtyInPackage>1</QtyInPackage>
      <ItemPrice>21.90</ItemPrice>
      <UnitOfMeasurePrice>1.10</UnitOfMeasurePrice>
      <AllowDiscount>1</AllowDiscount>
      <itemStatus>1</itemStatus>
      <LastUpdateDate />
      <LastUpdateTime />
    </Product>
    <Product>
      <PriceUpdateDate>2020/04/30 11:25</PriceUpdateDate>
      <ItemCode>13268372</ItemCode>
      <ItemType>0</ItemType>
      <ItemName>פוליויקס פרקט בתוספת שמן ארגן</ItemName>
      <ManufactureName>החב. הדרומית לשיווק</ManufactureName>
      <ManufactureCountry />
      <ManufactureItemDescription />
      <UnitQty>'יח</UnitQty>
      <Quantity>20</Quantity>
      <UnitMeasure>ל-100 מ"ל</UnitMeasure>
      <BisWeighted>0</BisWeighted>
      <QtyInPackage>1</QtyInPackage>
      <ItemPrice>21.90</ItemPrice>
      <UnitOfMeasurePrice>1.10</UnitOfMeasurePrice>
      <AllowDiscount>0</AllowDiscount>
      <itemStatus>1</itemStatus>
      <LastUpdateDate />
      <LastUpdateTime />
    </Product>
    <Product>
      <PriceUpdateDate>2022/01/17 20:43</PriceUpdateDate>
      <ItemCode>7290013268884</ItemCode>
      <ItemType>1</ItemType>
      <ItemName>ריצפז פרש מאסק 2 ליטר</ItemName>
      <ManufactureName>החב. הדרומית לשיווק</ManufactureName>
      <ManufactureCountry />
      <ManufactureItemDescription />
      <UnitQty>'יח</UnitQty>
      <Quantity>20</Quantity>
      <UnitMeasure>ל-100 מ"ל</UnitMeasure>
      <BisWeighted>0</BisWeighted>
      <QtyInPackage>8</QtyInPackage>
      <ItemPrice>17.90</ItemPrice>
      <UnitOfMeasurePrice>0.90</UnitOfMeasurePrice>
      <AllowDiscount>1</AllowDiscount>
      <itemStatus>1</itemStatus>
      <LastUpdateDate />
      <LastUpdateTime />
    </Product>
    <Product>
      <PriceUpdateDate>2021/12/30 18:57</PriceUpdateDate>
      <ItemCode>13268990</ItemCode>
      <ItemType>0</ItemType>
      <ItemName>מרכך סופר מרוכז ביו 1 ל`</ItemName>
      <ManufactureName>החב. הדרומית לשיווק</ManufactureName>
      <ManufactureCountry />
      <ManufactureItemDescription />
      <UnitQty>'יח</UnitQty>
      <Quantity>10</Quantity>
      <UnitMeasure>ל-100 מ"ל</UnitMeasure>
      <BisWeighted>0</BisWeighted>
      <QtyInPackage>12</QtyInPackage>
      <ItemPrice>18.90</ItemPrice>
      <UnitOfMeasurePrice>1.89</UnitOfMeasurePrice>
      <AllowDiscount>1</AllowDiscount>
      <itemStatus>1</itemStatus>
      <LastUpdateDate />
      <LastUpdateTime />
    </Product>
    <Product>
      <PriceUpdateDate>2022/02/02 14:34</PriceUpdateDate>
      <ItemCode>13269003</ItemCode>
      <ItemType>0</ItemType>
      <ItemName>מרכך סופר מרוכז בייבי 1 ל`</ItemName>
      <ManufactureName>החב. הדרומית לשיווק</ManufactureName>
      <ManufactureCountry />
      <ManufactureItemDescription />
      <UnitQty>'יח</UnitQty>
      <Quantity>10</Quantity>
      <UnitMeasure>ל-100 מ"ל</UnitMeasure>
      <BisWeighted>0</BisWeighted>
      <QtyInPackage>12</QtyInPackage>
      <ItemPrice>18.90</ItemPrice>
      <UnitOfMeasurePrice>1.89</UnitOfMeasurePrice>
      <AllowDiscount>1</AllowDiscount>
      <itemStatus>1</itemStatus>
      <LastUpdateDate />
      <LastUpdateTime />
    </Product>
    <Product>
      <PriceUpdateDate>2019/01/16 14:42</PriceUpdateDate>
      <ItemCode>7290013269263</ItemCode>
      <ItemType>1</ItemType>
      <ItemName>ג`ל כביסה סנו מקסימה 3 ל` קריסטל</ItemName>
      <ManufactureName>החב. הדרומית לשיווק</ManufactureName>
      <ManufactureCountry />
      <ManufactureItemDescription />
      <UnitQty>'יח</UnitQty>
      <Quantity>3</Quantity>
      <UnitMeasure>ל-100 מ"ל</UnitMeasure>
      <BisWeighted>0</BisWeighted>
      <QtyInPackage>1</QtyInPackage>
      <ItemPrice>29.90</ItemPrice>
      <UnitOfMeasurePrice>9.97</UnitOfMeasurePrice>
      <AllowDiscount>1</AllowDiscount>
      <itemStatus>1</itemStatus>
      <LastUpdateDate />
      <LastUpdateTime />
    </Product>
    <Product>
      <PriceUpdateDate>2019/01/16 14:42</PriceUpdateDate>
      <ItemCode>7290013269287</ItemCode>
      <ItemType>1</ItemType>
      <ItemName>ג`ל כביסה סנו מקסימה 3 ל` מאסק</ItemName>
      <ManufactureName>החב. הדרומית לשיווק</ManufactureName>
      <ManufactureCountry />
      <ManufactureItemDescription />
      <UnitQty>'יח</UnitQty>
      <Quantity>30</Quantity>
      <UnitMeasure>ל-100 מ"ל</UnitMeasure>
      <BisWeighted>0</BisWeighted>
      <QtyInPackage>6</QtyInPackage>
      <ItemPrice>29.90</ItemPrice>
      <UnitOfMeasurePrice>1</UnitOfMeasurePrice>
      <AllowDiscount>1</AllowDiscount>
      <itemStatus>1</itemStatus>
      <LastUpdateDate />
      <LastUpdateTime />
    </Product>
    <Product>
      <PriceUpdateDate>2021/12/30 18:57</PriceUpdateDate>
      <ItemCode>7290013269300</ItemCode>
      <ItemType>1</ItemType>
      <ItemName>סנו סושי ניילון נצמד 150 מטר</ItemName>
      <ManufactureName>החב. הדרומית לשיווק</ManufactureName>
      <ManufactureCountry />
      <ManufactureItemDescription />
      <UnitQty>'יח</UnitQty>
      <Quantity>1</Quantity>
      <UnitMeasure />
      <BisWeighted>0</BisWeighted>
      <QtyInPackage>12</QtyInPackage>
      <ItemPrice>21.90</ItemPrice>
      <UnitOfMeasurePrice>21.90</UnitOfMeasurePrice>
      <AllowDiscount>0</AllowDiscount>
      <itemStatus>1</itemStatus>
      <LastUpdateDate />
      <LastUpdateTime />
    </Product>
    <Product>
      <PriceUpdateDate>2021/12/30 18:57</PriceUpdateDate>
      <ItemCode>7290013269638</ItemCode>
      <ItemType>1</ItemType>
      <ItemName>ספוג הפלא EXTRA</ItemName>
      <ManufactureName>החב. הדרומית לשיווק</ManufactureName>
      <ManufactureCountry />
      <ManufactureItemDescription />
      <UnitQty>'יח</UnitQty>
      <Quantity>1</Quantity>
      <UnitMeasure />
      <BisWeighted>0</BisWeighted>
      <QtyInPackage>12</QtyInPackage>
      <ItemPrice>11.90</ItemPrice>
      <UnitOfMeasurePrice>11.90</UnitOfMeasurePrice>
      <AllowDiscount>0</AllowDiscount>
      <itemStatus>1</itemStatus>
      <LastUpdateDate />
      <LastUpdateTime />
    </Product>
    <Product>
      <PriceUpdateDate>2021/12/30 18:57</PriceUpdateDate>
      <ItemCode>7290013269645</ItemCode>
      <ItemType>1</ItemType>
      <ItemName>מטליות רצפז מאסק</ItemName>
      <ManufactureName>החב. הדרומית לשיווק</ManufactureName>
      <ManufactureCountry />
      <ManufactureItemDescription />
      <UnitQty>'יח</UnitQty>
      <Quantity>1</Quantity>
      <UnitMeasure />
      <BisWeighted>0</BisWeighted>
      <QtyInPackage>12</QtyInPackage>
      <ItemPrice>12.90</ItemPrice>
      <UnitOfMeasurePrice>12.90</UnitOfMeasurePrice>
      <AllowDiscount>0</AllowDiscount>
      <itemStatus>1</itemStatus>
      <LastUpdateDate />
      <LastUpdateTime />
    </Product>
    <Product>
      <PriceUpdateDate>2019/01/16 14:42</PriceUpdateDate>
      <ItemCode>13269669</ItemCode>
      <ItemType>0</ItemType>
      <ItemName>סנו ריצפז ריח פנטזיה 3 ליטר</ItemName>
      <ManufactureName>החב. הדרומית לשיווק</ManufactureName>
      <ManufactureCountry />
      <ManufactureItemDescription />
      <UnitQty>'יח</UnitQty>
      <Quantity>3</Quantity>
      <UnitMeasure>לליטר</UnitMeasure>
      <BisWeighted>0</BisWeighted>
      <QtyInPackage>6</QtyInPackage>
      <ItemPrice>12.90</ItemPrice>
      <UnitOfMeasurePrice>4.30</UnitOfMeasurePrice>
      <AllowDiscount>0</AllowDiscount>
      <itemStatus>1</itemStatus>
      <LastUpdateDate />
      <LastUpdateTime />
    </Product>
    <Product>
      <PriceUpdateDate>2021/12/30 18:57</PriceUpdateDate>
      <ItemCode>13269751</ItemCode>
      <ItemType>0</ItemType>
      <ItemName>מטליות לחות לרצפה בניחוח מלון בוטיק</ItemName>
      <ManufactureName>החב. הדרומית לשיווק</ManufactureName>
      <ManufactureCountry />
      <ManufactureItemDescription />
      <UnitQty>'יח</UnitQty>
      <Quantity>1</Quantity>
      <UnitMeasure />
      <BisWeighted>0</BisWeighted>
      <QtyInPackage>12</QtyInPackage>
      <ItemPrice>12.90</ItemPrice>
      <UnitOfMeasurePrice>12.90</UnitOfMeasurePrice>
      <AllowDiscount>0</AllowDiscount>
      <itemStatus>1</itemStatus>
      <LastUpdateDate />
      <LastUpdateTime />
    </Product>
    <Product>
      <PriceUpdateDate>2019/01/16 14:42</PriceUpdateDate>
      <ItemCode>13284310</ItemCode>
      <ItemType>0</ItemType>
      <ItemName>רוטב פסטה 240  גר`פריניר</ItemName>
      <ManufactureName>אבאל יזמות בעמ</ManufactureName>
      <ManufactureCountry />
      <ManufactureItemDescription />
      <UnitQty>'יח</UnitQty>
      <Quantity>2.40</Quantity>
      <UnitMeasure>ל-100 גרם</UnitMeasure>
      <BisWeighted>0</BisWeighted>
      <QtyInPackage>1</QtyInPackage>
      <ItemPrice>4.90</ItemPrice>
      <UnitOfMeasurePrice>2.04</UnitOfMeasurePrice>
      <AllowDiscount>0</AllowDiscount>
      <itemStatus>1</itemStatus>
      <LastUpdateDate />
      <LastUpdateTime />
    </Product>
    <Product>
      <PriceUpdateDate>2019/01/16 14:42</PriceUpdateDate>
      <ItemCode>13284662</ItemCode>
      <ItemType>0</ItemType>
      <ItemName>רוטב פיצה פסטה 240 גר`</ItemName>
      <ManufactureName>אבאל יזמות בעמ</ManufactureName>
      <ManufactureCountry />
      <ManufactureItemDescription />
      <UnitQty>'יח</UnitQty>
      <Quantity>2.40</Quantity>
      <UnitMeasure>ל-100 גרם</UnitMeasure>
      <BisWeighted>0</BisWeighted>
      <QtyInPackage>1</QtyInPackage>
      <ItemPrice>4.90</ItemPrice>
      <UnitOfMeasurePrice>2.04</UnitOfMeasurePrice>
      <AllowDiscount>0</AllowDiscount>
      <itemStatus>1</itemStatus>
      <LastUpdateDate />
      <LastUpdateTime />
    </Product>
    <Product>
      <PriceUpdateDate>2021/08/09 16:47</PriceUpdateDate>
      <ItemCode>7290013358356</ItemCode>
      <ItemType>1</ItemType>
      <ItemName>מנה פירורי לחם 320 גרם</ItemName>
      <ManufactureName>ש. שסטוביץ בע`מ</ManufactureName>
      <ManufactureCountry />
      <ManufactureItemDescription />
      <UnitQty>'יח</UnitQty>
      <Quantity>3.20</Quantity>
      <UnitMeasure>ל-100 גרם</UnitMeasure>
      <BisWeighted>0</BisWeighted>
      <QtyInPackage>1</QtyInPackage>
      <ItemPrice>6.90</ItemPrice>
      <UnitOfMeasurePrice>2.16</UnitOfMeasurePrice>
      <AllowDiscount>0</AllowDiscount>
      <itemStatus>1</itemStatus>
      <LastUpdateDate />
      <LastUpdateTime />
    </Product>
    <Product>
      <PriceUpdateDate>2021/08/09 16:47</PriceUpdateDate>
      <ItemCode>7290013358363</ItemCode>
      <ItemType>1</ItemType>
      <ItemName>מנה פירורי לחם   יפני`פנקו`300גר</ItemName>
      <ManufactureName>ש. שסטוביץ בע`מ</ManufactureName>
      <ManufactureCountry />
      <ManufactureItemDescription />
      <UnitQty>'יח</UnitQty>
      <Quantity>3</Quantity>
      <UnitMeasure>ל-100 גרם</UnitMeasure>
      <BisWeighted>0</BisWeighted>
      <QtyInPackage>1</QtyInPackage>
      <ItemPrice>10.90</ItemPrice>
      <UnitOfMeasurePrice>3.63</UnitOfMeasurePrice>
      <AllowDiscount>0</AllowDiscount>
      <itemStatus>1</itemStatus>
      <LastUpdateDate />
      <LastUpdateTime />
    </Product>
    <Product>
      <PriceUpdateDate>2021/07/06 15:34</PriceUpdateDate>
      <ItemCode>7290013358417</ItemCode>
      <ItemType>1</ItemType>
      <ItemName>מנה אסייאתי רוטב טריאקי 300 מ`ל</ItemName>
      <ManufactureName>ש. שסטוביץ בע`מ</ManufactureName>
      <ManufactureCountry />
      <ManufactureItemDescription />
      <UnitQty>'יח</UnitQty>
      <Quantity>3</Quantity>
      <UnitMeasure>ל-100 מ"ל</UnitMeasure>
      <BisWeighted>0</BisWeighted>
      <QtyInPackage>1</QtyInPackage>
      <ItemPrice>11.90</ItemPrice>
      <UnitOfMeasurePrice>3.97</UnitOfMeasurePrice>
      <AllowDiscount>0</AllowDiscount>
      <itemStatus>1</itemStatus>
      <LastUpdateDate />
      <LastUpdateTime />
    </Product>
    <Product>
      <PriceUpdateDate>2021/08/09 16:47</PriceUpdateDate>
      <ItemCode>7290013358486</ItemCode>
      <ItemType>1</ItemType>
      <ItemName>מנה פירורי לחם ללא צורך בביצה 300גר</ItemName>
      <ManufactureName>ש. שסטוביץ בע`מ</ManufactureName>
      <ManufactureCountry />
      <ManufactureItemDescription />
      <UnitQty>'יח</UnitQty>
      <Quantity>3</Quantity>
      <UnitMeasure>ל-100 גרם</UnitMeasure>
      <BisWeighted>0</BisWeighted>
      <QtyInPackage>1</QtyInPackage>
      <ItemPrice>8.90</ItemPrice>
      <UnitOfMeasurePrice>2.97</UnitOfMeasurePrice>
      <AllowDiscount>0</AllowDiscount>
      <itemStatus>1</itemStatus>
      <LastUpdateDate />
      <LastUpdateTime />
    </Product>
    <Product>
      <PriceUpdateDate>2019/12/10 20:00</PriceUpdateDate>
      <ItemCode>7290013358493</ItemCode>
      <ItemType>1</ItemType>
      <ItemName>מנה אסייאתי קרם קוקוס פחית 400 מ`ל</ItemName>
      <ManufactureName>ש. שסטוביץ בע`מ</ManufactureName>
      <ManufactureCountry />
      <ManufactureItemDescription />
      <UnitQty>'יח</UnitQty>
      <Quantity>4</Quantity>
      <UnitMeasure>ל-100 מ"ל</UnitMeasure>
      <BisWeighted>0</BisWeighted>
      <QtyInPackage>1</QtyInPackage>
      <ItemPrice>9.90</ItemPrice>
      <UnitOfMeasurePrice>2.48</UnitOfMeasurePrice>
      <AllowDiscount>0</AllowDiscount>
      <itemStatus>1</itemStatus>
      <LastUpdateDate />
      <LastUpdateTime />
    </Product>
    <Product>
      <PriceUpdateDate>2022/09/18 13:42</PriceUpdateDate>
      <ItemCode>7290013358530</ItemCode>
      <ItemType>1</ItemType>
      <ItemName>מנה אסייאתי רוטב צ`ילי מתוק 700 מ`ל</ItemName>
      <ManufactureName>ש. שסטוביץ בע`מ</ManufactureName>
      <ManufactureCountry />
      <ManufactureItemDescription />
      <UnitQty>'יח</UnitQty>
      <Quantity>7</Quantity>
      <UnitMeasure>ל-100 מ"ל</UnitMeasure>
      <BisWeighted>0</BisWeighted>
      <QtyInPackage>1</QtyInPackage>
      <ItemPrice>13.90</ItemPrice>
      <UnitOfMeasurePrice>1.99</UnitOfMeasurePrice>
      <AllowDiscount>1</AllowDiscount>
      <itemStatus>1</itemStatus>
      <LastUpdateDate />
      <LastUpdateTime />
    </Product>
    <Product>
      <PriceUpdateDate>2022/09/18 13:42</PriceUpdateDate>
      <ItemCode>7290013358547</ItemCode>
      <ItemType>1</ItemType>
      <ItemName>מנה אסייאתי רוטב צ`ילי חריף 700 מ`ל</ItemName>
      <ManufactureName>ש. שסטוביץ בע`מ</ManufactureName>
      <ManufactureCountry />
      <ManufactureItemDescription />
      <UnitQty>'יח</UnitQty>
      <Quantity>7</Quantity>
      <UnitMeasure>ל-100 מ"ל</UnitMeasure>
      <BisWeighted>0</BisWeighted>
      <QtyInPackage>1</QtyInPackage>
      <ItemPrice>13.90</ItemPrice>
      <UnitOfMeasurePrice>1.99</UnitOfMeasurePrice>
      <AllowDiscount>1</AllowDiscount>
      <itemStatus>1</itemStatus>
      <LastUpdateDate />
      <LastUpdateTime />
    </Product>
    <Product>
      <PriceUpdateDate>2022/01/19 11:02</PriceUpdateDate>
      <ItemCode>13358578</ItemCode>
      <ItemType>0</ItemType>
      <ItemName>מנה אסייאתי אטריות אורז רחבות 5 מ`מ</ItemName>
      <ManufactureName>ש. שסטוביץ בע`מ</ManufactureName>
      <ManufactureCountry />
      <ManufactureItemDescription />
      <UnitQty>'יח</UnitQty>
      <Quantity>4</Quantity>
      <UnitMeasure>ל-100 גרם</UnitMeasure>
      <BisWeighted>0</BisWeighted>
      <QtyInPackage>1</QtyInPackage>
      <ItemPrice>8.90</ItemPrice>
      <UnitOfMeasurePrice>2.23</UnitOfMeasurePrice>
      <AllowDiscount>0</AllowDiscount>
      <itemStatus>1</itemStatus>
      <LastUpdateDate />
      <LastUpdateTime />
    </Product>
    <Product>
      <PriceUpdateDate>2019/07/03 08:47</PriceUpdateDate>
      <ItemCode>7290013358806</ItemCode>
      <ItemType>1</ItemType>
      <ItemName>מנה מאגדת פריכיות אורז עם מלח 264 גר`</ItemName>
      <ManufactureName>ש. שסטוביץ בע`מ</ManufactureName>
      <ManufactureCountry />
      <ManufactureItemDescription />
      <UnitQty>'יח</UnitQty>
      <Quantity>2.64</Quantity>
      <UnitMeasure>ל-100 גרם</UnitMeasure>
      <BisWeighted>0</BisWeighted>
      <QtyInPackage>1</QtyInPackage>
      <ItemPrice>12.90</ItemPrice>
      <UnitOfMeasurePrice>4.89</UnitOfMeasurePrice>
      <AllowDiscount>1</AllowDiscount>
      <itemStatus>1</itemStatus>
      <LastUpdateDate />
      <LastUpdateTime />
    </Product>
    <Product>
      <PriceUpdateDate>2020/05/12 18:49</PriceUpdateDate>
      <ItemCode>13389084</ItemCode>
      <ItemType>0</ItemType>
      <ItemName>טורטיה קמח תירס 20 ס`מ</ItemName>
      <ManufactureName>תומר ייבוא ושיווק מוצרי מזון [</ManufactureName>
      <ManufactureCountry />
      <ManufactureItemDescription />
      <UnitQty>'יח</UnitQty>
      <Quantity>1</Quantity>
      <UnitMeasure>ל-100 גרם</UnitMeasure>
      <BisWeighted>0</BisWeighted>
      <QtyInPackage>16</QtyInPackage>
      <ItemPrice>8.90</ItemPrice>
      <UnitOfMeasurePrice>8.90</UnitOfMeasurePrice>
      <AllowDiscount>0</AllowDiscount>
      <itemStatus>1</itemStatus>
      <LastUpdateDate />
      <LastUpdateTime />
    </Product>
    <Product>
      <PriceUpdateDate>2020/05/31 15:01</PriceUpdateDate>
      <ItemCode>13389114</ItemCode>
      <ItemType>0</ItemType>
      <ItemName>ניוקי תפו`א 500 גר`</ItemName>
      <ManufactureName>תומר ייבוא ושיווק מוצרי מזון [</ManufactureName>
      <ManufactureCountry />
      <ManufactureItemDescription />
      <UnitQty>'יח</UnitQty>
      <Quantity>5</Quantity>
      <UnitMeasure>ל-100 גרם</UnitMeasure>
      <BisWeighted>0</BisWeighted>
      <QtyInPackage>1</QtyInPackage>
      <ItemPrice>6.90</ItemPrice>
      <UnitOfMeasurePrice>1.38</UnitOfMeasurePrice>
      <AllowDiscount>0</AllowDiscount>
      <itemStatus>1</itemStatus>
      <LastUpdateDate />
      <LastUpdateTime />
    </Product>
    <Product>
      <PriceUpdateDate>2020/05/31 15:01</PriceUpdateDate>
      <ItemCode>7290013389145</ItemCode>
      <ItemType>1</ItemType>
      <ItemName>ניוקי מיני 500 גר`</ItemName>
      <ManufactureName>תומר ייבוא ושיווק מוצרי מזון [</ManufactureName>
      <ManufactureCountry />
      <ManufactureItemDescription />
      <UnitQty>'יח</UnitQty>
      <Quantity>5</Quantity>
      <UnitMeasure>ל-100 גרם</UnitMeasure>
      <BisWeighted>0</BisWeighted>
      <QtyInPackage>1</QtyInPackage>
      <ItemPrice>6.90</ItemPrice>
      <UnitOfMeasurePrice>1.38</UnitOfMeasurePrice>
      <AllowDiscount>0</AllowDiscount>
      <itemStatus>1</itemStatus>
      <LastUpdateDate />
      <LastUpdateTime />
    </Product>
    <Product>
      <PriceUpdateDate>2022/01/12 19:00</PriceUpdateDate>
      <ItemCode>7290013389374</ItemCode>
      <ItemType>1</ItemType>
      <ItemName>קמח תירס פולנטה 500 גר`</ItemName>
      <ManufactureName>תומר ייבוא ושיווק מוצרי מזון [</ManufactureName>
      <ManufactureCountry />
      <ManufactureItemDescription />
      <UnitQty>'יח</UnitQty>
      <Quantity>5</Quantity>
      <UnitMeasure>ל-100 גרם</UnitMeasure>
      <BisWeighted>0</BisWeighted>
      <QtyInPackage>10</QtyInPackage>
      <ItemPrice>6.90</ItemPrice>
      <UnitOfMeasurePrice>1.38</UnitOfMeasurePrice>
      <AllowDiscount>0</AllowDiscount>
      <itemStatus>1</itemStatus>
      <LastUpdateDate />
      <LastUpdateTime />
    </Product>
    <Product>
      <PriceUpdateDate>2019/01/16 14:43</PriceUpdateDate>
      <ItemCode>13404626</ItemCode>
      <ItemType>0</ItemType>
      <ItemName>ירקות עם דגי מקרל ברסק עגבניות 120גר</ItemName>
      <ManufactureName>מ.ד אטיאס סוכנויות מזון בע`מ</ManufactureName>
      <ManufactureCountry />
      <ManufactureItemDescription />
      <UnitQty>'יח</UnitQty>
      <Quantity>1.20</Quantity>
      <UnitMeasure>ל-100 גרם</UnitMeasure>
      <BisWeighted>0</BisWeighted>
      <QtyInPackage>1</QtyInPackage>
      <ItemPrice>5</ItemPrice>
      <UnitOfMeasurePrice>4.17</UnitOfMeasurePrice>
      <AllowDiscount>0</AllowDiscount>
      <itemStatus>1</itemStatus>
      <LastUpdateDate />
      <LastUpdateTime />
    </Product>
    <Product>
      <PriceUpdateDate>2022/02/23 12:24</PriceUpdateDate>
      <ItemCode>13472199</ItemCode>
      <ItemType>0</ItemType>
      <ItemName>ערמונים קלופים וקלויים 100 גרם</ItemName>
      <ManufactureName>ג. וילי-פוד אינטרנשיונל בע`מ</ManufactureName>
      <ManufactureCountry />
      <ManufactureItemDescription />
      <UnitQty>'יח</UnitQty>
      <Quantity>1.05</Quantity>
      <UnitMeasure>ל-100 גרם</UnitMeasure>
      <BisWeighted>0</BisWeighted>
      <QtyInPackage>1</QtyInPackage>
      <ItemPrice>5.90</ItemPrice>
      <UnitOfMeasurePrice>5.62</UnitOfMeasurePrice>
      <AllowDiscount>1</AllowDiscount>
      <itemStatus>1</itemStatus>
      <LastUpdateDate />
      <LastUpdateTime />
    </Product>
    <Product>
      <PriceUpdateDate>2022/01/26 17:01</PriceUpdateDate>
      <ItemCode>7290013472908</ItemCode>
      <ItemType>1</ItemType>
      <ItemName>הבולגריה בקוביות 400 גרם</ItemName>
      <ManufactureName>ג. וילי-פוד אינטרנשיונל בע`מ</ManufactureName>
      <ManufactureCountry />
      <ManufactureItemDescription />
      <UnitQty>'יח</UnitQty>
      <Quantity>4</Quantity>
      <UnitMeasure>ל-100 גרם</UnitMeasure>
      <BisWeighted>0</BisWeighted>
      <QtyInPackage>1</QtyInPackage>
      <ItemPrice>19.90</ItemPrice>
      <UnitOfMeasurePrice>4.98</UnitOfMeasurePrice>
      <AllowDiscount>1</AllowDiscount>
      <itemStatus>1</itemStatus>
      <LastUpdateDate />
      <LastUpdateTime />
    </Product>
    <Product>
      <PriceUpdateDate>2019/01/16 14:43</PriceUpdateDate>
      <ItemCode>7290013492005</ItemCode>
      <ItemType>1</ItemType>
      <ItemName>תפודים למיקרו</ItemName>
      <ManufactureName>ביכורי השדה הצפון בעמ` 1964</ManufactureName>
      <ManufactureCountry />
      <ManufactureItemDescription />
      <UnitQty>'יח</UnitQty>
      <Quantity>7</Quantity>
      <UnitMeasure>ל-100 גרם</UnitMeasure>
      <BisWeighted>0</BisWeighted>
      <QtyInPackage>1</QtyInPackage>
      <ItemPrice>7.90</ItemPrice>
      <UnitOfMeasurePrice>1.13</UnitOfMeasurePrice>
      <AllowDiscount>0</AllowDiscount>
      <itemStatus>1</itemStatus>
      <LastUpdateDate />
      <LastUpdateTime />
    </Product>
    <Product>
      <PriceUpdateDate>2022/07/05 21:16</PriceUpdateDate>
      <ItemCode>7290013531346</ItemCode>
      <ItemType>1</ItemType>
      <ItemName>סירופ דיאט לימונענע 1 ל`</ItemName>
      <ManufactureName>זנלכול יכין</ManufactureName>
      <ManufactureCountry />
      <ManufactureItemDescription />
      <UnitQty>'יח</UnitQty>
      <Quantity>1</Quantity>
      <UnitMeasure />
      <BisWeighted>0</BisWeighted>
      <QtyInPackage>1</QtyInPackage>
      <ItemPrice>18.90</ItemPrice>
      <UnitOfMeasurePrice>18.90</UnitOfMeasurePrice>
      <AllowDiscount>0</AllowDiscount>
      <itemStatus>1</itemStatus>
      <LastUpdateDate />
      <LastUpdateTime />
    </Product>
    <Product>
      <PriceUpdateDate>2021/04/21 12:53</PriceUpdateDate>
      <ItemCode>13579232</ItemCode>
      <ItemType>0</ItemType>
      <ItemName>אוכמניות כחולות קפואות 250 גר` shake it</ItemName>
      <ManufactureName>בלדי בע`מ</ManufactureName>
      <ManufactureCountry />
      <ManufactureItemDescription />
      <UnitQty>'יח</UnitQty>
      <Quantity>2.50</Quantity>
      <UnitMeasure>ל-100 גרם</UnitMeasure>
      <BisWeighted>0</BisWeighted>
      <QtyInPackage>1</QtyInPackage>
      <ItemPrice>11.90</ItemPrice>
      <UnitOfMeasurePrice>4.76</UnitOfMeasurePrice>
      <AllowDiscount>1</AllowDiscount>
      <itemStatus>1</itemStatus>
      <LastUpdateDate />
      <LastUpdateTime />
    </Product>
    <Product>
      <PriceUpdateDate>2020/02/21 08:34</PriceUpdateDate>
      <ItemCode>13579522</ItemCode>
      <ItemType>0</ItemType>
      <ItemName>פילה טונה ללא עור פרוס 800 גר`</ItemName>
      <ManufactureName>בלדי בע`מ</ManufactureName>
      <ManufactureCountry />
      <ManufactureItemDescription />
      <UnitQty>'יח</UnitQty>
      <Quantity>8</Quantity>
      <UnitMeasure>ל-100 גרם</UnitMeasure>
      <BisWeighted>0</BisWeighted>
      <QtyInPackage>1</QtyInPackage>
      <ItemPrice>45.90</ItemPrice>
      <UnitOfMeasurePrice>5.74</UnitOfMeasurePrice>
      <AllowDiscount>0</AllowDiscount>
      <itemStatus>1</itemStatus>
      <LastUpdateDate />
      <LastUpdateTime />
    </Product>
    <Product>
      <PriceUpdateDate>2021/06/28 14:23</PriceUpdateDate>
      <ItemCode>13579768</ItemCode>
      <ItemType>0</ItemType>
      <ItemName>צלי כתף 5 קפוא מוכשר</ItemName>
      <ManufactureName>בלדי בע`מ</ManufactureName>
      <ManufactureCountry />
      <ManufactureItemDescription />
      <UnitQty>ק"ג</UnitQty>
      <Quantity>1</Quantity>
      <UnitMeasure />
      <BisWeighted>1</BisWeighted>
      <QtyInPackage>1</QtyInPackage>
      <ItemPrice>69.90</ItemPrice>
      <UnitOfMeasurePrice>69.90</UnitOfMeasurePrice>
      <AllowDiscount>1</AllowDiscount>
      <itemStatus>1</itemStatus>
      <LastUpdateDate />
      <LastUpdateTime />
    </Product>
    <Product>
      <PriceUpdateDate>2021/09/01 17:22</PriceUpdateDate>
      <ItemCode>13579966</ItemCode>
      <ItemType>0</ItemType>
      <ItemName>אצבעות אנטריקוט אסאדו קפוא</ItemName>
      <ManufactureName>בלדי בע`מ</ManufactureName>
      <ManufactureCountry />
      <ManufactureItemDescription />
      <UnitQty>'יח</UnitQty>
      <Quantity>10</Quantity>
      <UnitMeasure>ל-100 גרם</UnitMeasure>
      <BisWeighted>1</BisWeighted>
      <QtyInPackage>1</QtyInPackage>
      <ItemPrice>59.90</ItemPrice>
      <UnitOfMeasurePrice>5.99</UnitOfMeasurePrice>
      <AllowDiscount>0</AllowDiscount>
      <itemStatus>1</itemStatus>
      <LastUpdateDate />
      <LastUpdateTime />
    </Product>
    <Product>
      <PriceUpdateDate>2021/04/21 12:53</PriceUpdateDate>
      <ItemCode>13579997</ItemCode>
      <ItemType>0</ItemType>
      <ItemName>סטייק עין ורד הצלע</ItemName>
      <ManufactureName>בלדי בע`מ</ManufactureName>
      <ManufactureCountry />
      <ManufactureItemDescription />
      <UnitQty>ק"ג</UnitQty>
      <Quantity>1</Quantity>
      <UnitMeasure />
      <BisWeighted>1</BisWeighted>
      <QtyInPackage>1</QtyInPackage>
      <ItemPrice>59.90</ItemPrice>
      <UnitOfMeasurePrice>59.90</UnitOfMeasurePrice>
      <AllowDiscount>1</AllowDiscount>
      <itemStatus>1</itemStatus>
      <LastUpdateDate />
      <LastUpdateTime />
    </Product>
    <Product>
      <PriceUpdateDate>2020/11/04 10:59</PriceUpdateDate>
      <ItemCode>13581648</ItemCode>
      <ItemType>0</ItemType>
      <ItemName>מינוט סטייק 250 גר` אל מטאדור</ItemName>
      <ManufactureName>בלדי בע`מ</ManufactureName>
      <ManufactureCountry />
      <ManufactureItemDescription />
      <UnitQty>'יח</UnitQty>
      <Quantity>2.50</Quantity>
      <UnitMeasure>ל-100 גרם</UnitMeasure>
      <BisWeighted>0</BisWeighted>
      <QtyInPackage>1</QtyInPackage>
      <ItemPrice>24.90</ItemPrice>
      <UnitOfMeasurePrice>9.96</UnitOfMeasurePrice>
      <AllowDiscount>1</AllowDiscount>
      <itemStatus>1</itemStatus>
      <LastUpdateDate />
      <LastUpdateTime />
    </Product>
    <Product>
      <PriceUpdateDate>2021/04/21 12:53</PriceUpdateDate>
      <ItemCode>13581921</ItemCode>
      <ItemType>0</ItemType>
      <ItemName>סטייק עין פרוס</ItemName>
      <ManufactureName>בלדי בע`מ</ManufactureName>
      <ManufactureCountry />
      <ManufactureItemDescription />
      <UnitQty>ק"ג</UnitQty>
      <Quantity>1</Quantity>
      <UnitMeasure />
      <BisWeighted>1</BisWeighted>
      <QtyInPackage>1</QtyInPackage>
      <ItemPrice>59.90</ItemPrice>
      <UnitOfMeasurePrice>59.90</UnitOfMeasurePrice>
      <AllowDiscount>1</AllowDiscount>
      <itemStatus>1</itemStatus>
      <LastUpdateDate />
      <LastUpdateTime />
    </Product>
    <Product>
      <PriceUpdateDate>2022/01/03 13:00</PriceUpdateDate>
      <ItemCode>7290013585233</ItemCode>
      <ItemType>1</ItemType>
      <ItemName>ספרייט זירו פחית דקה 330 מל</ItemName>
      <ManufactureName>החברה המרכזית להפצת משקאות בע`</ManufactureName>
      <ManufactureCountry />
      <ManufactureItemDescription />
      <UnitQty>'יח</UnitQty>
      <Quantity>3.30</Quantity>
      <UnitMeasure>ל-100 מ"ל</UnitMeasure>
      <BisWeighted>0</BisWeighted>
      <QtyInPackage>24</QtyInPackage>
      <ItemPrice>4.20</ItemPrice>
      <UnitOfMeasurePrice>1.18</UnitOfMeasurePrice>
      <AllowDiscount>1</AllowDiscount>
      <itemStatus>1</itemStatus>
      <LastUpdateDate />
      <LastUpdateTime />
    </Product>
    <Product>
      <PriceUpdateDate>2022/01/03 13:00</PriceUpdateDate>
      <ItemCode>7290013585387</ItemCode>
      <ItemType>1</ItemType>
      <ItemName>קוקה קולה 1  ל`ZERO פיקדון</ItemName>
      <ManufactureName>החברה המרכזית להפצת משקאות בע`</ManufactureName>
      <ManufactureCountry />
      <ManufactureItemDescription />
      <UnitQty>'יח</UnitQty>
      <Quantity>10</Quantity>
      <UnitMeasure>ל-100 מ"ל</UnitMeasure>
      <BisWeighted>0</BisWeighted>
      <QtyInPackage>12</QtyInPackage>
      <ItemPrice>6.80</ItemPrice>
      <UnitOfMeasurePrice>0.65</UnitOfMeasurePrice>
      <AllowDiscount>1</AllowDiscount>
      <itemStatus>1</itemStatus>
      <LastUpdateDate />
      <LastUpdateTime />
    </Product>
    <Product>
      <PriceUpdateDate>2022/01/03 13:00</PriceUpdateDate>
      <ItemCode>13585394</ItemCode>
      <ItemType>0</ItemType>
      <ItemName>קוקה קולה 1 ל` פיקדון</ItemName>
      <ManufactureName>החברה המרכזית להפצת משקאות בע`</ManufactureName>
      <ManufactureCountry />
      <ManufactureItemDescription />
      <UnitQty>'יח</UnitQty>
      <Quantity>10</Quantity>
      <UnitMeasure>ל-100 מ"ל</UnitMeasure>
      <BisWeighted>0</BisWeighted>
      <QtyInPackage>12</QtyInPackage>
      <ItemPrice>7.20</ItemPrice>
      <UnitOfMeasurePrice>0.69</UnitOfMeasurePrice>
      <AllowDiscount>1</AllowDiscount>
      <itemStatus>1</itemStatus>
      <LastUpdateDate />
      <LastUpdateTime />
    </Product>
    <Product>
      <PriceUpdateDate>2022/01/03 13:00</PriceUpdateDate>
      <ItemCode>7290013608260</ItemCode>
      <ItemType>1</ItemType>
      <ItemName>פרימור סחוט מיץ רימונים 1ל`</ItemName>
      <ManufactureName>שטראוס גרופ בע`מ</ManufactureName>
      <ManufactureCountry />
      <ManufactureItemDescription />
      <UnitQty>'יח</UnitQty>
      <Quantity>10</Quantity>
      <UnitMeasure>ל-100 מ"ל</UnitMeasure>
      <BisWeighted>0</BisWeighted>
      <QtyInPackage>6</QtyInPackage>
      <ItemPrice>22.20</ItemPrice>
      <UnitOfMeasurePrice>2.19</UnitOfMeasurePrice>
      <AllowDiscount>0</AllowDiscount>
      <itemStatus>1</itemStatus>
      <LastUpdateDate />
      <LastUpdateTime />
    </Product>
    <Product>
      <PriceUpdateDate>2020/02/12 13:52</PriceUpdateDate>
      <ItemCode>13675828</ItemCode>
      <ItemType>0</ItemType>
      <ItemName>חגיגה אסייאתית להקפצה</ItemName>
      <ManufactureName>תנובה מרכז שיתופי לשיווק תוצרת</ManufactureName>
      <ManufactureCountry />
      <ManufactureItemDescription />
      <UnitQty>'יח</UnitQty>
      <Quantity>4.50</Quantity>
      <UnitMeasure>ל-100 גרם</UnitMeasure>
      <BisWeighted>0</BisWeighted>
      <QtyInPackage>1</QtyInPackage>
      <ItemPrice>19.90</ItemPrice>
      <UnitOfMeasurePrice>4.42</UnitOfMeasurePrice>
      <AllowDiscount>0</AllowDiscount>
      <itemStatus>1</itemStatus>
      <LastUpdateDate />
      <LastUpdateTime />
    </Product>
    <Product>
      <PriceUpdateDate>2021/07/27 16:29</PriceUpdateDate>
      <ItemCode>7290013724946</ItemCode>
      <ItemType>1</ItemType>
      <ItemName>שקדים בשוקולד מריר 140 גרם</ItemName>
      <ManufactureName>דין שיווק וקליה 2021 בעמ</ManufactureName>
      <ManufactureCountry />
      <ManufactureItemDescription />
      <UnitQty>'יח</UnitQty>
      <Quantity>1.40</Quantity>
      <UnitMeasure>ל-100 גרם</UnitMeasure>
      <BisWeighted>0</BisWeighted>
      <QtyInPackage>1</QtyInPackage>
      <ItemPrice>9.90</ItemPrice>
      <UnitOfMeasurePrice>7.07</UnitOfMeasurePrice>
      <AllowDiscount>0</AllowDiscount>
      <itemStatus>1</itemStatus>
      <LastUpdateDate />
      <LastUpdateTime />
    </Product>
    <Product>
      <PriceUpdateDate>2021/07/27 16:29</PriceUpdateDate>
      <ItemCode>7290013724984</ItemCode>
      <ItemType>1</ItemType>
      <ItemName>בוטנים בשוקולד מריר 160גר</ItemName>
      <ManufactureName>דין שיווק וקליה 2021 בעמ</ManufactureName>
      <ManufactureCountry />
      <ManufactureItemDescription />
      <UnitQty>'יח</UnitQty>
      <Quantity>1.60</Quantity>
      <UnitMeasure>ל-100 גרם</UnitMeasure>
      <BisWeighted>0</BisWeighted>
      <QtyInPackage>1</QtyInPackage>
      <ItemPrice>9.90</ItemPrice>
      <UnitOfMeasurePrice>6.19</UnitOfMeasurePrice>
      <AllowDiscount>0</AllowDiscount>
      <itemStatus>1</itemStatus>
      <LastUpdateDate />
      <LastUpdateTime />
    </Product>
    <Product>
      <PriceUpdateDate>2021/07/27 16:29</PriceUpdateDate>
      <ItemCode>7290013724991</ItemCode>
      <ItemType>1</ItemType>
      <ItemName>אגוזי לוז בשוקולד חלב 140 גרם</ItemName>
      <ManufactureName>דין שיווק וקליה 2021 בעמ</ManufactureName>
      <ManufactureCountry />
      <ManufactureItemDescription />
      <UnitQty>'יח</UnitQty>
      <Quantity>1.40</Quantity>
      <UnitMeasure>ל-100 גרם</UnitMeasure>
      <BisWeighted>0</BisWeighted>
      <QtyInPackage>1</QtyInPackage>
      <ItemPrice>9.90</ItemPrice>
      <UnitOfMeasurePrice>7.07</UnitOfMeasurePrice>
      <AllowDiscount>0</AllowDiscount>
      <itemStatus>1</itemStatus>
      <LastUpdateDate />
      <LastUpdateTime />
    </Product>
    <Product>
      <PriceUpdateDate>2021/07/27 16:29</PriceUpdateDate>
      <ItemCode>7290013725820</ItemCode>
      <ItemType>1</ItemType>
      <ItemName>אגוזי לוז בשוקולד מריר 140 גרם</ItemName>
      <ManufactureName>דין שיווק וקליה 2021 בעמ</ManufactureName>
      <ManufactureCountry />
      <ManufactureItemDescription />
      <UnitQty>'יח</UnitQty>
      <Quantity>1.40</Quantity>
      <UnitMeasure>ל-100 גרם</UnitMeasure>
      <BisWeighted>0</BisWeighted>
      <QtyInPackage>1</QtyInPackage>
      <ItemPrice>9.90</ItemPrice>
      <UnitOfMeasurePrice>7.07</UnitOfMeasurePrice>
      <AllowDiscount>0</AllowDiscount>
      <itemStatus>1</itemStatus>
      <LastUpdateDate />
      <LastUpdateTime />
    </Product>
    <Product>
      <PriceUpdateDate>2020/11/08 10:02</PriceUpdateDate>
      <ItemCode>13847454</ItemCode>
      <ItemType>0</ItemType>
      <ItemName>טונה סטארקיסט בשמן קנולה  4*160 גרם</ItemName>
      <ManufactureName>דיפלומט מפיצים (1968) בע`מ</ManufactureName>
      <ManufactureCountry />
      <ManufactureItemDescription />
      <UnitQty>'יח</UnitQty>
      <Quantity>6.40</Quantity>
      <UnitMeasure>ל-100 גרם</UnitMeasure>
      <BisWeighted>0</BisWeighted>
      <QtyInPackage>12</QtyInPackage>
      <ItemPrice>24.90</ItemPrice>
      <UnitOfMeasurePrice>3.89</UnitOfMeasurePrice>
      <AllowDiscount>1</AllowDiscount>
      <itemStatus>1</itemStatus>
      <LastUpdateDate />
      <LastUpdateTime />
    </Product>
    <Product>
      <PriceUpdateDate>2019/01/16 14:43</PriceUpdateDate>
      <ItemCode>13848611</ItemCode>
      <ItemType>0</ItemType>
      <ItemName>רדידי אלומיניום 61 מטר</ItemName>
      <ManufactureName>החב. הדרומית לשיווק</ManufactureName>
      <ManufactureCountry />
      <ManufactureItemDescription />
      <UnitQty>'יח</UnitQty>
      <Quantity>1</Quantity>
      <UnitMeasure />
      <BisWeighted>0</BisWeighted>
      <QtyInPackage>12</QtyInPackage>
      <ItemPrice>39.90</ItemPrice>
      <UnitOfMeasurePrice>39.90</UnitOfMeasurePrice>
      <AllowDiscount>0</AllowDiscount>
      <itemStatus>1</itemStatus>
      <LastUpdateDate />
      <LastUpdateTime />
    </Product>
    <Product>
      <PriceUpdateDate>2022/01/17 20:43</PriceUpdateDate>
      <ItemCode>13848758</ItemCode>
      <ItemType>0</ItemType>
      <ItemName>ג`ל כביסה בייבי 3 ליטר</ItemName>
      <ManufactureName>החב. הדרומית לשיווק</ManufactureName>
      <ManufactureCountry />
      <ManufactureItemDescription />
      <UnitQty>'יח</UnitQty>
      <Quantity>3</Quantity>
      <UnitMeasure>ל-100 מ"ל</UnitMeasure>
      <BisWeighted>0</BisWeighted>
      <QtyInPackage>6</QtyInPackage>
      <ItemPrice>32.90</ItemPrice>
      <UnitOfMeasurePrice>10.97</UnitOfMeasurePrice>
      <AllowDiscount>0</AllowDiscount>
      <itemStatus>1</itemStatus>
      <LastUpdateDate />
      <LastUpdateTime />
    </Product>
    <Product>
      <PriceUpdateDate>2021/07/27 16:29</PriceUpdateDate>
      <ItemCode>7290013861054</ItemCode>
      <ItemType>1</ItemType>
      <ItemName>צימוקים בשוקולד חלב 140גר</ItemName>
      <ManufactureName>דין שיווק וקליה 2021 בעמ</ManufactureName>
      <ManufactureCountry />
      <ManufactureItemDescription />
      <UnitQty>'יח</UnitQty>
      <Quantity>1.40</Quantity>
      <UnitMeasure>ל-100 גרם</UnitMeasure>
      <BisWeighted>0</BisWeighted>
      <QtyInPackage>1</QtyInPackage>
      <ItemPrice>9.90</ItemPrice>
      <UnitOfMeasurePrice>7.07</UnitOfMeasurePrice>
      <AllowDiscount>0</AllowDiscount>
      <itemStatus>1</itemStatus>
      <LastUpdateDate />
      <LastUpdateTime />
    </Product>
    <Product>
      <PriceUpdateDate>2021/07/27 16:29</PriceUpdateDate>
      <ItemCode>7290013861061</ItemCode>
      <ItemType>1</ItemType>
      <ItemName>בוטנים בשוקולד חלב 160גר</ItemName>
      <ManufactureName>דין שיווק וקליה 2021 בעמ</ManufactureName>
      <ManufactureCountry />
      <ManufactureItemDescription />
      <UnitQty>'יח</UnitQty>
      <Quantity>1.60</Quantity>
      <UnitMeasure>ל-100 גרם</UnitMeasure>
      <BisWeighted>0</BisWeighted>
      <QtyInPackage>1</QtyInPackage>
      <ItemPrice>9.90</ItemPrice>
      <UnitOfMeasurePrice>6.19</UnitOfMeasurePrice>
      <AllowDiscount>0</AllowDiscount>
      <itemStatus>1</itemStatus>
      <LastUpdateDate />
      <LastUpdateTime />
    </Product>
    <Product>
      <PriceUpdateDate>2021/07/20 15:23</PriceUpdateDate>
      <ItemCode>7290013883407</ItemCode>
      <ItemType>1</ItemType>
      <ItemName>דזיטול מרסס</ItemName>
      <ManufactureName>יעקב יעקבי ובניו בע`מ</ManufactureName>
      <ManufactureCountry />
      <ManufactureItemDescription />
      <UnitQty>'יח</UnitQty>
      <Quantity>5</Quantity>
      <UnitMeasure>ל-100 מ"ל</UnitMeasure>
      <BisWeighted>0</BisWeighted>
      <QtyInPackage>1</QtyInPackage>
      <ItemPrice>14.90</ItemPrice>
      <UnitOfMeasurePrice>2.98</UnitOfMeasurePrice>
      <AllowDiscount>0</AllowDiscount>
      <itemStatus>1</itemStatus>
      <LastUpdateDate />
      <LastUpdateTime />
    </Product>
    <Product>
      <PriceUpdateDate>2019/07/03 08:47</PriceUpdateDate>
      <ItemCode>7290013906052</ItemCode>
      <ItemType>1</ItemType>
      <ItemName>נקניקיות פרגיות 300 גרם</ItemName>
      <ManufactureName>תנובה מרכז שיתופי לשיווק תוצרת</ManufactureName>
      <ManufactureCountry />
      <ManufactureItemDescription />
      <UnitQty>'יח</UnitQty>
      <Quantity>3</Quantity>
      <UnitMeasure>ל-100 גרם</UnitMeasure>
      <BisWeighted>0</BisWeighted>
      <QtyInPackage>1</QtyInPackage>
      <ItemPrice>13.90</ItemPrice>
      <UnitOfMeasurePrice>4.63</UnitOfMeasurePrice>
      <AllowDiscount>0</AllowDiscount>
      <itemStatus>1</itemStatus>
      <LastUpdateDate />
      <LastUpdateTime />
    </Product>
    <Product>
      <PriceUpdateDate>2020/05/12 18:50</PriceUpdateDate>
      <ItemCode>7290013906205</ItemCode>
      <ItemType>1</ItemType>
      <ItemName>פסטרמה שום וצ`ילי 400 גרם</ItemName>
      <ManufactureName>תנובה מרכז שיתופי לשיווק תוצרת</ManufactureName>
      <ManufactureCountry />
      <ManufactureItemDescription />
      <UnitQty>'יח</UnitQty>
      <Quantity>4</Quantity>
      <UnitMeasure>ל-100 גרם</UnitMeasure>
      <BisWeighted>0</BisWeighted>
      <QtyInPackage>1</QtyInPackage>
      <ItemPrice>26.90</ItemPrice>
      <UnitOfMeasurePrice>6.73</UnitOfMeasurePrice>
      <AllowDiscount>1</AllowDiscount>
      <itemStatus>1</itemStatus>
      <LastUpdateDate />
      <LastUpdateTime />
    </Product>
    <Product>
      <PriceUpdateDate>2022/07/18 16:26</PriceUpdateDate>
      <ItemCode>7290013906212</ItemCode>
      <ItemType>1</ItemType>
      <ItemName>נקניקיות וינר 1קג`</ItemName>
      <ManufactureName>תנובה מרכז שיתופי לשיווק תוצרת</ManufactureName>
      <ManufactureCountry />
      <ManufactureItemDescription />
      <UnitQty>'יח</UnitQty>
      <Quantity>10</Quantity>
      <UnitMeasure>ל-100 גרם</UnitMeasure>
      <BisWeighted>0</BisWeighted>
      <QtyInPackage>1</QtyInPackage>
      <ItemPrice>29.90</ItemPrice>
      <UnitOfMeasurePrice>2.99</UnitOfMeasurePrice>
      <AllowDiscount>1</AllowDiscount>
      <itemStatus>1</itemStatus>
      <LastUpdateDate />
      <LastUpdateTime />
    </Product>
    <Product>
      <PriceUpdateDate>2019/01/16 14:43</PriceUpdateDate>
      <ItemCode>7290013906441</ItemCode>
      <ItemType>1</ItemType>
      <ItemName>קבנוס 120 גרם</ItemName>
      <ManufactureName>תנובה מרכז שיתופי לשיווק תוצרת</ManufactureName>
      <ManufactureCountry />
      <ManufactureItemDescription />
      <UnitQty>'יח</UnitQty>
      <Quantity>1.20</Quantity>
      <UnitMeasure>ל-100 גרם</UnitMeasure>
      <BisWeighted>0</BisWeighted>
      <QtyInPackage>1</QtyInPackage>
      <ItemPrice>11.70</ItemPrice>
      <UnitOfMeasurePrice>9.75</UnitOfMeasurePrice>
      <AllowDiscount>1</AllowDiscount>
      <itemStatus>1</itemStatus>
      <LastUpdateDate />
      <LastUpdateTime />
    </Product>
    <Product>
      <PriceUpdateDate>2020/10/29 12:22</PriceUpdateDate>
      <ItemCode>13906601</ItemCode>
      <ItemType>0</ItemType>
      <ItemName>צמד מהדרין ברביקיו ודבש 600 גר`</ItemName>
      <ManufactureName>תנובה מרכז שיתופי לשיווק תוצרת</ManufactureName>
      <ManufactureCountry />
      <ManufactureItemDescription />
      <UnitQty>'יח</UnitQty>
      <Quantity>6</Quantity>
      <UnitMeasure>ל-100 גרם</UnitMeasure>
      <BisWeighted>0</BisWeighted>
      <QtyInPackage>1</QtyInPackage>
      <ItemPrice>29.90</ItemPrice>
      <UnitOfMeasurePrice>4.98</UnitOfMeasurePrice>
      <AllowDiscount>0</AllowDiscount>
      <itemStatus>1</itemStatus>
      <LastUpdateDate />
      <LastUpdateTime />
    </Product>
    <Product>
      <PriceUpdateDate>2020/05/12 18:50</PriceUpdateDate>
      <ItemCode>7290013906687</ItemCode>
      <ItemType>1</ItemType>
      <ItemName>צמד כפרית ברבקיו ודבש 2*300 גרם</ItemName>
      <ManufactureName>תנובה מרכז שיתופי לשיווק תוצרת</ManufactureName>
      <ManufactureCountry />
      <ManufactureItemDescription />
      <UnitQty>'יח</UnitQty>
      <Quantity>6</Quantity>
      <UnitMeasure>ל-100 גרם</UnitMeasure>
      <BisWeighted>0</BisWeighted>
      <QtyInPackage>1</QtyInPackage>
      <ItemPrice>26.90</ItemPrice>
      <UnitOfMeasurePrice>4.48</UnitOfMeasurePrice>
      <AllowDiscount>1</AllowDiscount>
      <itemStatus>1</itemStatus>
      <LastUpdateDate />
      <LastUpdateTime />
    </Product>
    <Product>
      <PriceUpdateDate>2022/07/01 13:42</PriceUpdateDate>
      <ItemCode>7290013927002</ItemCode>
      <ItemType>1</ItemType>
      <ItemName>דקליות שוקו במגש 400 גרם</ItemName>
      <ManufactureName>אחדות ביתחרושת לטחינה חלבה</ManufactureName>
      <ManufactureCountry />
      <ManufactureItemDescription />
      <UnitQty>'יח</UnitQty>
      <Quantity>4</Quantity>
      <UnitMeasure>ל-100 גרם</UnitMeasure>
      <BisWeighted>0</BisWeighted>
      <QtyInPackage>1</QtyInPackage>
      <ItemPrice>9.90</ItemPrice>
      <UnitOfMeasurePrice>2.48</UnitOfMeasurePrice>
      <AllowDiscount>1</AllowDiscount>
      <itemStatus>1</itemStatus>
      <LastUpdateDate />
      <LastUpdateTime />
    </Product>
    <Product>
      <PriceUpdateDate>2022/07/01 13:42</PriceUpdateDate>
      <ItemCode>7290013927019</ItemCode>
      <ItemType>1</ItemType>
      <ItemName>דקליות קינמון במגש 400 גר`</ItemName>
      <ManufactureName>אחדות ביתחרושת לטחינה חלבה</ManufactureName>
      <ManufactureCountry />
      <ManufactureItemDescription />
      <UnitQty>'יח</UnitQty>
      <Quantity>4</Quantity>
      <UnitMeasure>ל-100 גרם</UnitMeasure>
      <BisWeighted>0</BisWeighted>
      <QtyInPackage>1</QtyInPackage>
      <ItemPrice>9.90</ItemPrice>
      <UnitOfMeasurePrice>2.48</UnitOfMeasurePrice>
      <AllowDiscount>1</AllowDiscount>
      <itemStatus>1</itemStatus>
      <LastUpdateDate />
      <LastUpdateTime />
    </Product>
    <Product>
      <PriceUpdateDate>2022/07/01 13:42</PriceUpdateDate>
      <ItemCode>13927040</ItemCode>
      <ItemType>0</ItemType>
      <ItemName>ממולאות בטעם שוקולד 600 גרם</ItemName>
      <ManufactureName>אחדות ביתחרושת לטחינה חלבה</ManufactureName>
      <ManufactureCountry />
      <ManufactureItemDescription />
      <UnitQty>'יח</UnitQty>
      <Quantity>6</Quantity>
      <UnitMeasure>ל-100 גרם</UnitMeasure>
      <BisWeighted>0</BisWeighted>
      <QtyInPackage>1</QtyInPackage>
      <ItemPrice>9.90</ItemPrice>
      <UnitOfMeasurePrice>1.65</UnitOfMeasurePrice>
      <AllowDiscount>1</AllowDiscount>
      <itemStatus>1</itemStatus>
      <LastUpdateDate />
      <LastUpdateTime />
    </Product>
    <Product>
      <PriceUpdateDate>2022/07/01 13:42</PriceUpdateDate>
      <ItemCode>7290013927064</ItemCode>
      <ItemType>1</ItemType>
      <ItemName>עוגיות גרנולה עם פירות יער במגש 400 גר</ItemName>
      <ManufactureName>אחדות ביתחרושת לטחינה חלבה</ManufactureName>
      <ManufactureCountry />
      <ManufactureItemDescription />
      <UnitQty>'יח</UnitQty>
      <Quantity>4</Quantity>
      <UnitMeasure>ל-100 גרם</UnitMeasure>
      <BisWeighted>0</BisWeighted>
      <QtyInPackage>1</QtyInPackage>
      <ItemPrice>9.90</ItemPrice>
      <UnitOfMeasurePrice>2.48</UnitOfMeasurePrice>
      <AllowDiscount>1</AllowDiscount>
      <itemStatus>1</itemStatus>
      <LastUpdateDate />
      <LastUpdateTime />
    </Product>
    <Product>
      <PriceUpdateDate>2022/01/03 13:00</PriceUpdateDate>
      <ItemCode>13927583</ItemCode>
      <ItemType>0</ItemType>
      <ItemName>רוגעלך בטעם וניל שוקוציפס  400 גר`</ItemName>
      <ManufactureName>אחדות ביתחרושת לטחינה חלבה</ManufactureName>
      <ManufactureCountry />
      <ManufactureItemDescription />
      <UnitQty>'יח</UnitQty>
      <Quantity>4</Quantity>
      <UnitMeasure>ל-100 גרם</UnitMeasure>
      <BisWeighted>0</BisWeighted>
      <QtyInPackage>1</QtyInPackage>
      <ItemPrice>9.90</ItemPrice>
      <UnitOfMeasurePrice>2.48</UnitOfMeasurePrice>
      <AllowDiscount>1</AllowDiscount>
      <itemStatus>1</itemStatus>
      <LastUpdateDate />
      <LastUpdateTime />
    </Product>
    <Product>
      <PriceUpdateDate>2022/07/01 13:42</PriceUpdateDate>
      <ItemCode>13927613</ItemCode>
      <ItemType>0</ItemType>
      <ItemName>רוגעלך בטעם שוקו וניל  400 גר`</ItemName>
      <ManufactureName>אחדות ביתחרושת לטחינה חלבה</ManufactureName>
      <ManufactureCountry />
      <ManufactureItemDescription />
      <UnitQty>'יח</UnitQty>
      <Quantity>4</Quantity>
      <UnitMeasure>ל-100 גרם</UnitMeasure>
      <BisWeighted>0</BisWeighted>
      <QtyInPackage>1</QtyInPackage>
      <ItemPrice>9.90</ItemPrice>
      <UnitOfMeasurePrice>2.48</UnitOfMeasurePrice>
      <AllowDiscount>1</AllowDiscount>
      <itemStatus>1</itemStatus>
      <LastUpdateDate />
      <LastUpdateTime />
    </Product>
    <Product>
      <PriceUpdateDate>2022/01/03 13:00</PriceUpdateDate>
      <ItemCode>13927637</ItemCode>
      <ItemType>0</ItemType>
      <ItemName>חלבה ללא תוספת סוכר בד"צ 400 גר`</ItemName>
      <ManufactureName>אחדות ביתחרושת לטחינה חלבה</ManufactureName>
      <ManufactureCountry />
      <ManufactureItemDescription />
      <UnitQty>'יח</UnitQty>
      <Quantity>4</Quantity>
      <UnitMeasure>ל-100 גרם</UnitMeasure>
      <BisWeighted>0</BisWeighted>
      <QtyInPackage>1</QtyInPackage>
      <ItemPrice>12.90</ItemPrice>
      <UnitOfMeasurePrice>3.23</UnitOfMeasurePrice>
      <AllowDiscount>0</AllowDiscount>
      <itemStatus>1</itemStatus>
      <LastUpdateDate />
      <LastUpdateTime />
    </Product>
    <Product>
      <PriceUpdateDate>2022/07/01 13:42</PriceUpdateDate>
      <ItemCode>13927644</ItemCode>
      <ItemType>0</ItemType>
      <ItemName>עוגיות כתר בטעם תות 400 גר`</ItemName>
      <ManufactureName>אחדות ביתחרושת לטחינה חלבה</ManufactureName>
      <ManufactureCountry />
      <ManufactureItemDescription />
      <UnitQty>'יח</UnitQty>
      <Quantity>4</Quantity>
      <UnitMeasure>ל-100 גרם</UnitMeasure>
      <BisWeighted>0</BisWeighted>
      <QtyInPackage>1</QtyInPackage>
      <ItemPrice>9.90</ItemPrice>
      <UnitOfMeasurePrice>2.48</UnitOfMeasurePrice>
      <AllowDiscount>1</AllowDiscount>
      <itemStatus>1</itemStatus>
      <LastUpdateDate />
      <LastUpdateTime />
    </Product>
    <Product>
      <PriceUpdateDate>2022/07/24 15:21</PriceUpdateDate>
      <ItemCode>13927996</ItemCode>
      <ItemType>0</ItemType>
      <ItemName>עוגת שמרים קרנץ` בטעם שוקולד  400 גרם</ItemName>
      <ManufactureName>אחדות ביתחרושת לטחינה חלבה</ManufactureName>
      <ManufactureCountry />
      <ManufactureItemDescription />
      <UnitQty>'יח</UnitQty>
      <Quantity>4</Quantity>
      <UnitMeasure>ל-100 גרם</UnitMeasure>
      <BisWeighted>0</BisWeighted>
      <QtyInPackage>1</QtyInPackage>
      <ItemPrice>11.90</ItemPrice>
      <UnitOfMeasurePrice>2.98</UnitOfMeasurePrice>
      <AllowDiscount>0</AllowDiscount>
      <itemStatus>1</itemStatus>
      <LastUpdateDate />
      <LastUpdateTime />
    </Product>
    <Product>
      <PriceUpdateDate>2022/03/18 06:40</PriceUpdateDate>
      <ItemCode>7290014002203</ItemCode>
      <ItemType>1</ItemType>
      <ItemName>תה הגן הקסום לימונית ולואיזה 25 יח `</ItemName>
      <ManufactureName>תה ויסוצקי בע`מ</ManufactureName>
      <ManufactureCountry />
      <ManufactureItemDescription />
      <UnitQty>'יח</UnitQty>
      <Quantity>0.75</Quantity>
      <UnitMeasure>ל-100 גרם</UnitMeasure>
      <BisWeighted>0</BisWeighted>
      <QtyInPackage>1</QtyInPackage>
      <ItemPrice>19.90</ItemPrice>
      <UnitOfMeasurePrice>26.53</UnitOfMeasurePrice>
      <AllowDiscount>1</AllowDiscount>
      <itemStatus>1</itemStatus>
      <LastUpdateDate />
      <LastUpdateTime />
    </Product>
    <Product>
      <PriceUpdateDate>2022/03/18 06:40</PriceUpdateDate>
      <ItemCode>7290014002944</ItemCode>
      <ItemType>1</ItemType>
      <ItemName>תה הגן הקסום חליטת פירות וצמחים חמדת ש</ItemName>
      <ManufactureName>תה ויסוצקי בע`מ</ManufactureName>
      <ManufactureCountry />
      <ManufactureItemDescription />
      <UnitQty>'יח</UnitQty>
      <Quantity>0.50</Quantity>
      <UnitMeasure>ל-100 גרם</UnitMeasure>
      <BisWeighted>0</BisWeighted>
      <QtyInPackage>1</QtyInPackage>
      <ItemPrice>19.90</ItemPrice>
      <UnitOfMeasurePrice>39.80</UnitOfMeasurePrice>
      <AllowDiscount>1</AllowDiscount>
      <itemStatus>1</itemStatus>
      <LastUpdateDate />
      <LastUpdateTime />
    </Product>
    <Product>
      <PriceUpdateDate>2019/01/16 14:43</PriceUpdateDate>
      <ItemCode>7290014046016</ItemCode>
      <ItemType>1</ItemType>
      <ItemName>פסטרמה של פעם 100% טבעית 250גר</ItemName>
      <ManufactureName>מעדני יחיעם ( 1993 ) בע`מ</ManufactureName>
      <ManufactureCountry />
      <ManufactureItemDescription />
      <UnitQty>'יח</UnitQty>
      <Quantity>2.50</Quantity>
      <UnitMeasure>ל-100 גרם</UnitMeasure>
      <BisWeighted>0</BisWeighted>
      <QtyInPackage>1</QtyInPackage>
      <ItemPrice>29.90</ItemPrice>
      <UnitOfMeasurePrice>11.96</UnitOfMeasurePrice>
      <AllowDiscount>1</AllowDiscount>
      <itemStatus>1</itemStatus>
      <LastUpdateDate />
      <LastUpdateTime />
    </Product>
    <Product>
      <PriceUpdateDate>2022/03/09 17:31</PriceUpdateDate>
      <ItemCode>7290014046047</ItemCode>
      <ItemType>1</ItemType>
      <ItemName>פסטרמת מעודנת ברביקיו 2יח*300גר</ItemName>
      <ManufactureName>מעדני יחיעם ( 1993 ) בע`מ</ManufactureName>
      <ManufactureCountry />
      <ManufactureItemDescription />
      <UnitQty>'יח</UnitQty>
      <Quantity>65</Quantity>
      <UnitMeasure>ל-100 גרם</UnitMeasure>
      <BisWeighted>0</BisWeighted>
      <QtyInPackage>1</QtyInPackage>
      <ItemPrice>25.90</ItemPrice>
      <UnitOfMeasurePrice>0.40</UnitOfMeasurePrice>
      <AllowDiscount>1</AllowDiscount>
      <itemStatus>1</itemStatus>
      <LastUpdateDate />
      <LastUpdateTime />
    </Product>
    <Product>
      <PriceUpdateDate>2022/03/09 17:31</PriceUpdateDate>
      <ItemCode>7290014046474</ItemCode>
      <ItemType>1</ItemType>
      <ItemName>נקניקיות עוף טריות 1.5 ק`ג</ItemName>
      <ManufactureName>מעדני יחיעם ( 1993 ) בע`מ</ManufactureName>
      <ManufactureCountry />
      <ManufactureItemDescription />
      <UnitQty>'יח</UnitQty>
      <Quantity>15</Quantity>
      <UnitMeasure>ל-100 גרם</UnitMeasure>
      <BisWeighted>0</BisWeighted>
      <QtyInPackage>1</QtyInPackage>
      <ItemPrice>26.90</ItemPrice>
      <UnitOfMeasurePrice>1.79</UnitOfMeasurePrice>
      <AllowDiscount>0</AllowDiscount>
      <itemStatus>1</itemStatus>
      <LastUpdateDate />
      <LastUpdateTime />
    </Product>
    <Product>
      <PriceUpdateDate>2022/03/24 12:28</PriceUpdateDate>
      <ItemCode>14046757</ItemCode>
      <ItemType>0</ItemType>
      <ItemName>סלמי  תה`שרולה` 300 גרם</ItemName>
      <ManufactureName>מעדני יחיעם ( 1993 ) בע`מ</ManufactureName>
      <ManufactureCountry />
      <ManufactureItemDescription />
      <UnitQty>'יח</UnitQty>
      <Quantity>3</Quantity>
      <UnitMeasure>ל-100 גרם</UnitMeasure>
      <BisWeighted>0</BisWeighted>
      <QtyInPackage>1</QtyInPackage>
      <ItemPrice>26.90</ItemPrice>
      <UnitOfMeasurePrice>8.97</UnitOfMeasurePrice>
      <AllowDiscount>1</AllowDiscount>
      <itemStatus>1</itemStatus>
      <LastUpdateDate />
      <LastUpdateTime />
    </Product>
    <Product>
      <PriceUpdateDate>2022/10/23 19:20</PriceUpdateDate>
      <ItemCode>14059436</ItemCode>
      <ItemType>0</ItemType>
      <ItemName>סנסודיין לשיקום והגנה 75 מ`ל מלבינה</ItemName>
      <ManufactureName>גורי ע.ע.ע. בע`מ</ManufactureName>
      <ManufactureCountry />
      <ManufactureItemDescription />
      <UnitQty>'יח</UnitQty>
      <Quantity>0.75</Quantity>
      <UnitMeasure>ל-100 מ"ל</UnitMeasure>
      <BisWeighted>0</BisWeighted>
      <QtyInPackage>1</QtyInPackage>
      <ItemPrice>25.90</ItemPrice>
      <UnitOfMeasurePrice>34.53</UnitOfMeasurePrice>
      <AllowDiscount>1</AllowDiscount>
      <itemStatus>1</itemStatus>
      <LastUpdateDate />
      <LastUpdateTime />
    </Product>
    <Product>
      <PriceUpdateDate>2019/01/16 14:43</PriceUpdateDate>
      <ItemCode>14079014</ItemCode>
      <ItemType>0</ItemType>
      <ItemName>לבבות קיסר נספק</ItemName>
      <ManufactureName>ביכורי השדה הצפון בעמ` 1964</ManufactureName>
      <ManufactureCountry />
      <ManufactureItemDescription />
      <UnitQty>'יח</UnitQty>
      <Quantity>1</Quantity>
      <UnitMeasure />
      <BisWeighted>0</BisWeighted>
      <QtyInPackage>1</QtyInPackage>
      <ItemPrice>9.90</ItemPrice>
      <UnitOfMeasurePrice>9.90</UnitOfMeasurePrice>
      <AllowDiscount>0</AllowDiscount>
      <itemStatus>1</itemStatus>
      <LastUpdateDate />
      <LastUpdateTime />
    </Product>
    <Product>
      <PriceUpdateDate>2021/03/30 06:35</PriceUpdateDate>
      <ItemCode>7290014079236</ItemCode>
      <ItemType>1</ItemType>
      <ItemName>פטריות פורטובלה מיני</ItemName>
      <ManufactureName>ביכורי השדה הצפון בעמ` 1964</ManufactureName>
      <ManufactureCountry />
      <ManufactureItemDescription />
      <UnitQty>'יח</UnitQty>
      <Quantity>1</Quantity>
      <UnitMeasure />
      <BisWeighted>0</BisWeighted>
      <QtyInPackage>1</QtyInPackage>
      <ItemPrice>8.90</ItemPrice>
      <UnitOfMeasurePrice>8.90</UnitOfMeasurePrice>
      <AllowDiscount>0</AllowDiscount>
      <itemStatus>1</itemStatus>
      <LastUpdateDate />
      <LastUpdateTime />
    </Product>
    <Product>
      <PriceUpdateDate>2022/06/22 09:22</PriceUpdateDate>
      <ItemCode>14083479</ItemCode>
      <ItemType>0</ItemType>
      <ItemName>גבינה גאודה פרוסות 150 גרם</ItemName>
      <ManufactureName>ג. וילי-פוד אינטרנשיונל בע`מ</ManufactureName>
      <ManufactureCountry />
      <ManufactureItemDescription />
      <UnitQty>'יח</UnitQty>
      <Quantity>1.50</Quantity>
      <UnitMeasure>ל-100 גרם</UnitMeasure>
      <BisWeighted>0</BisWeighted>
      <QtyInPackage>1</QtyInPackage>
      <ItemPrice>11.90</ItemPrice>
      <UnitOfMeasurePrice>7.93</UnitOfMeasurePrice>
      <AllowDiscount>1</AllowDiscount>
      <itemStatus>1</itemStatus>
      <LastUpdateDate />
      <LastUpdateTime />
    </Product>
    <Product>
      <PriceUpdateDate>2022/03/08 10:13</PriceUpdateDate>
      <ItemCode>7290014083806</ItemCode>
      <ItemType>1</ItemType>
      <ItemName>עוגיות חמאה בקופסא 350 גרם</ItemName>
      <ManufactureName>ג. וילי-פוד אינטרנשיונל בע`מ</ManufactureName>
      <ManufactureCountry />
      <ManufactureItemDescription />
      <UnitQty>'יח</UnitQty>
      <Quantity>3.50</Quantity>
      <UnitMeasure>ל-100 גרם</UnitMeasure>
      <BisWeighted>0</BisWeighted>
      <QtyInPackage>12</QtyInPackage>
      <ItemPrice>10.90</ItemPrice>
      <UnitOfMeasurePrice>3.11</UnitOfMeasurePrice>
      <AllowDiscount>0</AllowDiscount>
      <itemStatus>1</itemStatus>
      <LastUpdateDate />
      <LastUpdateTime />
    </Product>
    <Product>
      <PriceUpdateDate>2021/09/02 15:06</PriceUpdateDate>
      <ItemCode>7290014083813</ItemCode>
      <ItemType>1</ItemType>
      <ItemName>שפרוטים מעושנים בשמן 190גר</ItemName>
      <ManufactureName>ג. וילי-פוד אינטרנשיונל בע`מ</ManufactureName>
      <ManufactureCountry />
      <ManufactureItemDescription />
      <UnitQty>'יח</UnitQty>
      <Quantity>1.90</Quantity>
      <UnitMeasure>ל-100 גרם</UnitMeasure>
      <BisWeighted>0</BisWeighted>
      <QtyInPackage>36</QtyInPackage>
      <ItemPrice>7.90</ItemPrice>
      <UnitOfMeasurePrice>4.16</UnitOfMeasurePrice>
      <AllowDiscount>0</AllowDiscount>
      <itemStatus>1</itemStatus>
      <LastUpdateDate />
      <LastUpdateTime />
    </Product>
    <Product>
      <PriceUpdateDate>2021/07/27 16:29</PriceUpdateDate>
      <ItemCode>14094369</ItemCode>
      <ItemType>0</ItemType>
      <ItemName>שקד טבעי 200 גרם בקופסא</ItemName>
      <ManufactureName>דין שיווק וקליה 2021 בעמ</ManufactureName>
      <ManufactureCountry />
      <ManufactureItemDescription />
      <UnitQty>'יח</UnitQty>
      <Quantity>2</Quantity>
      <UnitMeasure>ל-100 גרם</UnitMeasure>
      <BisWeighted>0</BisWeighted>
      <QtyInPackage>1</QtyInPackage>
      <ItemPrice>19.90</ItemPrice>
      <UnitOfMeasurePrice>9.95</UnitOfMeasurePrice>
      <AllowDiscount>0</AllowDiscount>
      <itemStatus>1</itemStatus>
      <LastUpdateDate />
      <LastUpdateTime />
    </Product>
    <Product>
      <PriceUpdateDate>2021/07/27 16:29</PriceUpdateDate>
      <ItemCode>14094406</ItemCode>
      <ItemType>0</ItemType>
      <ItemName>צימוק לבן 250 גרם בקופסא</ItemName>
      <ManufactureName>דין שיווק וקליה 2021 בעמ</ManufactureName>
      <ManufactureCountry />
      <ManufactureItemDescription />
      <UnitQty>'יח</UnitQty>
      <Quantity>2.50</Quantity>
      <UnitMeasure>ל-100 גרם</UnitMeasure>
      <BisWeighted>0</BisWeighted>
      <QtyInPackage>1</QtyInPackage>
      <ItemPrice>13.90</ItemPrice>
      <UnitOfMeasurePrice>5.56</UnitOfMeasurePrice>
      <AllowDiscount>0</AllowDiscount>
      <itemStatus>1</itemStatus>
      <LastUpdateDate />
      <LastUpdateTime />
    </Product>
    <Product>
      <PriceUpdateDate>2021/07/27 06:38</PriceUpdateDate>
      <ItemCode>7290014095861</ItemCode>
      <ItemType>1</ItemType>
      <ItemName>שיבולת שועל דקה 500גר קוואקר</ItemName>
      <ManufactureName>דין שיווק וקליה 2021 בעמ</ManufactureName>
      <ManufactureCountry />
      <ManufactureItemDescription />
      <UnitQty>'יח</UnitQty>
      <Quantity>5</Quantity>
      <UnitMeasure>ל-100 גרם</UnitMeasure>
      <BisWeighted>0</BisWeighted>
      <QtyInPackage>1</QtyInPackage>
      <ItemPrice>5.90</ItemPrice>
      <UnitOfMeasurePrice>1.18</UnitOfMeasurePrice>
      <AllowDiscount>0</AllowDiscount>
      <itemStatus>1</itemStatus>
      <LastUpdateDate />
      <LastUpdateTime />
    </Product>
    <Product>
      <PriceUpdateDate>2021/07/27 06:38</PriceUpdateDate>
      <ItemCode>7290014095960</ItemCode>
      <ItemType>1</ItemType>
      <ItemName>שיבולת שועל עבה 500גר קוואקר</ItemName>
      <ManufactureName>דין שיווק וקליה 2021 בעמ</ManufactureName>
      <ManufactureCountry />
      <ManufactureItemDescription />
      <UnitQty>'יח</UnitQty>
      <Quantity>5</Quantity>
      <UnitMeasure>ל-100 גרם</UnitMeasure>
      <BisWeighted>0</BisWeighted>
      <QtyInPackage>1</QtyInPackage>
      <ItemPrice>5.90</ItemPrice>
      <UnitOfMeasurePrice>1.18</UnitOfMeasurePrice>
      <AllowDiscount>0</AllowDiscount>
      <itemStatus>1</itemStatus>
      <LastUpdateDate />
      <LastUpdateTime />
    </Product>
    <Product>
      <PriceUpdateDate>2021/11/03 09:50</PriceUpdateDate>
      <ItemCode>14205000</ItemCode>
      <ItemType>0</ItemType>
      <ItemName>צלחת גדולה לבן 50 יח</ItemName>
      <ManufactureName>ח.כהן סוכנות מזון ומשקאות</ManufactureName>
      <ManufactureCountry />
      <ManufactureItemDescription />
      <UnitQty>'יח</UnitQty>
      <Quantity>50</Quantity>
      <UnitMeasure>'יח</UnitMeasure>
      <BisWeighted>0</BisWeighted>
      <QtyInPackage>1</QtyInPackage>
      <ItemPrice>14.90</ItemPrice>
      <UnitOfMeasurePrice>0.30</UnitOfMeasurePrice>
      <AllowDiscount>0</AllowDiscount>
      <itemStatus>1</itemStatus>
      <LastUpdateDate />
      <LastUpdateTime />
    </Product>
    <Product>
      <PriceUpdateDate>2021/11/03 09:50</PriceUpdateDate>
      <ItemCode>14205024</ItemCode>
      <ItemType>0</ItemType>
      <ItemName>קערית אובלית לבן 25 יח</ItemName>
      <ManufactureName>ח.כהן סוכנות מזון ומשקאות</ManufactureName>
      <ManufactureCountry />
      <ManufactureItemDescription />
      <UnitQty>'יח</UnitQty>
      <Quantity>25</Quantity>
      <UnitMeasure>'יח</UnitMeasure>
      <BisWeighted>0</BisWeighted>
      <QtyInPackage>1</QtyInPackage>
      <ItemPrice>4.90</ItemPrice>
      <UnitOfMeasurePrice>0.20</UnitOfMeasurePrice>
      <AllowDiscount>0</AllowDiscount>
      <itemStatus>1</itemStatus>
      <LastUpdateDate />
      <LastUpdateTime />
    </Product>
    <Product>
      <PriceUpdateDate>2021/11/03 09:50</PriceUpdateDate>
      <ItemCode>14205031</ItemCode>
      <ItemType>0</ItemType>
      <ItemName>לפתניה לבן 25  יח`</ItemName>
      <ManufactureName>ח.כהן סוכנות מזון ומשקאות</ManufactureName>
      <ManufactureCountry />
      <ManufactureItemDescription />
      <UnitQty>'יח</UnitQty>
      <Quantity>1</Quantity>
      <UnitMeasure />
      <BisWeighted>0</BisWeighted>
      <QtyInPackage>1</QtyInPackage>
      <ItemPrice>3.90</ItemPrice>
      <UnitOfMeasurePrice>3.90</UnitOfMeasurePrice>
      <AllowDiscount>0</AllowDiscount>
      <itemStatus>1</itemStatus>
      <LastUpdateDate />
      <LastUpdateTime />
    </Product>
    <Product>
      <PriceUpdateDate>2021/11/03 09:50</PriceUpdateDate>
      <ItemCode>14205048</ItemCode>
      <ItemType>0</ItemType>
      <ItemName>מרקיה לבן 25 יח`</ItemName>
      <ManufactureName>ח.כהן סוכנות מזון ומשקאות</ManufactureName>
      <ManufactureCountry />
      <ManufactureItemDescription />
      <UnitQty>'יח</UnitQty>
      <Quantity>25</Quantity>
      <UnitMeasure>'יח</UnitMeasure>
      <BisWeighted>0</BisWeighted>
      <QtyInPackage>1</QtyInPackage>
      <ItemPrice>9.90</ItemPrice>
      <UnitOfMeasurePrice>0.40</UnitOfMeasurePrice>
      <AllowDiscount>0</AllowDiscount>
      <itemStatus>1</itemStatus>
      <LastUpdateDate />
      <LastUpdateTime />
    </Product>
    <Product>
      <PriceUpdateDate>2021/11/03 09:50</PriceUpdateDate>
      <ItemCode>14205055</ItemCode>
      <ItemType>0</ItemType>
      <ItemName>צלחת עמוקה לבן 30 יח</ItemName>
      <ManufactureName>ח.כהן סוכנות מזון ומשקאות</ManufactureName>
      <ManufactureCountry />
      <ManufactureItemDescription />
      <UnitQty>'יח</UnitQty>
      <Quantity>1</Quantity>
      <UnitMeasure />
      <BisWeighted>0</BisWeighted>
      <QtyInPackage>1</QtyInPackage>
      <ItemPrice>14.90</ItemPrice>
      <UnitOfMeasurePrice>14.90</UnitOfMeasurePrice>
      <AllowDiscount>0</AllowDiscount>
      <itemStatus>1</itemStatus>
      <LastUpdateDate />
      <LastUpdateTime />
    </Product>
    <Product>
      <PriceUpdateDate>2021/11/03 09:50</PriceUpdateDate>
      <ItemCode>14205062</ItemCode>
      <ItemType>0</ItemType>
      <ItemName>כוסות שקוף 100 יח</ItemName>
      <ManufactureName>ח.כהן סוכנות מזון ומשקאות</ManufactureName>
      <ManufactureCountry />
      <ManufactureItemDescription />
      <UnitQty>'יח</UnitQty>
      <Quantity>1</Quantity>
      <UnitMeasure />
      <BisWeighted>0</BisWeighted>
      <QtyInPackage>1</QtyInPackage>
      <ItemPrice>7.90</ItemPrice>
      <UnitOfMeasurePrice>7.90</UnitOfMeasurePrice>
      <AllowDiscount>0</AllowDiscount>
      <itemStatus>1</itemStatus>
      <LastUpdateDate />
      <LastUpdateTime />
    </Product>
    <Product>
      <PriceUpdateDate>2021/11/03 09:50</PriceUpdateDate>
      <ItemCode>14205154</ItemCode>
      <ItemType>0</ItemType>
      <ItemName>קערית אובלית צבעוני 25 יח</ItemName>
      <ManufactureName>ח.כהן סוכנות מזון ומשקאות</ManufactureName>
      <ManufactureCountry />
      <ManufactureItemDescription />
      <UnitQty>'יח</UnitQty>
      <Quantity>1</Quantity>
      <UnitMeasure />
      <BisWeighted>0</BisWeighted>
      <QtyInPackage>1</QtyInPackage>
      <ItemPrice>5.90</ItemPrice>
      <UnitOfMeasurePrice>5.90</UnitOfMeasurePrice>
      <AllowDiscount>0</AllowDiscount>
      <itemStatus>1</itemStatus>
      <LastUpdateDate />
      <LastUpdateTime />
    </Product>
    <Product>
      <PriceUpdateDate>2021/11/03 09:50</PriceUpdateDate>
      <ItemCode>14205178</ItemCode>
      <ItemType>0</ItemType>
      <ItemName>מרקיה צבעוני 25 יח`</ItemName>
      <ManufactureName>ח.כהן סוכנות מזון ומשקאות</ManufactureName>
      <ManufactureCountry />
      <ManufactureItemDescription />
      <UnitQty>ל-100 גרם</UnitQty>
      <Quantity>1</Quantity>
      <UnitMeasure />
      <BisWeighted>0</BisWeighted>
      <QtyInPackage>1</QtyInPackage>
      <ItemPrice>7.90</ItemPrice>
      <UnitOfMeasurePrice>7.90</UnitOfMeasurePrice>
      <AllowDiscount>0</AllowDiscount>
      <itemStatus>1</itemStatus>
      <LastUpdateDate />
      <LastUpdateTime />
    </Product>
    <Product>
      <PriceUpdateDate>2021/11/03 09:50</PriceUpdateDate>
      <ItemCode>14205185</ItemCode>
      <ItemType>0</ItemType>
      <ItemName>צלחות ענק צבעוני 25 יח`</ItemName>
      <ManufactureName>ח.כהן סוכנות מזון ומשקאות</ManufactureName>
      <ManufactureCountry />
      <ManufactureItemDescription />
      <UnitQty>'יח</UnitQty>
      <Quantity>1</Quantity>
      <UnitMeasure />
      <BisWeighted>0</BisWeighted>
      <QtyInPackage>1</QtyInPackage>
      <ItemPrice>16.90</ItemPrice>
      <UnitOfMeasurePrice>16.90</UnitOfMeasurePrice>
      <AllowDiscount>0</AllowDiscount>
      <itemStatus>1</itemStatus>
      <LastUpdateDate />
      <LastUpdateTime />
    </Product>
    <Product>
      <PriceUpdateDate>2021/11/03 09:50</PriceUpdateDate>
      <ItemCode>14205215</ItemCode>
      <ItemType>0</ItemType>
      <ItemName>כפות צבעוני 50 יח</ItemName>
      <ManufactureName>ח.כהן סוכנות מזון ומשקאות</ManufactureName>
      <ManufactureCountry />
      <ManufactureItemDescription />
      <UnitQty>'יח</UnitQty>
      <Quantity>1</Quantity>
      <UnitMeasure />
      <BisWeighted>0</BisWeighted>
      <QtyInPackage>1</QtyInPackage>
      <ItemPrice>9.90</ItemPrice>
      <UnitOfMeasurePrice>9.90</UnitOfMeasurePrice>
      <AllowDiscount>0</AllowDiscount>
      <itemStatus>1</itemStatus>
      <LastUpdateDate />
      <LastUpdateTime />
    </Product>
    <Product>
      <PriceUpdateDate>2020/06/30 12:39</PriceUpdateDate>
      <ItemCode>14205796</ItemCode>
      <ItemType>0</ItemType>
      <ItemName>שק מזון זוג בקופסא 2*150  יח"שווה"</ItemName>
      <ManufactureName>ח.כהן סוכנות מזון ומשקאות</ManufactureName>
      <ManufactureCountry />
      <ManufactureItemDescription />
      <UnitQty>'יח</UnitQty>
      <Quantity>0</Quantity>
      <UnitMeasure>'יח</UnitMeasure>
      <BisWeighted>0</BisWeighted>
      <QtyInPackage>1</QtyInPackage>
      <ItemPrice>10.90</ItemPrice>
      <UnitOfMeasurePrice>10.90</UnitOfMeasurePrice>
      <AllowDiscount>0</AllowDiscount>
      <itemStatus>1</itemStatus>
      <LastUpdateDate />
      <LastUpdateTime />
    </Product>
    <Product>
      <PriceUpdateDate>2021/07/01 18:52</PriceUpdateDate>
      <ItemCode>14206250</ItemCode>
      <ItemType>0</ItemType>
      <ItemName>מפיות נייר 80 יח` "שווה"</ItemName>
      <ManufactureName>ח.כהן סוכנות מזון ומשקאות</ManufactureName>
      <ManufactureCountry />
      <ManufactureItemDescription />
      <UnitQty>'יח</UnitQty>
      <Quantity>80</Quantity>
      <UnitMeasure>'יח</UnitMeasure>
      <BisWeighted>0</BisWeighted>
      <QtyInPackage>1</QtyInPackage>
      <ItemPrice>5.90</ItemPrice>
      <UnitOfMeasurePrice>0.07</UnitOfMeasurePrice>
      <AllowDiscount>1</AllowDiscount>
      <itemStatus>1</itemStatus>
      <LastUpdateDate />
      <LastUpdateTime />
    </Product>
    <Product>
      <PriceUpdateDate>2021/07/01 18:52</PriceUpdateDate>
      <ItemCode>14206434</ItemCode>
      <ItemType>0</ItemType>
      <ItemName>מיכלי אחסון 1 ל` 5 יח` "שווה"</ItemName>
      <ManufactureName>ח.כהן סוכנות מזון ומשקאות</ManufactureName>
      <ManufactureCountry />
      <ManufactureItemDescription />
      <UnitQty>'יח</UnitQty>
      <Quantity>1</Quantity>
      <UnitMeasure />
      <BisWeighted>0</BisWeighted>
      <QtyInPackage>1</QtyInPackage>
      <ItemPrice>9.90</ItemPrice>
      <UnitOfMeasurePrice>9.90</UnitOfMeasurePrice>
      <AllowDiscount>1</AllowDiscount>
      <itemStatus>1</itemStatus>
      <LastUpdateDate />
      <LastUpdateTime />
    </Product>
    <Product>
      <PriceUpdateDate>2021/07/01 18:52</PriceUpdateDate>
      <ItemCode>14206441</ItemCode>
      <ItemType>0</ItemType>
      <ItemName>מיכלי אחסון 2 ל` 4 יח` "שווה"</ItemName>
      <ManufactureName>ח.כהן סוכנות מזון ומשקאות</ManufactureName>
      <ManufactureCountry />
      <ManufactureItemDescription />
      <UnitQty>'יח</UnitQty>
      <Quantity>1</Quantity>
      <UnitMeasure />
      <BisWeighted>0</BisWeighted>
      <QtyInPackage>1</QtyInPackage>
      <ItemPrice>9.90</ItemPrice>
      <UnitOfMeasurePrice>9.90</UnitOfMeasurePrice>
      <AllowDiscount>1</AllowDiscount>
      <itemStatus>1</itemStatus>
      <LastUpdateDate />
      <LastUpdateTime />
    </Product>
    <Product>
      <PriceUpdateDate>2022/01/31 13:53</PriceUpdateDate>
      <ItemCode>14206861</ItemCode>
      <ItemType>0</ItemType>
      <ItemName>סרדינים בשמן זית 125 גרם</ItemName>
      <ManufactureName>ח.כהן סוכנות מזון ומשקאות</ManufactureName>
      <ManufactureCountry />
      <ManufactureItemDescription />
      <UnitQty>'יח</UnitQty>
      <Quantity>1.25</Quantity>
      <UnitMeasure>ל-100 גרם</UnitMeasure>
      <BisWeighted>0</BisWeighted>
      <QtyInPackage>1</QtyInPackage>
      <ItemPrice>4.90</ItemPrice>
      <UnitOfMeasurePrice>3.92</UnitOfMeasurePrice>
      <AllowDiscount>1</AllowDiscount>
      <itemStatus>1</itemStatus>
      <LastUpdateDate />
      <LastUpdateTime />
    </Product>
    <Product>
      <PriceUpdateDate>2021/11/03 09:50</PriceUpdateDate>
      <ItemCode>14206946</ItemCode>
      <ItemType>0</ItemType>
      <ItemName>צלחת קטנה שקוף 20 יח`</ItemName>
      <ManufactureName>ח.כהן סוכנות מזון ומשקאות</ManufactureName>
      <ManufactureCountry />
      <ManufactureItemDescription />
      <UnitQty>'יח</UnitQty>
      <Quantity>1</Quantity>
      <UnitMeasure>'יח</UnitMeasure>
      <BisWeighted>0</BisWeighted>
      <QtyInPackage>1</QtyInPackage>
      <ItemPrice>9.90</ItemPrice>
      <UnitOfMeasurePrice>9.90</UnitOfMeasurePrice>
      <AllowDiscount>0</AllowDiscount>
      <itemStatus>1</itemStatus>
      <LastUpdateDate />
      <LastUpdateTime />
    </Product>
    <Product>
      <PriceUpdateDate>2019/07/03 08:47</PriceUpdateDate>
      <ItemCode>14217065</ItemCode>
      <ItemType>0</ItemType>
      <ItemName>אורגנו עלים</ItemName>
      <ManufactureName>תבליני טעם וריח</ManufactureName>
      <ManufactureCountry />
      <ManufactureItemDescription />
      <UnitQty>'יח</UnitQty>
      <Quantity>1</Quantity>
      <UnitMeasure />
      <BisWeighted>0</BisWeighted>
      <QtyInPackage>1</QtyInPackage>
      <ItemPrice>9.90</ItemPrice>
      <UnitOfMeasurePrice>9.90</UnitOfMeasurePrice>
      <AllowDiscount>1</AllowDiscount>
      <itemStatus>1</itemStatus>
      <LastUpdateDate />
      <LastUpdateTime />
    </Product>
    <Product>
      <PriceUpdateDate>2022/02/20 18:24</PriceUpdateDate>
      <ItemCode>14217140</ItemCode>
      <ItemType>0</ItemType>
      <ItemName>ראס אל חנות 100 גרם</ItemName>
      <ManufactureName>תבליני טעם וריח</ManufactureName>
      <ManufactureCountry />
      <ManufactureItemDescription />
      <UnitQty>'יח</UnitQty>
      <Quantity>1</Quantity>
      <UnitMeasure />
      <BisWeighted>0</BisWeighted>
      <QtyInPackage>1</QtyInPackage>
      <ItemPrice>9.90</ItemPrice>
      <UnitOfMeasurePrice>9.90</UnitOfMeasurePrice>
      <AllowDiscount>1</AllowDiscount>
      <itemStatus>1</itemStatus>
      <LastUpdateDate />
      <LastUpdateTime />
    </Product>
    <Product>
      <PriceUpdateDate>2019/07/03 08:47</PriceUpdateDate>
      <ItemCode>14217157</ItemCode>
      <ItemType>0</ItemType>
      <ItemName>תיבול טוסקנה</ItemName>
      <ManufactureName>תבליני טעם וריח</ManufactureName>
      <ManufactureCountry />
      <ManufactureItemDescription />
      <UnitQty>'יח</UnitQty>
      <Quantity>1</Quantity>
      <UnitMeasure />
      <BisWeighted>0</BisWeighted>
      <QtyInPackage>1</QtyInPackage>
      <ItemPrice>9.90</ItemPrice>
      <UnitOfMeasurePrice>9.90</UnitOfMeasurePrice>
      <AllowDiscount>1</AllowDiscount>
      <itemStatus>1</itemStatus>
      <LastUpdateDate />
      <LastUpdateTime />
    </Product>
    <Product>
      <PriceUpdateDate>2019/07/03 08:47</PriceUpdateDate>
      <ItemCode>14217164</ItemCode>
      <ItemType>0</ItemType>
      <ItemName>פטרוזליה</ItemName>
      <ManufactureName>תבליני טעם וריח</ManufactureName>
      <ManufactureCountry />
      <ManufactureItemDescription />
      <UnitQty>'יח</UnitQty>
      <Quantity>1</Quantity>
      <UnitMeasure />
      <BisWeighted>0</BisWeighted>
      <QtyInPackage>1</QtyInPackage>
      <ItemPrice>9.90</ItemPrice>
      <UnitOfMeasurePrice>9.90</UnitOfMeasurePrice>
      <AllowDiscount>1</AllowDiscount>
      <itemStatus>1</itemStatus>
      <LastUpdateDate />
      <LastUpdateTime />
    </Product>
    <Product>
      <PriceUpdateDate>2019/07/03 08:47</PriceUpdateDate>
      <ItemCode>14217225</ItemCode>
      <ItemType>0</ItemType>
      <ItemName>גריל עוף</ItemName>
      <ManufactureName>תבליני טעם וריח</ManufactureName>
      <ManufactureCountry />
      <ManufactureItemDescription />
      <UnitQty>'יח</UnitQty>
      <Quantity>1</Quantity>
      <UnitMeasure />
      <BisWeighted>0</BisWeighted>
      <QtyInPackage>1</QtyInPackage>
      <ItemPrice>9.90</ItemPrice>
      <UnitOfMeasurePrice>9.90</UnitOfMeasurePrice>
      <AllowDiscount>1</AllowDiscount>
      <itemStatus>1</itemStatus>
      <LastUpdateDate />
      <LastUpdateTime />
    </Product>
    <Product>
      <PriceUpdateDate>2019/07/03 08:47</PriceUpdateDate>
      <ItemCode>14217348</ItemCode>
      <ItemType>0</ItemType>
      <ItemName>צי`לי כתוש</ItemName>
      <ManufactureName>תבליני טעם וריח</ManufactureName>
      <ManufactureCountry />
      <ManufactureItemDescription />
      <UnitQty>'יח</UnitQty>
      <Quantity>1</Quantity>
      <UnitMeasure />
      <BisWeighted>0</BisWeighted>
      <QtyInPackage>1</QtyInPackage>
      <ItemPrice>9.90</ItemPrice>
      <UnitOfMeasurePrice>9.90</UnitOfMeasurePrice>
      <AllowDiscount>1</AllowDiscount>
      <itemStatus>1</itemStatus>
      <LastUpdateDate />
      <LastUpdateTime />
    </Product>
    <Product>
      <PriceUpdateDate>2019/07/03 08:47</PriceUpdateDate>
      <ItemCode>14217362</ItemCode>
      <ItemType>0</ItemType>
      <ItemName>תיבול לקציצות</ItemName>
      <ManufactureName>תבליני טעם וריח</ManufactureName>
      <ManufactureCountry />
      <ManufactureItemDescription />
      <UnitQty>'יח</UnitQty>
      <Quantity>1</Quantity>
      <UnitMeasure />
      <BisWeighted>0</BisWeighted>
      <QtyInPackage>1</QtyInPackage>
      <ItemPrice>9.90</ItemPrice>
      <UnitOfMeasurePrice>9.90</UnitOfMeasurePrice>
      <AllowDiscount>1</AllowDiscount>
      <itemStatus>1</itemStatus>
      <LastUpdateDate />
      <LastUpdateTime />
    </Product>
    <Product>
      <PriceUpdateDate>2019/07/03 08:47</PriceUpdateDate>
      <ItemCode>7290014218321</ItemCode>
      <ItemType>1</ItemType>
      <ItemName>בורקס יפו גבינה 4*150גר</ItemName>
      <ManufactureName>תנובה מרכז שיתופי לשיווק תוצרת</ManufactureName>
      <ManufactureCountry />
      <ManufactureItemDescription />
      <UnitQty>'יח</UnitQty>
      <Quantity>6</Quantity>
      <UnitMeasure>ל-100 גרם</UnitMeasure>
      <BisWeighted>0</BisWeighted>
      <QtyInPackage>12</QtyInPackage>
      <ItemPrice>18.90</ItemPrice>
      <UnitOfMeasurePrice>3.15</UnitOfMeasurePrice>
      <AllowDiscount>0</AllowDiscount>
      <itemStatus>1</itemStatus>
      <LastUpdateDate />
      <LastUpdateTime />
    </Product>
    <Product>
      <PriceUpdateDate>2019/07/03 08:47</PriceUpdateDate>
      <ItemCode>14218338</ItemCode>
      <ItemType>0</ItemType>
      <ItemName>בורקס יפו תפו`א 4*150גר</ItemName>
      <ManufactureName>תנובה מרכז שיתופי לשיווק תוצרת</ManufactureName>
      <ManufactureCountry />
      <ManufactureItemDescription />
      <UnitQty>'יח</UnitQty>
      <Quantity>6</Quantity>
      <UnitMeasure>ל-100 גרם</UnitMeasure>
      <BisWeighted>0</BisWeighted>
      <QtyInPackage>12</QtyInPackage>
      <ItemPrice>18.90</ItemPrice>
      <UnitOfMeasurePrice>3.15</UnitOfMeasurePrice>
      <AllowDiscount>0</AllowDiscount>
      <itemStatus>1</itemStatus>
      <LastUpdateDate />
      <LastUpdateTime />
    </Product>
    <Product>
      <PriceUpdateDate>2019/01/16 14:43</PriceUpdateDate>
      <ItemCode>14218536</ItemCode>
      <ItemType>0</ItemType>
      <ItemName>בצק עלים מופחת שומן 1 ק``ג קפוא</ItemName>
      <ManufactureName>תנובה מרכז שיתופי לשיווק תוצרת</ManufactureName>
      <ManufactureCountry />
      <ManufactureItemDescription />
      <UnitQty>'יח</UnitQty>
      <Quantity>4.90</Quantity>
      <UnitMeasure>ל-100 גרם</UnitMeasure>
      <BisWeighted>0</BisWeighted>
      <QtyInPackage>9</QtyInPackage>
      <ItemPrice>24.50</ItemPrice>
      <UnitOfMeasurePrice>5</UnitOfMeasurePrice>
      <AllowDiscount>0</AllowDiscount>
      <itemStatus>1</itemStatus>
      <LastUpdateDate />
      <LastUpdateTime />
    </Product>
    <Product>
      <PriceUpdateDate>2019/05/26 21:38</PriceUpdateDate>
      <ItemCode>14218932</ItemCode>
      <ItemType>0</ItemType>
      <ItemName>חטיפי פיצה בתוספת זיתים בשקית</ItemName>
      <ManufactureName>תנובה מרכז שיתופי לשיווק תוצרת</ManufactureName>
      <ManufactureCountry />
      <ManufactureItemDescription />
      <UnitQty>'יח</UnitQty>
      <Quantity>7.10</Quantity>
      <UnitMeasure>ל-100 גרם</UnitMeasure>
      <BisWeighted>0</BisWeighted>
      <QtyInPackage>8</QtyInPackage>
      <ItemPrice>29.90</ItemPrice>
      <UnitOfMeasurePrice>4.21</UnitOfMeasurePrice>
      <AllowDiscount>0</AllowDiscount>
      <itemStatus>1</itemStatus>
      <LastUpdateDate />
      <LastUpdateTime />
    </Product>
    <Product>
      <PriceUpdateDate>2022/10/19 21:26</PriceUpdateDate>
      <ItemCode>7290014256620</ItemCode>
      <ItemType>1</ItemType>
      <ItemName>קריניאנו BUZZ 750 מ"ל</ItemName>
      <ManufactureName>אגודת הכורמים</ManufactureName>
      <ManufactureCountry />
      <ManufactureItemDescription />
      <UnitQty>'יח</UnitQty>
      <Quantity>7.50</Quantity>
      <UnitMeasure>ל-100 מ"ל</UnitMeasure>
      <BisWeighted>0</BisWeighted>
      <QtyInPackage>1</QtyInPackage>
      <ItemPrice>27.90</ItemPrice>
      <UnitOfMeasurePrice>3.68</UnitOfMeasurePrice>
      <AllowDiscount>1</AllowDiscount>
      <itemStatus>1</itemStatus>
      <LastUpdateDate />
      <LastUpdateTime />
    </Product>
    <Product>
      <PriceUpdateDate>2019/05/26 21:38</PriceUpdateDate>
      <ItemCode>14288058</ItemCode>
      <ItemType>0</ItemType>
      <ItemName>להבונים 50 יחק שקית `שווה`</ItemName>
      <ManufactureName>ח.כהן סוכנות מזון ומשקאות</ManufactureName>
      <ManufactureCountry />
      <ManufactureItemDescription />
      <UnitQty>'יח</UnitQty>
      <Quantity>50</Quantity>
      <UnitMeasure>'יח</UnitMeasure>
      <BisWeighted>0</BisWeighted>
      <QtyInPackage>1</QtyInPackage>
      <ItemPrice>9.90</ItemPrice>
      <UnitOfMeasurePrice>0.20</UnitOfMeasurePrice>
      <AllowDiscount>1</AllowDiscount>
      <itemStatus>1</itemStatus>
      <LastUpdateDate />
      <LastUpdateTime />
    </Product>
    <Product>
      <PriceUpdateDate>2020/05/11 07:16</PriceUpdateDate>
      <ItemCode>14288317</ItemCode>
      <ItemType>0</ItemType>
      <ItemName>טורטיה תירס 6 יח 420 גר` "שווה"</ItemName>
      <ManufactureName>ח.כהן סוכנות מזון ומשקאות</ManufactureName>
      <ManufactureCountry />
      <ManufactureItemDescription />
      <UnitQty>'יח</UnitQty>
      <Quantity>4.20</Quantity>
      <UnitMeasure>ל-100 גרם</UnitMeasure>
      <BisWeighted>0</BisWeighted>
      <QtyInPackage>1</QtyInPackage>
      <ItemPrice>9.90</ItemPrice>
      <UnitOfMeasurePrice>2.36</UnitOfMeasurePrice>
      <AllowDiscount>1</AllowDiscount>
      <itemStatus>1</itemStatus>
      <LastUpdateDate />
      <LastUpdateTime />
    </Product>
    <Product>
      <PriceUpdateDate>2020/05/11 07:16</PriceUpdateDate>
      <ItemCode>14288324</ItemCode>
      <ItemType>0</ItemType>
      <ItemName>טורטיה מקמח מלא 8 יח` 320 גר` "שווה"</ItemName>
      <ManufactureName>ח.כהן סוכנות מזון ומשקאות</ManufactureName>
      <ManufactureCountry />
      <ManufactureItemDescription />
      <UnitQty>'יח</UnitQty>
      <Quantity>4.20</Quantity>
      <UnitMeasure>ל-100 גרם</UnitMeasure>
      <BisWeighted>0</BisWeighted>
      <QtyInPackage>1</QtyInPackage>
      <ItemPrice>9.90</ItemPrice>
      <UnitOfMeasurePrice>2.36</UnitOfMeasurePrice>
      <AllowDiscount>1</AllowDiscount>
      <itemStatus>1</itemStatus>
      <LastUpdateDate />
      <LastUpdateTime />
    </Product>
    <Product>
      <PriceUpdateDate>2019/05/26 21:38</PriceUpdateDate>
      <ItemCode>14288461</ItemCode>
      <ItemType>0</ItemType>
      <ItemName>נר נשמה פחית</ItemName>
      <ManufactureName>ח.כהן סוכנות מזון ומשקאות</ManufactureName>
      <ManufactureCountry />
      <ManufactureItemDescription />
      <UnitQty>'יח</UnitQty>
      <Quantity>1</Quantity>
      <UnitMeasure />
      <BisWeighted>0</BisWeighted>
      <QtyInPackage>1</QtyInPackage>
      <ItemPrice>1.90</ItemPrice>
      <UnitOfMeasurePrice>1.90</UnitOfMeasurePrice>
      <AllowDiscount>1</AllowDiscount>
      <itemStatus>1</itemStatus>
      <LastUpdateDate />
      <LastUpdateTime />
    </Product>
    <Product>
      <PriceUpdateDate>2021/07/01 18:52</PriceUpdateDate>
      <ItemCode>14288584</ItemCode>
      <ItemType>0</ItemType>
      <ItemName>נייר אפיה 50 יח` איכותי "שווה"</ItemName>
      <ManufactureName>ח.כהן סוכנות מזון ומשקאות</ManufactureName>
      <ManufactureCountry />
      <ManufactureItemDescription />
      <UnitQty>'יח</UnitQty>
      <Quantity>1</Quantity>
      <UnitMeasure>'יח</UnitMeasure>
      <BisWeighted>0</BisWeighted>
      <QtyInPackage>1</QtyInPackage>
      <ItemPrice>7.90</ItemPrice>
      <UnitOfMeasurePrice>7.90</UnitOfMeasurePrice>
      <AllowDiscount>1</AllowDiscount>
      <itemStatus>1</itemStatus>
      <LastUpdateDate />
      <LastUpdateTime />
    </Product>
    <Product>
      <PriceUpdateDate>2021/11/03 09:50</PriceUpdateDate>
      <ItemCode>14288720</ItemCode>
      <ItemType>0</ItemType>
      <ItemName>כוסות וודקה 350CC</ItemName>
      <ManufactureName>ח.כהן סוכנות מזון ומשקאות</ManufactureName>
      <ManufactureCountry />
      <ManufactureItemDescription />
      <UnitQty>'יח</UnitQty>
      <Quantity>1</Quantity>
      <UnitMeasure />
      <BisWeighted>0</BisWeighted>
      <QtyInPackage>1</QtyInPackage>
      <ItemPrice>7.90</ItemPrice>
      <UnitOfMeasurePrice>7.90</UnitOfMeasurePrice>
      <AllowDiscount>1</AllowDiscount>
      <itemStatus>1</itemStatus>
      <LastUpdateDate />
      <LastUpdateTime />
    </Product>
    <Product>
      <PriceUpdateDate>2021/12/16 06:45</PriceUpdateDate>
      <ItemCode>14288980</ItemCode>
      <ItemType>0</ItemType>
      <ItemName>מגבוני נייר טישו דו שכבתיים חמישיה</ItemName>
      <ManufactureName>ח.כהן סוכנות מזון ומשקאות</ManufactureName>
      <ManufactureCountry />
      <ManufactureItemDescription />
      <UnitQty>'יח</UnitQty>
      <Quantity>1</Quantity>
      <UnitMeasure>ל-100 גרם</UnitMeasure>
      <BisWeighted>0</BisWeighted>
      <QtyInPackage>1</QtyInPackage>
      <ItemPrice>8.90</ItemPrice>
      <UnitOfMeasurePrice>8.90</UnitOfMeasurePrice>
      <AllowDiscount>1</AllowDiscount>
      <itemStatus>1</itemStatus>
      <LastUpdateDate />
      <LastUpdateTime />
    </Product>
    <Product>
      <PriceUpdateDate>2022/01/17 20:43</PriceUpdateDate>
      <ItemCode>7290014397675</ItemCode>
      <ItemType>1</ItemType>
      <ItemName>מרכך כביסה סנו חלב ודבש 4 ליטר</ItemName>
      <ManufactureName>החב. הדרומית לשיווק</ManufactureName>
      <ManufactureCountry />
      <ManufactureItemDescription />
      <UnitQty>'יח</UnitQty>
      <Quantity>40</Quantity>
      <UnitMeasure>ל-100 מ"ל</UnitMeasure>
      <BisWeighted>0</BisWeighted>
      <QtyInPackage>6</QtyInPackage>
      <ItemPrice>21.90</ItemPrice>
      <UnitOfMeasurePrice>0.55</UnitOfMeasurePrice>
      <AllowDiscount>0</AllowDiscount>
      <itemStatus>1</itemStatus>
      <LastUpdateDate />
      <LastUpdateTime />
    </Product>
    <Product>
      <PriceUpdateDate>2022/03/27 06:37</PriceUpdateDate>
      <ItemCode>7290014397774</ItemCode>
      <ItemType>1</ItemType>
      <ItemName>רצפז פ.הום טבע 2 ל`</ItemName>
      <ManufactureName>החב. הדרומית לשיווק</ManufactureName>
      <ManufactureCountry />
      <ManufactureItemDescription />
      <UnitQty>'יח</UnitQty>
      <Quantity>20</Quantity>
      <UnitMeasure>ל-100 מ"ל</UnitMeasure>
      <BisWeighted>0</BisWeighted>
      <QtyInPackage>8</QtyInPackage>
      <ItemPrice>21.90</ItemPrice>
      <UnitOfMeasurePrice>1.10</UnitOfMeasurePrice>
      <AllowDiscount>1</AllowDiscount>
      <itemStatus>1</itemStatus>
      <LastUpdateDate />
      <LastUpdateTime />
    </Product>
    <Product>
      <PriceUpdateDate>2022/01/17 20:43</PriceUpdateDate>
      <ItemCode>14397873</ItemCode>
      <ItemType>0</ItemType>
      <ItemName>מרכך כביסה סנו מקסימה gentle breeze  4</ItemName>
      <ManufactureName>החב. הדרומית לשיווק</ManufactureName>
      <ManufactureCountry />
      <ManufactureItemDescription />
      <UnitQty>'יח</UnitQty>
      <Quantity>40</Quantity>
      <UnitMeasure>ל-100 מ"ל</UnitMeasure>
      <BisWeighted>0</BisWeighted>
      <QtyInPackage>6</QtyInPackage>
      <ItemPrice>21.90</ItemPrice>
      <UnitOfMeasurePrice>0.55</UnitOfMeasurePrice>
      <AllowDiscount>0</AllowDiscount>
      <itemStatus>1</itemStatus>
      <LastUpdateDate />
      <LastUpdateTime />
    </Product>
    <Product>
      <PriceUpdateDate>2021/06/07 10:00</PriceUpdateDate>
      <ItemCode>14435827</ItemCode>
      <ItemType>0</ItemType>
      <ItemName>מקרל מעושן בשמן</ItemName>
      <ManufactureName>סלטי שמיר</ManufactureName>
      <ManufactureCountry />
      <ManufactureItemDescription />
      <UnitQty>'יח</UnitQty>
      <Quantity>1.80</Quantity>
      <UnitMeasure>ל-100 גרם</UnitMeasure>
      <BisWeighted>0</BisWeighted>
      <QtyInPackage>16</QtyInPackage>
      <ItemPrice>24.90</ItemPrice>
      <UnitOfMeasurePrice>13.83</UnitOfMeasurePrice>
      <AllowDiscount>0</AllowDiscount>
      <itemStatus>1</itemStatus>
      <LastUpdateDate />
      <LastUpdateTime />
    </Product>
    <Product>
      <PriceUpdateDate>2021/06/07 10:00</PriceUpdateDate>
      <ItemCode>14435841</ItemCode>
      <ItemType>0</ItemType>
      <ItemName>פילה מטיאס ולנדי בשמן</ItemName>
      <ManufactureName>סלטי שמיר</ManufactureName>
      <ManufactureCountry />
      <ManufactureItemDescription />
      <UnitQty>'יח</UnitQty>
      <Quantity>2</Quantity>
      <UnitMeasure>ל-100 גרם</UnitMeasure>
      <BisWeighted>0</BisWeighted>
      <QtyInPackage>8</QtyInPackage>
      <ItemPrice>18.90</ItemPrice>
      <UnitOfMeasurePrice>9.45</UnitOfMeasurePrice>
      <AllowDiscount>0</AllowDiscount>
      <itemStatus>1</itemStatus>
      <LastUpdateDate />
      <LastUpdateTime />
    </Product>
    <Product>
      <PriceUpdateDate>2021/06/07 10:00</PriceUpdateDate>
      <ItemCode>14435889</ItemCode>
      <ItemType>0</ItemType>
      <ItemName>סלט מטיאס עם מיונז</ItemName>
      <ManufactureName>סלטי שמיר</ManufactureName>
      <ManufactureCountry />
      <ManufactureItemDescription />
      <UnitQty>'יח</UnitQty>
      <Quantity>2</Quantity>
      <UnitMeasure>ל-100 גרם</UnitMeasure>
      <BisWeighted>0</BisWeighted>
      <QtyInPackage>4</QtyInPackage>
      <ItemPrice>18.90</ItemPrice>
      <UnitOfMeasurePrice>9.45</UnitOfMeasurePrice>
      <AllowDiscount>0</AllowDiscount>
      <itemStatus>1</itemStatus>
      <LastUpdateDate />
      <LastUpdateTime />
    </Product>
    <Product>
      <PriceUpdateDate>2019/01/16 14:43</PriceUpdateDate>
      <ItemCode>14455245</ItemCode>
      <ItemType>0</ItemType>
      <ItemName>גרנה פדנו משולש 200 גר`</ItemName>
      <ManufactureName>מחלבות גד בעמ`</ManufactureName>
      <ManufactureCountry />
      <ManufactureItemDescription />
      <UnitQty>'יח</UnitQty>
      <Quantity>2</Quantity>
      <UnitMeasure>ל-100 גרם</UnitMeasure>
      <BisWeighted>0</BisWeighted>
      <QtyInPackage>1</QtyInPackage>
      <ItemPrice>26.80</ItemPrice>
      <UnitOfMeasurePrice>13.40</UnitOfMeasurePrice>
      <AllowDiscount>0</AllowDiscount>
      <itemStatus>1</itemStatus>
      <LastUpdateDate />
      <LastUpdateTime />
    </Product>
    <Product>
      <PriceUpdateDate>2019/07/03 08:47</PriceUpdateDate>
      <ItemCode>14455252</ItemCode>
      <ItemType>0</ItemType>
      <ItemName>גרנה פדנו מגורד 100 גר`</ItemName>
      <ManufactureName>מחלבות גד בעמ`</ManufactureName>
      <ManufactureCountry />
      <ManufactureItemDescription />
      <UnitQty>'יח</UnitQty>
      <Quantity>10</Quantity>
      <UnitMeasure>ל-100 גרם</UnitMeasure>
      <BisWeighted>0</BisWeighted>
      <QtyInPackage>1</QtyInPackage>
      <ItemPrice>12.90</ItemPrice>
      <UnitOfMeasurePrice>1.29</UnitOfMeasurePrice>
      <AllowDiscount>0</AllowDiscount>
      <itemStatus>1</itemStatus>
      <LastUpdateDate />
      <LastUpdateTime />
    </Product>
    <Product>
      <PriceUpdateDate>2021/07/21 16:23</PriceUpdateDate>
      <ItemCode>7290014455320</ItemCode>
      <ItemType>1</ItemType>
      <ItemName>כדור מוצרלה פרסקה</ItemName>
      <ManufactureName>מחלבות גד בעמ`</ManufactureName>
      <ManufactureCountry />
      <ManufactureItemDescription />
      <UnitQty>'יח</UnitQty>
      <Quantity>2</Quantity>
      <UnitMeasure>ל-100 גרם</UnitMeasure>
      <BisWeighted>0</BisWeighted>
      <QtyInPackage>1</QtyInPackage>
      <ItemPrice>8.90</ItemPrice>
      <UnitOfMeasurePrice>4.45</UnitOfMeasurePrice>
      <AllowDiscount>0</AllowDiscount>
      <itemStatus>1</itemStatus>
      <LastUpdateDate />
      <LastUpdateTime />
    </Product>
    <Product>
      <PriceUpdateDate>2019/01/16 14:43</PriceUpdateDate>
      <ItemCode>7290014455467</ItemCode>
      <ItemType>1</ItemType>
      <ItemName>מעדן שיבולת שועל וחלב 2% שומן 150 גר`</ItemName>
      <ManufactureName>מחלבות גד בעמ`</ManufactureName>
      <ManufactureCountry />
      <ManufactureItemDescription />
      <UnitQty>'יח</UnitQty>
      <Quantity>1.60</Quantity>
      <UnitMeasure>ל-100 מ"ל</UnitMeasure>
      <BisWeighted>0</BisWeighted>
      <QtyInPackage>1</QtyInPackage>
      <ItemPrice>5.90</ItemPrice>
      <UnitOfMeasurePrice>3.69</UnitOfMeasurePrice>
      <AllowDiscount>1</AllowDiscount>
      <itemStatus>1</itemStatus>
      <LastUpdateDate />
      <LastUpdateTime />
    </Product>
    <Product>
      <PriceUpdateDate>2022/05/11 11:36</PriceUpdateDate>
      <ItemCode>7290014459137</ItemCode>
      <ItemType>1</ItemType>
      <ItemName>סטייק צ`יפס 1.5קג`</ItemName>
      <ManufactureName>קבוצת אסם סחר</ManufactureName>
      <ManufactureCountry />
      <ManufactureItemDescription />
      <UnitQty>'יח</UnitQty>
      <Quantity>15</Quantity>
      <UnitMeasure>ל-100 גרם</UnitMeasure>
      <BisWeighted>0</BisWeighted>
      <QtyInPackage>1</QtyInPackage>
      <ItemPrice>25.90</ItemPrice>
      <UnitOfMeasurePrice>1.73</UnitOfMeasurePrice>
      <AllowDiscount>0</AllowDiscount>
      <itemStatus>1</itemStatus>
      <LastUpdateDate />
      <LastUpdateTime />
    </Product>
    <Product>
      <PriceUpdateDate>2022/10/16 09:02</PriceUpdateDate>
      <ItemCode>7290014471412</ItemCode>
      <ItemType>1</ItemType>
      <ItemName>תערובת מיזלי עם אגוזים ושקדים 1 קג</ItemName>
      <ManufactureName>דין שיווק וקליה 2021 בעמ</ManufactureName>
      <ManufactureCountry />
      <ManufactureItemDescription />
      <UnitQty>'יח</UnitQty>
      <Quantity>10</Quantity>
      <UnitMeasure>ל-100 גרם</UnitMeasure>
      <BisWeighted>0</BisWeighted>
      <QtyInPackage>1</QtyInPackage>
      <ItemPrice>21.90</ItemPrice>
      <UnitOfMeasurePrice>2.19</UnitOfMeasurePrice>
      <AllowDiscount>0</AllowDiscount>
      <itemStatus>1</itemStatus>
      <LastUpdateDate />
      <LastUpdateTime />
    </Product>
    <Product>
      <PriceUpdateDate>2022/10/16 09:02</PriceUpdateDate>
      <ItemCode>7290014471429</ItemCode>
      <ItemType>1</ItemType>
      <ItemName>תערובת מיזלי עם פירות 1 קג</ItemName>
      <ManufactureName>דין שיווק וקליה 2021 בעמ</ManufactureName>
      <ManufactureCountry />
      <ManufactureItemDescription />
      <UnitQty>'יח</UnitQty>
      <Quantity>10</Quantity>
      <UnitMeasure>ל-100 גרם</UnitMeasure>
      <BisWeighted>0</BisWeighted>
      <QtyInPackage>1</QtyInPackage>
      <ItemPrice>21.90</ItemPrice>
      <UnitOfMeasurePrice>2.19</UnitOfMeasurePrice>
      <AllowDiscount>0</AllowDiscount>
      <itemStatus>1</itemStatus>
      <LastUpdateDate />
      <LastUpdateTime />
    </Product>
    <Product>
      <PriceUpdateDate>2022/10/16 09:02</PriceUpdateDate>
      <ItemCode>7290014471443</ItemCode>
      <ItemType>1</ItemType>
      <ItemName>תערובת מיזלי עם אגוזים 1 קג</ItemName>
      <ManufactureName>דין שיווק וקליה 2021 בעמ</ManufactureName>
      <ManufactureCountry />
      <ManufactureItemDescription />
      <UnitQty>'יח</UnitQty>
      <Quantity>10</Quantity>
      <UnitMeasure>ל-100 גרם</UnitMeasure>
      <BisWeighted>0</BisWeighted>
      <QtyInPackage>1</QtyInPackage>
      <ItemPrice>21.90</ItemPrice>
      <UnitOfMeasurePrice>2.19</UnitOfMeasurePrice>
      <AllowDiscount>0</AllowDiscount>
      <itemStatus>1</itemStatus>
      <LastUpdateDate />
      <LastUpdateTime />
    </Product>
    <Product>
      <PriceUpdateDate>2022/10/19 11:20</PriceUpdateDate>
      <ItemCode>7290014525290</ItemCode>
      <ItemType>1</ItemType>
      <ItemName>מרבה סלים דליס קריספי תות 125 גרם</ItemName>
      <ManufactureName>ש. שסטוביץ בע`מ</ManufactureName>
      <ManufactureCountry />
      <ManufactureItemDescription />
      <UnitQty>'יח</UnitQty>
      <Quantity>1.25</Quantity>
      <UnitMeasure>ל-100 גרם</UnitMeasure>
      <BisWeighted>0</BisWeighted>
      <QtyInPackage>1</QtyInPackage>
      <ItemPrice>11.90</ItemPrice>
      <UnitOfMeasurePrice>9.52</UnitOfMeasurePrice>
      <AllowDiscount>1</AllowDiscount>
      <itemStatus>1</itemStatus>
      <LastUpdateDate />
      <LastUpdateTime />
    </Product>
    <Product>
      <PriceUpdateDate>2022/10/19 11:20</PriceUpdateDate>
      <ItemCode>7290014525306</ItemCode>
      <ItemType>1</ItemType>
      <ItemName>מרבה סלים דליס קריספי אוכמניות 125 גרם</ItemName>
      <ManufactureName>ש. שסטוביץ בע`מ</ManufactureName>
      <ManufactureCountry />
      <ManufactureItemDescription />
      <UnitQty>'יח</UnitQty>
      <Quantity>1.25</Quantity>
      <UnitMeasure>ל-100 גרם</UnitMeasure>
      <BisWeighted>0</BisWeighted>
      <QtyInPackage>1</QtyInPackage>
      <ItemPrice>11.90</ItemPrice>
      <UnitOfMeasurePrice>9.52</UnitOfMeasurePrice>
      <AllowDiscount>1</AllowDiscount>
      <itemStatus>1</itemStatus>
      <LastUpdateDate />
      <LastUpdateTime />
    </Product>
    <Product>
      <PriceUpdateDate>2021/03/16 15:18</PriceUpdateDate>
      <ItemCode>14525665</ItemCode>
      <ItemType>0</ItemType>
      <ItemName>מרבה עוגיות על חלל קקאו עם סוכריות 140</ItemName>
      <ManufactureName>ש. שסטוביץ בע`מ</ManufactureName>
      <ManufactureCountry />
      <ManufactureItemDescription />
      <UnitQty>'יח</UnitQty>
      <Quantity>1.40</Quantity>
      <UnitMeasure>ל-100 גרם</UnitMeasure>
      <BisWeighted>0</BisWeighted>
      <QtyInPackage>1</QtyInPackage>
      <ItemPrice>9.90</ItemPrice>
      <UnitOfMeasurePrice>7.07</UnitOfMeasurePrice>
      <AllowDiscount>0</AllowDiscount>
      <itemStatus>1</itemStatus>
      <LastUpdateDate />
      <LastUpdateTime />
    </Product>
    <Product>
      <PriceUpdateDate>2022/08/03 13:45</PriceUpdateDate>
      <ItemCode>7290014534650</ItemCode>
      <ItemType>1</ItemType>
      <ItemName>לה פסטה 55 צינור 400 גר`</ItemName>
      <ManufactureName>תומר ייבוא ושיווק מוצרי מזון [</ManufactureName>
      <ManufactureCountry />
      <ManufactureItemDescription />
      <UnitQty>'יח</UnitQty>
      <Quantity>4</Quantity>
      <UnitMeasure>ל-100 גרם</UnitMeasure>
      <BisWeighted>0</BisWeighted>
      <QtyInPackage>1</QtyInPackage>
      <ItemPrice>3.90</ItemPrice>
      <UnitOfMeasurePrice>0.98</UnitOfMeasurePrice>
      <AllowDiscount>1</AllowDiscount>
      <itemStatus>1</itemStatus>
      <LastUpdateDate />
      <LastUpdateTime />
    </Product>
    <Product>
      <PriceUpdateDate>2022/08/03 13:45</PriceUpdateDate>
      <ItemCode>7290014534667</ItemCode>
      <ItemType>1</ItemType>
      <ItemName>לה פסטה 53 קונכיה 400 גר`</ItemName>
      <ManufactureName>תומר ייבוא ושיווק מוצרי מזון [</ManufactureName>
      <ManufactureCountry />
      <ManufactureItemDescription />
      <UnitQty>'יח</UnitQty>
      <Quantity>4</Quantity>
      <UnitMeasure>ל-100 גרם</UnitMeasure>
      <BisWeighted>0</BisWeighted>
      <QtyInPackage>1</QtyInPackage>
      <ItemPrice>3.90</ItemPrice>
      <UnitOfMeasurePrice>0.98</UnitOfMeasurePrice>
      <AllowDiscount>1</AllowDiscount>
      <itemStatus>1</itemStatus>
      <LastUpdateDate />
      <LastUpdateTime />
    </Product>
    <Product>
      <PriceUpdateDate>2022/08/03 13:45</PriceUpdateDate>
      <ItemCode>7290014534674</ItemCode>
      <ItemType>1</ItemType>
      <ItemName>לה פסטה 81 פרפר 400 גר`</ItemName>
      <ManufactureName>תומר ייבוא ושיווק מוצרי מזון [</ManufactureName>
      <ManufactureCountry />
      <ManufactureItemDescription />
      <UnitQty>'יח</UnitQty>
      <Quantity>4</Quantity>
      <UnitMeasure>ל-100 גרם</UnitMeasure>
      <BisWeighted>0</BisWeighted>
      <QtyInPackage>1</QtyInPackage>
      <ItemPrice>3.90</ItemPrice>
      <UnitOfMeasurePrice>0.98</UnitOfMeasurePrice>
      <AllowDiscount>1</AllowDiscount>
      <itemStatus>1</itemStatus>
      <LastUpdateDate />
      <LastUpdateTime />
    </Product>
    <Product>
      <PriceUpdateDate>2022/08/03 13:45</PriceUpdateDate>
      <ItemCode>7290014534681</ItemCode>
      <ItemType>1</ItemType>
      <ItemName>לה פסטה 64 בורג 400 גר`</ItemName>
      <ManufactureName>תומר ייבוא ושיווק מוצרי מזון [</ManufactureName>
      <ManufactureCountry />
      <ManufactureItemDescription />
      <UnitQty>'יח</UnitQty>
      <Quantity>4</Quantity>
      <UnitMeasure>ל-100 גרם</UnitMeasure>
      <BisWeighted>0</BisWeighted>
      <QtyInPackage>1</QtyInPackage>
      <ItemPrice>3.90</ItemPrice>
      <UnitOfMeasurePrice>0.98</UnitOfMeasurePrice>
      <AllowDiscount>1</AllowDiscount>
      <itemStatus>1</itemStatus>
      <LastUpdateDate />
      <LastUpdateTime />
    </Product>
    <Product>
      <PriceUpdateDate>2022/08/03 13:45</PriceUpdateDate>
      <ItemCode>7290014534698</ItemCode>
      <ItemType>1</ItemType>
      <ItemName>לה פסטה 65 תלתל 400 גר`</ItemName>
      <ManufactureName>תומר ייבוא ושיווק מוצרי מזון [</ManufactureName>
      <ManufactureCountry />
      <ManufactureItemDescription />
      <UnitQty>'יח</UnitQty>
      <Quantity>4</Quantity>
      <UnitMeasure>ל-100 גרם</UnitMeasure>
      <BisWeighted>0</BisWeighted>
      <QtyInPackage>1</QtyInPackage>
      <ItemPrice>3.90</ItemPrice>
      <UnitOfMeasurePrice>0.98</UnitOfMeasurePrice>
      <AllowDiscount>1</AllowDiscount>
      <itemStatus>1</itemStatus>
      <LastUpdateDate />
      <LastUpdateTime />
    </Product>
    <Product>
      <PriceUpdateDate>2022/08/03 13:45</PriceUpdateDate>
      <ItemCode>7290014534704</ItemCode>
      <ItemType>1</ItemType>
      <ItemName>לה פסטה 25 אטריות מרק 400 גרם</ItemName>
      <ManufactureName>תומר ייבוא ושיווק מוצרי מזון [</ManufactureName>
      <ManufactureCountry />
      <ManufactureItemDescription />
      <UnitQty>'יח</UnitQty>
      <Quantity>4</Quantity>
      <UnitMeasure>ל-100 גרם</UnitMeasure>
      <BisWeighted>0</BisWeighted>
      <QtyInPackage>1</QtyInPackage>
      <ItemPrice>3.90</ItemPrice>
      <UnitOfMeasurePrice>0.98</UnitOfMeasurePrice>
      <AllowDiscount>1</AllowDiscount>
      <itemStatus>1</itemStatus>
      <LastUpdateDate />
      <LastUpdateTime />
    </Product>
    <Product>
      <PriceUpdateDate>2022/10/27 19:10</PriceUpdateDate>
      <ItemCode>14547353</ItemCode>
      <ItemType>0</ItemType>
      <ItemName>זוג מברשת שיניים סנסודיין דואל קר</ItemName>
      <ManufactureName>גורי ע.ע.ע. בע`מ</ManufactureName>
      <ManufactureCountry />
      <ManufactureItemDescription />
      <UnitQty>'יח</UnitQty>
      <Quantity>0.75</Quantity>
      <UnitMeasure>ל-100 גרם</UnitMeasure>
      <BisWeighted>0</BisWeighted>
      <QtyInPackage>1</QtyInPackage>
      <ItemPrice>19.90</ItemPrice>
      <UnitOfMeasurePrice>26.53</UnitOfMeasurePrice>
      <AllowDiscount>1</AllowDiscount>
      <itemStatus>1</itemStatus>
      <LastUpdateDate />
      <LastUpdateTime />
    </Product>
    <Product>
      <PriceUpdateDate>2022/04/27 10:00</PriceUpdateDate>
      <ItemCode>14581036</ItemCode>
      <ItemType>0</ItemType>
      <ItemName>פחם טבעי 2 ק`ג</ItemName>
      <ManufactureName>פחמי הלהבה בעמ`</ManufactureName>
      <ManufactureCountry />
      <ManufactureItemDescription />
      <UnitQty>'יח</UnitQty>
      <Quantity>1</Quantity>
      <UnitMeasure />
      <BisWeighted>0</BisWeighted>
      <QtyInPackage>1</QtyInPackage>
      <ItemPrice>11.90</ItemPrice>
      <UnitOfMeasurePrice>11.90</UnitOfMeasurePrice>
      <AllowDiscount>0</AllowDiscount>
      <itemStatus>1</itemStatus>
      <LastUpdateDate />
      <LastUpdateTime />
    </Product>
    <Product>
      <PriceUpdateDate>2022/03/25 14:51</PriceUpdateDate>
      <ItemCode>7290014673410</ItemCode>
      <ItemType>1</ItemType>
      <ItemName>פלפל שחור טחון גרוס דק 250 גרם</ItemName>
      <ManufactureName>א.ל. ייצור ושיווק תבלינים בע`מ</ManufactureName>
      <ManufactureCountry />
      <ManufactureItemDescription />
      <UnitQty>'יח</UnitQty>
      <Quantity>2.50</Quantity>
      <UnitMeasure>ל-100 גרם</UnitMeasure>
      <BisWeighted>0</BisWeighted>
      <QtyInPackage>1</QtyInPackage>
      <ItemPrice>27.90</ItemPrice>
      <UnitOfMeasurePrice>11.16</UnitOfMeasurePrice>
      <AllowDiscount>0</AllowDiscount>
      <itemStatus>1</itemStatus>
      <LastUpdateDate />
      <LastUpdateTime />
    </Product>
    <Product>
      <PriceUpdateDate>2022/03/25 14:51</PriceUpdateDate>
      <ItemCode>14673434</ItemCode>
      <ItemType>0</ItemType>
      <ItemName>פלפל שחור טחון דק 80 גר`</ItemName>
      <ManufactureName>א.ל. ייצור ושיווק תבלינים בע`מ</ManufactureName>
      <ManufactureCountry />
      <ManufactureItemDescription />
      <UnitQty>'יח</UnitQty>
      <Quantity>8</Quantity>
      <UnitMeasure>ל-100 גרם</UnitMeasure>
      <BisWeighted>0</BisWeighted>
      <QtyInPackage>1</QtyInPackage>
      <ItemPrice>8.90</ItemPrice>
      <UnitOfMeasurePrice>1.11</UnitOfMeasurePrice>
      <AllowDiscount>0</AllowDiscount>
      <itemStatus>1</itemStatus>
      <LastUpdateDate />
      <LastUpdateTime />
    </Product>
    <Product>
      <PriceUpdateDate>2021/04/05 14:19</PriceUpdateDate>
      <ItemCode>7290014692299</ItemCode>
      <ItemType>1</ItemType>
      <ItemName>גבינת ברי 125  גר`CASTELLO</ItemName>
      <ManufactureName>ג. וילי-פוד אינטרנשיונל בע`מ</ManufactureName>
      <ManufactureCountry />
      <ManufactureItemDescription />
      <UnitQty>'יח</UnitQty>
      <Quantity>1.25</Quantity>
      <UnitMeasure>ל-100 גרם</UnitMeasure>
      <BisWeighted>0</BisWeighted>
      <QtyInPackage>1</QtyInPackage>
      <ItemPrice>14.90</ItemPrice>
      <UnitOfMeasurePrice>11.92</UnitOfMeasurePrice>
      <AllowDiscount>0</AllowDiscount>
      <itemStatus>1</itemStatus>
      <LastUpdateDate />
      <LastUpdateTime />
    </Product>
    <Product>
      <PriceUpdateDate>2022/08/24 16:07</PriceUpdateDate>
      <ItemCode>7290014692541</ItemCode>
      <ItemType>1</ItemType>
      <ItemName>צהובה מגורדת גולדן 500 גרם</ItemName>
      <ManufactureName>ג. וילי-פוד אינטרנשיונל בע`מ</ManufactureName>
      <ManufactureCountry />
      <ManufactureItemDescription />
      <UnitQty>'יח</UnitQty>
      <Quantity>5</Quantity>
      <UnitMeasure>ל-100 גרם</UnitMeasure>
      <BisWeighted>0</BisWeighted>
      <QtyInPackage>1</QtyInPackage>
      <ItemPrice>19.90</ItemPrice>
      <UnitOfMeasurePrice>3.98</UnitOfMeasurePrice>
      <AllowDiscount>0</AllowDiscount>
      <itemStatus>1</itemStatus>
      <LastUpdateDate />
      <LastUpdateTime />
    </Product>
    <Product>
      <PriceUpdateDate>2022/07/18 16:59</PriceUpdateDate>
      <ItemCode>14692565</ItemCode>
      <ItemType>0</ItemType>
      <ItemName>גרעיני תירס מתוק 320 גרם</ItemName>
      <ManufactureName>ג. וילי-פוד אינטרנשיונל בע`מ</ManufactureName>
      <ManufactureCountry />
      <ManufactureItemDescription />
      <UnitQty>'יח</UnitQty>
      <Quantity>3.20</Quantity>
      <UnitMeasure>ל-100 גרם</UnitMeasure>
      <BisWeighted>0</BisWeighted>
      <QtyInPackage>24</QtyInPackage>
      <ItemPrice>5.90</ItemPrice>
      <UnitOfMeasurePrice>1.84</UnitOfMeasurePrice>
      <AllowDiscount>0</AllowDiscount>
      <itemStatus>1</itemStatus>
      <LastUpdateDate />
      <LastUpdateTime />
    </Product>
    <Product>
      <PriceUpdateDate>2022/01/26 17:01</PriceUpdateDate>
      <ItemCode>7290014692817</ItemCode>
      <ItemType>1</ItemType>
      <ItemName>מוצרלה SAY CHEESE מגורדת 200גר בית יוס</ItemName>
      <ManufactureName>ג. וילי-פוד אינטרנשיונל בע`מ</ManufactureName>
      <ManufactureCountry />
      <ManufactureItemDescription />
      <UnitQty>'יח</UnitQty>
      <Quantity>2</Quantity>
      <UnitMeasure>ל-100 גרם</UnitMeasure>
      <BisWeighted>0</BisWeighted>
      <QtyInPackage>1</QtyInPackage>
      <ItemPrice>10.90</ItemPrice>
      <UnitOfMeasurePrice>5.45</UnitOfMeasurePrice>
      <AllowDiscount>0</AllowDiscount>
      <itemStatus>1</itemStatus>
      <LastUpdateDate />
      <LastUpdateTime />
    </Product>
    <Product>
      <PriceUpdateDate>2019/01/16 14:43</PriceUpdateDate>
      <ItemCode>14748651</ItemCode>
      <ItemType>0</ItemType>
      <ItemName>דג טוב פילה אמנון מצופה</ItemName>
      <ManufactureName>קבוצת אסם סחר</ManufactureName>
      <ManufactureCountry />
      <ManufactureItemDescription />
      <UnitQty>'יח</UnitQty>
      <Quantity>3.60</Quantity>
      <UnitMeasure>ל-100 גרם</UnitMeasure>
      <BisWeighted>0</BisWeighted>
      <QtyInPackage>1</QtyInPackage>
      <ItemPrice>32.90</ItemPrice>
      <UnitOfMeasurePrice>9.14</UnitOfMeasurePrice>
      <AllowDiscount>0</AllowDiscount>
      <itemStatus>1</itemStatus>
      <LastUpdateDate />
      <LastUpdateTime />
    </Product>
    <Product>
      <PriceUpdateDate>2019/10/18 09:44</PriceUpdateDate>
      <ItemCode>7290014758100</ItemCode>
      <ItemType>1</ItemType>
      <ItemName>מאגדת 8 יוגורט ביו תנובה 3% 150 גר`</ItemName>
      <ManufactureName>תנובה חלב</ManufactureName>
      <ManufactureCountry />
      <ManufactureItemDescription />
      <UnitQty>'יח</UnitQty>
      <Quantity>10</Quantity>
      <UnitMeasure>ל-100 גרם</UnitMeasure>
      <BisWeighted>0</BisWeighted>
      <QtyInPackage>1</QtyInPackage>
      <ItemPrice>16.50</ItemPrice>
      <UnitOfMeasurePrice>1.65</UnitOfMeasurePrice>
      <AllowDiscount>0</AllowDiscount>
      <itemStatus>1</itemStatus>
      <LastUpdateDate />
      <LastUpdateTime />
    </Product>
    <Product>
      <PriceUpdateDate>2019/11/03 14:28</PriceUpdateDate>
      <ItemCode>7290014758117</ItemCode>
      <ItemType>1</ItemType>
      <ItemName>מאגדת 8 יוגורט ביו תנובה 1.5% 150 גר`</ItemName>
      <ManufactureName>תנובה חלב</ManufactureName>
      <ManufactureCountry />
      <ManufactureItemDescription />
      <UnitQty>'יח</UnitQty>
      <Quantity>10</Quantity>
      <UnitMeasure>ל-100 גרם</UnitMeasure>
      <BisWeighted>0</BisWeighted>
      <QtyInPackage>1</QtyInPackage>
      <ItemPrice>16.90</ItemPrice>
      <UnitOfMeasurePrice>1.69</UnitOfMeasurePrice>
      <AllowDiscount>0</AllowDiscount>
      <itemStatus>1</itemStatus>
      <LastUpdateDate />
      <LastUpdateTime />
    </Product>
    <Product>
      <PriceUpdateDate>2019/01/16 14:43</PriceUpdateDate>
      <ItemCode>7290014758681</ItemCode>
      <ItemType>1</ItemType>
      <ItemName> קוטג% `1תנובה בגביע 250 גר`</ItemName>
      <ManufactureName>תנובה חלב</ManufactureName>
      <ManufactureCountry />
      <ManufactureItemDescription />
      <UnitQty>'יח</UnitQty>
      <Quantity>2.50</Quantity>
      <UnitMeasure>ל-100 גרם</UnitMeasure>
      <BisWeighted>0</BisWeighted>
      <QtyInPackage>1</QtyInPackage>
      <ItemPrice>5.60</ItemPrice>
      <UnitOfMeasurePrice>2.24</UnitOfMeasurePrice>
      <AllowDiscount>0</AllowDiscount>
      <itemStatus>1</itemStatus>
      <LastUpdateDate />
      <LastUpdateTime />
    </Product>
    <Product>
      <PriceUpdateDate>2019/11/19 14:04</PriceUpdateDate>
      <ItemCode>7290014759084</ItemCode>
      <ItemType>1</ItemType>
      <ItemName>נפוליאון (16% סקיני)</ItemName>
      <ManufactureName>תנובה חלב</ManufactureName>
      <ManufactureCountry />
      <ManufactureItemDescription />
      <UnitQty>'יח</UnitQty>
      <Quantity>2.25</Quantity>
      <UnitMeasure>ל-100 גרם</UnitMeasure>
      <BisWeighted>0</BisWeighted>
      <QtyInPackage>1</QtyInPackage>
      <ItemPrice>12.90</ItemPrice>
      <UnitOfMeasurePrice>5.73</UnitOfMeasurePrice>
      <AllowDiscount>0</AllowDiscount>
      <itemStatus>1</itemStatus>
      <LastUpdateDate />
      <LastUpdateTime />
    </Product>
    <Product>
      <PriceUpdateDate>2019/01/16 14:43</PriceUpdateDate>
      <ItemCode>7290014759985</ItemCode>
      <ItemType>1</ItemType>
      <ItemName>גבינת פרמזן פלח חדש 200 גר`</ItemName>
      <ManufactureName>תנובה חלב</ManufactureName>
      <ManufactureCountry />
      <ManufactureItemDescription />
      <UnitQty>'יח</UnitQty>
      <Quantity>2</Quantity>
      <UnitMeasure>ל-100 גרם</UnitMeasure>
      <BisWeighted>0</BisWeighted>
      <QtyInPackage>1</QtyInPackage>
      <ItemPrice>26.70</ItemPrice>
      <UnitOfMeasurePrice>13.35</UnitOfMeasurePrice>
      <AllowDiscount>0</AllowDiscount>
      <itemStatus>1</itemStatus>
      <LastUpdateDate />
      <LastUpdateTime />
    </Product>
    <Product>
      <PriceUpdateDate>2019/01/16 14:43</PriceUpdateDate>
      <ItemCode>14760134</ItemCode>
      <ItemType>0</ItemType>
      <ItemName>מעדן סויה בטעם וניל</ItemName>
      <ManufactureName>תנובה חלב</ManufactureName>
      <ManufactureCountry />
      <ManufactureItemDescription />
      <UnitQty>'יח</UnitQty>
      <Quantity>1.25</Quantity>
      <UnitMeasure>ל-100 גרם</UnitMeasure>
      <BisWeighted>0</BisWeighted>
      <QtyInPackage>1</QtyInPackage>
      <ItemPrice>3.90</ItemPrice>
      <UnitOfMeasurePrice>3.12</UnitOfMeasurePrice>
      <AllowDiscount>0</AllowDiscount>
      <itemStatus>1</itemStatus>
      <LastUpdateDate />
      <LastUpdateTime />
    </Product>
    <Product>
      <PriceUpdateDate>2019/11/03 14:28</PriceUpdateDate>
      <ItemCode>7290014760448</ItemCode>
      <ItemType>1</ItemType>
      <ItemName>גבינת גלבוע 400 גר`</ItemName>
      <ManufactureName>תנובה חלב</ManufactureName>
      <ManufactureCountry />
      <ManufactureItemDescription />
      <UnitQty>'יח</UnitQty>
      <Quantity>4</Quantity>
      <UnitMeasure>ל-100 גרם</UnitMeasure>
      <BisWeighted>0</BisWeighted>
      <QtyInPackage>1</QtyInPackage>
      <ItemPrice>23.90</ItemPrice>
      <UnitOfMeasurePrice>5.98</UnitOfMeasurePrice>
      <AllowDiscount>0</AllowDiscount>
      <itemStatus>1</itemStatus>
      <LastUpdateDate />
      <LastUpdateTime />
    </Product>
    <Product>
      <PriceUpdateDate>2019/01/16 14:43</PriceUpdateDate>
      <ItemCode>14761056</ItemCode>
      <ItemType>0</ItemType>
      <ItemName>מעדן YOLO שוקולד חלב מעולה</ItemName>
      <ManufactureName>תנובה חלב</ManufactureName>
      <ManufactureCountry />
      <ManufactureItemDescription />
      <UnitQty>'יח</UnitQty>
      <Quantity>1.23</Quantity>
      <UnitMeasure>ל-100 גרם</UnitMeasure>
      <BisWeighted>0</BisWeighted>
      <QtyInPackage>1</QtyInPackage>
      <ItemPrice>4.60</ItemPrice>
      <UnitOfMeasurePrice>3.74</UnitOfMeasurePrice>
      <AllowDiscount>0</AllowDiscount>
      <itemStatus>1</itemStatus>
      <LastUpdateDate />
      <LastUpdateTime />
    </Product>
    <Product>
      <PriceUpdateDate>2019/01/16 14:43</PriceUpdateDate>
      <ItemCode>14761063</ItemCode>
      <ItemType>0</ItemType>
      <ItemName>מעדן YOLO שוקולד מריר מעולה</ItemName>
      <ManufactureName>תנובה חלב</ManufactureName>
      <ManufactureCountry />
      <ManufactureItemDescription />
      <UnitQty>'יח</UnitQty>
      <Quantity>1.23</Quantity>
      <UnitMeasure>ל-100 גרם</UnitMeasure>
      <BisWeighted>0</BisWeighted>
      <QtyInPackage>1</QtyInPackage>
      <ItemPrice>4.60</ItemPrice>
      <UnitOfMeasurePrice>3.74</UnitOfMeasurePrice>
      <AllowDiscount>0</AllowDiscount>
      <itemStatus>1</itemStatus>
      <LastUpdateDate />
      <LastUpdateTime />
    </Product>
    <Product>
      <PriceUpdateDate>2019/01/16 14:43</PriceUpdateDate>
      <ItemCode>14761070</ItemCode>
      <ItemType>0</ItemType>
      <ItemName>מעדן YOLO שוקולד לבן מעולה</ItemName>
      <ManufactureName>תנובה חלב</ManufactureName>
      <ManufactureCountry />
      <ManufactureItemDescription />
      <UnitQty>'יח</UnitQty>
      <Quantity>1.23</Quantity>
      <UnitMeasure>ל-100 גרם</UnitMeasure>
      <BisWeighted>0</BisWeighted>
      <QtyInPackage>1</QtyInPackage>
      <ItemPrice>4.60</ItemPrice>
      <UnitOfMeasurePrice>3.74</UnitOfMeasurePrice>
      <AllowDiscount>0</AllowDiscount>
      <itemStatus>1</itemStatus>
      <LastUpdateDate />
      <LastUpdateTime />
    </Product>
    <Product>
      <PriceUpdateDate>2019/11/19 14:04</PriceUpdateDate>
      <ItemCode>7290014762756</ItemCode>
      <ItemType>1</ItemType>
      <ItemName>גבינת שמנת נפוליאון בטעם בצל 225 גרם</ItemName>
      <ManufactureName>תנובה חלב</ManufactureName>
      <ManufactureCountry />
      <ManufactureItemDescription />
      <UnitQty>'יח</UnitQty>
      <Quantity>2.25</Quantity>
      <UnitMeasure>ל-100 גרם</UnitMeasure>
      <BisWeighted>0</BisWeighted>
      <QtyInPackage>1</QtyInPackage>
      <ItemPrice>12.90</ItemPrice>
      <UnitOfMeasurePrice>5.73</UnitOfMeasurePrice>
      <AllowDiscount>0</AllowDiscount>
      <itemStatus>1</itemStatus>
      <LastUpdateDate />
      <LastUpdateTime />
    </Product>
    <Product>
      <PriceUpdateDate>2019/01/16 14:43</PriceUpdateDate>
      <ItemCode>14762800</ItemCode>
      <ItemType>0</ItemType>
      <ItemName>גביע מעדן סויה בטעם שוקולד</ItemName>
      <ManufactureName>תנובה חלב</ManufactureName>
      <ManufactureCountry />
      <ManufactureItemDescription />
      <UnitQty>'יח</UnitQty>
      <Quantity>1.24</Quantity>
      <UnitMeasure>ל-100 גרם</UnitMeasure>
      <BisWeighted>0</BisWeighted>
      <QtyInPackage>1</QtyInPackage>
      <ItemPrice>3.90</ItemPrice>
      <UnitOfMeasurePrice>3.15</UnitOfMeasurePrice>
      <AllowDiscount>0</AllowDiscount>
      <itemStatus>1</itemStatus>
      <LastUpdateDate />
      <LastUpdateTime />
    </Product>
    <Product>
      <PriceUpdateDate>2019/11/19 14:04</PriceUpdateDate>
      <ItemCode>7290014762831</ItemCode>
      <ItemType>1</ItemType>
      <ItemName>גבינת שמנת נפוליאון עם חלפיניו 225 גרם</ItemName>
      <ManufactureName>תנובה חלב</ManufactureName>
      <ManufactureCountry />
      <ManufactureItemDescription />
      <UnitQty>'יח</UnitQty>
      <Quantity>2.25</Quantity>
      <UnitMeasure>ל-100 גרם</UnitMeasure>
      <BisWeighted>0</BisWeighted>
      <QtyInPackage>1</QtyInPackage>
      <ItemPrice>12.90</ItemPrice>
      <UnitOfMeasurePrice>5.73</UnitOfMeasurePrice>
      <AllowDiscount>0</AllowDiscount>
      <itemStatus>1</itemStatus>
      <LastUpdateDate />
      <LastUpdateTime />
    </Product>
    <Product>
      <PriceUpdateDate>2019/01/16 14:43</PriceUpdateDate>
      <ItemCode>14762848</ItemCode>
      <ItemType>0</ItemType>
      <ItemName>פתיתי גבינת גלבוע 22% 500 גר`</ItemName>
      <ManufactureName>תנובה חלב</ManufactureName>
      <ManufactureCountry />
      <ManufactureItemDescription />
      <UnitQty>'יח</UnitQty>
      <Quantity>5</Quantity>
      <UnitMeasure>ל-100 גרם</UnitMeasure>
      <BisWeighted>0</BisWeighted>
      <QtyInPackage>1</QtyInPackage>
      <ItemPrice>34.90</ItemPrice>
      <UnitOfMeasurePrice>6.98</UnitOfMeasurePrice>
      <AllowDiscount>0</AllowDiscount>
      <itemStatus>1</itemStatus>
      <LastUpdateDate />
      <LastUpdateTime />
    </Product>
    <Product>
      <PriceUpdateDate>2019/01/16 14:43</PriceUpdateDate>
      <ItemCode>14763098</ItemCode>
      <ItemType>0</ItemType>
      <ItemName>קרם גבינת שמנת 5% טוסקנה</ItemName>
      <ManufactureName>תנובה חלב</ManufactureName>
      <ManufactureCountry />
      <ManufactureItemDescription />
      <UnitQty>'יח</UnitQty>
      <Quantity>2</Quantity>
      <UnitMeasure>ל-100 גרם</UnitMeasure>
      <BisWeighted>0</BisWeighted>
      <QtyInPackage>1</QtyInPackage>
      <ItemPrice>11.80</ItemPrice>
      <UnitOfMeasurePrice>5.90</UnitOfMeasurePrice>
      <AllowDiscount>0</AllowDiscount>
      <itemStatus>1</itemStatus>
      <LastUpdateDate />
      <LastUpdateTime />
    </Product>
    <Product>
      <PriceUpdateDate>2019/01/16 14:44</PriceUpdateDate>
      <ItemCode>7290014785069</ItemCode>
      <ItemType>1</ItemType>
      <ItemName>מירין משובח 250מ`ל</ItemName>
      <ManufactureName>טחנת האבן קואופ בעמ</ManufactureName>
      <ManufactureCountry />
      <ManufactureItemDescription />
      <UnitQty>'יח</UnitQty>
      <Quantity>1</Quantity>
      <UnitMeasure />
      <BisWeighted>0</BisWeighted>
      <QtyInPackage>1</QtyInPackage>
      <ItemPrice>10.60</ItemPrice>
      <UnitOfMeasurePrice>10.60</UnitOfMeasurePrice>
      <AllowDiscount>0</AllowDiscount>
      <itemStatus>1</itemStatus>
      <LastUpdateDate />
      <LastUpdateTime />
    </Product>
    <Product>
      <PriceUpdateDate>2020/12/07 15:06</PriceUpdateDate>
      <ItemCode>7290014785076</ItemCode>
      <ItemType>1</ItemType>
      <ItemName>קרם קוקוס ללא חומר משמר 430גר</ItemName>
      <ManufactureName>טחנת האבן קואופ בעמ</ManufactureName>
      <ManufactureCountry />
      <ManufactureItemDescription />
      <UnitQty>'יח</UnitQty>
      <Quantity>4.30</Quantity>
      <UnitMeasure>ל-100 גרם</UnitMeasure>
      <BisWeighted>0</BisWeighted>
      <QtyInPackage>1</QtyInPackage>
      <ItemPrice>7.90</ItemPrice>
      <UnitOfMeasurePrice>1.84</UnitOfMeasurePrice>
      <AllowDiscount>0</AllowDiscount>
      <itemStatus>1</itemStatus>
      <LastUpdateDate />
      <LastUpdateTime />
    </Product>
    <Product>
      <PriceUpdateDate>2022/10/18 20:22</PriceUpdateDate>
      <ItemCode>14785441</ItemCode>
      <ItemType>0</ItemType>
      <ItemName>אטריות ביצים 450 גר`</ItemName>
      <ManufactureName>טחנת האבן קואופ בעמ</ManufactureName>
      <ManufactureCountry />
      <ManufactureItemDescription />
      <UnitQty>'יח</UnitQty>
      <Quantity>4.50</Quantity>
      <UnitMeasure>ל-100 גרם</UnitMeasure>
      <BisWeighted>0</BisWeighted>
      <QtyInPackage>1</QtyInPackage>
      <ItemPrice>9.90</ItemPrice>
      <UnitOfMeasurePrice>2.20</UnitOfMeasurePrice>
      <AllowDiscount>0</AllowDiscount>
      <itemStatus>1</itemStatus>
      <LastUpdateDate />
      <LastUpdateTime />
    </Product>
    <Product>
      <PriceUpdateDate>2020/12/27 09:51</PriceUpdateDate>
      <ItemCode>14785564</ItemCode>
      <ItemType>0</ItemType>
      <ItemName>אטריות אודון מוכנות 200 גר`</ItemName>
      <ManufactureName>טחנת האבן קואופ בעמ</ManufactureName>
      <ManufactureCountry />
      <ManufactureItemDescription />
      <UnitQty>'יח</UnitQty>
      <Quantity>2</Quantity>
      <UnitMeasure>ל-100 גרם</UnitMeasure>
      <BisWeighted>0</BisWeighted>
      <QtyInPackage>1</QtyInPackage>
      <ItemPrice>3.90</ItemPrice>
      <UnitOfMeasurePrice>1.95</UnitOfMeasurePrice>
      <AllowDiscount>0</AllowDiscount>
      <itemStatus>1</itemStatus>
      <LastUpdateDate />
      <LastUpdateTime />
    </Product>
    <Product>
      <PriceUpdateDate>2020/12/27 09:51</PriceUpdateDate>
      <ItemCode>14785571</ItemCode>
      <ItemType>0</ItemType>
      <ItemName>אטריות מוכנות להקפצה  200 גר`</ItemName>
      <ManufactureName>טחנת האבן קואופ בעמ</ManufactureName>
      <ManufactureCountry />
      <ManufactureItemDescription />
      <UnitQty>'יח</UnitQty>
      <Quantity>2</Quantity>
      <UnitMeasure>ל-100 גרם</UnitMeasure>
      <BisWeighted>0</BisWeighted>
      <QtyInPackage>1</QtyInPackage>
      <ItemPrice>3.90</ItemPrice>
      <UnitOfMeasurePrice>1.95</UnitOfMeasurePrice>
      <AllowDiscount>0</AllowDiscount>
      <itemStatus>1</itemStatus>
      <LastUpdateDate />
      <LastUpdateTime />
    </Product>
    <Product>
      <PriceUpdateDate>2020/12/27 09:51</PriceUpdateDate>
      <ItemCode>14785588</ItemCode>
      <ItemType>0</ItemType>
      <ItemName>אטריות ראמן מוכנות 180 גר`</ItemName>
      <ManufactureName>טחנת האבן קואופ בעמ</ManufactureName>
      <ManufactureCountry />
      <ManufactureItemDescription />
      <UnitQty>'יח</UnitQty>
      <Quantity>1.80</Quantity>
      <UnitMeasure>ל-100 גרם</UnitMeasure>
      <BisWeighted>0</BisWeighted>
      <QtyInPackage>1</QtyInPackage>
      <ItemPrice>3.90</ItemPrice>
      <UnitOfMeasurePrice>2.17</UnitOfMeasurePrice>
      <AllowDiscount>0</AllowDiscount>
      <itemStatus>1</itemStatus>
      <LastUpdateDate />
      <LastUpdateTime />
    </Product>
    <Product>
      <PriceUpdateDate>2020/12/07 15:06</PriceUpdateDate>
      <ItemCode>14785991</ItemCode>
      <ItemType>0</ItemType>
      <ItemName>רוטב סויה ללא גלוטן 500מ`ל</ItemName>
      <ManufactureName>טחנת האבן קואופ בעמ</ManufactureName>
      <ManufactureCountry />
      <ManufactureItemDescription />
      <UnitQty>'יח</UnitQty>
      <Quantity>1</Quantity>
      <UnitMeasure />
      <BisWeighted>0</BisWeighted>
      <QtyInPackage>1</QtyInPackage>
      <ItemPrice>9.90</ItemPrice>
      <UnitOfMeasurePrice>9.90</UnitOfMeasurePrice>
      <AllowDiscount>0</AllowDiscount>
      <itemStatus>1</itemStatus>
      <LastUpdateDate />
      <LastUpdateTime />
    </Product>
    <Product>
      <PriceUpdateDate>2021/04/07 10:15</PriceUpdateDate>
      <ItemCode>14945197</ItemCode>
      <ItemType>0</ItemType>
      <ItemName>שטיח מיקרופייבר 40/60</ItemName>
      <ManufactureName>מ.א. יצור ויבוא מטליות בעמ`</ManufactureName>
      <ManufactureCountry />
      <ManufactureItemDescription />
      <UnitQty>'יח</UnitQty>
      <Quantity>1</Quantity>
      <UnitMeasure />
      <BisWeighted>0</BisWeighted>
      <QtyInPackage>1</QtyInPackage>
      <ItemPrice>19.90</ItemPrice>
      <UnitOfMeasurePrice>19.90</UnitOfMeasurePrice>
      <AllowDiscount>1</AllowDiscount>
      <itemStatus>1</itemStatus>
      <LastUpdateDate />
      <LastUpdateTime />
    </Product>
    <Product>
      <PriceUpdateDate>2022/01/31 13:58</PriceUpdateDate>
      <ItemCode>14945203</ItemCode>
      <ItemType>0</ItemType>
      <ItemName>שטיח מיקרופייבר גדול</ItemName>
      <ManufactureName>מ.א. יצור ויבוא מטליות בעמ`</ManufactureName>
      <ManufactureCountry />
      <ManufactureItemDescription />
      <UnitQty>'יח</UnitQty>
      <Quantity>1</Quantity>
      <UnitMeasure />
      <BisWeighted>0</BisWeighted>
      <QtyInPackage>1</QtyInPackage>
      <ItemPrice>34.90</ItemPrice>
      <UnitOfMeasurePrice>34.90</UnitOfMeasurePrice>
      <AllowDiscount>1</AllowDiscount>
      <itemStatus>1</itemStatus>
      <LastUpdateDate />
      <LastUpdateTime />
    </Product>
    <Product>
      <PriceUpdateDate>2019/01/16 14:44</PriceUpdateDate>
      <ItemCode>7290014962521</ItemCode>
      <ItemType>1</ItemType>
      <ItemName>משחת שיניים טפטפים לגילאי 2-6</ItemName>
      <ManufactureName>גורי ע.ע.ע. בע`מ</ManufactureName>
      <ManufactureCountry />
      <ManufactureItemDescription />
      <UnitQty>'יח</UnitQty>
      <Quantity>0</Quantity>
      <UnitMeasure>ל-100 גרם</UnitMeasure>
      <BisWeighted>0</BisWeighted>
      <QtyInPackage>1</QtyInPackage>
      <ItemPrice>10.60</ItemPrice>
      <UnitOfMeasurePrice>10.60</UnitOfMeasurePrice>
      <AllowDiscount>0</AllowDiscount>
      <itemStatus>1</itemStatus>
      <LastUpdateDate />
      <LastUpdateTime />
    </Product>
    <Product>
      <PriceUpdateDate>2019/01/16 14:44</PriceUpdateDate>
      <ItemCode>15039246</ItemCode>
      <ItemType>0</ItemType>
      <ItemName>רביעיית נתחי טונה בהירה בשמן 4*160 גרם</ItemName>
      <ManufactureName>ג. וילי-פוד אינטרנשיונל בע`מ</ManufactureName>
      <ManufactureCountry />
      <ManufactureItemDescription />
      <UnitQty>'יח</UnitQty>
      <Quantity>6.40</Quantity>
      <UnitMeasure>ל-100 גרם</UnitMeasure>
      <BisWeighted>0</BisWeighted>
      <QtyInPackage>12</QtyInPackage>
      <ItemPrice>19.90</ItemPrice>
      <UnitOfMeasurePrice>3.11</UnitOfMeasurePrice>
      <AllowDiscount>0</AllowDiscount>
      <itemStatus>1</itemStatus>
      <LastUpdateDate />
      <LastUpdateTime />
    </Product>
    <Product>
      <PriceUpdateDate>2022/01/26 17:01</PriceUpdateDate>
      <ItemCode>7290015039253</ItemCode>
      <ItemType>1</ItemType>
      <ItemName>עלי גפן במי מלח 620 גרם</ItemName>
      <ManufactureName>ג. וילי-פוד אינטרנשיונל בע`מ</ManufactureName>
      <ManufactureCountry />
      <ManufactureItemDescription />
      <UnitQty>'יח</UnitQty>
      <Quantity>6.20</Quantity>
      <UnitMeasure>ל-100 גרם</UnitMeasure>
      <BisWeighted>0</BisWeighted>
      <QtyInPackage>12</QtyInPackage>
      <ItemPrice>9.90</ItemPrice>
      <UnitOfMeasurePrice>1.60</UnitOfMeasurePrice>
      <AllowDiscount>0</AllowDiscount>
      <itemStatus>1</itemStatus>
      <LastUpdateDate />
      <LastUpdateTime />
    </Product>
    <Product>
      <PriceUpdateDate>2022/06/22 09:22</PriceUpdateDate>
      <ItemCode>15039482</ItemCode>
      <ItemType>0</ItemType>
      <ItemName>גבינת אדם 230 גרם</ItemName>
      <ManufactureName>ג. וילי-פוד אינטרנשיונל בע`מ</ManufactureName>
      <ManufactureCountry />
      <ManufactureItemDescription />
      <UnitQty>'יח</UnitQty>
      <Quantity>5</Quantity>
      <UnitMeasure>ל-100 גרם</UnitMeasure>
      <BisWeighted>0</BisWeighted>
      <QtyInPackage>1</QtyInPackage>
      <ItemPrice>23.90</ItemPrice>
      <UnitOfMeasurePrice>4.78</UnitOfMeasurePrice>
      <AllowDiscount>0</AllowDiscount>
      <itemStatus>1</itemStatus>
      <LastUpdateDate />
      <LastUpdateTime />
    </Product>
    <Product>
      <PriceUpdateDate>2021/02/02 17:00</PriceUpdateDate>
      <ItemCode>15139526</ItemCode>
      <ItemType>0</ItemType>
      <ItemName>אגו וופל בציפוי ומילוי שוקו 125 גר`</ItemName>
      <ManufactureName>כרמית תעשיות ממתקים בעמ</ManufactureName>
      <ManufactureCountry />
      <ManufactureItemDescription />
      <UnitQty>'יח</UnitQty>
      <Quantity>1.25</Quantity>
      <UnitMeasure>ל-100 גרם</UnitMeasure>
      <BisWeighted>0</BisWeighted>
      <QtyInPackage>1</QtyInPackage>
      <ItemPrice>8.90</ItemPrice>
      <UnitOfMeasurePrice>7.12</UnitOfMeasurePrice>
      <AllowDiscount>0</AllowDiscount>
      <itemStatus>1</itemStatus>
      <LastUpdateDate />
      <LastUpdateTime />
    </Product>
    <Product>
      <PriceUpdateDate>2019/01/16 14:44</PriceUpdateDate>
      <ItemCode>7290015150088</ItemCode>
      <ItemType>1</ItemType>
      <ItemName>מחית עגבניות 700 גר` גראנד איטליה</ItemName>
      <ManufactureName>תה ויסוצקי בע`מ</ManufactureName>
      <ManufactureCountry />
      <ManufactureItemDescription />
      <UnitQty>'יח</UnitQty>
      <Quantity>7</Quantity>
      <UnitMeasure>ל-100 גרם</UnitMeasure>
      <BisWeighted>0</BisWeighted>
      <QtyInPackage>1</QtyInPackage>
      <ItemPrice>13.80</ItemPrice>
      <UnitOfMeasurePrice>1.97</UnitOfMeasurePrice>
      <AllowDiscount>0</AllowDiscount>
      <itemStatus>1</itemStatus>
      <LastUpdateDate />
      <LastUpdateTime />
    </Product>
    <Product>
      <PriceUpdateDate>2021/12/23 16:28</PriceUpdateDate>
      <ItemCode>7290015150118</ItemCode>
      <ItemType>1</ItemType>
      <ItemName>עגבניות גרנד איטליה חתוכות דק 400 גר`</ItemName>
      <ManufactureName>תה ויסוצקי בע`מ</ManufactureName>
      <ManufactureCountry />
      <ManufactureItemDescription />
      <UnitQty>'יח</UnitQty>
      <Quantity>4</Quantity>
      <UnitMeasure>ל-100 גרם</UnitMeasure>
      <BisWeighted>0</BisWeighted>
      <QtyInPackage>1</QtyInPackage>
      <ItemPrice>16.90</ItemPrice>
      <UnitOfMeasurePrice>4.23</UnitOfMeasurePrice>
      <AllowDiscount>1</AllowDiscount>
      <itemStatus>1</itemStatus>
      <LastUpdateDate />
      <LastUpdateTime />
    </Product>
    <Product>
      <PriceUpdateDate>2020/07/16 11:34</PriceUpdateDate>
      <ItemCode>15150903</ItemCode>
      <ItemType>0</ItemType>
      <ItemName>תה ירוק קינמון ודבש 25 יח</ItemName>
      <ManufactureName>תה ויסוצקי בע`מ</ManufactureName>
      <ManufactureCountry />
      <ManufactureItemDescription />
      <UnitQty>'יח</UnitQty>
      <Quantity>0.25</Quantity>
      <UnitMeasure>ל-100 גרם</UnitMeasure>
      <BisWeighted>0</BisWeighted>
      <QtyInPackage>1</QtyInPackage>
      <ItemPrice>22.90</ItemPrice>
      <UnitOfMeasurePrice>91.60</UnitOfMeasurePrice>
      <AllowDiscount>1</AllowDiscount>
      <itemStatus>1</itemStatus>
      <LastUpdateDate />
      <LastUpdateTime />
    </Product>
    <Product>
      <PriceUpdateDate>2022/11/01 11:46</PriceUpdateDate>
      <ItemCode>15155243</ItemCode>
      <ItemType>0</ItemType>
      <ItemName>פרמיו כריות אנטי-היירבול לחתול 60ג</ItemName>
      <ManufactureName>שחורי אריה ואנסטסיה</ManufactureName>
      <ManufactureCountry />
      <ManufactureItemDescription />
      <UnitQty>'יח</UnitQty>
      <Quantity>0.60</Quantity>
      <UnitMeasure>ל-100 גרם</UnitMeasure>
      <BisWeighted>0</BisWeighted>
      <QtyInPackage>1</QtyInPackage>
      <ItemPrice>14.90</ItemPrice>
      <UnitOfMeasurePrice>24.83</UnitOfMeasurePrice>
      <AllowDiscount>0</AllowDiscount>
      <itemStatus>1</itemStatus>
      <LastUpdateDate />
      <LastUpdateTime />
    </Product>
    <Product>
      <PriceUpdateDate>2022/11/01 11:46</PriceUpdateDate>
      <ItemCode>15155250</ItemCode>
      <ItemType>0</ItemType>
      <ItemName>פרמיו כריות סלמון לחתול 60ג</ItemName>
      <ManufactureName>שחורי אריה ואנסטסיה</ManufactureName>
      <ManufactureCountry />
      <ManufactureItemDescription />
      <UnitQty>'יח</UnitQty>
      <Quantity>0.60</Quantity>
      <UnitMeasure>ל-100 גרם</UnitMeasure>
      <BisWeighted>0</BisWeighted>
      <QtyInPackage>1</QtyInPackage>
      <ItemPrice>14.90</ItemPrice>
      <UnitOfMeasurePrice>24.83</UnitOfMeasurePrice>
      <AllowDiscount>0</AllowDiscount>
      <itemStatus>1</itemStatus>
      <LastUpdateDate />
      <LastUpdateTime />
    </Product>
    <Product>
      <PriceUpdateDate>2022/11/01 11:46</PriceUpdateDate>
      <ItemCode>15155410</ItemCode>
      <ItemType>0</ItemType>
      <ItemName>פרמיו כריות דנטל 60 גר לחתול</ItemName>
      <ManufactureName>שחורי אריה ואנסטסיה</ManufactureName>
      <ManufactureCountry />
      <ManufactureItemDescription />
      <UnitQty>'יח</UnitQty>
      <Quantity>0.60</Quantity>
      <UnitMeasure>ל-100 גרם</UnitMeasure>
      <BisWeighted>0</BisWeighted>
      <QtyInPackage>1</QtyInPackage>
      <ItemPrice>14.90</ItemPrice>
      <UnitOfMeasurePrice>24.83</UnitOfMeasurePrice>
      <AllowDiscount>0</AllowDiscount>
      <itemStatus>1</itemStatus>
      <LastUpdateDate />
      <LastUpdateTime />
    </Product>
    <Product>
      <PriceUpdateDate>2022/11/01 11:46</PriceUpdateDate>
      <ItemCode>15155434</ItemCode>
      <ItemType>0</ItemType>
      <ItemName>פרמיו סטיק סלמון 15 גר</ItemName>
      <ManufactureName>שחורי אריה ואנסטסיה</ManufactureName>
      <ManufactureCountry />
      <ManufactureItemDescription />
      <UnitQty>'יח</UnitQty>
      <Quantity>0.15</Quantity>
      <UnitMeasure>ל-100 גרם</UnitMeasure>
      <BisWeighted>0</BisWeighted>
      <QtyInPackage>1</QtyInPackage>
      <ItemPrice>9.90</ItemPrice>
      <UnitOfMeasurePrice>66</UnitOfMeasurePrice>
      <AllowDiscount>0</AllowDiscount>
      <itemStatus>1</itemStatus>
      <LastUpdateDate />
      <LastUpdateTime />
    </Product>
    <Product>
      <PriceUpdateDate>2022/01/26 20:11</PriceUpdateDate>
      <ItemCode>15155823</ItemCode>
      <ItemType>0</ItemType>
      <ItemName>פאוץ פרינוק תפוח 120 גר`</ItemName>
      <ManufactureName>גורי מוצרי צריכה 1991 בע`מ</ManufactureName>
      <ManufactureCountry />
      <ManufactureItemDescription />
      <UnitQty>'יח</UnitQty>
      <Quantity>1.20</Quantity>
      <UnitMeasure>ל-100 גרם</UnitMeasure>
      <BisWeighted>0</BisWeighted>
      <QtyInPackage>1</QtyInPackage>
      <ItemPrice>5.90</ItemPrice>
      <UnitOfMeasurePrice>4.92</UnitOfMeasurePrice>
      <AllowDiscount>1</AllowDiscount>
      <itemStatus>1</itemStatus>
      <LastUpdateDate />
      <LastUpdateTime />
    </Product>
    <Product>
      <PriceUpdateDate>2022/01/26 20:11</PriceUpdateDate>
      <ItemCode>15155830</ItemCode>
      <ItemType>0</ItemType>
      <ItemName>פאוץ פרינוק תפוח בננה 120 גר`</ItemName>
      <ManufactureName>גורי מוצרי צריכה 1991 בע`מ</ManufactureName>
      <ManufactureCountry />
      <ManufactureItemDescription />
      <UnitQty>'יח</UnitQty>
      <Quantity>1.20</Quantity>
      <UnitMeasure>ל-100 גרם</UnitMeasure>
      <BisWeighted>0</BisWeighted>
      <QtyInPackage>1</QtyInPackage>
      <ItemPrice>5.90</ItemPrice>
      <UnitOfMeasurePrice>4.92</UnitOfMeasurePrice>
      <AllowDiscount>1</AllowDiscount>
      <itemStatus>1</itemStatus>
      <LastUpdateDate />
      <LastUpdateTime />
    </Product>
    <Product>
      <PriceUpdateDate>2022/01/26 20:11</PriceUpdateDate>
      <ItemCode>15155847</ItemCode>
      <ItemType>0</ItemType>
      <ItemName>פאוץ פרינוק סלט פירות 120 גר`</ItemName>
      <ManufactureName>גורי מוצרי צריכה 1991 בע`מ</ManufactureName>
      <ManufactureCountry />
      <ManufactureItemDescription />
      <UnitQty>'יח</UnitQty>
      <Quantity>1.20</Quantity>
      <UnitMeasure>ל-100 גרם</UnitMeasure>
      <BisWeighted>0</BisWeighted>
      <QtyInPackage>1</QtyInPackage>
      <ItemPrice>5.90</ItemPrice>
      <UnitOfMeasurePrice>4.92</UnitOfMeasurePrice>
      <AllowDiscount>1</AllowDiscount>
      <itemStatus>1</itemStatus>
      <LastUpdateDate />
      <LastUpdateTime />
    </Product>
    <Product>
      <PriceUpdateDate>2022/01/26 20:11</PriceUpdateDate>
      <ItemCode>15156776</ItemCode>
      <ItemType>0</ItemType>
      <ItemName>פאוץ פרינוק פירות טרופיים 120 גר`</ItemName>
      <ManufactureName>גורי מוצרי צריכה 1991 בע`מ</ManufactureName>
      <ManufactureCountry />
      <ManufactureItemDescription />
      <UnitQty>'יח</UnitQty>
      <Quantity>1.20</Quantity>
      <UnitMeasure>ל-100 גרם</UnitMeasure>
      <BisWeighted>0</BisWeighted>
      <QtyInPackage>1</QtyInPackage>
      <ItemPrice>5.90</ItemPrice>
      <UnitOfMeasurePrice>4.92</UnitOfMeasurePrice>
      <AllowDiscount>1</AllowDiscount>
      <itemStatus>1</itemStatus>
      <LastUpdateDate />
      <LastUpdateTime />
    </Product>
    <Product>
      <PriceUpdateDate>2021/06/07 10:00</PriceUpdateDate>
      <ItemCode>15282000</ItemCode>
      <ItemType>0</ItemType>
      <ItemName>איקרה אדומה 200 גר`</ItemName>
      <ManufactureName>סלטי שמיר</ManufactureName>
      <ManufactureCountry />
      <ManufactureItemDescription />
      <UnitQty>'יח</UnitQty>
      <Quantity>2</Quantity>
      <UnitMeasure>ל-100 גרם</UnitMeasure>
      <BisWeighted>0</BisWeighted>
      <QtyInPackage>8</QtyInPackage>
      <ItemPrice>13.90</ItemPrice>
      <UnitOfMeasurePrice>6.95</UnitOfMeasurePrice>
      <AllowDiscount>0</AllowDiscount>
      <itemStatus>1</itemStatus>
      <LastUpdateDate />
      <LastUpdateTime />
    </Product>
    <Product>
      <PriceUpdateDate>2019/07/03 08:47</PriceUpdateDate>
      <ItemCode>15324007</ItemCode>
      <ItemType>0</ItemType>
      <ItemName>פלפל שחור גרוס</ItemName>
      <ManufactureName>תבליני טעם וריח</ManufactureName>
      <ManufactureCountry />
      <ManufactureItemDescription />
      <UnitQty>'יח</UnitQty>
      <Quantity>1</Quantity>
      <UnitMeasure />
      <BisWeighted>0</BisWeighted>
      <QtyInPackage>1</QtyInPackage>
      <ItemPrice>10.90</ItemPrice>
      <UnitOfMeasurePrice>10.90</UnitOfMeasurePrice>
      <AllowDiscount>0</AllowDiscount>
      <itemStatus>1</itemStatus>
      <LastUpdateDate />
      <LastUpdateTime />
    </Product>
    <Product>
      <PriceUpdateDate>2019/07/03 08:47</PriceUpdateDate>
      <ItemCode>15324014</ItemCode>
      <ItemType>0</ItemType>
      <ItemName>פלפל שחור טחון</ItemName>
      <ManufactureName>תבליני טעם וריח</ManufactureName>
      <ManufactureCountry />
      <ManufactureItemDescription />
      <UnitQty>'יח</UnitQty>
      <Quantity>1</Quantity>
      <UnitMeasure />
      <BisWeighted>0</BisWeighted>
      <QtyInPackage>1</QtyInPackage>
      <ItemPrice>10.90</ItemPrice>
      <UnitOfMeasurePrice>10.90</UnitOfMeasurePrice>
      <AllowDiscount>0</AllowDiscount>
      <itemStatus>1</itemStatus>
      <LastUpdateDate />
      <LastUpdateTime />
    </Product>
    <Product>
      <PriceUpdateDate>2019/01/16 14:44</PriceUpdateDate>
      <ItemCode>15324038</ItemCode>
      <ItemType>0</ItemType>
      <ItemName>פפריקה מתוקה בשמן</ItemName>
      <ManufactureName>תבליני טעם וריח</ManufactureName>
      <ManufactureCountry />
      <ManufactureItemDescription />
      <UnitQty>'יח</UnitQty>
      <Quantity>1</Quantity>
      <UnitMeasure />
      <BisWeighted>0</BisWeighted>
      <QtyInPackage>1</QtyInPackage>
      <ItemPrice>5.90</ItemPrice>
      <UnitOfMeasurePrice>5.90</UnitOfMeasurePrice>
      <AllowDiscount>0</AllowDiscount>
      <itemStatus>1</itemStatus>
      <LastUpdateDate />
      <LastUpdateTime />
    </Product>
    <Product>
      <PriceUpdateDate>2019/01/16 14:44</PriceUpdateDate>
      <ItemCode>15324045</ItemCode>
      <ItemType>0</ItemType>
      <ItemName>פפריקה חריפה</ItemName>
      <ManufactureName>תבליני טעם וריח</ManufactureName>
      <ManufactureCountry />
      <ManufactureItemDescription />
      <UnitQty>'יח</UnitQty>
      <Quantity>1</Quantity>
      <UnitMeasure />
      <BisWeighted>0</BisWeighted>
      <QtyInPackage>1</QtyInPackage>
      <ItemPrice>5.90</ItemPrice>
      <UnitOfMeasurePrice>5.90</UnitOfMeasurePrice>
      <AllowDiscount>0</AllowDiscount>
      <itemStatus>1</itemStatus>
      <LastUpdateDate />
      <LastUpdateTime />
    </Product>
    <Product>
      <PriceUpdateDate>2019/07/03 08:47</PriceUpdateDate>
      <ItemCode>15324052</ItemCode>
      <ItemType>0</ItemType>
      <ItemName>פפריקה מתוקה</ItemName>
      <ManufactureName>תבליני טעם וריח</ManufactureName>
      <ManufactureCountry />
      <ManufactureItemDescription />
      <UnitQty>'יח</UnitQty>
      <Quantity>1</Quantity>
      <UnitMeasure />
      <BisWeighted>0</BisWeighted>
      <QtyInPackage>1</QtyInPackage>
      <ItemPrice>5.90</ItemPrice>
      <UnitOfMeasurePrice>5.90</UnitOfMeasurePrice>
      <AllowDiscount>0</AllowDiscount>
      <itemStatus>1</itemStatus>
      <LastUpdateDate />
      <LastUpdateTime />
    </Product>
    <Product>
      <PriceUpdateDate>2019/07/03 08:47</PriceUpdateDate>
      <ItemCode>15324069</ItemCode>
      <ItemType>0</ItemType>
      <ItemName>גריל עוף</ItemName>
      <ManufactureName>תבליני טעם וריח</ManufactureName>
      <ManufactureCountry />
      <ManufactureItemDescription />
      <UnitQty>'יח</UnitQty>
      <Quantity>1</Quantity>
      <UnitMeasure />
      <BisWeighted>0</BisWeighted>
      <QtyInPackage>1</QtyInPackage>
      <ItemPrice>5.90</ItemPrice>
      <UnitOfMeasurePrice>5.90</UnitOfMeasurePrice>
      <AllowDiscount>0</AllowDiscount>
      <itemStatus>1</itemStatus>
      <LastUpdateDate />
      <LastUpdateTime />
    </Product>
    <Product>
      <PriceUpdateDate>2019/07/03 08:47</PriceUpdateDate>
      <ItemCode>15324076</ItemCode>
      <ItemType>0</ItemType>
      <ItemName>זעתר מעורב</ItemName>
      <ManufactureName>תבליני טעם וריח</ManufactureName>
      <ManufactureCountry />
      <ManufactureItemDescription />
      <UnitQty>'יח</UnitQty>
      <Quantity>1</Quantity>
      <UnitMeasure />
      <BisWeighted>0</BisWeighted>
      <QtyInPackage>1</QtyInPackage>
      <ItemPrice>5.90</ItemPrice>
      <UnitOfMeasurePrice>5.90</UnitOfMeasurePrice>
      <AllowDiscount>0</AllowDiscount>
      <itemStatus>1</itemStatus>
      <LastUpdateDate />
      <LastUpdateTime />
    </Product>
    <Product>
      <PriceUpdateDate>2019/07/03 08:47</PriceUpdateDate>
      <ItemCode>15324083</ItemCode>
      <ItemType>0</ItemType>
      <ItemName>מלח לימון</ItemName>
      <ManufactureName>תבליני טעם וריח</ManufactureName>
      <ManufactureCountry />
      <ManufactureItemDescription />
      <UnitQty>'יח</UnitQty>
      <Quantity>1</Quantity>
      <UnitMeasure />
      <BisWeighted>0</BisWeighted>
      <QtyInPackage>1</QtyInPackage>
      <ItemPrice>5.90</ItemPrice>
      <UnitOfMeasurePrice>5.90</UnitOfMeasurePrice>
      <AllowDiscount>0</AllowDiscount>
      <itemStatus>1</itemStatus>
      <LastUpdateDate />
      <LastUpdateTime />
    </Product>
    <Product>
      <PriceUpdateDate>2021/08/05 16:01</PriceUpdateDate>
      <ItemCode>7290015324090</ItemCode>
      <ItemType>1</ItemType>
      <ItemName>כמון טחון בשקית</ItemName>
      <ManufactureName>תבליני טעם וריח</ManufactureName>
      <ManufactureCountry />
      <ManufactureItemDescription />
      <UnitQty>'יח</UnitQty>
      <Quantity>1</Quantity>
      <UnitMeasure />
      <BisWeighted>0</BisWeighted>
      <QtyInPackage>1</QtyInPackage>
      <ItemPrice>5.90</ItemPrice>
      <UnitOfMeasurePrice>5.90</UnitOfMeasurePrice>
      <AllowDiscount>0</AllowDiscount>
      <itemStatus>1</itemStatus>
      <LastUpdateDate />
      <LastUpdateTime />
    </Product>
    <Product>
      <PriceUpdateDate>2019/01/16 14:44</PriceUpdateDate>
      <ItemCode>15324106</ItemCode>
      <ItemType>0</ItemType>
      <ItemName>כורכום טחון</ItemName>
      <ManufactureName>תבליני טעם וריח</ManufactureName>
      <ManufactureCountry />
      <ManufactureItemDescription />
      <UnitQty>'יח</UnitQty>
      <Quantity>1</Quantity>
      <UnitMeasure />
      <BisWeighted>0</BisWeighted>
      <QtyInPackage>1</QtyInPackage>
      <ItemPrice>5.90</ItemPrice>
      <UnitOfMeasurePrice>5.90</UnitOfMeasurePrice>
      <AllowDiscount>0</AllowDiscount>
      <itemStatus>1</itemStatus>
      <LastUpdateDate />
      <LastUpdateTime />
    </Product>
    <Product>
      <PriceUpdateDate>2021/08/05 16:01</PriceUpdateDate>
      <ItemCode>15324113</ItemCode>
      <ItemType>0</ItemType>
      <ItemName>בהרט</ItemName>
      <ManufactureName>תבליני טעם וריח</ManufactureName>
      <ManufactureCountry />
      <ManufactureItemDescription />
      <UnitQty>'יח</UnitQty>
      <Quantity>1</Quantity>
      <UnitMeasure />
      <BisWeighted>0</BisWeighted>
      <QtyInPackage>1</QtyInPackage>
      <ItemPrice>5.90</ItemPrice>
      <UnitOfMeasurePrice>5.90</UnitOfMeasurePrice>
      <AllowDiscount>0</AllowDiscount>
      <itemStatus>1</itemStatus>
      <LastUpdateDate />
      <LastUpdateTime />
    </Product>
    <Product>
      <PriceUpdateDate>2021/08/05 16:01</PriceUpdateDate>
      <ItemCode>15324120</ItemCode>
      <ItemType>0</ItemType>
      <ItemName>שום גבישי בשקית 80 גר`</ItemName>
      <ManufactureName>תבליני טעם וריח</ManufactureName>
      <ManufactureCountry />
      <ManufactureItemDescription />
      <UnitQty>'יח</UnitQty>
      <Quantity>1</Quantity>
      <UnitMeasure />
      <BisWeighted>0</BisWeighted>
      <QtyInPackage>1</QtyInPackage>
      <ItemPrice>5.90</ItemPrice>
      <UnitOfMeasurePrice>5.90</UnitOfMeasurePrice>
      <AllowDiscount>0</AllowDiscount>
      <itemStatus>1</itemStatus>
      <LastUpdateDate />
      <LastUpdateTime />
    </Product>
    <Product>
      <PriceUpdateDate>2021/08/05 16:01</PriceUpdateDate>
      <ItemCode>15324151</ItemCode>
      <ItemType>0</ItemType>
      <ItemName>חוואיג`למרק</ItemName>
      <ManufactureName>תבליני טעם וריח</ManufactureName>
      <ManufactureCountry />
      <ManufactureItemDescription />
      <UnitQty>'יח</UnitQty>
      <Quantity>1</Quantity>
      <UnitMeasure />
      <BisWeighted>0</BisWeighted>
      <QtyInPackage>1</QtyInPackage>
      <ItemPrice>5.90</ItemPrice>
      <UnitOfMeasurePrice>5.90</UnitOfMeasurePrice>
      <AllowDiscount>0</AllowDiscount>
      <itemStatus>1</itemStatus>
      <LastUpdateDate />
      <LastUpdateTime />
    </Product>
    <Product>
      <PriceUpdateDate>2019/07/03 08:47</PriceUpdateDate>
      <ItemCode>15324168</ItemCode>
      <ItemType>0</ItemType>
      <ItemName>תיבול על האש</ItemName>
      <ManufactureName>תבליני טעם וריח</ManufactureName>
      <ManufactureCountry />
      <ManufactureItemDescription />
      <UnitQty>'יח</UnitQty>
      <Quantity>1</Quantity>
      <UnitMeasure />
      <BisWeighted>0</BisWeighted>
      <QtyInPackage>1</QtyInPackage>
      <ItemPrice>5.90</ItemPrice>
      <UnitOfMeasurePrice>5.90</UnitOfMeasurePrice>
      <AllowDiscount>0</AllowDiscount>
      <itemStatus>1</itemStatus>
      <LastUpdateDate />
      <LastUpdateTime />
    </Product>
    <Product>
      <PriceUpdateDate>2019/07/03 08:47</PriceUpdateDate>
      <ItemCode>15324175</ItemCode>
      <ItemType>0</ItemType>
      <ItemName>תיבול לשווארמה</ItemName>
      <ManufactureName>תבליני טעם וריח</ManufactureName>
      <ManufactureCountry />
      <ManufactureItemDescription />
      <UnitQty>'יח</UnitQty>
      <Quantity>1</Quantity>
      <UnitMeasure />
      <BisWeighted>0</BisWeighted>
      <QtyInPackage>1</QtyInPackage>
      <ItemPrice>5.90</ItemPrice>
      <UnitOfMeasurePrice>5.90</UnitOfMeasurePrice>
      <AllowDiscount>0</AllowDiscount>
      <itemStatus>1</itemStatus>
      <LastUpdateDate />
      <LastUpdateTime />
    </Product>
    <Product>
      <PriceUpdateDate>2019/12/11 13:49</PriceUpdateDate>
      <ItemCode>15324519</ItemCode>
      <ItemType>0</ItemType>
      <ItemName>תערובת לפיצה שקית 80 גר`</ItemName>
      <ManufactureName>תבליני טעם וריח</ManufactureName>
      <ManufactureCountry />
      <ManufactureItemDescription />
      <UnitQty>'יח</UnitQty>
      <Quantity>1</Quantity>
      <UnitMeasure />
      <BisWeighted>0</BisWeighted>
      <QtyInPackage>1</QtyInPackage>
      <ItemPrice>5.90</ItemPrice>
      <UnitOfMeasurePrice>5.90</UnitOfMeasurePrice>
      <AllowDiscount>0</AllowDiscount>
      <itemStatus>1</itemStatus>
      <LastUpdateDate />
      <LastUpdateTime />
    </Product>
    <Product>
      <PriceUpdateDate>2019/12/11 13:49</PriceUpdateDate>
      <ItemCode>15324557</ItemCode>
      <ItemType>0</ItemType>
      <ItemName>בהרט לבישול מיכל גדול 80 גר`</ItemName>
      <ManufactureName>תבליני טעם וריח</ManufactureName>
      <ManufactureCountry />
      <ManufactureItemDescription />
      <UnitQty>'יח</UnitQty>
      <Quantity>1</Quantity>
      <UnitMeasure />
      <BisWeighted>0</BisWeighted>
      <QtyInPackage>1</QtyInPackage>
      <ItemPrice>9.90</ItemPrice>
      <UnitOfMeasurePrice>9.90</UnitOfMeasurePrice>
      <AllowDiscount>1</AllowDiscount>
      <itemStatus>1</itemStatus>
      <LastUpdateDate />
      <LastUpdateTime />
    </Product>
    <Product>
      <PriceUpdateDate>2020/01/16 08:34</PriceUpdateDate>
      <ItemCode>15324571</ItemCode>
      <ItemType>0</ItemType>
      <ItemName>פפריקה מתוקה בשמן 400 גר`</ItemName>
      <ManufactureName>תבליני טעם וריח</ManufactureName>
      <ManufactureCountry />
      <ManufactureItemDescription />
      <UnitQty>'יח</UnitQty>
      <Quantity>4</Quantity>
      <UnitMeasure>ל-100 גרם</UnitMeasure>
      <BisWeighted>0</BisWeighted>
      <QtyInPackage>1</QtyInPackage>
      <ItemPrice>19.90</ItemPrice>
      <UnitOfMeasurePrice>4.98</UnitOfMeasurePrice>
      <AllowDiscount>1</AllowDiscount>
      <itemStatus>1</itemStatus>
      <LastUpdateDate />
      <LastUpdateTime />
    </Product>
    <Product>
      <PriceUpdateDate>2020/05/20 18:22</PriceUpdateDate>
      <ItemCode>7290015366663</ItemCode>
      <ItemType>1</ItemType>
      <ItemName>משחת שיניים אקווה פרש מנטה עדין 100 מ`</ItemName>
      <ManufactureName>גורי ע.ע.ע. בע`מ</ManufactureName>
      <ManufactureCountry />
      <ManufactureItemDescription />
      <UnitQty>'יח</UnitQty>
      <Quantity>1</Quantity>
      <UnitMeasure>ל-100 מ"ל</UnitMeasure>
      <BisWeighted>0</BisWeighted>
      <QtyInPackage>1</QtyInPackage>
      <ItemPrice>7.90</ItemPrice>
      <UnitOfMeasurePrice>7.90</UnitOfMeasurePrice>
      <AllowDiscount>1</AllowDiscount>
      <itemStatus>1</itemStatus>
      <LastUpdateDate />
      <LastUpdateTime />
    </Product>
    <Product>
      <PriceUpdateDate>2020/05/20 18:22</PriceUpdateDate>
      <ItemCode>7290015366670</ItemCode>
      <ItemType>1</ItemType>
      <ItemName>משחת שיניים אקווה פרש מנטה 100 מ"ל</ItemName>
      <ManufactureName>גורי ע.ע.ע. בע`מ</ManufactureName>
      <ManufactureCountry />
      <ManufactureItemDescription />
      <UnitQty>'יח</UnitQty>
      <Quantity>1</Quantity>
      <UnitMeasure>ל-100 מ"ל</UnitMeasure>
      <BisWeighted>0</BisWeighted>
      <QtyInPackage>1</QtyInPackage>
      <ItemPrice>6.90</ItemPrice>
      <UnitOfMeasurePrice>6.90</UnitOfMeasurePrice>
      <AllowDiscount>1</AllowDiscount>
      <itemStatus>1</itemStatus>
      <LastUpdateDate />
      <LastUpdateTime />
    </Product>
    <Product>
      <PriceUpdateDate>2022/01/12 19:00</PriceUpdateDate>
      <ItemCode>15437431</ItemCode>
      <ItemType>0</ItemType>
      <ItemName>רכז רימונים 420 גר`</ItemName>
      <ManufactureName>תומר ייבוא ושיווק מוצרי מזון [</ManufactureName>
      <ManufactureCountry />
      <ManufactureItemDescription />
      <UnitQty>'יח</UnitQty>
      <Quantity>1</Quantity>
      <UnitMeasure />
      <BisWeighted>0</BisWeighted>
      <QtyInPackage>1</QtyInPackage>
      <ItemPrice>19.90</ItemPrice>
      <UnitOfMeasurePrice>19.90</UnitOfMeasurePrice>
      <AllowDiscount>0</AllowDiscount>
      <itemStatus>1</itemStatus>
      <LastUpdateDate />
      <LastUpdateTime />
    </Product>
    <Product>
      <PriceUpdateDate>2019/01/16 14:44</PriceUpdateDate>
      <ItemCode>7290015652254</ItemCode>
      <ItemType>1</ItemType>
      <ItemName>גרעיני חמניה קלויים 400 גרם</ItemName>
      <ManufactureName>דין שיווק וקליה 2021 בעמ</ManufactureName>
      <ManufactureCountry />
      <ManufactureItemDescription />
      <UnitQty>'יח</UnitQty>
      <Quantity>4</Quantity>
      <UnitMeasure>ל-100 גרם</UnitMeasure>
      <BisWeighted>0</BisWeighted>
      <QtyInPackage>1</QtyInPackage>
      <ItemPrice>10</ItemPrice>
      <UnitOfMeasurePrice>2.50</UnitOfMeasurePrice>
      <AllowDiscount>0</AllowDiscount>
      <itemStatus>1</itemStatus>
      <LastUpdateDate />
      <LastUpdateTime />
    </Product>
    <Product>
      <PriceUpdateDate>2019/01/16 14:44</PriceUpdateDate>
      <ItemCode>15652261</ItemCode>
      <ItemType>0</ItemType>
      <ItemName>בוטנים קלויים 300 גרם</ItemName>
      <ManufactureName>דין שיווק וקליה 2021 בעמ</ManufactureName>
      <ManufactureCountry />
      <ManufactureItemDescription />
      <UnitQty>'יח</UnitQty>
      <Quantity>3</Quantity>
      <UnitMeasure>ל-100 גרם</UnitMeasure>
      <BisWeighted>0</BisWeighted>
      <QtyInPackage>1</QtyInPackage>
      <ItemPrice>10</ItemPrice>
      <UnitOfMeasurePrice>3.33</UnitOfMeasurePrice>
      <AllowDiscount>0</AllowDiscount>
      <itemStatus>1</itemStatus>
      <LastUpdateDate />
      <LastUpdateTime />
    </Product>
    <Product>
      <PriceUpdateDate>2019/01/16 14:44</PriceUpdateDate>
      <ItemCode>7290015652278</ItemCode>
      <ItemType>1</ItemType>
      <ItemName>תערובת פיצוחים 250 גרם</ItemName>
      <ManufactureName>דין שיווק וקליה 2021 בעמ</ManufactureName>
      <ManufactureCountry />
      <ManufactureItemDescription />
      <UnitQty>'יח</UnitQty>
      <Quantity>2.50</Quantity>
      <UnitMeasure>ל-100 גרם</UnitMeasure>
      <BisWeighted>0</BisWeighted>
      <QtyInPackage>1</QtyInPackage>
      <ItemPrice>20</ItemPrice>
      <UnitOfMeasurePrice>8</UnitOfMeasurePrice>
      <AllowDiscount>0</AllowDiscount>
      <itemStatus>1</itemStatus>
      <LastUpdateDate />
      <LastUpdateTime />
    </Product>
    <Product>
      <PriceUpdateDate>2019/01/16 14:44</PriceUpdateDate>
      <ItemCode>7290015652292</ItemCode>
      <ItemType>1</ItemType>
      <ItemName>קבוקים עם שומשום 400 גרם</ItemName>
      <ManufactureName>דין שיווק וקליה 2021 בעמ</ManufactureName>
      <ManufactureCountry />
      <ManufactureItemDescription />
      <UnitQty>'יח</UnitQty>
      <Quantity>4</Quantity>
      <UnitMeasure>ל-100 גרם</UnitMeasure>
      <BisWeighted>0</BisWeighted>
      <QtyInPackage>1</QtyInPackage>
      <ItemPrice>10</ItemPrice>
      <UnitOfMeasurePrice>2.50</UnitOfMeasurePrice>
      <AllowDiscount>0</AllowDiscount>
      <itemStatus>1</itemStatus>
      <LastUpdateDate />
      <LastUpdateTime />
    </Product>
    <Product>
      <PriceUpdateDate>2019/01/16 14:44</PriceUpdateDate>
      <ItemCode>7290015652308</ItemCode>
      <ItemType>1</ItemType>
      <ItemName>מנצ`ס 300 גרם</ItemName>
      <ManufactureName>דין שיווק וקליה 2021 בעמ</ManufactureName>
      <ManufactureCountry />
      <ManufactureItemDescription />
      <UnitQty>'יח</UnitQty>
      <Quantity>3</Quantity>
      <UnitMeasure>ל-100 גרם</UnitMeasure>
      <BisWeighted>0</BisWeighted>
      <QtyInPackage>1</QtyInPackage>
      <ItemPrice>10</ItemPrice>
      <UnitOfMeasurePrice>3.33</UnitOfMeasurePrice>
      <AllowDiscount>0</AllowDiscount>
      <itemStatus>1</itemStatus>
      <LastUpdateDate />
      <LastUpdateTime />
    </Product>
    <Product>
      <PriceUpdateDate>2019/01/16 14:44</PriceUpdateDate>
      <ItemCode>7290015652315</ItemCode>
      <ItemType>1</ItemType>
      <ItemName>חמוציות מסוכרות 300 גרם</ItemName>
      <ManufactureName>דין שיווק וקליה 2021 בעמ</ManufactureName>
      <ManufactureCountry />
      <ManufactureItemDescription />
      <UnitQty>'יח</UnitQty>
      <Quantity>3</Quantity>
      <UnitMeasure>ל-100 גרם</UnitMeasure>
      <BisWeighted>0</BisWeighted>
      <QtyInPackage>1</QtyInPackage>
      <ItemPrice>10</ItemPrice>
      <UnitOfMeasurePrice>3.33</UnitOfMeasurePrice>
      <AllowDiscount>0</AllowDiscount>
      <itemStatus>1</itemStatus>
      <LastUpdateDate />
      <LastUpdateTime />
    </Product>
    <Product>
      <PriceUpdateDate>2019/01/16 14:44</PriceUpdateDate>
      <ItemCode>7290015652322</ItemCode>
      <ItemType>1</ItemType>
      <ItemName>בוטנים אמריקאים מצופים 400 גרם</ItemName>
      <ManufactureName>דין שיווק וקליה 2021 בעמ</ManufactureName>
      <ManufactureCountry />
      <ManufactureItemDescription />
      <UnitQty>'יח</UnitQty>
      <Quantity>4</Quantity>
      <UnitMeasure>ל-100 גרם</UnitMeasure>
      <BisWeighted>0</BisWeighted>
      <QtyInPackage>1</QtyInPackage>
      <ItemPrice>10</ItemPrice>
      <UnitOfMeasurePrice>2.50</UnitOfMeasurePrice>
      <AllowDiscount>0</AllowDiscount>
      <itemStatus>1</itemStatus>
      <LastUpdateDate />
      <LastUpdateTime />
    </Product>
    <Product>
      <PriceUpdateDate>2021/07/27 16:29</PriceUpdateDate>
      <ItemCode>7290015652407</ItemCode>
      <ItemType>1</ItemType>
      <ItemName>פיסטוק קלוי 250 גר`</ItemName>
      <ManufactureName>דין שיווק וקליה 2021 בעמ</ManufactureName>
      <ManufactureCountry />
      <ManufactureItemDescription />
      <UnitQty>'יח</UnitQty>
      <Quantity>3</Quantity>
      <UnitMeasure>ל-100 גרם</UnitMeasure>
      <BisWeighted>0</BisWeighted>
      <QtyInPackage>1</QtyInPackage>
      <ItemPrice>20</ItemPrice>
      <UnitOfMeasurePrice>6.67</UnitOfMeasurePrice>
      <AllowDiscount>0</AllowDiscount>
      <itemStatus>1</itemStatus>
      <LastUpdateDate />
      <LastUpdateTime />
    </Product>
    <Product>
      <PriceUpdateDate>2019/01/16 14:44</PriceUpdateDate>
      <ItemCode>15733229</ItemCode>
      <ItemType>0</ItemType>
      <ItemName>מטרנה אקסטרא קייר שלב 2 700 גרם</ItemName>
      <ManufactureName>קבוצת אסם סחר</ManufactureName>
      <ManufactureCountry />
      <ManufactureItemDescription />
      <UnitQty>'יח</UnitQty>
      <Quantity>7</Quantity>
      <UnitMeasure>ל-100 גרם</UnitMeasure>
      <BisWeighted>0</BisWeighted>
      <QtyInPackage>1</QtyInPackage>
      <ItemPrice>64.10</ItemPrice>
      <UnitOfMeasurePrice>9.16</UnitOfMeasurePrice>
      <AllowDiscount>0</AllowDiscount>
      <itemStatus>1</itemStatus>
      <LastUpdateDate />
      <LastUpdateTime />
    </Product>
    <Product>
      <PriceUpdateDate>2022/10/23 19:20</PriceUpdateDate>
      <ItemCode>15733427</ItemCode>
      <ItemType>0</ItemType>
      <ItemName>מטרנה דייסת גם וגם וניל פרו 300 גר`</ItemName>
      <ManufactureName>קבוצת אסם סחר</ManufactureName>
      <ManufactureCountry />
      <ManufactureItemDescription />
      <UnitQty>'יח</UnitQty>
      <Quantity>3</Quantity>
      <UnitMeasure>ל-100 גרם</UnitMeasure>
      <BisWeighted>0</BisWeighted>
      <QtyInPackage>1</QtyInPackage>
      <ItemPrice>21.90</ItemPrice>
      <UnitOfMeasurePrice>7.30</UnitOfMeasurePrice>
      <AllowDiscount>0</AllowDiscount>
      <itemStatus>1</itemStatus>
      <LastUpdateDate />
      <LastUpdateTime />
    </Product>
    <Product>
      <PriceUpdateDate>2021/07/22 15:12</PriceUpdateDate>
      <ItemCode>7290015804394</ItemCode>
      <ItemType>1</ItemType>
      <ItemName>רסק עגבניות BX22</ItemName>
      <ManufactureName>ויטה פרי גליל (החדשה) בע`מ</ManufactureName>
      <ManufactureCountry />
      <ManufactureItemDescription />
      <UnitQty>'יח</UnitQty>
      <Quantity>2.60</Quantity>
      <UnitMeasure>ל-100 גרם</UnitMeasure>
      <BisWeighted>0</BisWeighted>
      <QtyInPackage>1</QtyInPackage>
      <ItemPrice>3.90</ItemPrice>
      <UnitOfMeasurePrice>1.50</UnitOfMeasurePrice>
      <AllowDiscount>1</AllowDiscount>
      <itemStatus>1</itemStatus>
      <LastUpdateDate />
      <LastUpdateTime />
    </Product>
    <Product>
      <PriceUpdateDate>2021/07/22 15:12</PriceUpdateDate>
      <ItemCode>7290015804400</ItemCode>
      <ItemType>1</ItemType>
      <ItemName>עגבניות מרוסקות 260 גר`</ItemName>
      <ManufactureName>ויטה פרי גליל (החדשה) בע`מ</ManufactureName>
      <ManufactureCountry />
      <ManufactureItemDescription />
      <UnitQty>'יח</UnitQty>
      <Quantity>2.60</Quantity>
      <UnitMeasure>ל-100 גרם</UnitMeasure>
      <BisWeighted>0</BisWeighted>
      <QtyInPackage>1</QtyInPackage>
      <ItemPrice>3.90</ItemPrice>
      <UnitOfMeasurePrice>1.50</UnitOfMeasurePrice>
      <AllowDiscount>1</AllowDiscount>
      <itemStatus>1</itemStatus>
      <LastUpdateDate />
      <LastUpdateTime />
    </Product>
    <Product>
      <PriceUpdateDate>2019/10/06 10:00</PriceUpdateDate>
      <ItemCode>15858106</ItemCode>
      <ItemType>0</ItemType>
      <ItemName>ממרח פסטו ביתי  עללחם 180 גר`</ItemName>
      <ManufactureName>שטראוס גרופ בע`מ</ManufactureName>
      <ManufactureCountry />
      <ManufactureItemDescription />
      <UnitQty>'יח</UnitQty>
      <Quantity>1.80</Quantity>
      <UnitMeasure>ל-100 גרם</UnitMeasure>
      <BisWeighted>0</BisWeighted>
      <QtyInPackage>1</QtyInPackage>
      <ItemPrice>17.90</ItemPrice>
      <UnitOfMeasurePrice>9.94</UnitOfMeasurePrice>
      <AllowDiscount>0</AllowDiscount>
      <itemStatus>1</itemStatus>
      <LastUpdateDate />
      <LastUpdateTime />
    </Product>
    <Product>
      <PriceUpdateDate>2021/02/14 11:21</PriceUpdateDate>
      <ItemCode>15858212</ItemCode>
      <ItemType>0</ItemType>
      <ItemName>ממרח לימון כבוש  עללחם 180 גר`</ItemName>
      <ManufactureName>שטראוס גרופ בע`מ</ManufactureName>
      <ManufactureCountry />
      <ManufactureItemDescription />
      <UnitQty>'יח</UnitQty>
      <Quantity>1.80</Quantity>
      <UnitMeasure>ל-100 גרם</UnitMeasure>
      <BisWeighted>0</BisWeighted>
      <QtyInPackage>1</QtyInPackage>
      <ItemPrice>17.90</ItemPrice>
      <UnitOfMeasurePrice>9.94</UnitOfMeasurePrice>
      <AllowDiscount>0</AllowDiscount>
      <itemStatus>1</itemStatus>
      <LastUpdateDate />
      <LastUpdateTime />
    </Product>
    <Product>
      <PriceUpdateDate>2020/07/27 12:57</PriceUpdateDate>
      <ItemCode>15866132</ItemCode>
      <ItemType>0</ItemType>
      <ItemName>כרובית ארוזה</ItemName>
      <ManufactureName>ביכורי השדה הצפון בעמ` 1964</ManufactureName>
      <ManufactureCountry />
      <ManufactureItemDescription />
      <UnitQty>'יח</UnitQty>
      <Quantity>1</Quantity>
      <UnitMeasure />
      <BisWeighted>1</BisWeighted>
      <QtyInPackage>1</QtyInPackage>
      <ItemPrice>10.90</ItemPrice>
      <UnitOfMeasurePrice>10.90</UnitOfMeasurePrice>
      <AllowDiscount>0</AllowDiscount>
      <itemStatus>1</itemStatus>
      <LastUpdateDate />
      <LastUpdateTime />
    </Product>
    <Product>
      <PriceUpdateDate>2019/01/16 14:44</PriceUpdateDate>
      <ItemCode>15996754</ItemCode>
      <ItemType>0</ItemType>
      <ItemName>סוכרזית סטיוויה 300 טבליות</ItemName>
      <ManufactureName>שטראוס גרופ בע`מ</ManufactureName>
      <ManufactureCountry />
      <ManufactureItemDescription />
      <UnitQty>'יח</UnitQty>
      <Quantity>1</Quantity>
      <UnitMeasure />
      <BisWeighted>0</BisWeighted>
      <QtyInPackage>6</QtyInPackage>
      <ItemPrice>34.90</ItemPrice>
      <UnitOfMeasurePrice>34.90</UnitOfMeasurePrice>
      <AllowDiscount>0</AllowDiscount>
      <itemStatus>1</itemStatus>
      <LastUpdateDate />
      <LastUpdateTime />
    </Product>
    <Product>
      <PriceUpdateDate>2022/02/08 12:57</PriceUpdateDate>
      <ItemCode>15996983</ItemCode>
      <ItemType>0</ItemType>
      <ItemName>סוכלוז 0 קלוריות 100 שק`</ItemName>
      <ManufactureName>שטראוס גרופ בע`מ</ManufactureName>
      <ManufactureCountry />
      <ManufactureItemDescription />
      <UnitQty>'יח</UnitQty>
      <Quantity>0.13</Quantity>
      <UnitMeasure>ל-100 מ"ל</UnitMeasure>
      <BisWeighted>0</BisWeighted>
      <QtyInPackage>12</QtyInPackage>
      <ItemPrice>25.90</ItemPrice>
      <UnitOfMeasurePrice>199.23</UnitOfMeasurePrice>
      <AllowDiscount>0</AllowDiscount>
      <itemStatus>1</itemStatus>
      <LastUpdateDate />
      <LastUpdateTime />
    </Product>
    <Product>
      <PriceUpdateDate>2021/04/27 16:23</PriceUpdateDate>
      <ItemCode>16006025</ItemCode>
      <ItemType>0</ItemType>
      <ItemName>סודה שוופס בודד 500 מ"ל בקבוק</ItemName>
      <ManufactureName>יפאורה - שותפות מוגבלת לשיווק</ManufactureName>
      <ManufactureCountry />
      <ManufactureItemDescription />
      <UnitQty>'יח</UnitQty>
      <Quantity>3</Quantity>
      <UnitMeasure>ל-100 מ"ל</UnitMeasure>
      <BisWeighted>0</BisWeighted>
      <QtyInPackage>1</QtyInPackage>
      <ItemPrice>3.90</ItemPrice>
      <UnitOfMeasurePrice>1.20</UnitOfMeasurePrice>
      <AllowDiscount>0</AllowDiscount>
      <itemStatus>1</itemStatus>
      <LastUpdateDate />
      <LastUpdateTime />
    </Product>
    <Product>
      <PriceUpdateDate>2022/01/03 13:00</PriceUpdateDate>
      <ItemCode>16006339</ItemCode>
      <ItemType>0</ItemType>
      <ItemName>מי עדן 1  ל`רביעייה פיקדון</ItemName>
      <ManufactureName>יפאורה - שותפות מוגבלת לשיווק</ManufactureName>
      <ManufactureCountry />
      <ManufactureItemDescription />
      <UnitQty>'יח</UnitQty>
      <Quantity>4</Quantity>
      <UnitMeasure>ל-100 מ"ל</UnitMeasure>
      <BisWeighted>0</BisWeighted>
      <QtyInPackage>1</QtyInPackage>
      <ItemPrice>10.10</ItemPrice>
      <UnitOfMeasurePrice>2.23</UnitOfMeasurePrice>
      <AllowDiscount>0</AllowDiscount>
      <itemStatus>1</itemStatus>
      <LastUpdateDate />
      <LastUpdateTime />
    </Product>
    <Product>
      <PriceUpdateDate>2022/07/20 21:37</PriceUpdateDate>
      <ItemCode>16006346</ItemCode>
      <ItemType>0</ItemType>
      <ItemName>שישיית שרינק ל`שוופס סודה 0.5*6</ItemName>
      <ManufactureName>יפאורה - שותפות מוגבלת לשיווק</ManufactureName>
      <ManufactureCountry />
      <ManufactureItemDescription />
      <UnitQty>'יח</UnitQty>
      <Quantity>3</Quantity>
      <UnitMeasure>ל-100 מ"ל</UnitMeasure>
      <BisWeighted>0</BisWeighted>
      <QtyInPackage>1</QtyInPackage>
      <ItemPrice>14.90</ItemPrice>
      <UnitOfMeasurePrice>4.37</UnitOfMeasurePrice>
      <AllowDiscount>0</AllowDiscount>
      <itemStatus>1</itemStatus>
      <LastUpdateDate />
      <LastUpdateTime />
    </Product>
    <Product>
      <PriceUpdateDate>2019/01/16 14:44</PriceUpdateDate>
      <ItemCode>16087222</ItemCode>
      <ItemType>0</ItemType>
      <ItemName>רוטב עגבניות מרוכז לשקשוקה 230 גר`</ItemName>
      <ManufactureName>אבאל יזמות בעמ</ManufactureName>
      <ManufactureCountry />
      <ManufactureItemDescription />
      <UnitQty>'יח</UnitQty>
      <Quantity>2.40</Quantity>
      <UnitMeasure>ל-100 גרם</UnitMeasure>
      <BisWeighted>0</BisWeighted>
      <QtyInPackage>1</QtyInPackage>
      <ItemPrice>4.90</ItemPrice>
      <UnitOfMeasurePrice>2.04</UnitOfMeasurePrice>
      <AllowDiscount>0</AllowDiscount>
      <itemStatus>1</itemStatus>
      <LastUpdateDate />
      <LastUpdateTime />
    </Product>
    <Product>
      <PriceUpdateDate>2021/11/10 08:15</PriceUpdateDate>
      <ItemCode>16136739</ItemCode>
      <ItemType>0</ItemType>
      <ItemName>פתיתים פוזילי ללא גלוטן 340 גר`</ItemName>
      <ManufactureName>גורי מוצרי צריכה 1991 בע`מ</ManufactureName>
      <ManufactureCountry />
      <ManufactureItemDescription />
      <UnitQty>'יח</UnitQty>
      <Quantity>3.40</Quantity>
      <UnitMeasure>ל-100 גרם</UnitMeasure>
      <BisWeighted>0</BisWeighted>
      <QtyInPackage>12</QtyInPackage>
      <ItemPrice>13.90</ItemPrice>
      <UnitOfMeasurePrice>4.09</UnitOfMeasurePrice>
      <AllowDiscount>0</AllowDiscount>
      <itemStatus>1</itemStatus>
      <LastUpdateDate />
      <LastUpdateTime />
    </Product>
    <Product>
      <PriceUpdateDate>2022/07/12 14:36</PriceUpdateDate>
      <ItemCode>16144000</ItemCode>
      <ItemType>0</ItemType>
      <ItemName>קמח חיטה 80% נפלאות 1 ק"ג</ItemName>
      <ManufactureName>תה ויסוצקי בע`מ</ManufactureName>
      <ManufactureCountry />
      <ManufactureItemDescription />
      <UnitQty>'יח</UnitQty>
      <Quantity>10</Quantity>
      <UnitMeasure>ל-100 גרם</UnitMeasure>
      <BisWeighted>0</BisWeighted>
      <QtyInPackage>1</QtyInPackage>
      <ItemPrice>8.90</ItemPrice>
      <UnitOfMeasurePrice>0.89</UnitOfMeasurePrice>
      <AllowDiscount>0</AllowDiscount>
      <itemStatus>1</itemStatus>
      <LastUpdateDate />
      <LastUpdateTime />
    </Product>
    <Product>
      <PriceUpdateDate>2022/07/12 14:36</PriceUpdateDate>
      <ItemCode>16144017</ItemCode>
      <ItemType>0</ItemType>
      <ItemName>קמח חיטה 100% נפלאות 1 ק"ג</ItemName>
      <ManufactureName>תה ויסוצקי בע`מ</ManufactureName>
      <ManufactureCountry />
      <ManufactureItemDescription />
      <UnitQty>'יח</UnitQty>
      <Quantity>10</Quantity>
      <UnitMeasure>ל-100 גרם</UnitMeasure>
      <BisWeighted>0</BisWeighted>
      <QtyInPackage>1</QtyInPackage>
      <ItemPrice>8.90</ItemPrice>
      <UnitOfMeasurePrice>0.89</UnitOfMeasurePrice>
      <AllowDiscount>0</AllowDiscount>
      <itemStatus>1</itemStatus>
      <LastUpdateDate />
      <LastUpdateTime />
    </Product>
    <Product>
      <PriceUpdateDate>2022/07/12 14:36</PriceUpdateDate>
      <ItemCode>16144031</ItemCode>
      <ItemType>0</ItemType>
      <ItemName>קמח חיטה לבן מנופה נפלאות 1 ק"ג</ItemName>
      <ManufactureName>תה ויסוצקי בע`מ</ManufactureName>
      <ManufactureCountry />
      <ManufactureItemDescription />
      <UnitQty>'יח</UnitQty>
      <Quantity>10</Quantity>
      <UnitMeasure>ל-100 גרם</UnitMeasure>
      <BisWeighted>0</BisWeighted>
      <QtyInPackage>1</QtyInPackage>
      <ItemPrice>6.90</ItemPrice>
      <UnitOfMeasurePrice>0.69</UnitOfMeasurePrice>
      <AllowDiscount>0</AllowDiscount>
      <itemStatus>1</itemStatus>
      <LastUpdateDate />
      <LastUpdateTime />
    </Product>
    <Product>
      <PriceUpdateDate>2022/07/12 14:36</PriceUpdateDate>
      <ItemCode>16144048</ItemCode>
      <ItemType>0</ItemType>
      <ItemName>קמח כוסמין לבן נפלאות 1 קג</ItemName>
      <ManufactureName>תה ויסוצקי בע`מ</ManufactureName>
      <ManufactureCountry />
      <ManufactureItemDescription />
      <UnitQty>'יח</UnitQty>
      <Quantity>10</Quantity>
      <UnitMeasure>ל-100 גרם</UnitMeasure>
      <BisWeighted>0</BisWeighted>
      <QtyInPackage>1</QtyInPackage>
      <ItemPrice>13.90</ItemPrice>
      <UnitOfMeasurePrice>1.39</UnitOfMeasurePrice>
      <AllowDiscount>0</AllowDiscount>
      <itemStatus>1</itemStatus>
      <LastUpdateDate />
      <LastUpdateTime />
    </Product>
    <Product>
      <PriceUpdateDate>2021/03/30 06:35</PriceUpdateDate>
      <ItemCode>16150391</ItemCode>
      <ItemType>0</ItemType>
      <ItemName>סלק בואקום</ItemName>
      <ManufactureName>ביכורי השדה הצפון בעמ` 1964</ManufactureName>
      <ManufactureCountry />
      <ManufactureItemDescription />
      <UnitQty>'יח</UnitQty>
      <Quantity>1</Quantity>
      <UnitMeasure />
      <BisWeighted>0</BisWeighted>
      <QtyInPackage>1</QtyInPackage>
      <ItemPrice>8.90</ItemPrice>
      <UnitOfMeasurePrice>8.90</UnitOfMeasurePrice>
      <AllowDiscount>0</AllowDiscount>
      <itemStatus>1</itemStatus>
      <LastUpdateDate />
      <LastUpdateTime />
    </Product>
    <Product>
      <PriceUpdateDate>2022/10/19 21:26</PriceUpdateDate>
      <ItemCode>16188585</ItemCode>
      <ItemType>0</ItemType>
      <ItemName>למברוסקו רוזה חצי יבש 750 מ`ל</ItemName>
      <ManufactureName>אגודת הכורמים</ManufactureName>
      <ManufactureCountry />
      <ManufactureItemDescription />
      <UnitQty>'יח</UnitQty>
      <Quantity>7.50</Quantity>
      <UnitMeasure>ל-100 מ"ל</UnitMeasure>
      <BisWeighted>0</BisWeighted>
      <QtyInPackage>1</QtyInPackage>
      <ItemPrice>27.90</ItemPrice>
      <UnitOfMeasurePrice>3.68</UnitOfMeasurePrice>
      <AllowDiscount>1</AllowDiscount>
      <itemStatus>1</itemStatus>
      <LastUpdateDate />
      <LastUpdateTime />
    </Product>
    <Product>
      <PriceUpdateDate>2019/01/16 14:44</PriceUpdateDate>
      <ItemCode>16197488</ItemCode>
      <ItemType>0</ItemType>
      <ItemName>מטלית קסם לשיש מארז שלישייה</ItemName>
      <ManufactureName>חוגלה קימברלי שיווק בע`מ</ManufactureName>
      <ManufactureCountry />
      <ManufactureItemDescription />
      <UnitQty>'יח</UnitQty>
      <Quantity>1</Quantity>
      <UnitMeasure />
      <BisWeighted>0</BisWeighted>
      <QtyInPackage>24</QtyInPackage>
      <ItemPrice>14.90</ItemPrice>
      <UnitOfMeasurePrice>14.90</UnitOfMeasurePrice>
      <AllowDiscount>0</AllowDiscount>
      <itemStatus>1</itemStatus>
      <LastUpdateDate />
      <LastUpdateTime />
    </Product>
    <Product>
      <PriceUpdateDate>2022/01/19 11:03</PriceUpdateDate>
      <ItemCode>16197495</ItemCode>
      <ItemType>0</ItemType>
      <ItemName>מטלית קסם לרצפה מארז זוג</ItemName>
      <ManufactureName>חוגלה קימברלי שיווק בע`מ</ManufactureName>
      <ManufactureCountry />
      <ManufactureItemDescription />
      <UnitQty>'יח</UnitQty>
      <Quantity>1</Quantity>
      <UnitMeasure />
      <BisWeighted>0</BisWeighted>
      <QtyInPackage>24</QtyInPackage>
      <ItemPrice>15.90</ItemPrice>
      <UnitOfMeasurePrice>15.90</UnitOfMeasurePrice>
      <AllowDiscount>0</AllowDiscount>
      <itemStatus>1</itemStatus>
      <LastUpdateDate />
      <LastUpdateTime />
    </Product>
    <Product>
      <PriceUpdateDate>2022/08/03 13:45</PriceUpdateDate>
      <ItemCode>16233711</ItemCode>
      <ItemType>0</ItemType>
      <ItemName>לה פסטה לינגוויני 400 גר`</ItemName>
      <ManufactureName>תומר ייבוא ושיווק מוצרי מזון [</ManufactureName>
      <ManufactureCountry />
      <ManufactureItemDescription />
      <UnitQty>'יח</UnitQty>
      <Quantity>4</Quantity>
      <UnitMeasure>ל-100 גרם</UnitMeasure>
      <BisWeighted>0</BisWeighted>
      <QtyInPackage>20</QtyInPackage>
      <ItemPrice>3.90</ItemPrice>
      <UnitOfMeasurePrice>0.98</UnitOfMeasurePrice>
      <AllowDiscount>1</AllowDiscount>
      <itemStatus>1</itemStatus>
      <LastUpdateDate />
      <LastUpdateTime />
    </Product>
    <Product>
      <PriceUpdateDate>2019/07/03 08:47</PriceUpdateDate>
      <ItemCode>7290016246018</ItemCode>
      <ItemType>1</ItemType>
      <ItemName>בארכה מיקס פינוקיות חלבה 200 גרם</ItemName>
      <ManufactureName>קבוצת אסם סחר</ManufactureName>
      <ManufactureCountry />
      <ManufactureItemDescription />
      <UnitQty>'יח</UnitQty>
      <Quantity>2</Quantity>
      <UnitMeasure>ל-100 גרם</UnitMeasure>
      <BisWeighted>0</BisWeighted>
      <QtyInPackage>1</QtyInPackage>
      <ItemPrice>12.90</ItemPrice>
      <UnitOfMeasurePrice>6.45</UnitOfMeasurePrice>
      <AllowDiscount>0</AllowDiscount>
      <itemStatus>1</itemStatus>
      <LastUpdateDate />
      <LastUpdateTime />
    </Product>
    <Product>
      <PriceUpdateDate>2019/01/16 14:44</PriceUpdateDate>
      <ItemCode>16246292</ItemCode>
      <ItemType>0</ItemType>
      <ItemName>בארכה מאגדת 7 חטיפי חלבה וניל לוז</ItemName>
      <ManufactureName>קבוצת אסם סחר</ManufactureName>
      <ManufactureCountry />
      <ManufactureItemDescription />
      <UnitQty>'יח</UnitQty>
      <Quantity>1.20</Quantity>
      <UnitMeasure>ל-100 גרם</UnitMeasure>
      <BisWeighted>0</BisWeighted>
      <QtyInPackage>1</QtyInPackage>
      <ItemPrice>11.90</ItemPrice>
      <UnitOfMeasurePrice>9.92</UnitOfMeasurePrice>
      <AllowDiscount>0</AllowDiscount>
      <itemStatus>1</itemStatus>
      <LastUpdateDate />
      <LastUpdateTime />
    </Product>
    <Product>
      <PriceUpdateDate>2019/07/03 08:47</PriceUpdateDate>
      <ItemCode>16246452</ItemCode>
      <ItemType>0</ItemType>
      <ItemName>בארכה טחינה מעודנת לחיץ לימון</ItemName>
      <ManufactureName>קבוצת אסם סחר</ManufactureName>
      <ManufactureCountry />
      <ManufactureItemDescription />
      <UnitQty>'יח</UnitQty>
      <Quantity>0.31</Quantity>
      <UnitMeasure>ל-100 גרם</UnitMeasure>
      <BisWeighted>0</BisWeighted>
      <QtyInPackage>1</QtyInPackage>
      <ItemPrice>11.90</ItemPrice>
      <UnitOfMeasurePrice>38.39</UnitOfMeasurePrice>
      <AllowDiscount>0</AllowDiscount>
      <itemStatus>1</itemStatus>
      <LastUpdateDate />
      <LastUpdateTime />
    </Product>
    <Product>
      <PriceUpdateDate>2021/12/12 07:26</PriceUpdateDate>
      <ItemCode>16270709</ItemCode>
      <ItemType>0</ItemType>
      <ItemName>שרי ארוז</ItemName>
      <ManufactureName>ביכורי השדה הצפון בעמ` 1964</ManufactureName>
      <ManufactureCountry />
      <ManufactureItemDescription />
      <UnitQty>'יח</UnitQty>
      <Quantity>1</Quantity>
      <UnitMeasure />
      <BisWeighted>0</BisWeighted>
      <QtyInPackage>1</QtyInPackage>
      <ItemPrice>9.90</ItemPrice>
      <UnitOfMeasurePrice>9.90</UnitOfMeasurePrice>
      <AllowDiscount>0</AllowDiscount>
      <itemStatus>1</itemStatus>
      <LastUpdateDate />
      <LastUpdateTime />
    </Product>
    <Product>
      <PriceUpdateDate>2021/07/27 16:29</PriceUpdateDate>
      <ItemCode>7290016276756</ItemCode>
      <ItemType>1</ItemType>
      <ItemName>מעדן 4 פירות 100% רכיבי פרי ללא תוספת</ItemName>
      <ManufactureName>דין שיווק וקליה 2021 בעמ</ManufactureName>
      <ManufactureCountry />
      <ManufactureItemDescription />
      <UnitQty>'יח</UnitQty>
      <Quantity>2.84</Quantity>
      <UnitMeasure>ל-100 גרם</UnitMeasure>
      <BisWeighted>0</BisWeighted>
      <QtyInPackage>1</QtyInPackage>
      <ItemPrice>9.90</ItemPrice>
      <UnitOfMeasurePrice>3.49</UnitOfMeasurePrice>
      <AllowDiscount>0</AllowDiscount>
      <itemStatus>1</itemStatus>
      <LastUpdateDate />
      <LastUpdateTime />
    </Product>
    <Product>
      <PriceUpdateDate>2021/07/27 16:29</PriceUpdateDate>
      <ItemCode>7290016276794</ItemCode>
      <ItemType>1</ItemType>
      <ItemName>מעדן תפוז 100% רכיבי פרי ללא תוספת סוכ</ItemName>
      <ManufactureName>דין שיווק וקליה 2021 בעמ</ManufactureName>
      <ManufactureCountry />
      <ManufactureItemDescription />
      <UnitQty>'יח</UnitQty>
      <Quantity>2.84</Quantity>
      <UnitMeasure>ל-100 גרם</UnitMeasure>
      <BisWeighted>0</BisWeighted>
      <QtyInPackage>1</QtyInPackage>
      <ItemPrice>9.90</ItemPrice>
      <UnitOfMeasurePrice>3.49</UnitOfMeasurePrice>
      <AllowDiscount>0</AllowDiscount>
      <itemStatus>1</itemStatus>
      <LastUpdateDate />
      <LastUpdateTime />
    </Product>
    <Product>
      <PriceUpdateDate>2022/06/14 08:18</PriceUpdateDate>
      <ItemCode>16276831</ItemCode>
      <ItemType>0</ItemType>
      <ItemName>תבשיל איטריות בטעם בקר</ItemName>
      <ManufactureName>דין שיווק וקליה 2021 בעמ</ManufactureName>
      <ManufactureCountry />
      <ManufactureItemDescription />
      <UnitQty>'יח</UnitQty>
      <Quantity>1</Quantity>
      <UnitMeasure>ל-100 גרם</UnitMeasure>
      <BisWeighted>0</BisWeighted>
      <QtyInPackage>1</QtyInPackage>
      <ItemPrice>5.90</ItemPrice>
      <UnitOfMeasurePrice>5.90</UnitOfMeasurePrice>
      <AllowDiscount>0</AllowDiscount>
      <itemStatus>1</itemStatus>
      <LastUpdateDate />
      <LastUpdateTime />
    </Product>
    <Product>
      <PriceUpdateDate>2022/06/14 08:18</PriceUpdateDate>
      <ItemCode>16276848</ItemCode>
      <ItemType>0</ItemType>
      <ItemName>תבשיל איטריות בטעם עוף</ItemName>
      <ManufactureName>דין שיווק וקליה 2021 בעמ</ManufactureName>
      <ManufactureCountry />
      <ManufactureItemDescription />
      <UnitQty>'יח</UnitQty>
      <Quantity>1</Quantity>
      <UnitMeasure>ל-100 גרם</UnitMeasure>
      <BisWeighted>0</BisWeighted>
      <QtyInPackage>1</QtyInPackage>
      <ItemPrice>5.90</ItemPrice>
      <UnitOfMeasurePrice>5.90</UnitOfMeasurePrice>
      <AllowDiscount>0</AllowDiscount>
      <itemStatus>1</itemStatus>
      <LastUpdateDate />
      <LastUpdateTime />
    </Product>
    <Product>
      <PriceUpdateDate>2021/01/31 14:59</PriceUpdateDate>
      <ItemCode>16321661</ItemCode>
      <ItemType>0</ItemType>
      <ItemName>מגבוני פרש וונס רביעייה סנסטיב</ItemName>
      <ManufactureName>דנאגיס בעמ</ManufactureName>
      <ManufactureCountry />
      <ManufactureItemDescription />
      <UnitQty>'יח</UnitQty>
      <Quantity>1</Quantity>
      <UnitMeasure>'יח</UnitMeasure>
      <BisWeighted>0</BisWeighted>
      <QtyInPackage>1</QtyInPackage>
      <ItemPrice>16.90</ItemPrice>
      <UnitOfMeasurePrice>16.90</UnitOfMeasurePrice>
      <AllowDiscount>1</AllowDiscount>
      <itemStatus>1</itemStatus>
      <LastUpdateDate />
      <LastUpdateTime />
    </Product>
    <Product>
      <PriceUpdateDate>2021/01/31 14:59</PriceUpdateDate>
      <ItemCode>16321678</ItemCode>
      <ItemType>0</ItemType>
      <ItemName>מגבוני פרש וונס רביעייה נטורל קאר</ItemName>
      <ManufactureName>דנאגיס בעמ</ManufactureName>
      <ManufactureCountry />
      <ManufactureItemDescription />
      <UnitQty>'יח</UnitQty>
      <Quantity>1</Quantity>
      <UnitMeasure>'יח</UnitMeasure>
      <BisWeighted>0</BisWeighted>
      <QtyInPackage>1</QtyInPackage>
      <ItemPrice>16.90</ItemPrice>
      <UnitOfMeasurePrice>16.90</UnitOfMeasurePrice>
      <AllowDiscount>1</AllowDiscount>
      <itemStatus>1</itemStatus>
      <LastUpdateDate />
      <LastUpdateTime />
    </Product>
    <Product>
      <PriceUpdateDate>2021/01/31 14:59</PriceUpdateDate>
      <ItemCode>16321883</ItemCode>
      <ItemType>0</ItemType>
      <ItemName>נייר טואלט פרש וונס מתכלה שלישייה</ItemName>
      <ManufactureName>דנאגיס בעמ</ManufactureName>
      <ManufactureCountry />
      <ManufactureItemDescription />
      <UnitQty>'יח</UnitQty>
      <Quantity>1</Quantity>
      <UnitMeasure>ל-100 גרם</UnitMeasure>
      <BisWeighted>0</BisWeighted>
      <QtyInPackage>1</QtyInPackage>
      <ItemPrice>14.90</ItemPrice>
      <UnitOfMeasurePrice>14.90</UnitOfMeasurePrice>
      <AllowDiscount>1</AllowDiscount>
      <itemStatus>1</itemStatus>
      <LastUpdateDate />
      <LastUpdateTime />
    </Product>
    <Product>
      <PriceUpdateDate>2021/01/31 14:59</PriceUpdateDate>
      <ItemCode>16321890</ItemCode>
      <ItemType>0</ItemType>
      <ItemName>נייר טואלט פרש וונס מתכלה שלישייה</ItemName>
      <ManufactureName>דנאגיס בעמ</ManufactureName>
      <ManufactureCountry />
      <ManufactureItemDescription />
      <UnitQty>'יח</UnitQty>
      <Quantity>1</Quantity>
      <UnitMeasure>ל-100 גרם</UnitMeasure>
      <BisWeighted>0</BisWeighted>
      <QtyInPackage>1</QtyInPackage>
      <ItemPrice>14.90</ItemPrice>
      <UnitOfMeasurePrice>14.90</UnitOfMeasurePrice>
      <AllowDiscount>1</AllowDiscount>
      <itemStatus>1</itemStatus>
      <LastUpdateDate />
      <LastUpdateTime />
    </Product>
    <Product>
      <PriceUpdateDate>2021/03/30 06:35</PriceUpdateDate>
      <ItemCode>16334616</ItemCode>
      <ItemType>0</ItemType>
      <ItemName>בצל ירוק</ItemName>
      <ManufactureName>ביכורי השדה הצפון בעמ` 1964</ManufactureName>
      <ManufactureCountry />
      <ManufactureItemDescription />
      <UnitQty>'יח</UnitQty>
      <Quantity>1</Quantity>
      <UnitMeasure />
      <BisWeighted>0</BisWeighted>
      <QtyInPackage>1</QtyInPackage>
      <ItemPrice>5.90</ItemPrice>
      <UnitOfMeasurePrice>5.90</UnitOfMeasurePrice>
      <AllowDiscount>0</AllowDiscount>
      <itemStatus>1</itemStatus>
      <LastUpdateDate />
      <LastUpdateTime />
    </Product>
    <Product>
      <PriceUpdateDate>2019/01/16 14:44</PriceUpdateDate>
      <ItemCode>16372373</ItemCode>
      <ItemType>0</ItemType>
      <ItemName>רסק עגבניות 140*2</ItemName>
      <ManufactureName>תה ויסוצקי בע`מ</ManufactureName>
      <ManufactureCountry />
      <ManufactureItemDescription />
      <UnitQty>'יח</UnitQty>
      <Quantity>2.80</Quantity>
      <UnitMeasure>ל-100 גרם</UnitMeasure>
      <BisWeighted>0</BisWeighted>
      <QtyInPackage>1</QtyInPackage>
      <ItemPrice>9.90</ItemPrice>
      <UnitOfMeasurePrice>3.54</UnitOfMeasurePrice>
      <AllowDiscount>0</AllowDiscount>
      <itemStatus>1</itemStatus>
      <LastUpdateDate />
      <LastUpdateTime />
    </Product>
    <Product>
      <PriceUpdateDate>2022/01/31 13:58</PriceUpdateDate>
      <ItemCode>7290016387339</ItemCode>
      <ItemType>1</ItemType>
      <ItemName>2 מטליות מיקרופייבר ג`מבו לרצפה</ItemName>
      <ManufactureName>מ.א. יצור ויבוא מטליות בעמ`</ManufactureName>
      <ManufactureCountry />
      <ManufactureItemDescription />
      <UnitQty>'יח</UnitQty>
      <Quantity>1</Quantity>
      <UnitMeasure />
      <BisWeighted>0</BisWeighted>
      <QtyInPackage>1</QtyInPackage>
      <ItemPrice>12.90</ItemPrice>
      <UnitOfMeasurePrice>12.90</UnitOfMeasurePrice>
      <AllowDiscount>1</AllowDiscount>
      <itemStatus>1</itemStatus>
      <LastUpdateDate />
      <LastUpdateTime />
    </Product>
    <Product>
      <PriceUpdateDate>2019/01/16 14:44</PriceUpdateDate>
      <ItemCode>16387698</ItemCode>
      <ItemType>0</ItemType>
      <ItemName>כריות יפניות פנינה*3</ItemName>
      <ManufactureName>מ.א. יצור ויבוא מטליות בעמ`</ManufactureName>
      <ManufactureCountry />
      <ManufactureItemDescription />
      <UnitQty>'יח</UnitQty>
      <Quantity>1</Quantity>
      <UnitMeasure />
      <BisWeighted>0</BisWeighted>
      <QtyInPackage>36</QtyInPackage>
      <ItemPrice>6.90</ItemPrice>
      <UnitOfMeasurePrice>6.90</UnitOfMeasurePrice>
      <AllowDiscount>1</AllowDiscount>
      <itemStatus>1</itemStatus>
      <LastUpdateDate />
      <LastUpdateTime />
    </Product>
    <Product>
      <PriceUpdateDate>2019/05/26 21:38</PriceUpdateDate>
      <ItemCode>16400168</ItemCode>
      <ItemType>0</ItemType>
      <ItemName>שקיות צליה 10 יח`</ItemName>
      <ManufactureName>ח.כהן סוכנות מזון ומשקאות</ManufactureName>
      <ManufactureCountry />
      <ManufactureItemDescription />
      <UnitQty>'יח</UnitQty>
      <Quantity>10</Quantity>
      <UnitMeasure>'יח</UnitMeasure>
      <BisWeighted>0</BisWeighted>
      <QtyInPackage>1</QtyInPackage>
      <ItemPrice>4.90</ItemPrice>
      <UnitOfMeasurePrice>0.49</UnitOfMeasurePrice>
      <AllowDiscount>0</AllowDiscount>
      <itemStatus>1</itemStatus>
      <LastUpdateDate />
      <LastUpdateTime />
    </Product>
    <Product>
      <PriceUpdateDate>2019/05/26 21:38</PriceUpdateDate>
      <ItemCode>16400175</ItemCode>
      <ItemType>0</ItemType>
      <ItemName>שקיות צליה ענק 5 יח`</ItemName>
      <ManufactureName>ח.כהן סוכנות מזון ומשקאות</ManufactureName>
      <ManufactureCountry />
      <ManufactureItemDescription />
      <UnitQty>'יח</UnitQty>
      <Quantity>5</Quantity>
      <UnitMeasure>'יח</UnitMeasure>
      <BisWeighted>0</BisWeighted>
      <QtyInPackage>1</QtyInPackage>
      <ItemPrice>4.90</ItemPrice>
      <UnitOfMeasurePrice>0.98</UnitOfMeasurePrice>
      <AllowDiscount>0</AllowDiscount>
      <itemStatus>1</itemStatus>
      <LastUpdateDate />
      <LastUpdateTime />
    </Product>
    <Product>
      <PriceUpdateDate>2019/05/26 21:38</PriceUpdateDate>
      <ItemCode>16400380</ItemCode>
      <ItemType>0</ItemType>
      <ItemName>גפרור  ארוך"שווה"</ItemName>
      <ManufactureName>ח.כהן סוכנות מזון ומשקאות</ManufactureName>
      <ManufactureCountry />
      <ManufactureItemDescription />
      <UnitQty>'יח</UnitQty>
      <Quantity>1</Quantity>
      <UnitMeasure />
      <BisWeighted>0</BisWeighted>
      <QtyInPackage>1</QtyInPackage>
      <ItemPrice>6.90</ItemPrice>
      <UnitOfMeasurePrice>6.90</UnitOfMeasurePrice>
      <AllowDiscount>0</AllowDiscount>
      <itemStatus>1</itemStatus>
      <LastUpdateDate />
      <LastUpdateTime />
    </Product>
    <Product>
      <PriceUpdateDate>2022/06/08 11:30</PriceUpdateDate>
      <ItemCode>16400793</ItemCode>
      <ItemType>0</ItemType>
      <ItemName>מפיות נייר 100 יח "שווה"</ItemName>
      <ManufactureName>ח.כהן סוכנות מזון ומשקאות</ManufactureName>
      <ManufactureCountry />
      <ManufactureItemDescription />
      <UnitQty>'יח</UnitQty>
      <Quantity>1</Quantity>
      <UnitMeasure />
      <BisWeighted>0</BisWeighted>
      <QtyInPackage>1</QtyInPackage>
      <ItemPrice>5.90</ItemPrice>
      <UnitOfMeasurePrice>5.90</UnitOfMeasurePrice>
      <AllowDiscount>1</AllowDiscount>
      <itemStatus>1</itemStatus>
      <LastUpdateDate />
      <LastUpdateTime />
    </Product>
    <Product>
      <PriceUpdateDate>2020/05/11 07:16</PriceUpdateDate>
      <ItemCode>16401141</ItemCode>
      <ItemType>0</ItemType>
      <ItemName>טורטיה תירס 8 יח 320 גר` "שווה"</ItemName>
      <ManufactureName>ח.כהן סוכנות מזון ומשקאות</ManufactureName>
      <ManufactureCountry />
      <ManufactureItemDescription />
      <UnitQty>'יח</UnitQty>
      <Quantity>3.20</Quantity>
      <UnitMeasure>ל-100 גרם</UnitMeasure>
      <BisWeighted>0</BisWeighted>
      <QtyInPackage>1</QtyInPackage>
      <ItemPrice>9.90</ItemPrice>
      <UnitOfMeasurePrice>3.09</UnitOfMeasurePrice>
      <AllowDiscount>1</AllowDiscount>
      <itemStatus>1</itemStatus>
      <LastUpdateDate />
      <LastUpdateTime />
    </Product>
    <Product>
      <PriceUpdateDate>2019/01/16 14:44</PriceUpdateDate>
      <ItemCode>16509342</ItemCode>
      <ItemType>0</ItemType>
      <ItemName>מארז שלשות כדוריות אסלה</ItemName>
      <ManufactureName>גורי שיווק</ManufactureName>
      <ManufactureCountry />
      <ManufactureItemDescription />
      <UnitQty>'יח</UnitQty>
      <Quantity>3</Quantity>
      <UnitMeasure>ל-100 מ"ל</UnitMeasure>
      <BisWeighted>0</BisWeighted>
      <QtyInPackage>1</QtyInPackage>
      <ItemPrice>19.90</ItemPrice>
      <UnitOfMeasurePrice>6.63</UnitOfMeasurePrice>
      <AllowDiscount>1</AllowDiscount>
      <itemStatus>1</itemStatus>
      <LastUpdateDate />
      <LastUpdateTime />
    </Product>
    <Product>
      <PriceUpdateDate>2022/07/07 19:56</PriceUpdateDate>
      <ItemCode>16509786</ItemCode>
      <ItemType>0</ItemType>
      <ItemName>פרסיל ג`ל לכביסה ירוק 2.5 ליטר</ItemName>
      <ManufactureName>גורי שיווק</ManufactureName>
      <ManufactureCountry />
      <ManufactureItemDescription />
      <UnitQty>'יח</UnitQty>
      <Quantity>25</Quantity>
      <UnitMeasure>ל-100 מ"ל</UnitMeasure>
      <BisWeighted>0</BisWeighted>
      <QtyInPackage>6</QtyInPackage>
      <ItemPrice>34.90</ItemPrice>
      <UnitOfMeasurePrice>1.40</UnitOfMeasurePrice>
      <AllowDiscount>1</AllowDiscount>
      <itemStatus>1</itemStatus>
      <LastUpdateDate />
      <LastUpdateTime />
    </Product>
    <Product>
      <PriceUpdateDate>2019/06/19 16:37</PriceUpdateDate>
      <ItemCode>16509793</ItemCode>
      <ItemType>0</ItemType>
      <ItemName>פרסיל ג`ל לכביסה 4 ליטר ירוק</ItemName>
      <ManufactureName>גורי שיווק</ManufactureName>
      <ManufactureCountry />
      <ManufactureItemDescription />
      <UnitQty>'יח</UnitQty>
      <Quantity>40</Quantity>
      <UnitMeasure>ל-100 מ"ל</UnitMeasure>
      <BisWeighted>0</BisWeighted>
      <QtyInPackage>4</QtyInPackage>
      <ItemPrice>44.90</ItemPrice>
      <UnitOfMeasurePrice>1.12</UnitOfMeasurePrice>
      <AllowDiscount>0</AllowDiscount>
      <itemStatus>1</itemStatus>
      <LastUpdateDate />
      <LastUpdateTime />
    </Product>
    <Product>
      <PriceUpdateDate>2022/07/07 19:56</PriceUpdateDate>
      <ItemCode>16509809</ItemCode>
      <ItemType>0</ItemType>
      <ItemName>פרסיל ג`ל לכביסה קולור 2.5 ליטר</ItemName>
      <ManufactureName>גורי שיווק</ManufactureName>
      <ManufactureCountry />
      <ManufactureItemDescription />
      <UnitQty>'יח</UnitQty>
      <Quantity>25</Quantity>
      <UnitMeasure>ל-100 מ"ל</UnitMeasure>
      <BisWeighted>0</BisWeighted>
      <QtyInPackage>6</QtyInPackage>
      <ItemPrice>34.90</ItemPrice>
      <UnitOfMeasurePrice>1.40</UnitOfMeasurePrice>
      <AllowDiscount>1</AllowDiscount>
      <itemStatus>1</itemStatus>
      <LastUpdateDate />
      <LastUpdateTime />
    </Product>
    <Product>
      <PriceUpdateDate>2019/07/03 08:47</PriceUpdateDate>
      <ItemCode>16509816</ItemCode>
      <ItemType>0</ItemType>
      <ItemName>פרסיל ג`ל לכביסה 4 ליטר קולור</ItemName>
      <ManufactureName>גורי שיווק</ManufactureName>
      <ManufactureCountry />
      <ManufactureItemDescription />
      <UnitQty>'יח</UnitQty>
      <Quantity>40</Quantity>
      <UnitMeasure>ל-100 מ"ל</UnitMeasure>
      <BisWeighted>0</BisWeighted>
      <QtyInPackage>4</QtyInPackage>
      <ItemPrice>44.90</ItemPrice>
      <UnitOfMeasurePrice>1.12</UnitOfMeasurePrice>
      <AllowDiscount>0</AllowDiscount>
      <itemStatus>1</itemStatus>
      <LastUpdateDate />
      <LastUpdateTime />
    </Product>
    <Product>
      <PriceUpdateDate>2019/07/03 08:47</PriceUpdateDate>
      <ItemCode>16510096</ItemCode>
      <ItemType>0</ItemType>
      <ItemName>הוואי שמפו מי קוקו 700 מל`</ItemName>
      <ManufactureName>הנקל סוד בע`מ</ManufactureName>
      <ManufactureCountry />
      <ManufactureItemDescription />
      <UnitQty>'יח</UnitQty>
      <Quantity>7</Quantity>
      <UnitMeasure>ל-100 מ"ל</UnitMeasure>
      <BisWeighted>0</BisWeighted>
      <QtyInPackage>12</QtyInPackage>
      <ItemPrice>9.90</ItemPrice>
      <UnitOfMeasurePrice>1.41</UnitOfMeasurePrice>
      <AllowDiscount>1</AllowDiscount>
      <itemStatus>1</itemStatus>
      <LastUpdateDate />
      <LastUpdateTime />
    </Product>
    <Product>
      <PriceUpdateDate>2019/07/03 08:47</PriceUpdateDate>
      <ItemCode>16510102</ItemCode>
      <ItemType>0</ItemType>
      <ItemName>הוואי מרכך מי קוקוס 700 מל`</ItemName>
      <ManufactureName>הנקל סוד בע`מ</ManufactureName>
      <ManufactureCountry />
      <ManufactureItemDescription />
      <UnitQty>'יח</UnitQty>
      <Quantity>7</Quantity>
      <UnitMeasure>ל-100 מ"ל</UnitMeasure>
      <BisWeighted>0</BisWeighted>
      <QtyInPackage>12</QtyInPackage>
      <ItemPrice>9.90</ItemPrice>
      <UnitOfMeasurePrice>1.41</UnitOfMeasurePrice>
      <AllowDiscount>1</AllowDiscount>
      <itemStatus>1</itemStatus>
      <LastUpdateDate />
      <LastUpdateTime />
    </Product>
    <Product>
      <PriceUpdateDate>2019/07/03 08:47</PriceUpdateDate>
      <ItemCode>16510225</ItemCode>
      <ItemType>0</ItemType>
      <ItemName>הוואי תחליב רחצה וניל ודבש 700 מל`</ItemName>
      <ManufactureName>הנקל סוד בע`מ</ManufactureName>
      <ManufactureCountry />
      <ManufactureItemDescription />
      <UnitQty>'יח</UnitQty>
      <Quantity>1.50</Quantity>
      <UnitMeasure>לליטר</UnitMeasure>
      <BisWeighted>0</BisWeighted>
      <QtyInPackage>12</QtyInPackage>
      <ItemPrice>9.90</ItemPrice>
      <UnitOfMeasurePrice>6.60</UnitOfMeasurePrice>
      <AllowDiscount>1</AllowDiscount>
      <itemStatus>1</itemStatus>
      <LastUpdateDate />
      <LastUpdateTime />
    </Product>
    <Product>
      <PriceUpdateDate>2019/07/03 08:47</PriceUpdateDate>
      <ItemCode>16510232</ItemCode>
      <ItemType>0</ItemType>
      <ItemName>הוואי תחליב רחצה יוגורט 700 מל`</ItemName>
      <ManufactureName>הנקל סוד בע`מ</ManufactureName>
      <ManufactureCountry />
      <ManufactureItemDescription />
      <UnitQty>'יח</UnitQty>
      <Quantity>0.70</Quantity>
      <UnitMeasure>ל-100 מ"ל</UnitMeasure>
      <BisWeighted>0</BisWeighted>
      <QtyInPackage>12</QtyInPackage>
      <ItemPrice>9.90</ItemPrice>
      <UnitOfMeasurePrice>14.14</UnitOfMeasurePrice>
      <AllowDiscount>1</AllowDiscount>
      <itemStatus>1</itemStatus>
      <LastUpdateDate />
      <LastUpdateTime />
    </Product>
    <Product>
      <PriceUpdateDate>2019/07/03 08:47</PriceUpdateDate>
      <ItemCode>16510249</ItemCode>
      <ItemType>0</ItemType>
      <ItemName>הוואי תחליב רחצה יוגורט שקדים 700 מל`</ItemName>
      <ManufactureName>הנקל סוד בע`מ</ManufactureName>
      <ManufactureCountry />
      <ManufactureItemDescription />
      <UnitQty>'יח</UnitQty>
      <Quantity>0.70</Quantity>
      <UnitMeasure>ל-100 מ"ל</UnitMeasure>
      <BisWeighted>0</BisWeighted>
      <QtyInPackage>12</QtyInPackage>
      <ItemPrice>9.90</ItemPrice>
      <UnitOfMeasurePrice>14.14</UnitOfMeasurePrice>
      <AllowDiscount>1</AllowDiscount>
      <itemStatus>1</itemStatus>
      <LastUpdateDate />
      <LastUpdateTime />
    </Product>
    <Product>
      <PriceUpdateDate>2020/08/17 14:20</PriceUpdateDate>
      <ItemCode>16510287</ItemCode>
      <ItemType>0</ItemType>
      <ItemName>הוואי תחליב רחצה קרם דבש 700 מל`</ItemName>
      <ManufactureName>הנקל סוד בע`מ</ManufactureName>
      <ManufactureCountry />
      <ManufactureItemDescription />
      <UnitQty>'יח</UnitQty>
      <Quantity>0.70</Quantity>
      <UnitMeasure>ל-100 מ"ל</UnitMeasure>
      <BisWeighted>0</BisWeighted>
      <QtyInPackage>12</QtyInPackage>
      <ItemPrice>9.90</ItemPrice>
      <UnitOfMeasurePrice>14.14</UnitOfMeasurePrice>
      <AllowDiscount>1</AllowDiscount>
      <itemStatus>1</itemStatus>
      <LastUpdateDate />
      <LastUpdateTime />
    </Product>
    <Product>
      <PriceUpdateDate>2020/08/17 14:20</PriceUpdateDate>
      <ItemCode>16510324</ItemCode>
      <ItemType>0</ItemType>
      <ItemName>הוואי תחליב רחצה לגבר איריססטבל 700 מל</ItemName>
      <ManufactureName>הנקל סוד בע`מ</ManufactureName>
      <ManufactureCountry />
      <ManufactureItemDescription />
      <UnitQty>'יח</UnitQty>
      <Quantity>0.70</Quantity>
      <UnitMeasure>ל-100 מ"ל</UnitMeasure>
      <BisWeighted>0</BisWeighted>
      <QtyInPackage>12</QtyInPackage>
      <ItemPrice>9.90</ItemPrice>
      <UnitOfMeasurePrice>14.14</UnitOfMeasurePrice>
      <AllowDiscount>1</AllowDiscount>
      <itemStatus>1</itemStatus>
      <LastUpdateDate />
      <LastUpdateTime />
    </Product>
    <Product>
      <PriceUpdateDate>2021/12/17 07:54</PriceUpdateDate>
      <ItemCode>16510331</ItemCode>
      <ItemType>0</ItemType>
      <ItemName>הוואי אל סבון בנות 700 מ"ל</ItemName>
      <ManufactureName>הנקל סוד בע`מ</ManufactureName>
      <ManufactureCountry />
      <ManufactureItemDescription />
      <UnitQty>'יח</UnitQty>
      <Quantity>7</Quantity>
      <UnitMeasure>ל-100 מ"ל</UnitMeasure>
      <BisWeighted>0</BisWeighted>
      <QtyInPackage>1</QtyInPackage>
      <ItemPrice>9.90</ItemPrice>
      <UnitOfMeasurePrice>1.41</UnitOfMeasurePrice>
      <AllowDiscount>1</AllowDiscount>
      <itemStatus>1</itemStatus>
      <LastUpdateDate />
      <LastUpdateTime />
    </Product>
    <Product>
      <PriceUpdateDate>2021/12/17 07:54</PriceUpdateDate>
      <ItemCode>16510430</ItemCode>
      <ItemType>0</ItemType>
      <ItemName>הוואי תחליב רחצה לגבר פיג`י 700 מל`</ItemName>
      <ManufactureName>הנקל סוד בע`מ</ManufactureName>
      <ManufactureCountry />
      <ManufactureItemDescription />
      <UnitQty>'יח</UnitQty>
      <Quantity>0.70</Quantity>
      <UnitMeasure>ל-100 מ"ל</UnitMeasure>
      <BisWeighted>0</BisWeighted>
      <QtyInPackage>12</QtyInPackage>
      <ItemPrice>9.90</ItemPrice>
      <UnitOfMeasurePrice>14.14</UnitOfMeasurePrice>
      <AllowDiscount>1</AllowDiscount>
      <itemStatus>1</itemStatus>
      <LastUpdateDate />
      <LastUpdateTime />
    </Product>
    <Product>
      <PriceUpdateDate>2020/08/17 14:20</PriceUpdateDate>
      <ItemCode>16510768</ItemCode>
      <ItemType>0</ItemType>
      <ItemName>הוואי תחליב יוגורט אוכמניות 700 מל`</ItemName>
      <ManufactureName>הנקל סוד בע`מ</ManufactureName>
      <ManufactureCountry />
      <ManufactureItemDescription />
      <UnitQty>'יח</UnitQty>
      <Quantity>7</Quantity>
      <UnitMeasure>ל-100 מ"ל</UnitMeasure>
      <BisWeighted>0</BisWeighted>
      <QtyInPackage>1</QtyInPackage>
      <ItemPrice>9.90</ItemPrice>
      <UnitOfMeasurePrice>1.41</UnitOfMeasurePrice>
      <AllowDiscount>1</AllowDiscount>
      <itemStatus>1</itemStatus>
      <LastUpdateDate />
      <LastUpdateTime />
    </Product>
    <Product>
      <PriceUpdateDate>2019/05/26 21:38</PriceUpdateDate>
      <ItemCode>16510898</ItemCode>
      <ItemType>0</ItemType>
      <ItemName>הוואי שמפו פריחת הדודבן 700 מ`ל</ItemName>
      <ManufactureName>הנקל סוד בע`מ</ManufactureName>
      <ManufactureCountry />
      <ManufactureItemDescription />
      <UnitQty>'יח</UnitQty>
      <Quantity>7</Quantity>
      <UnitMeasure>ל-100 מ"ל</UnitMeasure>
      <BisWeighted>0</BisWeighted>
      <QtyInPackage>1</QtyInPackage>
      <ItemPrice>9.90</ItemPrice>
      <UnitOfMeasurePrice>1.41</UnitOfMeasurePrice>
      <AllowDiscount>1</AllowDiscount>
      <itemStatus>1</itemStatus>
      <LastUpdateDate />
      <LastUpdateTime />
    </Product>
    <Product>
      <PriceUpdateDate>2019/05/26 21:38</PriceUpdateDate>
      <ItemCode>16510904</ItemCode>
      <ItemType>0</ItemType>
      <ItemName>הוואי מרכך פריחת הדובדבן 700 מ`ל</ItemName>
      <ManufactureName>הנקל סוד בע`מ</ManufactureName>
      <ManufactureCountry />
      <ManufactureItemDescription />
      <UnitQty>'יח</UnitQty>
      <Quantity>7</Quantity>
      <UnitMeasure>ל-100 מ"ל</UnitMeasure>
      <BisWeighted>0</BisWeighted>
      <QtyInPackage>1</QtyInPackage>
      <ItemPrice>9.90</ItemPrice>
      <UnitOfMeasurePrice>1.41</UnitOfMeasurePrice>
      <AllowDiscount>1</AllowDiscount>
      <itemStatus>1</itemStatus>
      <LastUpdateDate />
      <LastUpdateTime />
    </Product>
    <Product>
      <PriceUpdateDate>2019/01/16 14:44</PriceUpdateDate>
      <ItemCode>16564006</ItemCode>
      <ItemType>0</ItemType>
      <ItemName>מבריקל הפלא *3</ItemName>
      <ManufactureName>אלבגינו שווק וסחר בעמ`</ManufactureName>
      <ManufactureCountry />
      <ManufactureItemDescription />
      <UnitQty>'יח</UnitQty>
      <Quantity>1</Quantity>
      <UnitMeasure />
      <BisWeighted>0</BisWeighted>
      <QtyInPackage>1</QtyInPackage>
      <ItemPrice>9.90</ItemPrice>
      <UnitOfMeasurePrice>9.90</UnitOfMeasurePrice>
      <AllowDiscount>0</AllowDiscount>
      <itemStatus>1</itemStatus>
      <LastUpdateDate />
      <LastUpdateTime />
    </Product>
    <Product>
      <PriceUpdateDate>2019/01/16 14:44</PriceUpdateDate>
      <ItemCode>16564150</ItemCode>
      <ItemType>0</ItemType>
      <ItemName>מטליות מיקרוייבר נשלפות *10</ItemName>
      <ManufactureName>אלבגינו שווק וסחר בעמ`</ManufactureName>
      <ManufactureCountry />
      <ManufactureItemDescription />
      <UnitQty>'יח</UnitQty>
      <Quantity>1</Quantity>
      <UnitMeasure />
      <BisWeighted>0</BisWeighted>
      <QtyInPackage>1</QtyInPackage>
      <ItemPrice>9.90</ItemPrice>
      <UnitOfMeasurePrice>9.90</UnitOfMeasurePrice>
      <AllowDiscount>0</AllowDiscount>
      <itemStatus>1</itemStatus>
      <LastUpdateDate />
      <LastUpdateTime />
    </Product>
    <Product>
      <PriceUpdateDate>2019/06/17 15:10</PriceUpdateDate>
      <ItemCode>16564204</ItemCode>
      <ItemType>0</ItemType>
      <ItemName>כריות יפניות מבריקל הפלא</ItemName>
      <ManufactureName>אלבגינו שווק וסחר בעמ`</ManufactureName>
      <ManufactureCountry />
      <ManufactureItemDescription />
      <UnitQty>'יח</UnitQty>
      <Quantity>1</Quantity>
      <UnitMeasure />
      <BisWeighted>0</BisWeighted>
      <QtyInPackage>1</QtyInPackage>
      <ItemPrice>8.90</ItemPrice>
      <UnitOfMeasurePrice>8.90</UnitOfMeasurePrice>
      <AllowDiscount>0</AllowDiscount>
      <itemStatus>1</itemStatus>
      <LastUpdateDate />
      <LastUpdateTime />
    </Product>
    <Product>
      <PriceUpdateDate>2019/05/26 21:38</PriceUpdateDate>
      <ItemCode>16564235</ItemCode>
      <ItemType>0</ItemType>
      <ItemName>זוג מטליות לרצפות גדולות</ItemName>
      <ManufactureName>אלבגינו שווק וסחר בעמ`</ManufactureName>
      <ManufactureCountry />
      <ManufactureItemDescription />
      <UnitQty>'יח</UnitQty>
      <Quantity>1</Quantity>
      <UnitMeasure />
      <BisWeighted>0</BisWeighted>
      <QtyInPackage>1</QtyInPackage>
      <ItemPrice>18.90</ItemPrice>
      <UnitOfMeasurePrice>18.90</UnitOfMeasurePrice>
      <AllowDiscount>0</AllowDiscount>
      <itemStatus>1</itemStatus>
      <LastUpdateDate />
      <LastUpdateTime />
    </Product>
    <Product>
      <PriceUpdateDate>2020/01/29 07:51</PriceUpdateDate>
      <ItemCode>16564266</ItemCode>
      <ItemType>0</ItemType>
      <ItemName>כיסוי הפלא 30 יח`</ItemName>
      <ManufactureName>אלבגינו שווק וסחר בעמ`</ManufactureName>
      <ManufactureCountry />
      <ManufactureItemDescription />
      <UnitQty>'יח</UnitQty>
      <Quantity>1</Quantity>
      <UnitMeasure />
      <BisWeighted>0</BisWeighted>
      <QtyInPackage>1</QtyInPackage>
      <ItemPrice>9.90</ItemPrice>
      <UnitOfMeasurePrice>9.90</UnitOfMeasurePrice>
      <AllowDiscount>0</AllowDiscount>
      <itemStatus>1</itemStatus>
      <LastUpdateDate />
      <LastUpdateTime />
    </Product>
    <Product>
      <PriceUpdateDate>2020/08/02 17:03</PriceUpdateDate>
      <ItemCode>16564273</ItemCode>
      <ItemType>0</ItemType>
      <ItemName>מארז 3 מטליות לרצפה</ItemName>
      <ManufactureName>אלבגינו שווק וסחר בעמ`</ManufactureName>
      <ManufactureCountry />
      <ManufactureItemDescription />
      <UnitQty>'יח</UnitQty>
      <Quantity>1</Quantity>
      <UnitMeasure />
      <BisWeighted>0</BisWeighted>
      <QtyInPackage>1</QtyInPackage>
      <ItemPrice>11.90</ItemPrice>
      <UnitOfMeasurePrice>11.90</UnitOfMeasurePrice>
      <AllowDiscount>0</AllowDiscount>
      <itemStatus>1</itemStatus>
      <LastUpdateDate />
      <LastUpdateTime />
    </Product>
    <Product>
      <PriceUpdateDate>2022/11/01 10:50</PriceUpdateDate>
      <ItemCode>16609448</ItemCode>
      <ItemType>0</ItemType>
      <ItemName>שלישית גרעיני תירס מתוק *3</ItemName>
      <ManufactureName>ויטה פרי גליל (החדשה) בע`מ</ManufactureName>
      <ManufactureCountry />
      <ManufactureItemDescription />
      <UnitQty>'יח</UnitQty>
      <Quantity>5.80</Quantity>
      <UnitMeasure>ל-100 גרם</UnitMeasure>
      <BisWeighted>0</BisWeighted>
      <QtyInPackage>1</QtyInPackage>
      <ItemPrice>10.90</ItemPrice>
      <UnitOfMeasurePrice>1.88</UnitOfMeasurePrice>
      <AllowDiscount>0</AllowDiscount>
      <itemStatus>1</itemStatus>
      <LastUpdateDate />
      <LastUpdateTime />
    </Product>
    <Product>
      <PriceUpdateDate>2022/10/23 20:01</PriceUpdateDate>
      <ItemCode>16621358</ItemCode>
      <ItemType>0</ItemType>
      <ItemName>קמיל אל סבון נקיון והזנה ורוד 1 ליטר</ItemName>
      <ManufactureName>פישר תעשיות פרמצבטיות בע"מ</ManufactureName>
      <ManufactureCountry />
      <ManufactureItemDescription />
      <UnitQty>'יח</UnitQty>
      <Quantity>5</Quantity>
      <UnitMeasure>ל-100 מ"ל</UnitMeasure>
      <BisWeighted>0</BisWeighted>
      <QtyInPackage>1</QtyInPackage>
      <ItemPrice>15.90</ItemPrice>
      <UnitOfMeasurePrice>3.18</UnitOfMeasurePrice>
      <AllowDiscount>1</AllowDiscount>
      <itemStatus>1</itemStatus>
      <LastUpdateDate />
      <LastUpdateTime />
    </Product>
    <Product>
      <PriceUpdateDate>2022/10/19 21:26</PriceUpdateDate>
      <ItemCode>16717044</ItemCode>
      <ItemType>0</ItemType>
      <ItemName>ספארקלינג מנגו BUZZ 750 מ"ל</ItemName>
      <ManufactureName>אגודת הכורמים</ManufactureName>
      <ManufactureCountry />
      <ManufactureItemDescription />
      <UnitQty>'יח</UnitQty>
      <Quantity>7.50</Quantity>
      <UnitMeasure>ל-100 מ"ל</UnitMeasure>
      <BisWeighted>0</BisWeighted>
      <QtyInPackage>1</QtyInPackage>
      <ItemPrice>27.90</ItemPrice>
      <UnitOfMeasurePrice>3.68</UnitOfMeasurePrice>
      <AllowDiscount>1</AllowDiscount>
      <itemStatus>1</itemStatus>
      <LastUpdateDate />
      <LastUpdateTime />
    </Product>
    <Product>
      <PriceUpdateDate>2019/07/03 08:47</PriceUpdateDate>
      <ItemCode>16865943</ItemCode>
      <ItemType>0</ItemType>
      <ItemName>אטריות ביצים פטוצ`יני</ItemName>
      <ManufactureName>גורי מוצרי צריכה 1991 בע`מ</ManufactureName>
      <ManufactureCountry />
      <ManufactureItemDescription />
      <UnitQty>'יח</UnitQty>
      <Quantity>4</Quantity>
      <UnitMeasure>ל-100 גרם</UnitMeasure>
      <BisWeighted>0</BisWeighted>
      <QtyInPackage>1</QtyInPackage>
      <ItemPrice>11.90</ItemPrice>
      <UnitOfMeasurePrice>2.98</UnitOfMeasurePrice>
      <AllowDiscount>0</AllowDiscount>
      <itemStatus>1</itemStatus>
      <LastUpdateDate />
      <LastUpdateTime />
    </Product>
    <Product>
      <PriceUpdateDate>2021/07/28 16:53</PriceUpdateDate>
      <ItemCode>16866650</ItemCode>
      <ItemType>0</ItemType>
      <ItemName>משחת שיניים פרדונטקס אוריג`ינל 75 גרם</ItemName>
      <ManufactureName>גורי ע.ע.ע. בע`מ</ManufactureName>
      <ManufactureCountry />
      <ManufactureItemDescription />
      <UnitQty>'יח</UnitQty>
      <Quantity>0.75</Quantity>
      <UnitMeasure>ל-100 גרם</UnitMeasure>
      <BisWeighted>0</BisWeighted>
      <QtyInPackage>12</QtyInPackage>
      <ItemPrice>30.90</ItemPrice>
      <UnitOfMeasurePrice>41.20</UnitOfMeasurePrice>
      <AllowDiscount>1</AllowDiscount>
      <itemStatus>1</itemStatus>
      <LastUpdateDate />
      <LastUpdateTime />
    </Product>
    <Product>
      <PriceUpdateDate>2019/01/16 14:44</PriceUpdateDate>
      <ItemCode>17023229</ItemCode>
      <ItemType>0</ItemType>
      <ItemName>רביעיית פחיות שוופס מוגז פירות תות ליי</ItemName>
      <ManufactureName>יפאורה - שותפות מוגבלת לשיווק</ManufactureName>
      <ManufactureCountry />
      <ManufactureItemDescription />
      <UnitQty>'יח</UnitQty>
      <Quantity>13.20</Quantity>
      <UnitMeasure>ל-100 מ"ל</UnitMeasure>
      <BisWeighted>0</BisWeighted>
      <QtyInPackage>1</QtyInPackage>
      <ItemPrice>13.10</ItemPrice>
      <UnitOfMeasurePrice>0.90</UnitOfMeasurePrice>
      <AllowDiscount>1</AllowDiscount>
      <itemStatus>1</itemStatus>
      <LastUpdateDate />
      <LastUpdateTime />
    </Product>
    <Product>
      <PriceUpdateDate>2019/01/16 14:44</PriceUpdateDate>
      <ItemCode>17023236</ItemCode>
      <ItemType>0</ItemType>
      <ItemName>רביעיית פחיות שוופס מוגז פירות ענבים 3</ItemName>
      <ManufactureName>יפאורה - שותפות מוגבלת לשיווק</ManufactureName>
      <ManufactureCountry />
      <ManufactureItemDescription />
      <UnitQty>'יח</UnitQty>
      <Quantity>13.20</Quantity>
      <UnitMeasure>ל-100 מ"ל</UnitMeasure>
      <BisWeighted>0</BisWeighted>
      <QtyInPackage>1</QtyInPackage>
      <ItemPrice>13.10</ItemPrice>
      <UnitOfMeasurePrice>0.90</UnitOfMeasurePrice>
      <AllowDiscount>1</AllowDiscount>
      <itemStatus>1</itemStatus>
      <LastUpdateDate />
      <LastUpdateTime />
    </Product>
    <Product>
      <PriceUpdateDate>2019/01/16 14:44</PriceUpdateDate>
      <ItemCode>17023663</ItemCode>
      <ItemType>0</ItemType>
      <ItemName>רביעיית פחיות שוופס מוגז פירות למונייד</ItemName>
      <ManufactureName>יפאורה - שותפות מוגבלת לשיווק</ManufactureName>
      <ManufactureCountry />
      <ManufactureItemDescription />
      <UnitQty>'יח</UnitQty>
      <Quantity>13.20</Quantity>
      <UnitMeasure>ל-100 מ"ל</UnitMeasure>
      <BisWeighted>0</BisWeighted>
      <QtyInPackage>1</QtyInPackage>
      <ItemPrice>13.10</ItemPrice>
      <UnitOfMeasurePrice>0.90</UnitOfMeasurePrice>
      <AllowDiscount>1</AllowDiscount>
      <itemStatus>1</itemStatus>
      <LastUpdateDate />
      <LastUpdateTime />
    </Product>
    <Product>
      <PriceUpdateDate>2022/07/20 21:37</PriceUpdateDate>
      <ItemCode>17023854</ItemCode>
      <ItemType>0</ItemType>
      <ItemName>רביעיית שוופס סודה 250 מ`ל</ItemName>
      <ManufactureName>יפאורה - שותפות מוגבלת לשיווק</ManufactureName>
      <ManufactureCountry />
      <ManufactureItemDescription />
      <UnitQty>'יח</UnitQty>
      <Quantity>10</Quantity>
      <UnitMeasure>ל-100 מ"ל</UnitMeasure>
      <BisWeighted>0</BisWeighted>
      <QtyInPackage>1</QtyInPackage>
      <ItemPrice>10.90</ItemPrice>
      <UnitOfMeasurePrice>0.97</UnitOfMeasurePrice>
      <AllowDiscount>1</AllowDiscount>
      <itemStatus>1</itemStatus>
      <LastUpdateDate />
      <LastUpdateTime />
    </Product>
    <Product>
      <PriceUpdateDate>2022/07/20 21:37</PriceUpdateDate>
      <ItemCode>17023861</ItemCode>
      <ItemType>0</ItemType>
      <ItemName>רביעיית שוופס סודה לימון 250 מ`ל</ItemName>
      <ManufactureName>יפאורה - שותפות מוגבלת לשיווק</ManufactureName>
      <ManufactureCountry />
      <ManufactureItemDescription />
      <UnitQty>'יח</UnitQty>
      <Quantity>10</Quantity>
      <UnitMeasure>ל-100 מ"ל</UnitMeasure>
      <BisWeighted>0</BisWeighted>
      <QtyInPackage>1</QtyInPackage>
      <ItemPrice>10.90</ItemPrice>
      <UnitOfMeasurePrice>0.97</UnitOfMeasurePrice>
      <AllowDiscount>1</AllowDiscount>
      <itemStatus>1</itemStatus>
      <LastUpdateDate />
      <LastUpdateTime />
    </Product>
    <Product>
      <PriceUpdateDate>2022/07/20 21:37</PriceUpdateDate>
      <ItemCode>17023878</ItemCode>
      <ItemType>0</ItemType>
      <ItemName>רביעיית שוופס סודה נענע ליים 250 מ`ל</ItemName>
      <ManufactureName>יפאורה - שותפות מוגבלת לשיווק</ManufactureName>
      <ManufactureCountry />
      <ManufactureItemDescription />
      <UnitQty>'יח</UnitQty>
      <Quantity>10</Quantity>
      <UnitMeasure>ל-100 מ"ל</UnitMeasure>
      <BisWeighted>0</BisWeighted>
      <QtyInPackage>1</QtyInPackage>
      <ItemPrice>10.90</ItemPrice>
      <UnitOfMeasurePrice>0.97</UnitOfMeasurePrice>
      <AllowDiscount>1</AllowDiscount>
      <itemStatus>1</itemStatus>
      <LastUpdateDate />
      <LastUpdateTime />
    </Product>
    <Product>
      <PriceUpdateDate>2021/07/28 16:53</PriceUpdateDate>
      <ItemCode>17031705</ItemCode>
      <ItemType>0</ItemType>
      <ItemName>משחת שיניים סנסודין פלואוריד 75 מל זהב</ItemName>
      <ManufactureName>גורי ע.ע.ע. בע`מ</ManufactureName>
      <ManufactureCountry />
      <ManufactureItemDescription />
      <UnitQty>'יח</UnitQty>
      <Quantity>0.75</Quantity>
      <UnitMeasure>ל-100 מ"ל</UnitMeasure>
      <BisWeighted>0</BisWeighted>
      <QtyInPackage>1</QtyInPackage>
      <ItemPrice>21.90</ItemPrice>
      <UnitOfMeasurePrice>29.20</UnitOfMeasurePrice>
      <AllowDiscount>1</AllowDiscount>
      <itemStatus>1</itemStatus>
      <LastUpdateDate />
      <LastUpdateTime />
    </Product>
    <Product>
      <PriceUpdateDate>2022/10/27 19:10</PriceUpdateDate>
      <ItemCode>17031811</ItemCode>
      <ItemType>0</ItemType>
      <ItemName>זוג מברשות שיניים פרודנטקס בליסטר</ItemName>
      <ManufactureName>גורי ע.ע.ע. בע`מ</ManufactureName>
      <ManufactureCountry />
      <ManufactureItemDescription />
      <UnitQty>'יח</UnitQty>
      <Quantity>0</Quantity>
      <UnitMeasure>'יח</UnitMeasure>
      <BisWeighted>0</BisWeighted>
      <QtyInPackage>1</QtyInPackage>
      <ItemPrice>19.90</ItemPrice>
      <UnitOfMeasurePrice>19.90</UnitOfMeasurePrice>
      <AllowDiscount>1</AllowDiscount>
      <itemStatus>1</itemStatus>
      <LastUpdateDate />
      <LastUpdateTime />
    </Product>
    <Product>
      <PriceUpdateDate>2022/09/18 13:42</PriceUpdateDate>
      <ItemCode>17031859</ItemCode>
      <ItemType>0</ItemType>
      <ItemName>משחת שיניים פרדונטקס מלבינה 75 גרם</ItemName>
      <ManufactureName>גורי ע.ע.ע. בע`מ</ManufactureName>
      <ManufactureCountry />
      <ManufactureItemDescription />
      <UnitQty>'יח</UnitQty>
      <Quantity>0.75</Quantity>
      <UnitMeasure>ל-100 גרם</UnitMeasure>
      <BisWeighted>0</BisWeighted>
      <QtyInPackage>12</QtyInPackage>
      <ItemPrice>30.90</ItemPrice>
      <UnitOfMeasurePrice>41.20</UnitOfMeasurePrice>
      <AllowDiscount>1</AllowDiscount>
      <itemStatus>1</itemStatus>
      <LastUpdateDate />
      <LastUpdateTime />
    </Product>
    <Product>
      <PriceUpdateDate>2019/08/23 08:13</PriceUpdateDate>
      <ItemCode>17058689</ItemCode>
      <ItemType>0</ItemType>
      <ItemName>זית שחור טבעי  400 גר`</ItemName>
      <ManufactureName>תומר ייבוא ושיווק מוצרי מזון [</ManufactureName>
      <ManufactureCountry />
      <ManufactureItemDescription />
      <UnitQty>'יח</UnitQty>
      <Quantity>4</Quantity>
      <UnitMeasure>ל-100 גרם</UnitMeasure>
      <BisWeighted>0</BisWeighted>
      <QtyInPackage>1</QtyInPackage>
      <ItemPrice>14.90</ItemPrice>
      <UnitOfMeasurePrice>3.73</UnitOfMeasurePrice>
      <AllowDiscount>0</AllowDiscount>
      <itemStatus>1</itemStatus>
      <LastUpdateDate />
      <LastUpdateTime />
    </Product>
    <Product>
      <PriceUpdateDate>2019/07/03 08:47</PriceUpdateDate>
      <ItemCode>17065007</ItemCode>
      <ItemType>0</ItemType>
      <ItemName>גבינת מוצרלה פרוסה גד 200 גר`</ItemName>
      <ManufactureName>מחלבות גד בעמ`</ManufactureName>
      <ManufactureCountry />
      <ManufactureItemDescription />
      <UnitQty>'יח</UnitQty>
      <Quantity>2</Quantity>
      <UnitMeasure>ל-100 גרם</UnitMeasure>
      <BisWeighted>0</BisWeighted>
      <QtyInPackage>1</QtyInPackage>
      <ItemPrice>19.90</ItemPrice>
      <UnitOfMeasurePrice>9.95</UnitOfMeasurePrice>
      <AllowDiscount>0</AllowDiscount>
      <itemStatus>1</itemStatus>
      <LastUpdateDate />
      <LastUpdateTime />
    </Product>
    <Product>
      <PriceUpdateDate>2019/01/16 14:44</PriceUpdateDate>
      <ItemCode>17065137</ItemCode>
      <ItemType>0</ItemType>
      <ItemName>גבינה ריקוטה למריחה 5% טבעית 200 גר`</ItemName>
      <ManufactureName>מחלבות גד בעמ`</ManufactureName>
      <ManufactureCountry />
      <ManufactureItemDescription />
      <UnitQty>'יח</UnitQty>
      <Quantity>2</Quantity>
      <UnitMeasure>ל-100 גרם</UnitMeasure>
      <BisWeighted>0</BisWeighted>
      <QtyInPackage>1</QtyInPackage>
      <ItemPrice>9.90</ItemPrice>
      <UnitOfMeasurePrice>4.95</UnitOfMeasurePrice>
      <AllowDiscount>0</AllowDiscount>
      <itemStatus>1</itemStatus>
      <LastUpdateDate />
      <LastUpdateTime />
    </Product>
    <Product>
      <PriceUpdateDate>2019/01/16 14:44</PriceUpdateDate>
      <ItemCode>17065236</ItemCode>
      <ItemType>0</ItemType>
      <ItemName>גבינה בולגרית מעודנת 24% 250 גרם</ItemName>
      <ManufactureName>מחלבות גד בעמ`</ManufactureName>
      <ManufactureCountry />
      <ManufactureItemDescription />
      <UnitQty>'יח</UnitQty>
      <Quantity>2.50</Quantity>
      <UnitMeasure>ל-100 גרם</UnitMeasure>
      <BisWeighted>0</BisWeighted>
      <QtyInPackage>1</QtyInPackage>
      <ItemPrice>24.70</ItemPrice>
      <UnitOfMeasurePrice>9.88</UnitOfMeasurePrice>
      <AllowDiscount>0</AllowDiscount>
      <itemStatus>1</itemStatus>
      <LastUpdateDate />
      <LastUpdateTime />
    </Product>
    <Product>
      <PriceUpdateDate>2020/05/05 14:58</PriceUpdateDate>
      <ItemCode>17065618</ItemCode>
      <ItemType>0</ItemType>
      <ItemName>פקורינו פרוס 150 גר`</ItemName>
      <ManufactureName>מחלבות גד בעמ`</ManufactureName>
      <ManufactureCountry />
      <ManufactureItemDescription />
      <UnitQty>'יח</UnitQty>
      <Quantity>1.50</Quantity>
      <UnitMeasure>ל-100 גרם</UnitMeasure>
      <BisWeighted>0</BisWeighted>
      <QtyInPackage>1</QtyInPackage>
      <ItemPrice>20.90</ItemPrice>
      <UnitOfMeasurePrice>13.93</UnitOfMeasurePrice>
      <AllowDiscount>0</AllowDiscount>
      <itemStatus>1</itemStatus>
      <LastUpdateDate />
      <LastUpdateTime />
    </Product>
    <Product>
      <PriceUpdateDate>2019/07/03 08:47</PriceUpdateDate>
      <ItemCode>17088105</ItemCode>
      <ItemType>0</ItemType>
      <ItemName>בייביסיטר פרפורמנס{38}מידה 3+</ItemName>
      <ManufactureName>שקד תבל בע`מ</ManufactureName>
      <ManufactureCountry />
      <ManufactureItemDescription />
      <UnitQty>'יח</UnitQty>
      <Quantity>1</Quantity>
      <UnitMeasure>'יח</UnitMeasure>
      <BisWeighted>0</BisWeighted>
      <QtyInPackage>1</QtyInPackage>
      <ItemPrice>29.90</ItemPrice>
      <UnitOfMeasurePrice>29.90</UnitOfMeasurePrice>
      <AllowDiscount>1</AllowDiscount>
      <itemStatus>1</itemStatus>
      <LastUpdateDate />
      <LastUpdateTime />
    </Product>
    <Product>
      <PriceUpdateDate>2019/07/03 08:47</PriceUpdateDate>
      <ItemCode>17088129</ItemCode>
      <ItemType>0</ItemType>
      <ItemName>בייביסיטר פרפורמנס{34}מידה 4+</ItemName>
      <ManufactureName>שקד תבל בע`מ</ManufactureName>
      <ManufactureCountry />
      <ManufactureItemDescription />
      <UnitQty>'יח</UnitQty>
      <Quantity>1</Quantity>
      <UnitMeasure>'יח</UnitMeasure>
      <BisWeighted>0</BisWeighted>
      <QtyInPackage>1</QtyInPackage>
      <ItemPrice>29.90</ItemPrice>
      <UnitOfMeasurePrice>29.90</UnitOfMeasurePrice>
      <AllowDiscount>1</AllowDiscount>
      <itemStatus>1</itemStatus>
      <LastUpdateDate />
      <LastUpdateTime />
    </Product>
    <Product>
      <PriceUpdateDate>2019/07/03 08:47</PriceUpdateDate>
      <ItemCode>17088136</ItemCode>
      <ItemType>0</ItemType>
      <ItemName>בייביסיטר פרפורמנס{32}מידה 5+</ItemName>
      <ManufactureName>שקד תבל בע`מ</ManufactureName>
      <ManufactureCountry />
      <ManufactureItemDescription />
      <UnitQty>'יח</UnitQty>
      <Quantity>1</Quantity>
      <UnitMeasure>'יח</UnitMeasure>
      <BisWeighted>0</BisWeighted>
      <QtyInPackage>1</QtyInPackage>
      <ItemPrice>29.90</ItemPrice>
      <UnitOfMeasurePrice>29.90</UnitOfMeasurePrice>
      <AllowDiscount>1</AllowDiscount>
      <itemStatus>1</itemStatus>
      <LastUpdateDate />
      <LastUpdateTime />
    </Product>
    <Product>
      <PriceUpdateDate>2019/07/03 08:47</PriceUpdateDate>
      <ItemCode>17088143</ItemCode>
      <ItemType>0</ItemType>
      <ItemName>בייביסיטר פרפורמנס{30}מידה 6</ItemName>
      <ManufactureName>שקד תבל בע`מ</ManufactureName>
      <ManufactureCountry />
      <ManufactureItemDescription />
      <UnitQty>'יח</UnitQty>
      <Quantity>1</Quantity>
      <UnitMeasure>'יח</UnitMeasure>
      <BisWeighted>0</BisWeighted>
      <QtyInPackage>1</QtyInPackage>
      <ItemPrice>29.90</ItemPrice>
      <UnitOfMeasurePrice>29.90</UnitOfMeasurePrice>
      <AllowDiscount>1</AllowDiscount>
      <itemStatus>1</itemStatus>
      <LastUpdateDate />
      <LastUpdateTime />
    </Product>
    <Product>
      <PriceUpdateDate>2022/07/05 21:16</PriceUpdateDate>
      <ItemCode>17105048</ItemCode>
      <ItemType>0</ItemType>
      <ItemName>שלישייה זיתים טבעות יכין 200 גר`</ItemName>
      <ManufactureName>זנלכול יכין</ManufactureName>
      <ManufactureCountry />
      <ManufactureItemDescription />
      <UnitQty>'יח</UnitQty>
      <Quantity>2</Quantity>
      <UnitMeasure>ל-100 גרם</UnitMeasure>
      <BisWeighted>0</BisWeighted>
      <QtyInPackage>1</QtyInPackage>
      <ItemPrice>13.90</ItemPrice>
      <UnitOfMeasurePrice>6.95</UnitOfMeasurePrice>
      <AllowDiscount>0</AllowDiscount>
      <itemStatus>1</itemStatus>
      <LastUpdateDate />
      <LastUpdateTime />
    </Product>
    <Product>
      <PriceUpdateDate>2022/07/05 21:16</PriceUpdateDate>
      <ItemCode>17105369</ItemCode>
      <ItemType>0</ItemType>
      <ItemName>סירופ דיאט אייס טי אפרסק 1 ליטר</ItemName>
      <ManufactureName>זנלכול יכין</ManufactureName>
      <ManufactureCountry />
      <ManufactureItemDescription />
      <UnitQty>'יח</UnitQty>
      <Quantity>1</Quantity>
      <UnitMeasure />
      <BisWeighted>0</BisWeighted>
      <QtyInPackage>1</QtyInPackage>
      <ItemPrice>18.90</ItemPrice>
      <UnitOfMeasurePrice>18.90</UnitOfMeasurePrice>
      <AllowDiscount>0</AllowDiscount>
      <itemStatus>1</itemStatus>
      <LastUpdateDate />
      <LastUpdateTime />
    </Product>
    <Product>
      <PriceUpdateDate>2022/07/05 21:16</PriceUpdateDate>
      <ItemCode>17105383</ItemCode>
      <ItemType>0</ItemType>
      <ItemName>תירס שלשות קידס 200 גר`</ItemName>
      <ManufactureName>זנלכול יכין</ManufactureName>
      <ManufactureCountry />
      <ManufactureItemDescription />
      <UnitQty>'יח</UnitQty>
      <Quantity>2</Quantity>
      <UnitMeasure>ל-100 גרם</UnitMeasure>
      <BisWeighted>0</BisWeighted>
      <QtyInPackage>1</QtyInPackage>
      <ItemPrice>14.90</ItemPrice>
      <UnitOfMeasurePrice>7.45</UnitOfMeasurePrice>
      <AllowDiscount>0</AllowDiscount>
      <itemStatus>1</itemStatus>
      <LastUpdateDate />
      <LastUpdateTime />
    </Product>
    <Product>
      <PriceUpdateDate>2022/07/05 21:16</PriceUpdateDate>
      <ItemCode>17105468</ItemCode>
      <ItemType>0</ItemType>
      <ItemName>אפונה גינה שלשות יכין</ItemName>
      <ManufactureName>זנלכול יכין</ManufactureName>
      <ManufactureCountry />
      <ManufactureItemDescription />
      <UnitQty>'יח</UnitQty>
      <Quantity>6</Quantity>
      <UnitMeasure>ל-100 גרם</UnitMeasure>
      <BisWeighted>0</BisWeighted>
      <QtyInPackage>1</QtyInPackage>
      <ItemPrice>14.90</ItemPrice>
      <UnitOfMeasurePrice>2.48</UnitOfMeasurePrice>
      <AllowDiscount>0</AllowDiscount>
      <itemStatus>1</itemStatus>
      <LastUpdateDate />
      <LastUpdateTime />
    </Product>
    <Product>
      <PriceUpdateDate>2022/07/05 21:16</PriceUpdateDate>
      <ItemCode>17105550</ItemCode>
      <ItemType>0</ItemType>
      <ItemName>מאגדת רסק עגבניות 100*4</ItemName>
      <ManufactureName>זנלכול יכין</ManufactureName>
      <ManufactureCountry />
      <ManufactureItemDescription />
      <UnitQty>'יח</UnitQty>
      <Quantity>4</Quantity>
      <UnitMeasure>ל-100 גרם</UnitMeasure>
      <BisWeighted>0</BisWeighted>
      <QtyInPackage>1</QtyInPackage>
      <ItemPrice>13.90</ItemPrice>
      <UnitOfMeasurePrice>3.48</UnitOfMeasurePrice>
      <AllowDiscount>0</AllowDiscount>
      <itemStatus>1</itemStatus>
      <LastUpdateDate />
      <LastUpdateTime />
    </Product>
    <Product>
      <PriceUpdateDate>2022/07/05 21:16</PriceUpdateDate>
      <ItemCode>17105895</ItemCode>
      <ItemType>0</ItemType>
      <ItemName>גרגירי חומוס מסעדות יכין 550 גר`</ItemName>
      <ManufactureName>זנלכול יכין</ManufactureName>
      <ManufactureCountry />
      <ManufactureItemDescription />
      <UnitQty>'יח</UnitQty>
      <Quantity>5.50</Quantity>
      <UnitMeasure>ל-100 גרם</UnitMeasure>
      <BisWeighted>0</BisWeighted>
      <QtyInPackage>1</QtyInPackage>
      <ItemPrice>9.90</ItemPrice>
      <UnitOfMeasurePrice>1.80</UnitOfMeasurePrice>
      <AllowDiscount>0</AllowDiscount>
      <itemStatus>1</itemStatus>
      <LastUpdateDate />
      <LastUpdateTime />
    </Product>
    <Product>
      <PriceUpdateDate>2019/10/06 10:00</PriceUpdateDate>
      <ItemCode>17121048</ItemCode>
      <ItemType>0</ItemType>
      <ItemName>פלפל צ`ומה  עללחם 250 גר`</ItemName>
      <ManufactureName>שטראוס גרופ בע`מ</ManufactureName>
      <ManufactureCountry />
      <ManufactureItemDescription />
      <UnitQty>'יח</UnitQty>
      <Quantity>2.50</Quantity>
      <UnitMeasure>ל-100 גרם</UnitMeasure>
      <BisWeighted>0</BisWeighted>
      <QtyInPackage>1</QtyInPackage>
      <ItemPrice>14.90</ItemPrice>
      <UnitOfMeasurePrice>5.96</UnitOfMeasurePrice>
      <AllowDiscount>0</AllowDiscount>
      <itemStatus>1</itemStatus>
      <LastUpdateDate />
      <LastUpdateTime />
    </Product>
    <Product>
      <PriceUpdateDate>2019/10/06 10:00</PriceUpdateDate>
      <ItemCode>17121093</ItemCode>
      <ItemType>0</ItemType>
      <ItemName>.אריסה חריפה  עללחם 250 גר`</ItemName>
      <ManufactureName>שטראוס גרופ בע`מ</ManufactureName>
      <ManufactureCountry />
      <ManufactureItemDescription />
      <UnitQty>'יח</UnitQty>
      <Quantity>2.50</Quantity>
      <UnitMeasure>ל-100 גרם</UnitMeasure>
      <BisWeighted>0</BisWeighted>
      <QtyInPackage>1</QtyInPackage>
      <ItemPrice>14.90</ItemPrice>
      <UnitOfMeasurePrice>5.96</UnitOfMeasurePrice>
      <AllowDiscount>0</AllowDiscount>
      <itemStatus>1</itemStatus>
      <LastUpdateDate />
      <LastUpdateTime />
    </Product>
    <Product>
      <PriceUpdateDate>2021/07/05 19:02</PriceUpdateDate>
      <ItemCode>17142128</ItemCode>
      <ItemType>0</ItemType>
      <ItemName>שמן זית קלאסי עץ הזית 750 מ"ל</ItemName>
      <ManufactureName>סוגת</ManufactureName>
      <ManufactureCountry />
      <ManufactureItemDescription />
      <UnitQty>'יח</UnitQty>
      <Quantity>7.50</Quantity>
      <UnitMeasure>ל-100 מ"ל</UnitMeasure>
      <BisWeighted>0</BisWeighted>
      <QtyInPackage>1</QtyInPackage>
      <ItemPrice>32.90</ItemPrice>
      <UnitOfMeasurePrice>4.39</UnitOfMeasurePrice>
      <AllowDiscount>1</AllowDiscount>
      <itemStatus>1</itemStatus>
      <LastUpdateDate />
      <LastUpdateTime />
    </Product>
    <Product>
      <PriceUpdateDate>2022/08/29 12:30</PriceUpdateDate>
      <ItemCode>17252636</ItemCode>
      <ItemType>0</ItemType>
      <ItemName>עוגת דבש עגולה</ItemName>
      <ManufactureName>בני פאוזי שמשום</ManufactureName>
      <ManufactureCountry />
      <ManufactureItemDescription />
      <UnitQty>'יח</UnitQty>
      <Quantity>1</Quantity>
      <UnitMeasure>ל-100 גרם</UnitMeasure>
      <BisWeighted>0</BisWeighted>
      <QtyInPackage>1</QtyInPackage>
      <ItemPrice>5.90</ItemPrice>
      <UnitOfMeasurePrice>5.90</UnitOfMeasurePrice>
      <AllowDiscount>1</AllowDiscount>
      <itemStatus>1</itemStatus>
      <LastUpdateDate />
      <LastUpdateTime />
    </Product>
    <Product>
      <PriceUpdateDate>2019/01/16 14:44</PriceUpdateDate>
      <ItemCode>17266053</ItemCode>
      <ItemType>0</ItemType>
      <ItemName>וופל עלמה  קראנצ`במילוי קרם לימון ללא</ItemName>
      <ManufactureName>מ.ד אטיאס סוכנויות מזון בע`מ</ManufactureName>
      <ManufactureCountry />
      <ManufactureItemDescription />
      <UnitQty>'יח</UnitQty>
      <Quantity>1</Quantity>
      <UnitMeasure>ל-100 גרם</UnitMeasure>
      <BisWeighted>0</BisWeighted>
      <QtyInPackage>1</QtyInPackage>
      <ItemPrice>6.90</ItemPrice>
      <UnitOfMeasurePrice>6.90</UnitOfMeasurePrice>
      <AllowDiscount>0</AllowDiscount>
      <itemStatus>1</itemStatus>
      <LastUpdateDate />
      <LastUpdateTime />
    </Product>
    <Product>
      <PriceUpdateDate>2022/10/24 16:13</PriceUpdateDate>
      <ItemCode>17291390</ItemCode>
      <ItemType>0</ItemType>
      <ItemName>שורש כורכום טרי ארוז</ItemName>
      <ManufactureName>ביכורי השדה הצפון בעמ` 1964</ManufactureName>
      <ManufactureCountry />
      <ManufactureItemDescription />
      <UnitQty>'יח</UnitQty>
      <Quantity>1</Quantity>
      <UnitMeasure>'יח</UnitMeasure>
      <BisWeighted>0</BisWeighted>
      <QtyInPackage>1</QtyInPackage>
      <ItemPrice>19.90</ItemPrice>
      <UnitOfMeasurePrice>19.90</UnitOfMeasurePrice>
      <AllowDiscount>0</AllowDiscount>
      <itemStatus>1</itemStatus>
      <LastUpdateDate />
      <LastUpdateTime />
    </Product>
    <Product>
      <PriceUpdateDate>2020/11/02 15:29</PriceUpdateDate>
      <ItemCode>17297224</ItemCode>
      <ItemType>0</ItemType>
      <ItemName>שעועית אדומה  800 גר`</ItemName>
      <ManufactureName>ויטה פרי גליל (החדשה) בע`מ</ManufactureName>
      <ManufactureCountry />
      <ManufactureItemDescription />
      <UnitQty>'יח</UnitQty>
      <Quantity>8</Quantity>
      <UnitMeasure>ל-100 גרם</UnitMeasure>
      <BisWeighted>0</BisWeighted>
      <QtyInPackage>1</QtyInPackage>
      <ItemPrice>12.90</ItemPrice>
      <UnitOfMeasurePrice>1.61</UnitOfMeasurePrice>
      <AllowDiscount>0</AllowDiscount>
      <itemStatus>1</itemStatus>
      <LastUpdateDate />
      <LastUpdateTime />
    </Product>
    <Product>
      <PriceUpdateDate>2022/05/06 10:50</PriceUpdateDate>
      <ItemCode>17303567</ItemCode>
      <ItemType>0</ItemType>
      <ItemName>עוגיות תמר מלוחות עם קצח 500 גר`</ItemName>
      <ManufactureName>מאפית אריאל שיווק והפצה</ManufactureName>
      <ManufactureCountry />
      <ManufactureItemDescription />
      <UnitQty>'יח</UnitQty>
      <Quantity>5</Quantity>
      <UnitMeasure>ל-100 גרם</UnitMeasure>
      <BisWeighted>0</BisWeighted>
      <QtyInPackage>1</QtyInPackage>
      <ItemPrice>12.90</ItemPrice>
      <UnitOfMeasurePrice>2.58</UnitOfMeasurePrice>
      <AllowDiscount>1</AllowDiscount>
      <itemStatus>1</itemStatus>
      <LastUpdateDate />
      <LastUpdateTime />
    </Product>
    <Product>
      <PriceUpdateDate>2022/05/06 10:50</PriceUpdateDate>
      <ItemCode>17303574</ItemCode>
      <ItemType>0</ItemType>
      <ItemName>עוגיות תמר מלוחות עם שומשום 500 גר`</ItemName>
      <ManufactureName>מאפית אריאל שיווק והפצה</ManufactureName>
      <ManufactureCountry />
      <ManufactureItemDescription />
      <UnitQty>'יח</UnitQty>
      <Quantity>5</Quantity>
      <UnitMeasure>ל-100 גרם</UnitMeasure>
      <BisWeighted>0</BisWeighted>
      <QtyInPackage>1</QtyInPackage>
      <ItemPrice>12.90</ItemPrice>
      <UnitOfMeasurePrice>2.58</UnitOfMeasurePrice>
      <AllowDiscount>1</AllowDiscount>
      <itemStatus>1</itemStatus>
      <LastUpdateDate />
      <LastUpdateTime />
    </Product>
    <Product>
      <PriceUpdateDate>2022/05/06 10:50</PriceUpdateDate>
      <ItemCode>17303604</ItemCode>
      <ItemType>0</ItemType>
      <ItemName>עוגיות תמר גרנולה 600 גר</ItemName>
      <ManufactureName>מאפית אריאל שיווק והפצה</ManufactureName>
      <ManufactureCountry />
      <ManufactureItemDescription />
      <UnitQty>'יח</UnitQty>
      <Quantity>5</Quantity>
      <UnitMeasure>ל-100 גרם</UnitMeasure>
      <BisWeighted>0</BisWeighted>
      <QtyInPackage>1</QtyInPackage>
      <ItemPrice>12.90</ItemPrice>
      <UnitOfMeasurePrice>2.58</UnitOfMeasurePrice>
      <AllowDiscount>1</AllowDiscount>
      <itemStatus>1</itemStatus>
      <LastUpdateDate />
      <LastUpdateTime />
    </Product>
    <Product>
      <PriceUpdateDate>2022/05/06 10:50</PriceUpdateDate>
      <ItemCode>17303611</ItemCode>
      <ItemType>0</ItemType>
      <ItemName>עוגיות תמר כעכעים קקאו  500 גר`</ItemName>
      <ManufactureName>מאפית אריאל שיווק והפצה</ManufactureName>
      <ManufactureCountry />
      <ManufactureItemDescription />
      <UnitQty>'יח</UnitQty>
      <Quantity>5</Quantity>
      <UnitMeasure>ל-100 גרם</UnitMeasure>
      <BisWeighted>0</BisWeighted>
      <QtyInPackage>1</QtyInPackage>
      <ItemPrice>12.90</ItemPrice>
      <UnitOfMeasurePrice>2.58</UnitOfMeasurePrice>
      <AllowDiscount>1</AllowDiscount>
      <itemStatus>1</itemStatus>
      <LastUpdateDate />
      <LastUpdateTime />
    </Product>
    <Product>
      <PriceUpdateDate>2022/05/06 10:50</PriceUpdateDate>
      <ItemCode>17303628</ItemCode>
      <ItemType>0</ItemType>
      <ItemName>עוגיות תמר כתר במילוי תות 600 גר</ItemName>
      <ManufactureName>מאפית אריאל שיווק והפצה</ManufactureName>
      <ManufactureCountry />
      <ManufactureItemDescription />
      <UnitQty>'יח</UnitQty>
      <Quantity>5</Quantity>
      <UnitMeasure>ל-100 גרם</UnitMeasure>
      <BisWeighted>0</BisWeighted>
      <QtyInPackage>1</QtyInPackage>
      <ItemPrice>12.90</ItemPrice>
      <UnitOfMeasurePrice>2.58</UnitOfMeasurePrice>
      <AllowDiscount>1</AllowDiscount>
      <itemStatus>1</itemStatus>
      <LastUpdateDate />
      <LastUpdateTime />
    </Product>
    <Product>
      <PriceUpdateDate>2022/05/06 10:50</PriceUpdateDate>
      <ItemCode>17303642</ItemCode>
      <ItemType>0</ItemType>
      <ItemName>עוגיות תמר מקלות מסוכרים קינמון 400 גר</ItemName>
      <ManufactureName>מאפית אריאל שיווק והפצה</ManufactureName>
      <ManufactureCountry />
      <ManufactureItemDescription />
      <UnitQty>'יח</UnitQty>
      <Quantity>5</Quantity>
      <UnitMeasure>ל-100 גרם</UnitMeasure>
      <BisWeighted>0</BisWeighted>
      <QtyInPackage>1</QtyInPackage>
      <ItemPrice>12.90</ItemPrice>
      <UnitOfMeasurePrice>2.58</UnitOfMeasurePrice>
      <AllowDiscount>1</AllowDiscount>
      <itemStatus>1</itemStatus>
      <LastUpdateDate />
      <LastUpdateTime />
    </Product>
    <Product>
      <PriceUpdateDate>2022/05/06 10:50</PriceUpdateDate>
      <ItemCode>17303659</ItemCode>
      <ItemType>0</ItemType>
      <ItemName>עוגיות תמר מיני מרוקאיות 500 גר`</ItemName>
      <ManufactureName>מאפית אריאל שיווק והפצה</ManufactureName>
      <ManufactureCountry />
      <ManufactureItemDescription />
      <UnitQty>'יח</UnitQty>
      <Quantity>5</Quantity>
      <UnitMeasure>ל-100 גרם</UnitMeasure>
      <BisWeighted>0</BisWeighted>
      <QtyInPackage>1</QtyInPackage>
      <ItemPrice>12.90</ItemPrice>
      <UnitOfMeasurePrice>2.58</UnitOfMeasurePrice>
      <AllowDiscount>1</AllowDiscount>
      <itemStatus>1</itemStatus>
      <LastUpdateDate />
      <LastUpdateTime />
    </Product>
    <Product>
      <PriceUpdateDate>2022/05/06 10:50</PriceUpdateDate>
      <ItemCode>17303666</ItemCode>
      <ItemType>0</ItemType>
      <ItemName>עוגיות תמר שוקולד ציפס 600 גר</ItemName>
      <ManufactureName>מאפית אריאל שיווק והפצה</ManufactureName>
      <ManufactureCountry />
      <ManufactureItemDescription />
      <UnitQty>'יח</UnitQty>
      <Quantity>5</Quantity>
      <UnitMeasure>ל-100 גרם</UnitMeasure>
      <BisWeighted>0</BisWeighted>
      <QtyInPackage>1</QtyInPackage>
      <ItemPrice>12.90</ItemPrice>
      <UnitOfMeasurePrice>2.58</UnitOfMeasurePrice>
      <AllowDiscount>1</AllowDiscount>
      <itemStatus>1</itemStatus>
      <LastUpdateDate />
      <LastUpdateTime />
    </Product>
    <Product>
      <PriceUpdateDate>2022/05/06 10:50</PriceUpdateDate>
      <ItemCode>17303673</ItemCode>
      <ItemType>0</ItemType>
      <ItemName>עוגיות תמר שוקולד ציפס לבן 600 גר</ItemName>
      <ManufactureName>מאפית אריאל שיווק והפצה</ManufactureName>
      <ManufactureCountry />
      <ManufactureItemDescription />
      <UnitQty>'יח</UnitQty>
      <Quantity>5</Quantity>
      <UnitMeasure>ל-100 גרם</UnitMeasure>
      <BisWeighted>0</BisWeighted>
      <QtyInPackage>1</QtyInPackage>
      <ItemPrice>12.90</ItemPrice>
      <UnitOfMeasurePrice>2.58</UnitOfMeasurePrice>
      <AllowDiscount>1</AllowDiscount>
      <itemStatus>1</itemStatus>
      <LastUpdateDate />
      <LastUpdateTime />
    </Product>
    <Product>
      <PriceUpdateDate>2022/01/31 13:58</PriceUpdateDate>
      <ItemCode>17374512</ItemCode>
      <ItemType>0</ItemType>
      <ItemName>שקיות אשפה 75*90</ItemName>
      <ManufactureName>מ.א. יצור ויבוא מטליות בעמ`</ManufactureName>
      <ManufactureCountry />
      <ManufactureItemDescription />
      <UnitQty>'יח</UnitQty>
      <Quantity>1</Quantity>
      <UnitMeasure />
      <BisWeighted>0</BisWeighted>
      <QtyInPackage>20</QtyInPackage>
      <ItemPrice>9.90</ItemPrice>
      <UnitOfMeasurePrice>9.90</UnitOfMeasurePrice>
      <AllowDiscount>0</AllowDiscount>
      <itemStatus>1</itemStatus>
      <LastUpdateDate />
      <LastUpdateTime />
    </Product>
    <Product>
      <PriceUpdateDate>2022/05/16 09:46</PriceUpdateDate>
      <ItemCode>17374932</ItemCode>
      <ItemType>0</ItemType>
      <ItemName>שקיות אשפה גורילה 52*65</ItemName>
      <ManufactureName>מ.א. יצור ויבוא מטליות בעמ`</ManufactureName>
      <ManufactureCountry />
      <ManufactureItemDescription />
      <UnitQty>'יח</UnitQty>
      <Quantity>1</Quantity>
      <UnitMeasure />
      <BisWeighted>0</BisWeighted>
      <QtyInPackage>20</QtyInPackage>
      <ItemPrice>14.90</ItemPrice>
      <UnitOfMeasurePrice>14.90</UnitOfMeasurePrice>
      <AllowDiscount>0</AllowDiscount>
      <itemStatus>1</itemStatus>
      <LastUpdateDate />
      <LastUpdateTime />
    </Product>
    <Product>
      <PriceUpdateDate>2019/07/25 09:19</PriceUpdateDate>
      <ItemCode>17440279</ItemCode>
      <ItemType>0</ItemType>
      <ItemName>אל סבון קידס 750 מ"ל</ItemName>
      <ManufactureName>פישר תעשיות פרמצבטיות בע"מ</ManufactureName>
      <ManufactureCountry />
      <ManufactureItemDescription />
      <UnitQty>'יח</UnitQty>
      <Quantity>7.50</Quantity>
      <UnitMeasure>ל-100 מ"ל</UnitMeasure>
      <BisWeighted>0</BisWeighted>
      <QtyInPackage>1</QtyInPackage>
      <ItemPrice>16.90</ItemPrice>
      <UnitOfMeasurePrice>2.25</UnitOfMeasurePrice>
      <AllowDiscount>0</AllowDiscount>
      <itemStatus>1</itemStatus>
      <LastUpdateDate />
      <LastUpdateTime />
    </Product>
    <Product>
      <PriceUpdateDate>2022/10/23 20:01</PriceUpdateDate>
      <ItemCode>17440965</ItemCode>
      <ItemType>0</ItemType>
      <ItemName>קמיל אל סבון ניקיון ולחות לבן 1 ליטר</ItemName>
      <ManufactureName>פישר תעשיות פרמצבטיות בע"מ</ManufactureName>
      <ManufactureCountry />
      <ManufactureItemDescription />
      <UnitQty>'יח</UnitQty>
      <Quantity>5</Quantity>
      <UnitMeasure>ל-100 מ"ל</UnitMeasure>
      <BisWeighted>0</BisWeighted>
      <QtyInPackage>1</QtyInPackage>
      <ItemPrice>15.90</ItemPrice>
      <UnitOfMeasurePrice>3.18</UnitOfMeasurePrice>
      <AllowDiscount>1</AllowDiscount>
      <itemStatus>1</itemStatus>
      <LastUpdateDate />
      <LastUpdateTime />
    </Product>
    <Product>
      <PriceUpdateDate>2021/12/23 16:03</PriceUpdateDate>
      <ItemCode>17457581</ItemCode>
      <ItemType>0</ItemType>
      <ItemName>מרכך כביסה סוד בניחוח מי קוקוס 900 מ"ל</ItemName>
      <ManufactureName>גורי שיווק</ManufactureName>
      <ManufactureCountry />
      <ManufactureItemDescription />
      <UnitQty>'יח</UnitQty>
      <Quantity>9</Quantity>
      <UnitMeasure>ל-100 מ"ל</UnitMeasure>
      <BisWeighted>0</BisWeighted>
      <QtyInPackage>1</QtyInPackage>
      <ItemPrice>12.90</ItemPrice>
      <UnitOfMeasurePrice>1.43</UnitOfMeasurePrice>
      <AllowDiscount>1</AllowDiscount>
      <itemStatus>1</itemStatus>
      <LastUpdateDate />
      <LastUpdateTime />
    </Product>
    <Product>
      <PriceUpdateDate>2019/06/25 09:20</PriceUpdateDate>
      <ItemCode>17457703</ItemCode>
      <ItemType>0</ItemType>
      <ItemName>מרכך כביסה מרוכז ארומתרפי זהב</ItemName>
      <ManufactureName>גורי שיווק</ManufactureName>
      <ManufactureCountry />
      <ManufactureItemDescription />
      <UnitQty>'יח</UnitQty>
      <Quantity>9</Quantity>
      <UnitMeasure>ל-100 מ"ל</UnitMeasure>
      <BisWeighted>0</BisWeighted>
      <QtyInPackage>1</QtyInPackage>
      <ItemPrice>12.90</ItemPrice>
      <UnitOfMeasurePrice>1.43</UnitOfMeasurePrice>
      <AllowDiscount>1</AllowDiscount>
      <itemStatus>1</itemStatus>
      <LastUpdateDate />
      <LastUpdateTime />
    </Product>
    <Product>
      <PriceUpdateDate>2019/06/25 09:20</PriceUpdateDate>
      <ItemCode>17457710</ItemCode>
      <ItemType>0</ItemType>
      <ItemName>מרכך כביסה מרוכז ארומתרפי סגול</ItemName>
      <ManufactureName>גורי שיווק</ManufactureName>
      <ManufactureCountry />
      <ManufactureItemDescription />
      <UnitQty>'יח</UnitQty>
      <Quantity>9</Quantity>
      <UnitMeasure>ל-100 מ"ל</UnitMeasure>
      <BisWeighted>0</BisWeighted>
      <QtyInPackage>1</QtyInPackage>
      <ItemPrice>12.90</ItemPrice>
      <UnitOfMeasurePrice>1.43</UnitOfMeasurePrice>
      <AllowDiscount>1</AllowDiscount>
      <itemStatus>1</itemStatus>
      <LastUpdateDate />
      <LastUpdateTime />
    </Product>
    <Product>
      <PriceUpdateDate>2019/06/25 09:20</PriceUpdateDate>
      <ItemCode>17457727</ItemCode>
      <ItemType>0</ItemType>
      <ItemName>מרכך כביסה מרוכז כחול</ItemName>
      <ManufactureName>גורי שיווק</ManufactureName>
      <ManufactureCountry />
      <ManufactureItemDescription />
      <UnitQty>'יח</UnitQty>
      <Quantity>9</Quantity>
      <UnitMeasure>ל-100 מ"ל</UnitMeasure>
      <BisWeighted>0</BisWeighted>
      <QtyInPackage>12</QtyInPackage>
      <ItemPrice>12.90</ItemPrice>
      <UnitOfMeasurePrice>1.43</UnitOfMeasurePrice>
      <AllowDiscount>1</AllowDiscount>
      <itemStatus>1</itemStatus>
      <LastUpdateDate />
      <LastUpdateTime />
    </Product>
    <Product>
      <PriceUpdateDate>2019/06/25 09:20</PriceUpdateDate>
      <ItemCode>17457734</ItemCode>
      <ItemType>0</ItemType>
      <ItemName>מרכך כביסה מרוכז ורוד</ItemName>
      <ManufactureName>גורי שיווק</ManufactureName>
      <ManufactureCountry />
      <ManufactureItemDescription />
      <UnitQty>'יח</UnitQty>
      <Quantity>9</Quantity>
      <UnitMeasure>ל-100 מ"ל</UnitMeasure>
      <BisWeighted>0</BisWeighted>
      <QtyInPackage>12</QtyInPackage>
      <ItemPrice>12.90</ItemPrice>
      <UnitOfMeasurePrice>1.43</UnitOfMeasurePrice>
      <AllowDiscount>1</AllowDiscount>
      <itemStatus>1</itemStatus>
      <LastUpdateDate />
      <LastUpdateTime />
    </Product>
    <Product>
      <PriceUpdateDate>2022/07/07 19:56</PriceUpdateDate>
      <ItemCode>17457888</ItemCode>
      <ItemType>0</ItemType>
      <ItemName>סוד ג`ל כביסה כחול 4 ל` כחול</ItemName>
      <ManufactureName>גורי שיווק</ManufactureName>
      <ManufactureCountry />
      <ManufactureItemDescription />
      <UnitQty>'יח</UnitQty>
      <Quantity>40</Quantity>
      <UnitMeasure>ל-100 מ"ל</UnitMeasure>
      <BisWeighted>0</BisWeighted>
      <QtyInPackage>1</QtyInPackage>
      <ItemPrice>32.90</ItemPrice>
      <UnitOfMeasurePrice>0.82</UnitOfMeasurePrice>
      <AllowDiscount>1</AllowDiscount>
      <itemStatus>1</itemStatus>
      <LastUpdateDate />
      <LastUpdateTime />
    </Product>
    <Product>
      <PriceUpdateDate>2020/11/29 08:27</PriceUpdateDate>
      <ItemCode>17457925</ItemCode>
      <ItemType>0</ItemType>
      <ItemName>מרכך כביסה מרוכז FCFC 900 מ"ל</ItemName>
      <ManufactureName>גורי שיווק</ManufactureName>
      <ManufactureCountry />
      <ManufactureItemDescription />
      <UnitQty>'יח</UnitQty>
      <Quantity>9</Quantity>
      <UnitMeasure>ל-100 מ"ל</UnitMeasure>
      <BisWeighted>0</BisWeighted>
      <QtyInPackage>1</QtyInPackage>
      <ItemPrice>12.90</ItemPrice>
      <UnitOfMeasurePrice>1.43</UnitOfMeasurePrice>
      <AllowDiscount>1</AllowDiscount>
      <itemStatus>1</itemStatus>
      <LastUpdateDate />
      <LastUpdateTime />
    </Product>
    <Product>
      <PriceUpdateDate>2020/11/29 08:27</PriceUpdateDate>
      <ItemCode>17457932</ItemCode>
      <ItemType>0</ItemType>
      <ItemName>מרכך כביסה מרוכז FCCF 900 מ"ל</ItemName>
      <ManufactureName>גורי שיווק</ManufactureName>
      <ManufactureCountry />
      <ManufactureItemDescription />
      <UnitQty>'יח</UnitQty>
      <Quantity>9</Quantity>
      <UnitMeasure>ל-100 מ"ל</UnitMeasure>
      <BisWeighted>0</BisWeighted>
      <QtyInPackage>1</QtyInPackage>
      <ItemPrice>12.90</ItemPrice>
      <UnitOfMeasurePrice>1.43</UnitOfMeasurePrice>
      <AllowDiscount>1</AllowDiscount>
      <itemStatus>1</itemStatus>
      <LastUpdateDate />
      <LastUpdateTime />
    </Product>
    <Product>
      <PriceUpdateDate>2021/08/08 13:53</PriceUpdateDate>
      <ItemCode>17477169</ItemCode>
      <ItemType>0</ItemType>
      <ItemName>קשיו קלוי 250 גר`</ItemName>
      <ManufactureName>דין שיווק וקליה 2021 בעמ</ManufactureName>
      <ManufactureCountry />
      <ManufactureItemDescription />
      <UnitQty>'יח</UnitQty>
      <Quantity>2.50</Quantity>
      <UnitMeasure>ל-100 גרם</UnitMeasure>
      <BisWeighted>0</BisWeighted>
      <QtyInPackage>1</QtyInPackage>
      <ItemPrice>20</ItemPrice>
      <UnitOfMeasurePrice>8</UnitOfMeasurePrice>
      <AllowDiscount>0</AllowDiscount>
      <itemStatus>1</itemStatus>
      <LastUpdateDate />
      <LastUpdateTime />
    </Product>
    <Product>
      <PriceUpdateDate>2022/10/28 07:55</PriceUpdateDate>
      <ItemCode>17513485</ItemCode>
      <ItemType>0</ItemType>
      <ItemName>מחית עגבניות רוסטיקה 680 גר`</ItemName>
      <ManufactureName>תה ויסוצקי בע`מ</ManufactureName>
      <ManufactureCountry />
      <ManufactureItemDescription />
      <UnitQty>'יח</UnitQty>
      <Quantity>6.80</Quantity>
      <UnitMeasure>ל-100 גרם</UnitMeasure>
      <BisWeighted>0</BisWeighted>
      <QtyInPackage>1</QtyInPackage>
      <ItemPrice>13.90</ItemPrice>
      <UnitOfMeasurePrice>2.04</UnitOfMeasurePrice>
      <AllowDiscount>1</AllowDiscount>
      <itemStatus>1</itemStatus>
      <LastUpdateDate />
      <LastUpdateTime />
    </Product>
    <Product>
      <PriceUpdateDate>2019/12/27 06:59</PriceUpdateDate>
      <ItemCode>17513775</ItemCode>
      <ItemType>0</ItemType>
      <ItemName>פליפז בייגלה מצופה שוקולד חלב  140 גר`</ItemName>
      <ManufactureName>תה ויסוצקי בע`מ</ManufactureName>
      <ManufactureCountry />
      <ManufactureItemDescription />
      <UnitQty>'יח</UnitQty>
      <Quantity>1.40</Quantity>
      <UnitMeasure>ל-100 גרם</UnitMeasure>
      <BisWeighted>0</BisWeighted>
      <QtyInPackage>1</QtyInPackage>
      <ItemPrice>8.90</ItemPrice>
      <UnitOfMeasurePrice>6.36</UnitOfMeasurePrice>
      <AllowDiscount>1</AllowDiscount>
      <itemStatus>1</itemStatus>
      <LastUpdateDate />
      <LastUpdateTime />
    </Product>
    <Product>
      <PriceUpdateDate>2019/12/27 06:59</PriceUpdateDate>
      <ItemCode>17513782</ItemCode>
      <ItemType>0</ItemType>
      <ItemName>פליפז בייגלה מצופה שוקולד מריר 140 גר`</ItemName>
      <ManufactureName>תה ויסוצקי בע`מ</ManufactureName>
      <ManufactureCountry />
      <ManufactureItemDescription />
      <UnitQty>'יח</UnitQty>
      <Quantity>1.40</Quantity>
      <UnitMeasure>ל-100 גרם</UnitMeasure>
      <BisWeighted>0</BisWeighted>
      <QtyInPackage>1</QtyInPackage>
      <ItemPrice>8.90</ItemPrice>
      <UnitOfMeasurePrice>6.36</UnitOfMeasurePrice>
      <AllowDiscount>1</AllowDiscount>
      <itemStatus>1</itemStatus>
      <LastUpdateDate />
      <LastUpdateTime />
    </Product>
    <Product>
      <PriceUpdateDate>2021/02/21 15:05</PriceUpdateDate>
      <ItemCode>17641102</ItemCode>
      <ItemType>0</ItemType>
      <ItemName>שוקולד פרמיום 70% לל"ס תפוז 100 גר`</ItemName>
      <ManufactureName>כרמית תעשיות ממתקים בעמ</ManufactureName>
      <ManufactureCountry />
      <ManufactureItemDescription />
      <UnitQty>'יח</UnitQty>
      <Quantity>1</Quantity>
      <UnitMeasure>ל-100 גרם</UnitMeasure>
      <BisWeighted>0</BisWeighted>
      <QtyInPackage>1</QtyInPackage>
      <ItemPrice>7.90</ItemPrice>
      <UnitOfMeasurePrice>7.90</UnitOfMeasurePrice>
      <AllowDiscount>0</AllowDiscount>
      <itemStatus>1</itemStatus>
      <LastUpdateDate />
      <LastUpdateTime />
    </Product>
    <Product>
      <PriceUpdateDate>2021/02/21 15:05</PriceUpdateDate>
      <ItemCode>17641997</ItemCode>
      <ItemType>0</ItemType>
      <ItemName>שוקולד פרמיום 70% לל"ס אגוז לוז 100 גר`</ItemName>
      <ManufactureName>כרמית תעשיות ממתקים בעמ</ManufactureName>
      <ManufactureCountry />
      <ManufactureItemDescription />
      <UnitQty>'יח</UnitQty>
      <Quantity>1</Quantity>
      <UnitMeasure>ל-100 גרם</UnitMeasure>
      <BisWeighted>0</BisWeighted>
      <QtyInPackage>1</QtyInPackage>
      <ItemPrice>7.90</ItemPrice>
      <UnitOfMeasurePrice>7.90</UnitOfMeasurePrice>
      <AllowDiscount>0</AllowDiscount>
      <itemStatus>1</itemStatus>
      <LastUpdateDate />
      <LastUpdateTime />
    </Product>
    <Product>
      <PriceUpdateDate>2019/06/27 14:11</PriceUpdateDate>
      <ItemCode>17677804</ItemCode>
      <ItemType>0</ItemType>
      <ItemName>רוטב סויה קיקומן 444 מל</ItemName>
      <ManufactureName>דיפלומט מפיצים (1968) בע`מ</ManufactureName>
      <ManufactureCountry />
      <ManufactureItemDescription />
      <UnitQty>'יח</UnitQty>
      <Quantity>4.44</Quantity>
      <UnitMeasure>ל-100 מ"ל</UnitMeasure>
      <BisWeighted>0</BisWeighted>
      <QtyInPackage>12</QtyInPackage>
      <ItemPrice>19.90</ItemPrice>
      <UnitOfMeasurePrice>4.48</UnitOfMeasurePrice>
      <AllowDiscount>1</AllowDiscount>
      <itemStatus>1</itemStatus>
      <LastUpdateDate />
      <LastUpdateTime />
    </Product>
    <Product>
      <PriceUpdateDate>2020/11/10 20:13</PriceUpdateDate>
      <ItemCode>17715964</ItemCode>
      <ItemType>0</ItemType>
      <ItemName>רסק תפו"ע+אפרסק דיאט 4 יח`</ItemName>
      <ManufactureName>תומר ייבוא ושיווק מוצרי מזון [</ManufactureName>
      <ManufactureCountry />
      <ManufactureItemDescription />
      <UnitQty>'יח</UnitQty>
      <Quantity>5.50</Quantity>
      <UnitMeasure>ל-100 גרם</UnitMeasure>
      <BisWeighted>0</BisWeighted>
      <QtyInPackage>1</QtyInPackage>
      <ItemPrice>10.90</ItemPrice>
      <UnitOfMeasurePrice>1.98</UnitOfMeasurePrice>
      <AllowDiscount>0</AllowDiscount>
      <itemStatus>1</itemStatus>
      <LastUpdateDate />
      <LastUpdateTime />
    </Product>
    <Product>
      <PriceUpdateDate>2022/06/21 10:28</PriceUpdateDate>
      <ItemCode>17812571</ItemCode>
      <ItemType>0</ItemType>
      <ItemName>תירוש מיץ ענבים טבעי 1 ליטר 100%</ItemName>
      <ManufactureName>אגודת הכורמים</ManufactureName>
      <ManufactureCountry />
      <ManufactureItemDescription />
      <UnitQty>'יח</UnitQty>
      <Quantity>10</Quantity>
      <UnitMeasure>ל-100 מ"ל</UnitMeasure>
      <BisWeighted>0</BisWeighted>
      <QtyInPackage>1</QtyInPackage>
      <ItemPrice>19.90</ItemPrice>
      <UnitOfMeasurePrice>1.96</UnitOfMeasurePrice>
      <AllowDiscount>1</AllowDiscount>
      <itemStatus>1</itemStatus>
      <LastUpdateDate />
      <LastUpdateTime />
    </Product>
    <Product>
      <PriceUpdateDate>2020/10/18 12:22</PriceUpdateDate>
      <ItemCode>17812595</ItemCode>
      <ItemType>0</ItemType>
      <ItemName>יין היובל ישן נושן לייט  750 מל`</ItemName>
      <ManufactureName>אגודת הכורמים</ManufactureName>
      <ManufactureCountry />
      <ManufactureItemDescription />
      <UnitQty>'יח</UnitQty>
      <Quantity>7.50</Quantity>
      <UnitMeasure>ל-100 מ"ל</UnitMeasure>
      <BisWeighted>0</BisWeighted>
      <QtyInPackage>1</QtyInPackage>
      <ItemPrice>24.90</ItemPrice>
      <UnitOfMeasurePrice>3.28</UnitOfMeasurePrice>
      <AllowDiscount>1</AllowDiscount>
      <itemStatus>1</itemStatus>
      <LastUpdateDate />
      <LastUpdateTime />
    </Product>
    <Product>
      <PriceUpdateDate>2021/01/27 14:40</PriceUpdateDate>
      <ItemCode>17812656</ItemCode>
      <ItemType>0</ItemType>
      <ItemName>תירוש ענבים טבעי מבעבע אדום 750 מ"ל</ItemName>
      <ManufactureName>אגודת הכורמים</ManufactureName>
      <ManufactureCountry />
      <ManufactureItemDescription />
      <UnitQty>'יח</UnitQty>
      <Quantity>7.50</Quantity>
      <UnitMeasure>ל-100 מ"ל</UnitMeasure>
      <BisWeighted>0</BisWeighted>
      <QtyInPackage>1</QtyInPackage>
      <ItemPrice>19.90</ItemPrice>
      <UnitOfMeasurePrice>2.61</UnitOfMeasurePrice>
      <AllowDiscount>0</AllowDiscount>
      <itemStatus>1</itemStatus>
      <LastUpdateDate />
      <LastUpdateTime />
    </Product>
    <Product>
      <PriceUpdateDate>2022/10/19 21:26</PriceUpdateDate>
      <ItemCode>17812977</ItemCode>
      <ItemType>0</ItemType>
      <ItemName>BUZZ אננס 750 מ"ל</ItemName>
      <ManufactureName>אגודת הכורמים</ManufactureName>
      <ManufactureCountry />
      <ManufactureItemDescription />
      <UnitQty>'יח</UnitQty>
      <Quantity>7.50</Quantity>
      <UnitMeasure>ל-100 מ"ל</UnitMeasure>
      <BisWeighted>0</BisWeighted>
      <QtyInPackage>1</QtyInPackage>
      <ItemPrice>27.90</ItemPrice>
      <UnitOfMeasurePrice>3.68</UnitOfMeasurePrice>
      <AllowDiscount>1</AllowDiscount>
      <itemStatus>1</itemStatus>
      <LastUpdateDate />
      <LastUpdateTime />
    </Product>
    <Product>
      <PriceUpdateDate>2021/12/16 06:45</PriceUpdateDate>
      <ItemCode>17842202</ItemCode>
      <ItemType>0</ItemType>
      <ItemName>נייר טישו כיס 10 יחידות שווה</ItemName>
      <ManufactureName>ח.כהן סוכנות מזון ומשקאות</ManufactureName>
      <ManufactureCountry />
      <ManufactureItemDescription />
      <UnitQty>'יח</UnitQty>
      <Quantity>1</Quantity>
      <UnitMeasure>ל-100 גרם</UnitMeasure>
      <BisWeighted>0</BisWeighted>
      <QtyInPackage>1</QtyInPackage>
      <ItemPrice>5.90</ItemPrice>
      <UnitOfMeasurePrice>5.90</UnitOfMeasurePrice>
      <AllowDiscount>0</AllowDiscount>
      <itemStatus>1</itemStatus>
      <LastUpdateDate />
      <LastUpdateTime />
    </Product>
    <Product>
      <PriceUpdateDate>2021/02/10 16:21</PriceUpdateDate>
      <ItemCode>17884462</ItemCode>
      <ItemType>0</ItemType>
      <ItemName>מארז ריבועי בצק עלים 600  גר`כשל`פ</ItemName>
      <ManufactureName>מאפית אריאל שיווק והפצה</ManufactureName>
      <ManufactureCountry />
      <ManufactureItemDescription />
      <UnitQty>'יח</UnitQty>
      <Quantity>6</Quantity>
      <UnitMeasure>ל-100 גרם</UnitMeasure>
      <BisWeighted>0</BisWeighted>
      <QtyInPackage>1</QtyInPackage>
      <ItemPrice>17.90</ItemPrice>
      <UnitOfMeasurePrice>2.98</UnitOfMeasurePrice>
      <AllowDiscount>0</AllowDiscount>
      <itemStatus>1</itemStatus>
      <LastUpdateDate />
      <LastUpdateTime />
    </Product>
    <Product>
      <PriceUpdateDate>2022/07/20 21:37</PriceUpdateDate>
      <ItemCode>17888026</ItemCode>
      <ItemType>0</ItemType>
      <ItemName>משקה קל אננס תפוח וגזר V F 350 מ"ל</ItemName>
      <ManufactureName>יפאורה - שותפות מוגבלת לשיווק</ManufactureName>
      <ManufactureCountry />
      <ManufactureItemDescription />
      <UnitQty>'יח</UnitQty>
      <Quantity>3.50</Quantity>
      <UnitMeasure>ל-100 מ"ל</UnitMeasure>
      <BisWeighted>0</BisWeighted>
      <QtyInPackage>1</QtyInPackage>
      <ItemPrice>6.90</ItemPrice>
      <UnitOfMeasurePrice>1.89</UnitOfMeasurePrice>
      <AllowDiscount>0</AllowDiscount>
      <itemStatus>1</itemStatus>
      <LastUpdateDate />
      <LastUpdateTime />
    </Product>
    <Product>
      <PriceUpdateDate>2022/10/23 18:37</PriceUpdateDate>
      <ItemCode>17888095</ItemCode>
      <ItemType>0</ItemType>
      <ItemName>רביעיית פחיות שוופס מוגז עדין פ.יער 33</ItemName>
      <ManufactureName>יפאורה - שותפות מוגבלת לשיווק</ManufactureName>
      <ManufactureCountry />
      <ManufactureItemDescription />
      <UnitQty>'יח</UnitQty>
      <Quantity>12</Quantity>
      <UnitMeasure>ל-100 מ"ל</UnitMeasure>
      <BisWeighted>0</BisWeighted>
      <QtyInPackage>1</QtyInPackage>
      <ItemPrice>12.90</ItemPrice>
      <UnitOfMeasurePrice>0.98</UnitOfMeasurePrice>
      <AllowDiscount>1</AllowDiscount>
      <itemStatus>1</itemStatus>
      <LastUpdateDate />
      <LastUpdateTime />
    </Product>
    <Product>
      <PriceUpdateDate>2022/10/23 18:37</PriceUpdateDate>
      <ItemCode>17888101</ItemCode>
      <ItemType>0</ItemType>
      <ItemName>רביעיית פחיות שוופס מוגז עדין אפרסק330</ItemName>
      <ManufactureName>יפאורה - שותפות מוגבלת לשיווק</ManufactureName>
      <ManufactureCountry />
      <ManufactureItemDescription />
      <UnitQty>'יח</UnitQty>
      <Quantity>12</Quantity>
      <UnitMeasure>ל-100 מ"ל</UnitMeasure>
      <BisWeighted>0</BisWeighted>
      <QtyInPackage>1</QtyInPackage>
      <ItemPrice>12.90</ItemPrice>
      <UnitOfMeasurePrice>0.98</UnitOfMeasurePrice>
      <AllowDiscount>1</AllowDiscount>
      <itemStatus>1</itemStatus>
      <LastUpdateDate />
      <LastUpdateTime />
    </Product>
    <Product>
      <PriceUpdateDate>2020/07/14 15:51</PriceUpdateDate>
      <ItemCode>17888347</ItemCode>
      <ItemType>0</ItemType>
      <ItemName>בקבוק מים קטן ספורט 500 מ"ל</ItemName>
      <ManufactureName>יפאורה - שותפות מוגבלת לשיווק</ManufactureName>
      <ManufactureCountry />
      <ManufactureItemDescription />
      <UnitQty>'יח</UnitQty>
      <Quantity>5</Quantity>
      <UnitMeasure>ל-100 מ"ל</UnitMeasure>
      <BisWeighted>0</BisWeighted>
      <QtyInPackage>1</QtyInPackage>
      <ItemPrice>4</ItemPrice>
      <UnitOfMeasurePrice>0.74</UnitOfMeasurePrice>
      <AllowDiscount>0</AllowDiscount>
      <itemStatus>1</itemStatus>
      <LastUpdateDate />
      <LastUpdateTime />
    </Product>
    <Product>
      <PriceUpdateDate>2022/02/24 19:19</PriceUpdateDate>
      <ItemCode>17888729</ItemCode>
      <ItemType>0</ItemType>
      <ItemName>שוופס סודה בבקבוק 1 ליטר</ItemName>
      <ManufactureName>יפאורה - שותפות מוגבלת לשיווק</ManufactureName>
      <ManufactureCountry />
      <ManufactureItemDescription />
      <UnitQty>'יח</UnitQty>
      <Quantity>10</Quantity>
      <UnitMeasure>ל-100 מ"ל</UnitMeasure>
      <BisWeighted>0</BisWeighted>
      <QtyInPackage>1</QtyInPackage>
      <ItemPrice>3.90</ItemPrice>
      <UnitOfMeasurePrice>0.36</UnitOfMeasurePrice>
      <AllowDiscount>1</AllowDiscount>
      <itemStatus>1</itemStatus>
      <LastUpdateDate />
      <LastUpdateTime />
    </Product>
    <Product>
      <PriceUpdateDate>2022/07/28 15:04</PriceUpdateDate>
      <ItemCode>17888972</ItemCode>
      <ItemType>0</ItemType>
      <ItemName>מי עדן 1 ליטר פקק ספורט פיקדון</ItemName>
      <ManufactureName>יפאורה - שותפות מוגבלת לשיווק</ManufactureName>
      <ManufactureCountry />
      <ManufactureItemDescription />
      <UnitQty>'יח</UnitQty>
      <Quantity>10</Quantity>
      <UnitMeasure>ל-100 מ"ל</UnitMeasure>
      <BisWeighted>0</BisWeighted>
      <QtyInPackage>1</QtyInPackage>
      <ItemPrice>3.90</ItemPrice>
      <UnitOfMeasurePrice>0.36</UnitOfMeasurePrice>
      <AllowDiscount>0</AllowDiscount>
      <itemStatus>1</itemStatus>
      <LastUpdateDate />
      <LastUpdateTime />
    </Product>
    <Product>
      <PriceUpdateDate>2019/11/19 14:04</PriceUpdateDate>
      <ItemCode>17928227</ItemCode>
      <ItemType>0</ItemType>
      <ItemName>מאיר בייגל שטוחלה פינוקים  300 ג</ItemName>
      <ManufactureName>דנאגיס בעמ</ManufactureName>
      <ManufactureCountry />
      <ManufactureItemDescription />
      <UnitQty>'יח</UnitQty>
      <Quantity>3</Quantity>
      <UnitMeasure>ל-100 גרם</UnitMeasure>
      <BisWeighted>0</BisWeighted>
      <QtyInPackage>1</QtyInPackage>
      <ItemPrice>11.90</ItemPrice>
      <UnitOfMeasurePrice>3.97</UnitOfMeasurePrice>
      <AllowDiscount>1</AllowDiscount>
      <itemStatus>1</itemStatus>
      <LastUpdateDate />
      <LastUpdateTime />
    </Product>
    <Product>
      <PriceUpdateDate>2019/11/19 14:04</PriceUpdateDate>
      <ItemCode>17928616</ItemCode>
      <ItemType>0</ItemType>
      <ItemName>מאיר בייגל שטוחלה שומשום  300 גר`</ItemName>
      <ManufactureName>דנאגיס בעמ</ManufactureName>
      <ManufactureCountry />
      <ManufactureItemDescription />
      <UnitQty>'יח</UnitQty>
      <Quantity>3</Quantity>
      <UnitMeasure>ל-100 גרם</UnitMeasure>
      <BisWeighted>0</BisWeighted>
      <QtyInPackage>1</QtyInPackage>
      <ItemPrice>11.90</ItemPrice>
      <UnitOfMeasurePrice>3.97</UnitOfMeasurePrice>
      <AllowDiscount>1</AllowDiscount>
      <itemStatus>1</itemStatus>
      <LastUpdateDate />
      <LastUpdateTime />
    </Product>
    <Product>
      <PriceUpdateDate>2019/11/19 14:04</PriceUpdateDate>
      <ItemCode>17928821</ItemCode>
      <ItemType>0</ItemType>
      <ItemName>מאיר בייגל גריסיני מקלות קלאסי 200 גר`</ItemName>
      <ManufactureName>דנאגיס בעמ</ManufactureName>
      <ManufactureCountry />
      <ManufactureItemDescription />
      <UnitQty>'יח</UnitQty>
      <Quantity>2</Quantity>
      <UnitMeasure>ל-100 גרם</UnitMeasure>
      <BisWeighted>0</BisWeighted>
      <QtyInPackage>1</QtyInPackage>
      <ItemPrice>11.90</ItemPrice>
      <UnitOfMeasurePrice>5.95</UnitOfMeasurePrice>
      <AllowDiscount>1</AllowDiscount>
      <itemStatus>1</itemStatus>
      <LastUpdateDate />
      <LastUpdateTime />
    </Product>
    <Product>
      <PriceUpdateDate>2020/01/16 08:34</PriceUpdateDate>
      <ItemCode>17946474</ItemCode>
      <ItemType>0</ItemType>
      <ItemName>הוואי ג`ל רחצה סודות פולינזיה  700 מל`</ItemName>
      <ManufactureName>הנקל סוד בע`מ</ManufactureName>
      <ManufactureCountry />
      <ManufactureItemDescription />
      <UnitQty>'יח</UnitQty>
      <Quantity>7</Quantity>
      <UnitMeasure>ל-100 מ"ל</UnitMeasure>
      <BisWeighted>0</BisWeighted>
      <QtyInPackage>12</QtyInPackage>
      <ItemPrice>9.90</ItemPrice>
      <UnitOfMeasurePrice>1.41</UnitOfMeasurePrice>
      <AllowDiscount>1</AllowDiscount>
      <itemStatus>1</itemStatus>
      <LastUpdateDate />
      <LastUpdateTime />
    </Product>
    <Product>
      <PriceUpdateDate>2020/04/26 15:43</PriceUpdateDate>
      <ItemCode>17968674</ItemCode>
      <ItemType>0</ItemType>
      <ItemName>סטייק  סינטה קפוא כשר</ItemName>
      <ManufactureName>ג.ת שווק בן בקר בע`מ</ManufactureName>
      <ManufactureCountry />
      <ManufactureItemDescription />
      <UnitQty>'יח</UnitQty>
      <Quantity>1</Quantity>
      <UnitMeasure />
      <BisWeighted>1</BisWeighted>
      <QtyInPackage>1</QtyInPackage>
      <ItemPrice>49.90</ItemPrice>
      <UnitOfMeasurePrice>49.90</UnitOfMeasurePrice>
      <AllowDiscount>0</AllowDiscount>
      <itemStatus>1</itemStatus>
      <LastUpdateDate />
      <LastUpdateTime />
    </Product>
    <Product>
      <PriceUpdateDate>2020/03/16 17:08</PriceUpdateDate>
      <ItemCode>18091029</ItemCode>
      <ItemType>0</ItemType>
      <ItemName>מקלות פילו תפוח אדמה  450 גר`</ItemName>
      <ManufactureName>תנובה מרכז שיתופי לשיווק תוצרת</ManufactureName>
      <ManufactureCountry />
      <ManufactureItemDescription />
      <UnitQty>'יח</UnitQty>
      <Quantity>4.50</Quantity>
      <UnitMeasure>ל-100 גרם</UnitMeasure>
      <BisWeighted>0</BisWeighted>
      <QtyInPackage>1</QtyInPackage>
      <ItemPrice>16.90</ItemPrice>
      <UnitOfMeasurePrice>3.76</UnitOfMeasurePrice>
      <AllowDiscount>0</AllowDiscount>
      <itemStatus>1</itemStatus>
      <LastUpdateDate />
      <LastUpdateTime />
    </Product>
    <Product>
      <PriceUpdateDate>2020/03/16 17:08</PriceUpdateDate>
      <ItemCode>18091616</ItemCode>
      <ItemType>0</ItemType>
      <ItemName>מקלות פילו גבינה 450 גר`</ItemName>
      <ManufactureName>תנובה מרכז שיתופי לשיווק תוצרת</ManufactureName>
      <ManufactureCountry />
      <ManufactureItemDescription />
      <UnitQty>'יח</UnitQty>
      <Quantity>4.50</Quantity>
      <UnitMeasure>ל-100 גרם</UnitMeasure>
      <BisWeighted>0</BisWeighted>
      <QtyInPackage>1</QtyInPackage>
      <ItemPrice>16.90</ItemPrice>
      <UnitOfMeasurePrice>3.76</UnitOfMeasurePrice>
      <AllowDiscount>0</AllowDiscount>
      <itemStatus>1</itemStatus>
      <LastUpdateDate />
      <LastUpdateTime />
    </Product>
    <Product>
      <PriceUpdateDate>2020/04/22 15:45</PriceUpdateDate>
      <ItemCode>18131039</ItemCode>
      <ItemType>0</ItemType>
      <ItemName>מאגדת שוקו וניל עוגיות 45*6</ItemName>
      <ManufactureName>נגה גלידות שותפות מוגבלת</ManufactureName>
      <ManufactureCountry />
      <ManufactureItemDescription />
      <UnitQty>'יח</UnitQty>
      <Quantity>0.45</Quantity>
      <UnitMeasure>ל-100 גרם</UnitMeasure>
      <BisWeighted>0</BisWeighted>
      <QtyInPackage>1</QtyInPackage>
      <ItemPrice>26.90</ItemPrice>
      <UnitOfMeasurePrice>59.78</UnitOfMeasurePrice>
      <AllowDiscount>0</AllowDiscount>
      <itemStatus>1</itemStatus>
      <LastUpdateDate />
      <LastUpdateTime />
    </Product>
    <Product>
      <PriceUpdateDate>2021/02/08 10:19</PriceUpdateDate>
      <ItemCode>18131831</ItemCode>
      <ItemType>0</ItemType>
      <ItemName>מאגדת שלגוני מילקה 4*65 גר`</ItemName>
      <ManufactureName>נגה גלידות שותפות מוגבלת</ManufactureName>
      <ManufactureCountry />
      <ManufactureItemDescription />
      <UnitQty>'יח</UnitQty>
      <Quantity>0.65</Quantity>
      <UnitMeasure>ל-100 גרם</UnitMeasure>
      <BisWeighted>0</BisWeighted>
      <QtyInPackage>1</QtyInPackage>
      <ItemPrice>29.90</ItemPrice>
      <UnitOfMeasurePrice>46</UnitOfMeasurePrice>
      <AllowDiscount>0</AllowDiscount>
      <itemStatus>1</itemStatus>
      <LastUpdateDate />
      <LastUpdateTime />
    </Product>
    <Product>
      <PriceUpdateDate>2021/02/08 10:19</PriceUpdateDate>
      <ItemCode>18131954</ItemCode>
      <ItemType>0</ItemType>
      <ItemName>גלידה לה פרוטה מאגדת תות שוקולד 8 יח`</ItemName>
      <ManufactureName>נגה גלידות שותפות מוגבלת</ManufactureName>
      <ManufactureCountry />
      <ManufactureItemDescription />
      <UnitQty>'יח</UnitQty>
      <Quantity>6.80</Quantity>
      <UnitMeasure>ל-100 גרם</UnitMeasure>
      <BisWeighted>0</BisWeighted>
      <QtyInPackage>1</QtyInPackage>
      <ItemPrice>26.90</ItemPrice>
      <UnitOfMeasurePrice>3.96</UnitOfMeasurePrice>
      <AllowDiscount>0</AllowDiscount>
      <itemStatus>1</itemStatus>
      <LastUpdateDate />
      <LastUpdateTime />
    </Product>
    <Product>
      <PriceUpdateDate>2022/07/07 19:37</PriceUpdateDate>
      <ItemCode>18165447</ItemCode>
      <ItemType>0</ItemType>
      <ItemName>רזרב גולד מרלו gold edition 750 מ`</ItemName>
      <ManufactureName>טמפו משקאות בע`מ</ManufactureName>
      <ManufactureCountry />
      <ManufactureItemDescription />
      <UnitQty>'יח</UnitQty>
      <Quantity>7.50</Quantity>
      <UnitMeasure>ל-100 מ"ל</UnitMeasure>
      <BisWeighted>0</BisWeighted>
      <QtyInPackage>1</QtyInPackage>
      <ItemPrice>49.90</ItemPrice>
      <UnitOfMeasurePrice>6.61</UnitOfMeasurePrice>
      <AllowDiscount>1</AllowDiscount>
      <itemStatus>1</itemStatus>
      <LastUpdateDate />
      <LastUpdateTime />
    </Product>
    <Product>
      <PriceUpdateDate>2021/03/30 06:35</PriceUpdateDate>
      <ItemCode>18192023</ItemCode>
      <ItemType>0</ItemType>
      <ItemName>מקלות סלרי</ItemName>
      <ManufactureName>ביכורי השדה הצפון בעמ` 1964</ManufactureName>
      <ManufactureCountry />
      <ManufactureItemDescription />
      <UnitQty>'יח</UnitQty>
      <Quantity>1</Quantity>
      <UnitMeasure />
      <BisWeighted>0</BisWeighted>
      <QtyInPackage>1</QtyInPackage>
      <ItemPrice>5.90</ItemPrice>
      <UnitOfMeasurePrice>5.90</UnitOfMeasurePrice>
      <AllowDiscount>0</AllowDiscount>
      <itemStatus>1</itemStatus>
      <LastUpdateDate />
      <LastUpdateTime />
    </Product>
    <Product>
      <PriceUpdateDate>2021/03/01 09:33</PriceUpdateDate>
      <ItemCode>18192658</ItemCode>
      <ItemType>0</ItemType>
      <ItemName>פטריות זוג</ItemName>
      <ManufactureName>ביכורי השדה הצפון בעמ` 1964</ManufactureName>
      <ManufactureCountry />
      <ManufactureItemDescription />
      <UnitQty>'יח</UnitQty>
      <Quantity>1</Quantity>
      <UnitMeasure />
      <BisWeighted>0</BisWeighted>
      <QtyInPackage>1</QtyInPackage>
      <ItemPrice>16.90</ItemPrice>
      <UnitOfMeasurePrice>16.90</UnitOfMeasurePrice>
      <AllowDiscount>0</AllowDiscount>
      <itemStatus>1</itemStatus>
      <LastUpdateDate />
      <LastUpdateTime />
    </Product>
    <Product>
      <PriceUpdateDate>2022/04/25 10:54</PriceUpdateDate>
      <ItemCode>18198056</ItemCode>
      <ItemType>0</ItemType>
      <ItemName>תפוגן קוביות תפוח אדמה 1.5 ק"ג</ItemName>
      <ManufactureName>קבוצת אסם סחר</ManufactureName>
      <ManufactureCountry />
      <ManufactureItemDescription />
      <UnitQty>'יח</UnitQty>
      <Quantity>15</Quantity>
      <UnitMeasure>ל-100 גרם</UnitMeasure>
      <BisWeighted>0</BisWeighted>
      <QtyInPackage>1</QtyInPackage>
      <ItemPrice>26.90</ItemPrice>
      <UnitOfMeasurePrice>1.79</UnitOfMeasurePrice>
      <AllowDiscount>0</AllowDiscount>
      <itemStatus>1</itemStatus>
      <LastUpdateDate />
      <LastUpdateTime />
    </Product>
    <Product>
      <PriceUpdateDate>2022/04/25 10:54</PriceUpdateDate>
      <ItemCode>18198148</ItemCode>
      <ItemType>0</ItemType>
      <ItemName>תפוגן קריספי ציפס קלאסי 1.25 ק"ג</ItemName>
      <ManufactureName>קבוצת אסם סחר</ManufactureName>
      <ManufactureCountry />
      <ManufactureItemDescription />
      <UnitQty>'יח</UnitQty>
      <Quantity>12.50</Quantity>
      <UnitMeasure>ל-100 גרם</UnitMeasure>
      <BisWeighted>0</BisWeighted>
      <QtyInPackage>1</QtyInPackage>
      <ItemPrice>26.90</ItemPrice>
      <UnitOfMeasurePrice>2.15</UnitOfMeasurePrice>
      <AllowDiscount>0</AllowDiscount>
      <itemStatus>1</itemStatus>
      <LastUpdateDate />
      <LastUpdateTime />
    </Product>
    <Product>
      <PriceUpdateDate>2020/12/13 15:45</PriceUpdateDate>
      <ItemCode>18198209</ItemCode>
      <ItemType>0</ItemType>
      <ItemName>תפוגן ציפס בטטה קראנצ`י 500 גר`</ItemName>
      <ManufactureName>קבוצת אסם סחר</ManufactureName>
      <ManufactureCountry />
      <ManufactureItemDescription />
      <UnitQty>'יח</UnitQty>
      <Quantity>5</Quantity>
      <UnitMeasure>ל-100 גרם</UnitMeasure>
      <BisWeighted>0</BisWeighted>
      <QtyInPackage>1</QtyInPackage>
      <ItemPrice>19.90</ItemPrice>
      <UnitOfMeasurePrice>3.98</UnitOfMeasurePrice>
      <AllowDiscount>0</AllowDiscount>
      <itemStatus>1</itemStatus>
      <LastUpdateDate />
      <LastUpdateTime />
    </Product>
    <Product>
      <PriceUpdateDate>2022/04/25 10:54</PriceUpdateDate>
      <ItemCode>18198254</ItemCode>
      <ItemType>0</ItemType>
      <ItemName>תפוגן קריספי ציפס פוטטוס 1.25 ק"ג</ItemName>
      <ManufactureName>קבוצת אסם סחר</ManufactureName>
      <ManufactureCountry />
      <ManufactureItemDescription />
      <UnitQty>'יח</UnitQty>
      <Quantity>12.50</Quantity>
      <UnitMeasure>ל-100 גרם</UnitMeasure>
      <BisWeighted>0</BisWeighted>
      <QtyInPackage>1</QtyInPackage>
      <ItemPrice>26.90</ItemPrice>
      <UnitOfMeasurePrice>2.15</UnitOfMeasurePrice>
      <AllowDiscount>0</AllowDiscount>
      <itemStatus>1</itemStatus>
      <LastUpdateDate />
      <LastUpdateTime />
    </Product>
    <Product>
      <PriceUpdateDate>2021/04/26 13:36</PriceUpdateDate>
      <ItemCode>18213124</ItemCode>
      <ItemType>0</ItemType>
      <ItemName>דלי מטליות לחות לרצפה 50  יח`פוקוס</ItemName>
      <ManufactureName>מ.א. יצור ויבוא מטליות בעמ`</ManufactureName>
      <ManufactureCountry />
      <ManufactureItemDescription />
      <UnitQty>'יח</UnitQty>
      <Quantity>0</Quantity>
      <UnitMeasure>'יח</UnitMeasure>
      <BisWeighted>0</BisWeighted>
      <QtyInPackage>1</QtyInPackage>
      <ItemPrice>29.90</ItemPrice>
      <UnitOfMeasurePrice>29.90</UnitOfMeasurePrice>
      <AllowDiscount>0</AllowDiscount>
      <itemStatus>1</itemStatus>
      <LastUpdateDate />
      <LastUpdateTime />
    </Product>
    <Product>
      <PriceUpdateDate>2021/04/07 10:15</PriceUpdateDate>
      <ItemCode>18213247</ItemCode>
      <ItemType>0</ItemType>
      <ItemName>מטליות לחות לריצפה שייני בניחוח מרכך כ</ItemName>
      <ManufactureName>מ.א. יצור ויבוא מטליות בעמ`</ManufactureName>
      <ManufactureCountry />
      <ManufactureItemDescription />
      <UnitQty>'יח</UnitQty>
      <Quantity>1</Quantity>
      <UnitMeasure />
      <BisWeighted>0</BisWeighted>
      <QtyInPackage>12</QtyInPackage>
      <ItemPrice>9.90</ItemPrice>
      <UnitOfMeasurePrice>9.90</UnitOfMeasurePrice>
      <AllowDiscount>1</AllowDiscount>
      <itemStatus>1</itemStatus>
      <LastUpdateDate />
      <LastUpdateTime />
    </Product>
    <Product>
      <PriceUpdateDate>2020/10/21 09:25</PriceUpdateDate>
      <ItemCode>18213254</ItemCode>
      <ItemType>0</ItemType>
      <ItemName>שלישיית מגבות מטבח עבות</ItemName>
      <ManufactureName>מ.א. יצור ויבוא מטליות בעמ`</ManufactureName>
      <ManufactureCountry />
      <ManufactureItemDescription />
      <UnitQty>'יח</UnitQty>
      <Quantity>0</Quantity>
      <UnitMeasure>'יח</UnitMeasure>
      <BisWeighted>0</BisWeighted>
      <QtyInPackage>1</QtyInPackage>
      <ItemPrice>9.90</ItemPrice>
      <UnitOfMeasurePrice>9.90</UnitOfMeasurePrice>
      <AllowDiscount>0</AllowDiscount>
      <itemStatus>1</itemStatus>
      <LastUpdateDate />
      <LastUpdateTime />
    </Product>
    <Product>
      <PriceUpdateDate>2022/01/31 13:58</PriceUpdateDate>
      <ItemCode>18213407</ItemCode>
      <ItemType>0</ItemType>
      <ItemName>מיקרופייבר חמישייה לניקוי כללי</ItemName>
      <ManufactureName>מ.א. יצור ויבוא מטליות בעמ`</ManufactureName>
      <ManufactureCountry />
      <ManufactureItemDescription />
      <UnitQty>'יח</UnitQty>
      <Quantity>1</Quantity>
      <UnitMeasure />
      <BisWeighted>0</BisWeighted>
      <QtyInPackage>1</QtyInPackage>
      <ItemPrice>9.90</ItemPrice>
      <UnitOfMeasurePrice>9.90</UnitOfMeasurePrice>
      <AllowDiscount>0</AllowDiscount>
      <itemStatus>1</itemStatus>
      <LastUpdateDate />
      <LastUpdateTime />
    </Product>
    <Product>
      <PriceUpdateDate>2022/06/08 12:24</PriceUpdateDate>
      <ItemCode>18294208</ItemCode>
      <ItemType>0</ItemType>
      <ItemName>סלקטד יין אדום ישראלי  750 מ"ל</ItemName>
      <ManufactureName>אגודת הכורמים</ManufactureName>
      <ManufactureCountry />
      <ManufactureItemDescription />
      <UnitQty>'יח</UnitQty>
      <Quantity>7.50</Quantity>
      <UnitMeasure>ל-100 מ"ל</UnitMeasure>
      <BisWeighted>0</BisWeighted>
      <QtyInPackage>1</QtyInPackage>
      <ItemPrice>29.90</ItemPrice>
      <UnitOfMeasurePrice>3.95</UnitOfMeasurePrice>
      <AllowDiscount>1</AllowDiscount>
      <itemStatus>1</itemStatus>
      <LastUpdateDate />
      <LastUpdateTime />
    </Product>
    <Product>
      <PriceUpdateDate>2021/02/21 15:05</PriceUpdateDate>
      <ItemCode>18333006</ItemCode>
      <ItemType>0</ItemType>
      <ItemName>שוקולד פרמיום 70% לל"ס שברי אגוזי 100 גר</ItemName>
      <ManufactureName>כרמית תעשיות ממתקים בעמ</ManufactureName>
      <ManufactureCountry />
      <ManufactureItemDescription />
      <UnitQty>'יח</UnitQty>
      <Quantity>1</Quantity>
      <UnitMeasure>ל-100 גרם</UnitMeasure>
      <BisWeighted>0</BisWeighted>
      <QtyInPackage>1</QtyInPackage>
      <ItemPrice>7.90</ItemPrice>
      <UnitOfMeasurePrice>7.90</UnitOfMeasurePrice>
      <AllowDiscount>0</AllowDiscount>
      <itemStatus>1</itemStatus>
      <LastUpdateDate />
      <LastUpdateTime />
    </Product>
    <Product>
      <PriceUpdateDate>2022/07/05 21:16</PriceUpdateDate>
      <ItemCode>18359334</ItemCode>
      <ItemType>0</ItemType>
      <ItemName>רכז עגבניות טבעי פריכוז שף 580 גר`</ItemName>
      <ManufactureName>זנלכול יכין</ManufactureName>
      <ManufactureCountry />
      <ManufactureItemDescription />
      <UnitQty>'יח</UnitQty>
      <Quantity>5.80</Quantity>
      <UnitMeasure>ל-100 גרם</UnitMeasure>
      <BisWeighted>0</BisWeighted>
      <QtyInPackage>1</QtyInPackage>
      <ItemPrice>11.90</ItemPrice>
      <UnitOfMeasurePrice>2.05</UnitOfMeasurePrice>
      <AllowDiscount>0</AllowDiscount>
      <itemStatus>1</itemStatus>
      <LastUpdateDate />
      <LastUpdateTime />
    </Product>
    <Product>
      <PriceUpdateDate>2022/07/05 21:16</PriceUpdateDate>
      <ItemCode>18359358</ItemCode>
      <ItemType>0</ItemType>
      <ItemName>שליישיה פריכוז יכין 200 גר`</ItemName>
      <ManufactureName>זנלכול יכין</ManufactureName>
      <ManufactureCountry />
      <ManufactureItemDescription />
      <UnitQty>'יח</UnitQty>
      <Quantity>2</Quantity>
      <UnitMeasure>ל-100 גרם</UnitMeasure>
      <BisWeighted>0</BisWeighted>
      <QtyInPackage>1</QtyInPackage>
      <ItemPrice>14.90</ItemPrice>
      <UnitOfMeasurePrice>7.45</UnitOfMeasurePrice>
      <AllowDiscount>0</AllowDiscount>
      <itemStatus>1</itemStatus>
      <LastUpdateDate />
      <LastUpdateTime />
    </Product>
    <Product>
      <PriceUpdateDate>2022/07/05 21:16</PriceUpdateDate>
      <ItemCode>18359495</ItemCode>
      <ItemType>0</ItemType>
      <ItemName>תירס מהשדה לל`ס יכין 550 גר`</ItemName>
      <ManufactureName>זנלכול יכין</ManufactureName>
      <ManufactureCountry />
      <ManufactureItemDescription />
      <UnitQty>'יח</UnitQty>
      <Quantity>5.50</Quantity>
      <UnitMeasure>ל-100 גרם</UnitMeasure>
      <BisWeighted>0</BisWeighted>
      <QtyInPackage>1</QtyInPackage>
      <ItemPrice>9.90</ItemPrice>
      <UnitOfMeasurePrice>1.80</UnitOfMeasurePrice>
      <AllowDiscount>0</AllowDiscount>
      <itemStatus>1</itemStatus>
      <LastUpdateDate />
      <LastUpdateTime />
    </Product>
    <Product>
      <PriceUpdateDate>2022/07/05 21:16</PriceUpdateDate>
      <ItemCode>18359518</ItemCode>
      <ItemType>0</ItemType>
      <ItemName>תירס מהשדה לל`ס 200  גר`שלישייה</ItemName>
      <ManufactureName>זנלכול יכין</ManufactureName>
      <ManufactureCountry />
      <ManufactureItemDescription />
      <UnitQty>'יח</UnitQty>
      <Quantity>2</Quantity>
      <UnitMeasure>ל-100 גרם</UnitMeasure>
      <BisWeighted>0</BisWeighted>
      <QtyInPackage>1</QtyInPackage>
      <ItemPrice>14.90</ItemPrice>
      <UnitOfMeasurePrice>7.45</UnitOfMeasurePrice>
      <AllowDiscount>0</AllowDiscount>
      <itemStatus>1</itemStatus>
      <LastUpdateDate />
      <LastUpdateTime />
    </Product>
    <Product>
      <PriceUpdateDate>2022/07/05 21:16</PriceUpdateDate>
      <ItemCode>18359556</ItemCode>
      <ItemType>0</ItemType>
      <ItemName>תירס מהשדה לל`ס יכין 400 גר`</ItemName>
      <ManufactureName>זנלכול יכין</ManufactureName>
      <ManufactureCountry />
      <ManufactureItemDescription />
      <UnitQty>'יח</UnitQty>
      <Quantity>4</Quantity>
      <UnitMeasure>ל-100 גרם</UnitMeasure>
      <BisWeighted>0</BisWeighted>
      <QtyInPackage>1</QtyInPackage>
      <ItemPrice>6.50</ItemPrice>
      <UnitOfMeasurePrice>1.63</UnitOfMeasurePrice>
      <AllowDiscount>0</AllowDiscount>
      <itemStatus>1</itemStatus>
      <LastUpdateDate />
      <LastUpdateTime />
    </Product>
    <Product>
      <PriceUpdateDate>2022/07/05 21:16</PriceUpdateDate>
      <ItemCode>18359570</ItemCode>
      <ItemType>0</ItemType>
      <ItemName>שעועית צילי הקטניה הטובה שלישייה 200*3</ItemName>
      <ManufactureName>זנלכול יכין</ManufactureName>
      <ManufactureCountry />
      <ManufactureItemDescription />
      <UnitQty>'יח</UnitQty>
      <Quantity>6</Quantity>
      <UnitMeasure>ל-100 גרם</UnitMeasure>
      <BisWeighted>0</BisWeighted>
      <QtyInPackage>1</QtyInPackage>
      <ItemPrice>14.90</ItemPrice>
      <UnitOfMeasurePrice>2.48</UnitOfMeasurePrice>
      <AllowDiscount>1</AllowDiscount>
      <itemStatus>1</itemStatus>
      <LastUpdateDate />
      <LastUpdateTime />
    </Product>
    <Product>
      <PriceUpdateDate>2022/07/05 21:16</PriceUpdateDate>
      <ItemCode>18359587</ItemCode>
      <ItemType>0</ItemType>
      <ItemName>חומוס הקטניה הטובה שלישייה 200*3</ItemName>
      <ManufactureName>זנלכול יכין</ManufactureName>
      <ManufactureCountry />
      <ManufactureItemDescription />
      <UnitQty>'יח</UnitQty>
      <Quantity>6</Quantity>
      <UnitMeasure>ל-100 גרם</UnitMeasure>
      <BisWeighted>0</BisWeighted>
      <QtyInPackage>1</QtyInPackage>
      <ItemPrice>14.90</ItemPrice>
      <UnitOfMeasurePrice>2.48</UnitOfMeasurePrice>
      <AllowDiscount>1</AllowDiscount>
      <itemStatus>1</itemStatus>
      <LastUpdateDate />
      <LastUpdateTime />
    </Product>
    <Product>
      <PriceUpdateDate>2022/07/05 21:16</PriceUpdateDate>
      <ItemCode>18359686</ItemCode>
      <ItemType>0</ItemType>
      <ItemName>חומוס ענק יכין 550 גר`</ItemName>
      <ManufactureName>זנלכול יכין</ManufactureName>
      <ManufactureCountry />
      <ManufactureItemDescription />
      <UnitQty>'יח</UnitQty>
      <Quantity>5.50</Quantity>
      <UnitMeasure>ל-100 גרם</UnitMeasure>
      <BisWeighted>0</BisWeighted>
      <QtyInPackage>1</QtyInPackage>
      <ItemPrice>9.90</ItemPrice>
      <UnitOfMeasurePrice>1.80</UnitOfMeasurePrice>
      <AllowDiscount>0</AllowDiscount>
      <itemStatus>1</itemStatus>
      <LastUpdateDate />
      <LastUpdateTime />
    </Product>
    <Product>
      <PriceUpdateDate>2020/12/20 11:16</PriceUpdateDate>
      <ItemCode>18440209</ItemCode>
      <ItemType>0</ItemType>
      <ItemName>פליפז בייגלה בציפוי פאדג` לבן  140 גר</ItemName>
      <ManufactureName>תה ויסוצקי בע`מ</ManufactureName>
      <ManufactureCountry />
      <ManufactureItemDescription />
      <UnitQty>'יח</UnitQty>
      <Quantity>1.40</Quantity>
      <UnitMeasure>ל-100 גרם</UnitMeasure>
      <BisWeighted>0</BisWeighted>
      <QtyInPackage>1</QtyInPackage>
      <ItemPrice>8.90</ItemPrice>
      <UnitOfMeasurePrice>6.36</UnitOfMeasurePrice>
      <AllowDiscount>1</AllowDiscount>
      <itemStatus>1</itemStatus>
      <LastUpdateDate />
      <LastUpdateTime />
    </Product>
    <Product>
      <PriceUpdateDate>2022/07/20 21:37</PriceUpdateDate>
      <ItemCode>18471029</ItemCode>
      <ItemType>0</ItemType>
      <ItemName>שישיית שרינק 0.5  ל`שוופס סודה לימון</ItemName>
      <ManufactureName>יפאורה - שותפות מוגבלת לשיווק</ManufactureName>
      <ManufactureCountry />
      <ManufactureItemDescription />
      <UnitQty>'יח</UnitQty>
      <Quantity>3</Quantity>
      <UnitMeasure>ל-100 מ"ל</UnitMeasure>
      <BisWeighted>0</BisWeighted>
      <QtyInPackage>1</QtyInPackage>
      <ItemPrice>14.90</ItemPrice>
      <UnitOfMeasurePrice>4.37</UnitOfMeasurePrice>
      <AllowDiscount>0</AllowDiscount>
      <itemStatus>1</itemStatus>
      <LastUpdateDate />
      <LastUpdateTime />
    </Product>
    <Product>
      <PriceUpdateDate>2022/01/03 13:00</PriceUpdateDate>
      <ItemCode>18471210</ItemCode>
      <ItemType>0</ItemType>
      <ItemName>ספרינג נקטר אגס סברס תפוח 1 ליטר קרטון</ItemName>
      <ManufactureName>יפאורה - שותפות מוגבלת לשיווק</ManufactureName>
      <ManufactureCountry />
      <ManufactureItemDescription />
      <UnitQty>'יח</UnitQty>
      <Quantity>10</Quantity>
      <UnitMeasure>ל-100 מ"ל</UnitMeasure>
      <BisWeighted>0</BisWeighted>
      <QtyInPackage>1</QtyInPackage>
      <ItemPrice>6.90</ItemPrice>
      <UnitOfMeasurePrice>0.69</UnitOfMeasurePrice>
      <AllowDiscount>1</AllowDiscount>
      <itemStatus>1</itemStatus>
      <LastUpdateDate />
      <LastUpdateTime />
    </Product>
    <Product>
      <PriceUpdateDate>2022/01/03 13:00</PriceUpdateDate>
      <ItemCode>18471463</ItemCode>
      <ItemType>0</ItemType>
      <ItemName>תפוזינה נקטר תפוז  מנגו 1  ל`קרטונית</ItemName>
      <ManufactureName>יפאורה - שותפות מוגבלת לשיווק</ManufactureName>
      <ManufactureCountry />
      <ManufactureItemDescription />
      <UnitQty>'יח</UnitQty>
      <Quantity>10</Quantity>
      <UnitMeasure>ל-100 מ"ל</UnitMeasure>
      <BisWeighted>0</BisWeighted>
      <QtyInPackage>1</QtyInPackage>
      <ItemPrice>6.90</ItemPrice>
      <UnitOfMeasurePrice>0.69</UnitOfMeasurePrice>
      <AllowDiscount>1</AllowDiscount>
      <itemStatus>1</itemStatus>
      <LastUpdateDate />
      <LastUpdateTime />
    </Product>
    <Product>
      <PriceUpdateDate>2022/01/03 13:00</PriceUpdateDate>
      <ItemCode>18471470</ItemCode>
      <ItemType>0</ItemType>
      <ItemName>תפוזינה נקטר תפוז פסיפלורה 1  ל`קרטוני</ItemName>
      <ManufactureName>יפאורה - שותפות מוגבלת לשיווק</ManufactureName>
      <ManufactureCountry />
      <ManufactureItemDescription />
      <UnitQty>'יח</UnitQty>
      <Quantity>10</Quantity>
      <UnitMeasure>ל-100 מ"ל</UnitMeasure>
      <BisWeighted>0</BisWeighted>
      <QtyInPackage>1</QtyInPackage>
      <ItemPrice>6.90</ItemPrice>
      <UnitOfMeasurePrice>0.69</UnitOfMeasurePrice>
      <AllowDiscount>1</AllowDiscount>
      <itemStatus>1</itemStatus>
      <LastUpdateDate />
      <LastUpdateTime />
    </Product>
    <Product>
      <PriceUpdateDate>2022/01/03 13:00</PriceUpdateDate>
      <ItemCode>18471487</ItemCode>
      <ItemType>0</ItemType>
      <ItemName>תפוזינה נקטר תפוז אננס 1  ל`קרטונית</ItemName>
      <ManufactureName>יפאורה - שותפות מוגבלת לשיווק</ManufactureName>
      <ManufactureCountry />
      <ManufactureItemDescription />
      <UnitQty>'יח</UnitQty>
      <Quantity>10</Quantity>
      <UnitMeasure>ל-100 מ"ל</UnitMeasure>
      <BisWeighted>0</BisWeighted>
      <QtyInPackage>1</QtyInPackage>
      <ItemPrice>6.90</ItemPrice>
      <UnitOfMeasurePrice>0.69</UnitOfMeasurePrice>
      <AllowDiscount>1</AllowDiscount>
      <itemStatus>1</itemStatus>
      <LastUpdateDate />
      <LastUpdateTime />
    </Product>
    <Product>
      <PriceUpdateDate>2022/01/03 13:00</PriceUpdateDate>
      <ItemCode>18471494</ItemCode>
      <ItemType>0</ItemType>
      <ItemName>תפוזינה נקטר תפוז גזר 1  ל`קרטונית</ItemName>
      <ManufactureName>יפאורה - שותפות מוגבלת לשיווק</ManufactureName>
      <ManufactureCountry />
      <ManufactureItemDescription />
      <UnitQty>'יח</UnitQty>
      <Quantity>10</Quantity>
      <UnitMeasure>ל-100 מ"ל</UnitMeasure>
      <BisWeighted>0</BisWeighted>
      <QtyInPackage>1</QtyInPackage>
      <ItemPrice>6.90</ItemPrice>
      <UnitOfMeasurePrice>0.69</UnitOfMeasurePrice>
      <AllowDiscount>1</AllowDiscount>
      <itemStatus>1</itemStatus>
      <LastUpdateDate />
      <LastUpdateTime />
    </Product>
    <Product>
      <PriceUpdateDate>2022/07/20 21:37</PriceUpdateDate>
      <ItemCode>18471623</ItemCode>
      <ItemType>0</ItemType>
      <ItemName>שוופס טוניק אשכוליות ליצ`י 1 ל`</ItemName>
      <ManufactureName>יפאורה - שותפות מוגבלת לשיווק</ManufactureName>
      <ManufactureCountry />
      <ManufactureItemDescription />
      <UnitQty>'יח</UnitQty>
      <Quantity>10</Quantity>
      <UnitMeasure>ל-100 מ"ל</UnitMeasure>
      <BisWeighted>0</BisWeighted>
      <QtyInPackage>1</QtyInPackage>
      <ItemPrice>9.90</ItemPrice>
      <UnitOfMeasurePrice>0.96</UnitOfMeasurePrice>
      <AllowDiscount>0</AllowDiscount>
      <itemStatus>1</itemStatus>
      <LastUpdateDate />
      <LastUpdateTime />
    </Product>
    <Product>
      <PriceUpdateDate>2022/02/02 14:34</PriceUpdateDate>
      <ItemCode>18516348</ItemCode>
      <ItemType>0</ItemType>
      <ItemName>פאוץ פרינוק סלט פירות וש.שועל 120 גר`</ItemName>
      <ManufactureName>גורי מוצרי צריכה 1991 בע`מ</ManufactureName>
      <ManufactureCountry />
      <ManufactureItemDescription />
      <UnitQty>'יח</UnitQty>
      <Quantity>1.30</Quantity>
      <UnitMeasure>ל-100 גרם</UnitMeasure>
      <BisWeighted>0</BisWeighted>
      <QtyInPackage>1</QtyInPackage>
      <ItemPrice>5.90</ItemPrice>
      <UnitOfMeasurePrice>4.54</UnitOfMeasurePrice>
      <AllowDiscount>1</AllowDiscount>
      <itemStatus>1</itemStatus>
      <LastUpdateDate />
      <LastUpdateTime />
    </Product>
    <Product>
      <PriceUpdateDate>2022/07/20 21:37</PriceUpdateDate>
      <ItemCode>19056539</ItemCode>
      <ItemType>0</ItemType>
      <ItemName>פרוט ווטר אננס1.5 ל`</ItemName>
      <ManufactureName>יפאורה - שותפות מוגבלת לשיווק</ManufactureName>
      <ManufactureCountry />
      <ManufactureItemDescription />
      <UnitQty>'יח</UnitQty>
      <Quantity>15</Quantity>
      <UnitMeasure>ל-100 מ"ל</UnitMeasure>
      <BisWeighted>0</BisWeighted>
      <QtyInPackage>1</QtyInPackage>
      <ItemPrice>8.90</ItemPrice>
      <UnitOfMeasurePrice>0.57</UnitOfMeasurePrice>
      <AllowDiscount>1</AllowDiscount>
      <itemStatus>1</itemStatus>
      <LastUpdateDate />
      <LastUpdateTime />
    </Product>
    <Product>
      <PriceUpdateDate>2022/05/08 18:45</PriceUpdateDate>
      <ItemCode>7290019297161</ItemCode>
      <ItemType>1</ItemType>
      <ItemName>טורטיה ראפ מקמח תירס 450 גרם</ItemName>
      <ManufactureName>דין שיווק וקליה 2021 בעמ</ManufactureName>
      <ManufactureCountry />
      <ManufactureItemDescription />
      <UnitQty>'יח</UnitQty>
      <Quantity>4.50</Quantity>
      <UnitMeasure>ל-100 גרם</UnitMeasure>
      <BisWeighted>0</BisWeighted>
      <QtyInPackage>1</QtyInPackage>
      <ItemPrice>9.90</ItemPrice>
      <UnitOfMeasurePrice>2.20</UnitOfMeasurePrice>
      <AllowDiscount>0</AllowDiscount>
      <itemStatus>1</itemStatus>
      <LastUpdateDate />
      <LastUpdateTime />
    </Product>
    <Product>
      <PriceUpdateDate>2021/07/27 16:29</PriceUpdateDate>
      <ItemCode>19297246</ItemCode>
      <ItemType>0</ItemType>
      <ItemName>שזיפים 250 גרם בקופסא</ItemName>
      <ManufactureName>דין שיווק וקליה 2021 בעמ</ManufactureName>
      <ManufactureCountry />
      <ManufactureItemDescription />
      <UnitQty>'יח</UnitQty>
      <Quantity>2.50</Quantity>
      <UnitMeasure>ל-100 גרם</UnitMeasure>
      <BisWeighted>0</BisWeighted>
      <QtyInPackage>1</QtyInPackage>
      <ItemPrice>14.90</ItemPrice>
      <UnitOfMeasurePrice>5.96</UnitOfMeasurePrice>
      <AllowDiscount>0</AllowDiscount>
      <itemStatus>1</itemStatus>
      <LastUpdateDate />
      <LastUpdateTime />
    </Product>
    <Product>
      <PriceUpdateDate>2021/07/27 16:29</PriceUpdateDate>
      <ItemCode>7290019297413</ItemCode>
      <ItemType>1</ItemType>
      <ItemName>מעדן אפרסק 100% רכיבי פרי ללא תוספת סו</ItemName>
      <ManufactureName>דין שיווק וקליה 2021 בעמ</ManufactureName>
      <ManufactureCountry />
      <ManufactureItemDescription />
      <UnitQty>'יח</UnitQty>
      <Quantity>2.84</Quantity>
      <UnitMeasure>ל-100 גרם</UnitMeasure>
      <BisWeighted>0</BisWeighted>
      <QtyInPackage>1</QtyInPackage>
      <ItemPrice>9.90</ItemPrice>
      <UnitOfMeasurePrice>3.49</UnitOfMeasurePrice>
      <AllowDiscount>0</AllowDiscount>
      <itemStatus>1</itemStatus>
      <LastUpdateDate />
      <LastUpdateTime />
    </Product>
    <Product>
      <PriceUpdateDate>2021/07/27 16:29</PriceUpdateDate>
      <ItemCode>7290019297437</ItemCode>
      <ItemType>1</ItemType>
      <ItemName>מעדן אוכמניות 100% רכיבי פרי ללא תוספת</ItemName>
      <ManufactureName>דין שיווק וקליה 2021 בעמ</ManufactureName>
      <ManufactureCountry />
      <ManufactureItemDescription />
      <UnitQty>'יח</UnitQty>
      <Quantity>2.84</Quantity>
      <UnitMeasure>ל-100 גרם</UnitMeasure>
      <BisWeighted>0</BisWeighted>
      <QtyInPackage>1</QtyInPackage>
      <ItemPrice>9.90</ItemPrice>
      <UnitOfMeasurePrice>3.49</UnitOfMeasurePrice>
      <AllowDiscount>0</AllowDiscount>
      <itemStatus>1</itemStatus>
      <LastUpdateDate />
      <LastUpdateTime />
    </Product>
    <Product>
      <PriceUpdateDate>2021/10/27 15:42</PriceUpdateDate>
      <ItemCode>7290019297581</ItemCode>
      <ItemType>1</ItemType>
      <ItemName>++++סוכריות גומי מצופות טעם בננה 300 גר`</ItemName>
      <ManufactureName>דין שיווק וקליה 2021 בעמ</ManufactureName>
      <ManufactureCountry />
      <ManufactureItemDescription />
      <UnitQty>'יח</UnitQty>
      <Quantity>3</Quantity>
      <UnitMeasure>ל-100 גרם</UnitMeasure>
      <BisWeighted>0</BisWeighted>
      <QtyInPackage>1</QtyInPackage>
      <ItemPrice>9.90</ItemPrice>
      <UnitOfMeasurePrice>3.30</UnitOfMeasurePrice>
      <AllowDiscount>0</AllowDiscount>
      <itemStatus>1</itemStatus>
      <LastUpdateDate />
      <LastUpdateTime />
    </Product>
    <Product>
      <PriceUpdateDate>2019/01/16 14:45</PriceUpdateDate>
      <ItemCode>40111216</ItemCode>
      <ItemType>0</ItemType>
      <ItemName>חטיף באונטי 57 גרם</ItemName>
      <ManufactureName>מרס ריגלי ישראל בע"מ</ManufactureName>
      <ManufactureCountry />
      <ManufactureItemDescription />
      <UnitQty>'יח</UnitQty>
      <Quantity>0.57</Quantity>
      <UnitMeasure>ל-100 גרם</UnitMeasure>
      <BisWeighted>0</BisWeighted>
      <QtyInPackage>1</QtyInPackage>
      <ItemPrice>3.90</ItemPrice>
      <UnitOfMeasurePrice>6.84</UnitOfMeasurePrice>
      <AllowDiscount>0</AllowDiscount>
      <itemStatus>1</itemStatus>
      <LastUpdateDate />
      <LastUpdateTime />
    </Product>
    <Product>
      <PriceUpdateDate>2019/01/16 14:45</PriceUpdateDate>
      <ItemCode>40144016</ItemCode>
      <ItemType>0</ItemType>
      <ItemName>וורטר סוכריות קשות בטעם חמאה</ItemName>
      <ManufactureName>ליימן שליסל בע`מ</ManufactureName>
      <ManufactureCountry />
      <ManufactureItemDescription />
      <UnitQty>'יח</UnitQty>
      <Quantity>0.50</Quantity>
      <UnitMeasure>ל-100 גרם</UnitMeasure>
      <BisWeighted>0</BisWeighted>
      <QtyInPackage>1</QtyInPackage>
      <ItemPrice>3.20</ItemPrice>
      <UnitOfMeasurePrice>6.40</UnitOfMeasurePrice>
      <AllowDiscount>0</AllowDiscount>
      <itemStatus>1</itemStatus>
      <LastUpdateDate />
      <LastUpdateTime />
    </Product>
    <Product>
      <PriceUpdateDate>2022/03/08 10:11</PriceUpdateDate>
      <ItemCode>42051617</ItemCode>
      <ItemType>0</ItemType>
      <ItemName>מארז חושן 25 צלחות ענק+25בינוני</ItemName>
      <ManufactureName>ח.כהן סוכנות מזון ומשקאות</ManufactureName>
      <ManufactureCountry />
      <ManufactureItemDescription />
      <UnitQty>'יח</UnitQty>
      <Quantity>1</Quantity>
      <UnitMeasure>'יח</UnitMeasure>
      <BisWeighted>0</BisWeighted>
      <QtyInPackage>1</QtyInPackage>
      <ItemPrice>59.90</ItemPrice>
      <UnitOfMeasurePrice>59.90</UnitOfMeasurePrice>
      <AllowDiscount>1</AllowDiscount>
      <itemStatus>1</itemStatus>
      <LastUpdateDate />
      <LastUpdateTime />
    </Product>
    <Product>
      <PriceUpdateDate>2022/10/12 19:26</PriceUpdateDate>
      <ItemCode>54051157</ItemCode>
      <ItemType>0</ItemType>
      <ItemName>אלפרו מעדן סויה בטעם  שוק `4*125גרם</ItemName>
      <ManufactureName>שטראוס גרופ בע`מ</ManufactureName>
      <ManufactureCountry />
      <ManufactureItemDescription />
      <UnitQty>'יח</UnitQty>
      <Quantity>1.25</Quantity>
      <UnitMeasure>ל-100 גרם</UnitMeasure>
      <BisWeighted>0</BisWeighted>
      <QtyInPackage>1</QtyInPackage>
      <ItemPrice>16.90</ItemPrice>
      <UnitOfMeasurePrice>13.52</UnitOfMeasurePrice>
      <AllowDiscount>0</AllowDiscount>
      <itemStatus>1</itemStatus>
      <LastUpdateDate />
      <LastUpdateTime />
    </Product>
    <Product>
      <PriceUpdateDate>2021/06/02 07:10</PriceUpdateDate>
      <ItemCode>72940754</ItemCode>
      <ItemType>0</ItemType>
      <ItemName>מילקי מעדן חלב וניל עם קצפת %5 170מל</ItemName>
      <ManufactureName>שטראוס גרופ בע`מ</ManufactureName>
      <ManufactureCountry />
      <ManufactureItemDescription />
      <UnitQty>'יח</UnitQty>
      <Quantity>1.30</Quantity>
      <UnitMeasure>ל-100 מ"ל</UnitMeasure>
      <BisWeighted>0</BisWeighted>
      <QtyInPackage>24</QtyInPackage>
      <ItemPrice>2.80</ItemPrice>
      <UnitOfMeasurePrice>2.15</UnitOfMeasurePrice>
      <AllowDiscount>0</AllowDiscount>
      <itemStatus>1</itemStatus>
      <LastUpdateDate />
      <LastUpdateTime />
    </Product>
    <Product>
      <PriceUpdateDate>2019/10/10 09:24</PriceUpdateDate>
      <ItemCode>72940761</ItemCode>
      <ItemType>0</ItemType>
      <ItemName>מילקי טעם שוקולד</ItemName>
      <ManufactureName>שטראוס גרופ בע`מ</ManufactureName>
      <ManufactureCountry />
      <ManufactureItemDescription />
      <UnitQty>'יח</UnitQty>
      <Quantity>1.30</Quantity>
      <UnitMeasure>ל-100 מ"ל</UnitMeasure>
      <BisWeighted>0</BisWeighted>
      <QtyInPackage>24</QtyInPackage>
      <ItemPrice>2.90</ItemPrice>
      <UnitOfMeasurePrice>2.23</UnitOfMeasurePrice>
      <AllowDiscount>0</AllowDiscount>
      <itemStatus>1</itemStatus>
      <LastUpdateDate />
      <LastUpdateTime />
    </Product>
    <Product>
      <PriceUpdateDate>2019/10/16 13:11</PriceUpdateDate>
      <ItemCode>72940952</ItemCode>
      <ItemType>0</ItemType>
      <ItemName>מילקי קצפת 2p מעדן שוקולד %10 170 מ`</ItemName>
      <ManufactureName>שטראוס גרופ בע`מ</ManufactureName>
      <ManufactureCountry />
      <ManufactureItemDescription />
      <UnitQty>'יח</UnitQty>
      <Quantity>1.70</Quantity>
      <UnitMeasure>ל-100 מ"ל</UnitMeasure>
      <BisWeighted>0</BisWeighted>
      <QtyInPackage>24</QtyInPackage>
      <ItemPrice>3.90</ItemPrice>
      <UnitOfMeasurePrice>2.29</UnitOfMeasurePrice>
      <AllowDiscount>0</AllowDiscount>
      <itemStatus>1</itemStatus>
      <LastUpdateDate />
      <LastUpdateTime />
    </Product>
    <Product>
      <PriceUpdateDate>2019/01/16 14:45</PriceUpdateDate>
      <ItemCode>72941041</ItemCode>
      <ItemType>0</ItemType>
      <ItemName>מיני מילקי שוקולד עם קצפת %6 90 מל</ItemName>
      <ManufactureName>שטראוס גרופ בע`מ</ManufactureName>
      <ManufactureCountry />
      <ManufactureItemDescription />
      <UnitQty>'יח</UnitQty>
      <Quantity>1.30</Quantity>
      <UnitMeasure>ל-100 מ"ל</UnitMeasure>
      <BisWeighted>0</BisWeighted>
      <QtyInPackage>24</QtyInPackage>
      <ItemPrice>2.30</ItemPrice>
      <UnitOfMeasurePrice>1.77</UnitOfMeasurePrice>
      <AllowDiscount>0</AllowDiscount>
      <itemStatus>1</itemStatus>
      <LastUpdateDate />
      <LastUpdateTime />
    </Product>
    <Product>
      <PriceUpdateDate>2019/01/16 14:45</PriceUpdateDate>
      <ItemCode>72961506</ItemCode>
      <ItemType>0</ItemType>
      <ItemName>פרילי תות %1.5 125 מל גביע</ItemName>
      <ManufactureName>תנובה חלב</ManufactureName>
      <ManufactureCountry />
      <ManufactureItemDescription />
      <UnitQty>'יח</UnitQty>
      <Quantity>1.25</Quantity>
      <UnitMeasure>ל-100 מ"ל</UnitMeasure>
      <BisWeighted>0</BisWeighted>
      <QtyInPackage>1</QtyInPackage>
      <ItemPrice>3.70</ItemPrice>
      <UnitOfMeasurePrice>2.96</UnitOfMeasurePrice>
      <AllowDiscount>0</AllowDiscount>
      <itemStatus>1</itemStatus>
      <LastUpdateDate />
      <LastUpdateTime />
    </Product>
    <Product>
      <PriceUpdateDate>2019/01/16 14:45</PriceUpdateDate>
      <ItemCode>72961520</ItemCode>
      <ItemType>0</ItemType>
      <ItemName>פרילי אננס %1.5 125 מל גביע</ItemName>
      <ManufactureName>תנובה חלב</ManufactureName>
      <ManufactureCountry />
      <ManufactureItemDescription />
      <UnitQty>'יח</UnitQty>
      <Quantity>1.25</Quantity>
      <UnitMeasure>ל-100 מ"ל</UnitMeasure>
      <BisWeighted>0</BisWeighted>
      <QtyInPackage>1</QtyInPackage>
      <ItemPrice>3.70</ItemPrice>
      <UnitOfMeasurePrice>2.96</UnitOfMeasurePrice>
      <AllowDiscount>0</AllowDiscount>
      <itemStatus>1</itemStatus>
      <LastUpdateDate />
      <LastUpdateTime />
    </Product>
    <Product>
      <PriceUpdateDate>2019/01/16 14:45</PriceUpdateDate>
      <ItemCode>72961544</ItemCode>
      <ItemType>0</ItemType>
      <ItemName>באדי תות</ItemName>
      <ManufactureName>תנובה חלב</ManufactureName>
      <ManufactureCountry />
      <ManufactureItemDescription />
      <UnitQty>'יח</UnitQty>
      <Quantity>1.25</Quantity>
      <UnitMeasure>ל-100 מ"ל</UnitMeasure>
      <BisWeighted>0</BisWeighted>
      <QtyInPackage>1</QtyInPackage>
      <ItemPrice>3</ItemPrice>
      <UnitOfMeasurePrice>2.40</UnitOfMeasurePrice>
      <AllowDiscount>0</AllowDiscount>
      <itemStatus>1</itemStatus>
      <LastUpdateDate />
      <LastUpdateTime />
    </Product>
    <Product>
      <PriceUpdateDate>2019/01/16 14:45</PriceUpdateDate>
      <ItemCode>72963753</ItemCode>
      <ItemType>0</ItemType>
      <ItemName>שמנת של פעם %27 200 מ``ל גביע</ItemName>
      <ManufactureName>תנובה חלב</ManufactureName>
      <ManufactureCountry />
      <ManufactureItemDescription />
      <UnitQty>'יח</UnitQty>
      <Quantity>2</Quantity>
      <UnitMeasure>ל-100 מ"ל</UnitMeasure>
      <BisWeighted>0</BisWeighted>
      <QtyInPackage>1</QtyInPackage>
      <ItemPrice>4.30</ItemPrice>
      <UnitOfMeasurePrice>2.15</UnitOfMeasurePrice>
      <AllowDiscount>0</AllowDiscount>
      <itemStatus>1</itemStatus>
      <LastUpdateDate />
      <LastUpdateTime />
    </Product>
    <Product>
      <PriceUpdateDate>2019/01/16 14:45</PriceUpdateDate>
      <ItemCode>72964422</ItemCode>
      <ItemType>0</ItemType>
      <ItemName>שלי יוגורט %4.5 200 מל גביע</ItemName>
      <ManufactureName>תנובה חלב</ManufactureName>
      <ManufactureCountry />
      <ManufactureItemDescription />
      <UnitQty>'יח</UnitQty>
      <Quantity>2</Quantity>
      <UnitMeasure>ל-100 מ"ל</UnitMeasure>
      <BisWeighted>0</BisWeighted>
      <QtyInPackage>1</QtyInPackage>
      <ItemPrice>2.90</ItemPrice>
      <UnitOfMeasurePrice>1.45</UnitOfMeasurePrice>
      <AllowDiscount>0</AllowDiscount>
      <itemStatus>1</itemStatus>
      <LastUpdateDate />
      <LastUpdateTime />
    </Product>
    <Product>
      <PriceUpdateDate>2019/01/16 14:45</PriceUpdateDate>
      <ItemCode>72986233</ItemCode>
      <ItemType>0</ItemType>
      <ItemName>באדי וניל %3 125 מ``ל מהדרין</ItemName>
      <ManufactureName>תנובה חלב</ManufactureName>
      <ManufactureCountry />
      <ManufactureItemDescription />
      <UnitQty>'יח</UnitQty>
      <Quantity>1.25</Quantity>
      <UnitMeasure>ל-100 מ"ל</UnitMeasure>
      <BisWeighted>0</BisWeighted>
      <QtyInPackage>1</QtyInPackage>
      <ItemPrice>3</ItemPrice>
      <UnitOfMeasurePrice>2.40</UnitOfMeasurePrice>
      <AllowDiscount>0</AllowDiscount>
      <itemStatus>1</itemStatus>
      <LastUpdateDate />
      <LastUpdateTime />
    </Product>
    <Product>
      <PriceUpdateDate>2019/01/16 14:45</PriceUpdateDate>
      <ItemCode>72986240</ItemCode>
      <ItemType>0</ItemType>
      <ItemName>באדי שוקו %3 125 מ``ל מהדרין</ItemName>
      <ManufactureName>תנובה חלב</ManufactureName>
      <ManufactureCountry />
      <ManufactureItemDescription />
      <UnitQty>'יח</UnitQty>
      <Quantity>1.25</Quantity>
      <UnitMeasure>ל-100 מ"ל</UnitMeasure>
      <BisWeighted>0</BisWeighted>
      <QtyInPackage>1</QtyInPackage>
      <ItemPrice>3</ItemPrice>
      <UnitOfMeasurePrice>2.40</UnitOfMeasurePrice>
      <AllowDiscount>0</AllowDiscount>
      <itemStatus>1</itemStatus>
      <LastUpdateDate />
      <LastUpdateTime />
    </Product>
    <Product>
      <PriceUpdateDate>2019/01/16 14:45</PriceUpdateDate>
      <ItemCode>72986370</ItemCode>
      <ItemType>0</ItemType>
      <ItemName>גלידת בן &amp; ג`ריס 500 מל` וניל</ItemName>
      <ManufactureName>מוצרי איכות אמריקאים</ManufactureName>
      <ManufactureCountry />
      <ManufactureItemDescription />
      <UnitQty>'יח</UnitQty>
      <Quantity>5</Quantity>
      <UnitMeasure>ל-100 גרם</UnitMeasure>
      <BisWeighted>0</BisWeighted>
      <QtyInPackage>1</QtyInPackage>
      <ItemPrice>19.90</ItemPrice>
      <UnitOfMeasurePrice>3.98</UnitOfMeasurePrice>
      <AllowDiscount>1</AllowDiscount>
      <itemStatus>1</itemStatus>
      <LastUpdateDate />
      <LastUpdateTime />
    </Product>
    <Product>
      <PriceUpdateDate>2019/01/16 14:45</PriceUpdateDate>
      <ItemCode>72986424</ItemCode>
      <ItemType>0</ItemType>
      <ItemName>גלידת בן &amp; ג`ריס 500 מל` קרם עוגיות</ItemName>
      <ManufactureName>מוצרי איכות אמריקאים</ManufactureName>
      <ManufactureCountry />
      <ManufactureItemDescription />
      <UnitQty>'יח</UnitQty>
      <Quantity>5</Quantity>
      <UnitMeasure>ל-100 מ"ל</UnitMeasure>
      <BisWeighted>0</BisWeighted>
      <QtyInPackage>1</QtyInPackage>
      <ItemPrice>19.90</ItemPrice>
      <UnitOfMeasurePrice>3.98</UnitOfMeasurePrice>
      <AllowDiscount>1</AllowDiscount>
      <itemStatus>1</itemStatus>
      <LastUpdateDate />
      <LastUpdateTime />
    </Product>
    <Product>
      <PriceUpdateDate>2019/01/16 14:45</PriceUpdateDate>
      <ItemCode>72986455</ItemCode>
      <ItemType>0</ItemType>
      <ItemName>גלידת בן &amp; ג`ריס 500 מל` ניו יורק</ItemName>
      <ManufactureName>מוצרי איכות אמריקאים</ManufactureName>
      <ManufactureCountry />
      <ManufactureItemDescription />
      <UnitQty>'יח</UnitQty>
      <Quantity>5</Quantity>
      <UnitMeasure>ל-100 מ"ל</UnitMeasure>
      <BisWeighted>0</BisWeighted>
      <QtyInPackage>1</QtyInPackage>
      <ItemPrice>19.90</ItemPrice>
      <UnitOfMeasurePrice>3.98</UnitOfMeasurePrice>
      <AllowDiscount>1</AllowDiscount>
      <itemStatus>1</itemStatus>
      <LastUpdateDate />
      <LastUpdateTime />
    </Product>
    <Product>
      <PriceUpdateDate>2019/01/16 14:45</PriceUpdateDate>
      <ItemCode>72986479</ItemCode>
      <ItemType>0</ItemType>
      <ItemName>גלידת בן &amp; ג`ריס 500 מל` מאנקי</ItemName>
      <ManufactureName>מוצרי איכות אמריקאים</ManufactureName>
      <ManufactureCountry />
      <ManufactureItemDescription />
      <UnitQty>'יח</UnitQty>
      <Quantity>5</Quantity>
      <UnitMeasure>ל-100 מ"ל</UnitMeasure>
      <BisWeighted>0</BisWeighted>
      <QtyInPackage>1</QtyInPackage>
      <ItemPrice>19.90</ItemPrice>
      <UnitOfMeasurePrice>3.98</UnitOfMeasurePrice>
      <AllowDiscount>1</AllowDiscount>
      <itemStatus>1</itemStatus>
      <LastUpdateDate />
      <LastUpdateTime />
    </Product>
    <Product>
      <PriceUpdateDate>2019/01/16 14:45</PriceUpdateDate>
      <ItemCode>72991886</ItemCode>
      <ItemType>0</ItemType>
      <ItemName>גלידת בן &amp; ג`ריס 500 מל` דולצ`ה</ItemName>
      <ManufactureName>מוצרי איכות אמריקאים</ManufactureName>
      <ManufactureCountry />
      <ManufactureItemDescription />
      <UnitQty>'יח</UnitQty>
      <Quantity>5</Quantity>
      <UnitMeasure>ל-100 מ"ל</UnitMeasure>
      <BisWeighted>0</BisWeighted>
      <QtyInPackage>1</QtyInPackage>
      <ItemPrice>19.90</ItemPrice>
      <UnitOfMeasurePrice>3.98</UnitOfMeasurePrice>
      <AllowDiscount>1</AllowDiscount>
      <itemStatus>1</itemStatus>
      <LastUpdateDate />
      <LastUpdateTime />
    </Product>
    <Product>
      <PriceUpdateDate>2019/01/16 14:45</PriceUpdateDate>
      <ItemCode>72993637</ItemCode>
      <ItemType>0</ItemType>
      <ItemName>דני שוקולד %1.5 שומן 125 גרם</ItemName>
      <ManufactureName>שטראוס גרופ בע`מ</ManufactureName>
      <ManufactureCountry />
      <ManufactureItemDescription />
      <UnitQty>'יח</UnitQty>
      <Quantity>1.25</Quantity>
      <UnitMeasure>ל-100 מ"ל</UnitMeasure>
      <BisWeighted>0</BisWeighted>
      <QtyInPackage>24</QtyInPackage>
      <ItemPrice>2.70</ItemPrice>
      <UnitOfMeasurePrice>2.16</UnitOfMeasurePrice>
      <AllowDiscount>0</AllowDiscount>
      <itemStatus>1</itemStatus>
      <LastUpdateDate />
      <LastUpdateTime />
    </Product>
    <Product>
      <PriceUpdateDate>2019/01/16 14:45</PriceUpdateDate>
      <ItemCode>72994061</ItemCode>
      <ItemType>0</ItemType>
      <ItemName>פסק זמן GOOD</ItemName>
      <ManufactureName>שטראוס גרופ בע`מ</ManufactureName>
      <ManufactureCountry />
      <ManufactureItemDescription />
      <UnitQty>'יח</UnitQty>
      <Quantity>0</Quantity>
      <UnitMeasure>ל-100 גרם</UnitMeasure>
      <BisWeighted>0</BisWeighted>
      <QtyInPackage>20</QtyInPackage>
      <ItemPrice>5.30</ItemPrice>
      <UnitOfMeasurePrice>5.30</UnitOfMeasurePrice>
      <AllowDiscount>0</AllowDiscount>
      <itemStatus>1</itemStatus>
      <LastUpdateDate />
      <LastUpdateTime />
    </Product>
    <Product>
      <PriceUpdateDate>2022/03/01 09:05</PriceUpdateDate>
      <ItemCode>80042556</ItemCode>
      <ItemType>0</ItemType>
      <ItemName>עגבניות חתוכות בודד 400 גרם</ItemName>
      <ManufactureName>רסטרטו יבוא ושיווק בעמ</ManufactureName>
      <ManufactureCountry />
      <ManufactureItemDescription />
      <UnitQty>'יח</UnitQty>
      <Quantity>4</Quantity>
      <UnitMeasure>ל-100 גרם</UnitMeasure>
      <BisWeighted>0</BisWeighted>
      <QtyInPackage>1</QtyInPackage>
      <ItemPrice>5.90</ItemPrice>
      <UnitOfMeasurePrice>1.48</UnitOfMeasurePrice>
      <AllowDiscount>0</AllowDiscount>
      <itemStatus>1</itemStatus>
      <LastUpdateDate />
      <LastUpdateTime />
    </Product>
    <Product>
      <PriceUpdateDate>2022/03/01 09:05</PriceUpdateDate>
      <ItemCode>80042563</ItemCode>
      <ItemType>0</ItemType>
      <ItemName>רסק עגבניות 700 כר` מוטי</ItemName>
      <ManufactureName>רסטרטו יבוא ושיווק בעמ</ManufactureName>
      <ManufactureCountry />
      <ManufactureItemDescription />
      <UnitQty>'יח</UnitQty>
      <Quantity>7</Quantity>
      <UnitMeasure>ל-100 גרם</UnitMeasure>
      <BisWeighted>0</BisWeighted>
      <QtyInPackage>1</QtyInPackage>
      <ItemPrice>11.90</ItemPrice>
      <UnitOfMeasurePrice>1.70</UnitOfMeasurePrice>
      <AllowDiscount>0</AllowDiscount>
      <itemStatus>1</itemStatus>
      <LastUpdateDate />
      <LastUpdateTime />
    </Product>
    <Product>
      <PriceUpdateDate>2021/01/25 14:49</PriceUpdateDate>
      <ItemCode>80052760</ItemCode>
      <ItemType>0</ItemType>
      <ItemName>חטיף קינדר בואנו שוקולד 43 גרם</ItemName>
      <ManufactureName>פרימיום חברה לדברי מתיקה ולמסח</ManufactureName>
      <ManufactureCountry />
      <ManufactureItemDescription />
      <UnitQty>'יח</UnitQty>
      <Quantity>0.43</Quantity>
      <UnitMeasure>ל-100 גרם</UnitMeasure>
      <BisWeighted>0</BisWeighted>
      <QtyInPackage>1</QtyInPackage>
      <ItemPrice>3.50</ItemPrice>
      <UnitOfMeasurePrice>8.14</UnitOfMeasurePrice>
      <AllowDiscount>0</AllowDiscount>
      <itemStatus>1</itemStatus>
      <LastUpdateDate />
      <LastUpdateTime />
    </Product>
    <Product>
      <PriceUpdateDate>2021/11/29 19:10</PriceUpdateDate>
      <ItemCode>80136194</ItemCode>
      <ItemType>0</ItemType>
      <ItemName>קינדר Happy Hippo ופל במילוי קרם 5יח</ItemName>
      <ManufactureName>פרימיום חברה לדברי מתיקה ולמסח</ManufactureName>
      <ManufactureCountry />
      <ManufactureItemDescription />
      <UnitQty>'יח</UnitQty>
      <Quantity>1.30</Quantity>
      <UnitMeasure>ל-100 גרם</UnitMeasure>
      <BisWeighted>0</BisWeighted>
      <QtyInPackage>1</QtyInPackage>
      <ItemPrice>12.90</ItemPrice>
      <UnitOfMeasurePrice>9.92</UnitOfMeasurePrice>
      <AllowDiscount>0</AllowDiscount>
      <itemStatus>1</itemStatus>
      <LastUpdateDate />
      <LastUpdateTime />
    </Product>
    <Product>
      <PriceUpdateDate>2019/01/16 14:45</PriceUpdateDate>
      <ItemCode>80176800</ItemCode>
      <ItemType>0</ItemType>
      <ItemName>ממרח נוטלה קקאו אגוזים 750 גרם</ItemName>
      <ManufactureName>פרימיום חברה לדברי מתיקה ולמסח</ManufactureName>
      <ManufactureCountry />
      <ManufactureItemDescription />
      <UnitQty>'יח</UnitQty>
      <Quantity>7.50</Quantity>
      <UnitMeasure>ל-100 גרם</UnitMeasure>
      <BisWeighted>0</BisWeighted>
      <QtyInPackage>1</QtyInPackage>
      <ItemPrice>25.90</ItemPrice>
      <UnitOfMeasurePrice>3.45</UnitOfMeasurePrice>
      <AllowDiscount>0</AllowDiscount>
      <itemStatus>1</itemStatus>
      <LastUpdateDate />
      <LastUpdateTime />
    </Product>
    <Product>
      <PriceUpdateDate>2021/06/28 14:23</PriceUpdateDate>
      <ItemCode>80177616</ItemCode>
      <ItemType>0</ItemType>
      <ItemName>אצבעות שוקולד קינדר 100 גרם</ItemName>
      <ManufactureName>פרימיום חברה לדברי מתיקה ולמסח</ManufactureName>
      <ManufactureCountry />
      <ManufactureItemDescription />
      <UnitQty>'יח</UnitQty>
      <Quantity>1</Quantity>
      <UnitMeasure>ל-100 גרם</UnitMeasure>
      <BisWeighted>0</BisWeighted>
      <QtyInPackage>1</QtyInPackage>
      <ItemPrice>7.90</ItemPrice>
      <UnitOfMeasurePrice>7.90</UnitOfMeasurePrice>
      <AllowDiscount>0</AllowDiscount>
      <itemStatus>1</itemStatus>
      <LastUpdateDate />
      <LastUpdateTime />
    </Product>
    <Product>
      <PriceUpdateDate>2021/08/16 06:48</PriceUpdateDate>
      <ItemCode>80310167</ItemCode>
      <ItemType>0</ItemType>
      <ItemName>קינד שוקולד מקסי מארז 6 יח`</ItemName>
      <ManufactureName>פרימיום חברה לדברי מתיקה ולמסח</ManufactureName>
      <ManufactureCountry />
      <ManufactureItemDescription />
      <UnitQty>'יח</UnitQty>
      <Quantity>0</Quantity>
      <UnitMeasure>ל-100 גרם</UnitMeasure>
      <BisWeighted>0</BisWeighted>
      <QtyInPackage>1</QtyInPackage>
      <ItemPrice>9.90</ItemPrice>
      <UnitOfMeasurePrice>9.90</UnitOfMeasurePrice>
      <AllowDiscount>0</AllowDiscount>
      <itemStatus>1</itemStatus>
      <LastUpdateDate />
      <LastUpdateTime />
    </Product>
    <Product>
      <PriceUpdateDate>2019/01/16 14:45</PriceUpdateDate>
      <ItemCode>80773429</ItemCode>
      <ItemType>0</ItemType>
      <ItemName>מסטיק מנטוס טעם תות</ItemName>
      <ManufactureName>ליימן שליסל בע`מ</ManufactureName>
      <ManufactureCountry />
      <ManufactureItemDescription />
      <UnitQty>'יח</UnitQty>
      <Quantity>0.24</Quantity>
      <UnitMeasure>ל-100 גרם</UnitMeasure>
      <BisWeighted>0</BisWeighted>
      <QtyInPackage>24</QtyInPackage>
      <ItemPrice>9.90</ItemPrice>
      <UnitOfMeasurePrice>41.25</UnitOfMeasurePrice>
      <AllowDiscount>1</AllowDiscount>
      <itemStatus>1</itemStatus>
      <LastUpdateDate />
      <LastUpdateTime />
    </Product>
    <Product>
      <PriceUpdateDate>2019/01/16 14:45</PriceUpdateDate>
      <ItemCode>80773443</ItemCode>
      <ItemType>0</ItemType>
      <ItemName>מסטיק מנטוס טעם פירות</ItemName>
      <ManufactureName>ליימן שליסל בע`מ</ManufactureName>
      <ManufactureCountry />
      <ManufactureItemDescription />
      <UnitQty>'יח</UnitQty>
      <Quantity>0.24</Quantity>
      <UnitMeasure>ל-100 גרם</UnitMeasure>
      <BisWeighted>0</BisWeighted>
      <QtyInPackage>24</QtyInPackage>
      <ItemPrice>9.90</ItemPrice>
      <UnitOfMeasurePrice>41.25</UnitOfMeasurePrice>
      <AllowDiscount>1</AllowDiscount>
      <itemStatus>1</itemStatus>
      <LastUpdateDate />
      <LastUpdateTime />
    </Product>
    <Product>
      <PriceUpdateDate>2019/01/16 14:45</PriceUpdateDate>
      <ItemCode>80790990</ItemCode>
      <ItemType>0</ItemType>
      <ItemName>מסטיק מנטוס טעם מנטה עדינה</ItemName>
      <ManufactureName>ליימן שליסל בע`מ</ManufactureName>
      <ManufactureCountry />
      <ManufactureItemDescription />
      <UnitQty>'יח</UnitQty>
      <Quantity>0.24</Quantity>
      <UnitMeasure>ל-100 גרם</UnitMeasure>
      <BisWeighted>0</BisWeighted>
      <QtyInPackage>24</QtyInPackage>
      <ItemPrice>9.90</ItemPrice>
      <UnitOfMeasurePrice>41.25</UnitOfMeasurePrice>
      <AllowDiscount>1</AllowDiscount>
      <itemStatus>1</itemStatus>
      <LastUpdateDate />
      <LastUpdateTime />
    </Product>
    <Product>
      <PriceUpdateDate>2022/06/12 14:00</PriceUpdateDate>
      <ItemCode>80832560</ItemCode>
      <ItemType>0</ItemType>
      <ItemName>סוכריות מנטוס ללא סוכר בטעם פירות יער</ItemName>
      <ManufactureName>ליימן שליסל בע`מ</ManufactureName>
      <ManufactureCountry />
      <ManufactureItemDescription />
      <UnitQty>'יח</UnitQty>
      <Quantity>0.21</Quantity>
      <UnitMeasure>ל-100 גרם</UnitMeasure>
      <BisWeighted>0</BisWeighted>
      <QtyInPackage>1</QtyInPackage>
      <ItemPrice>6.90</ItemPrice>
      <UnitOfMeasurePrice>32.86</UnitOfMeasurePrice>
      <AllowDiscount>1</AllowDiscount>
      <itemStatus>1</itemStatus>
      <LastUpdateDate />
      <LastUpdateTime />
    </Product>
    <Product>
      <PriceUpdateDate>2021/06/16 06:46</PriceUpdateDate>
      <ItemCode>80843184</ItemCode>
      <ItemType>0</ItemType>
      <ItemName>מסטיק מנטוס טעם ענבים</ItemName>
      <ManufactureName>ליימן שליסל בע`מ</ManufactureName>
      <ManufactureCountry />
      <ManufactureItemDescription />
      <UnitQty>'יח</UnitQty>
      <Quantity>0.24</Quantity>
      <UnitMeasure>ל-100 גרם</UnitMeasure>
      <BisWeighted>0</BisWeighted>
      <QtyInPackage>24</QtyInPackage>
      <ItemPrice>9.90</ItemPrice>
      <UnitOfMeasurePrice>41.25</UnitOfMeasurePrice>
      <AllowDiscount>1</AllowDiscount>
      <itemStatus>1</itemStatus>
      <LastUpdateDate />
      <LastUpdateTime />
    </Product>
    <Product>
      <PriceUpdateDate>2019/01/16 14:45</PriceUpdateDate>
      <ItemCode>80896081</ItemCode>
      <ItemType>0</ItemType>
      <ItemName>מסטיק מנטוס טעם אבטיח</ItemName>
      <ManufactureName>ליימן שליסל בע`מ</ManufactureName>
      <ManufactureCountry />
      <ManufactureItemDescription />
      <UnitQty>'יח</UnitQty>
      <Quantity>0.24</Quantity>
      <UnitMeasure>ל-100 גרם</UnitMeasure>
      <BisWeighted>0</BisWeighted>
      <QtyInPackage>24</QtyInPackage>
      <ItemPrice>9.90</ItemPrice>
      <UnitOfMeasurePrice>41.25</UnitOfMeasurePrice>
      <AllowDiscount>1</AllowDiscount>
      <itemStatus>1</itemStatus>
      <LastUpdateDate />
      <LastUpdateTime />
    </Product>
    <Product>
      <PriceUpdateDate>2019/01/16 14:45</PriceUpdateDate>
      <ItemCode>80913467</ItemCode>
      <ItemType>0</ItemType>
      <ItemName>מסטיק מנטוס טעם מנטה</ItemName>
      <ManufactureName>ליימן שליסל בע`מ</ManufactureName>
      <ManufactureCountry />
      <ManufactureItemDescription />
      <UnitQty>'יח</UnitQty>
      <Quantity>0.24</Quantity>
      <UnitMeasure>ל-100 גרם</UnitMeasure>
      <BisWeighted>0</BisWeighted>
      <QtyInPackage>24</QtyInPackage>
      <ItemPrice>9.90</ItemPrice>
      <UnitOfMeasurePrice>41.25</UnitOfMeasurePrice>
      <AllowDiscount>1</AllowDiscount>
      <itemStatus>1</itemStatus>
      <LastUpdateDate />
      <LastUpdateTime />
    </Product>
    <Product>
      <PriceUpdateDate>2021/08/29 19:33</PriceUpdateDate>
      <ItemCode>80945468</ItemCode>
      <ItemType>0</ItemType>
      <ItemName>מסטיק מנטוס מנטה מתוקה  60 גרם</ItemName>
      <ManufactureName>ליימן שליסל בע`מ</ManufactureName>
      <ManufactureCountry />
      <ManufactureItemDescription />
      <UnitQty>'יח</UnitQty>
      <Quantity>6</Quantity>
      <UnitMeasure>ל-100 גרם</UnitMeasure>
      <BisWeighted>0</BisWeighted>
      <QtyInPackage>24</QtyInPackage>
      <ItemPrice>9.90</ItemPrice>
      <UnitOfMeasurePrice>1.65</UnitOfMeasurePrice>
      <AllowDiscount>1</AllowDiscount>
      <itemStatus>1</itemStatus>
      <LastUpdateDate />
      <LastUpdateTime />
    </Product>
    <Product>
      <PriceUpdateDate>2021/06/16 06:46</PriceUpdateDate>
      <ItemCode>80979128</ItemCode>
      <ItemType>0</ItemType>
      <ItemName>מסטיק מנטוס טעם דובדבן</ItemName>
      <ManufactureName>ליימן שליסל בע`מ</ManufactureName>
      <ManufactureCountry />
      <ManufactureItemDescription />
      <UnitQty>'יח</UnitQty>
      <Quantity>0.24</Quantity>
      <UnitMeasure>ל-100 גרם</UnitMeasure>
      <BisWeighted>0</BisWeighted>
      <QtyInPackage>1</QtyInPackage>
      <ItemPrice>9.90</ItemPrice>
      <UnitOfMeasurePrice>41.25</UnitOfMeasurePrice>
      <AllowDiscount>1</AllowDiscount>
      <itemStatus>1</itemStatus>
      <LastUpdateDate />
      <LastUpdateTime />
    </Product>
    <Product>
      <PriceUpdateDate>2019/07/03 08:47</PriceUpdateDate>
      <ItemCode>87108538</ItemCode>
      <ItemType>0</ItemType>
      <ItemName>מנטוס תות 38גר</ItemName>
      <ManufactureName>ליימן שליסל בע`מ</ManufactureName>
      <ManufactureCountry />
      <ManufactureItemDescription />
      <UnitQty>'יח</UnitQty>
      <Quantity>0.37</Quantity>
      <UnitMeasure>ל-100 גרם</UnitMeasure>
      <BisWeighted>0</BisWeighted>
      <QtyInPackage>40</QtyInPackage>
      <ItemPrice>2.90</ItemPrice>
      <UnitOfMeasurePrice>7.84</UnitOfMeasurePrice>
      <AllowDiscount>1</AllowDiscount>
      <itemStatus>1</itemStatus>
      <LastUpdateDate />
      <LastUpdateTime />
    </Product>
    <Product>
      <PriceUpdateDate>2019/07/03 08:47</PriceUpdateDate>
      <ItemCode>87108651</ItemCode>
      <ItemType>0</ItemType>
      <ItemName>מנטוס רבעיות מנטה 4*37.5 גרם</ItemName>
      <ManufactureName>ליימן שליסל בע`מ</ManufactureName>
      <ManufactureCountry />
      <ManufactureItemDescription />
      <UnitQty>'יח</UnitQty>
      <Quantity>1</Quantity>
      <UnitMeasure />
      <BisWeighted>0</BisWeighted>
      <QtyInPackage>35</QtyInPackage>
      <ItemPrice>10.90</ItemPrice>
      <UnitOfMeasurePrice>10.90</UnitOfMeasurePrice>
      <AllowDiscount>1</AllowDiscount>
      <itemStatus>1</itemStatus>
      <LastUpdateDate />
      <LastUpdateTime />
    </Product>
    <Product>
      <PriceUpdateDate>2019/07/03 08:47</PriceUpdateDate>
      <ItemCode>87108712</ItemCode>
      <ItemType>0</ItemType>
      <ItemName>מנטוס רביעיות פירות 4*37.5 גרם</ItemName>
      <ManufactureName>ליימן שליסל בע`מ</ManufactureName>
      <ManufactureCountry />
      <ManufactureItemDescription />
      <UnitQty>'יח</UnitQty>
      <Quantity>1.50</Quantity>
      <UnitMeasure>ל-100 גרם</UnitMeasure>
      <BisWeighted>0</BisWeighted>
      <QtyInPackage>35</QtyInPackage>
      <ItemPrice>10.90</ItemPrice>
      <UnitOfMeasurePrice>7.27</UnitOfMeasurePrice>
      <AllowDiscount>1</AllowDiscount>
      <itemStatus>1</itemStatus>
      <LastUpdateDate />
      <LastUpdateTime />
    </Product>
    <Product>
      <PriceUpdateDate>2021/03/16 15:18</PriceUpdateDate>
      <ItemCode>87354041</ItemCode>
      <ItemType>0</ItemType>
      <ItemName>סוכריות מנטוס גליל דובדבן 37 גרם</ItemName>
      <ManufactureName>ליימן שליסל בע`מ</ManufactureName>
      <ManufactureCountry />
      <ManufactureItemDescription />
      <UnitQty>'יח</UnitQty>
      <Quantity>0.3750</Quantity>
      <UnitMeasure>ל-100 גרם</UnitMeasure>
      <BisWeighted>0</BisWeighted>
      <QtyInPackage>40</QtyInPackage>
      <ItemPrice>2.90</ItemPrice>
      <UnitOfMeasurePrice>7.73</UnitOfMeasurePrice>
      <AllowDiscount>1</AllowDiscount>
      <itemStatus>1</itemStatus>
      <LastUpdateDate />
      <LastUpdateTime />
    </Product>
    <Product>
      <PriceUpdateDate>2022/07/14 11:08</PriceUpdateDate>
      <ItemCode>90087974</ItemCode>
      <ItemType>0</ItemType>
      <ItemName>חומץ טבעי מתפוחים 750 מ`ל</ItemName>
      <ManufactureName>תומר ייבוא ושיווק מוצרי מזון [</ManufactureName>
      <ManufactureCountry />
      <ManufactureItemDescription />
      <UnitQty>'יח</UnitQty>
      <Quantity>1</Quantity>
      <UnitMeasure />
      <BisWeighted>0</BisWeighted>
      <QtyInPackage>1</QtyInPackage>
      <ItemPrice>12.90</ItemPrice>
      <UnitOfMeasurePrice>12.90</UnitOfMeasurePrice>
      <AllowDiscount>0</AllowDiscount>
      <itemStatus>1</itemStatus>
      <LastUpdateDate />
      <LastUpdateTime />
    </Product>
    <Product>
      <PriceUpdateDate>2022/03/09 17:31</PriceUpdateDate>
      <ItemCode>90162602</ItemCode>
      <ItemType>0</ItemType>
      <ItemName>משקה אנרגיה Red Bull מוגז 250 מל</ItemName>
      <ManufactureName>דיפלומט מפיצים (1968) בע`מ</ManufactureName>
      <ManufactureCountry />
      <ManufactureItemDescription />
      <UnitQty>'יח</UnitQty>
      <Quantity>2.50</Quantity>
      <UnitMeasure>ל-100 מ"ל</UnitMeasure>
      <BisWeighted>0</BisWeighted>
      <QtyInPackage>1</QtyInPackage>
      <ItemPrice>5.90</ItemPrice>
      <UnitOfMeasurePrice>2.24</UnitOfMeasurePrice>
      <AllowDiscount>1</AllowDiscount>
      <itemStatus>1</itemStatus>
      <LastUpdateDate />
      <LastUpdateTime />
    </Product>
    <Product>
      <PriceUpdateDate>2022/05/03 07:46</PriceUpdateDate>
      <ItemCode>90448867</ItemCode>
      <ItemType>0</ItemType>
      <ItemName>משקה אנרגיה Red Bull מוגז 250 מל ללא פ</ItemName>
      <ManufactureName>דיפלומט מפיצים (1968) בע`מ</ManufactureName>
      <ManufactureCountry />
      <ManufactureItemDescription />
      <UnitQty>'יח</UnitQty>
      <Quantity>2.50</Quantity>
      <UnitMeasure>ל-100 מ"ל</UnitMeasure>
      <BisWeighted>0</BisWeighted>
      <QtyInPackage>1</QtyInPackage>
      <ItemPrice>5.90</ItemPrice>
      <UnitOfMeasurePrice>2.24</UnitOfMeasurePrice>
      <AllowDiscount>0</AllowDiscount>
      <itemStatus>1</itemStatus>
      <LastUpdateDate />
      <LastUpdateTime />
    </Product>
    <Product>
      <PriceUpdateDate>2021/11/18 14:38</PriceUpdateDate>
      <ItemCode>11182700954</ItemCode>
      <ItemType>0</ItemType>
      <ItemName>שעועית שחורה 439 גרם קינג קול</ItemName>
      <ManufactureName>מור ים מרקטינג בעמ</ManufactureName>
      <ManufactureCountry />
      <ManufactureItemDescription />
      <UnitQty>'יח</UnitQty>
      <Quantity>4.39</Quantity>
      <UnitMeasure>ל-100 גרם</UnitMeasure>
      <BisWeighted>0</BisWeighted>
      <QtyInPackage>1</QtyInPackage>
      <ItemPrice>9.90</ItemPrice>
      <UnitOfMeasurePrice>2.26</UnitOfMeasurePrice>
      <AllowDiscount>0</AllowDiscount>
      <itemStatus>1</itemStatus>
      <LastUpdateDate />
      <LastUpdateTime />
    </Product>
    <Product>
      <PriceUpdateDate>2019/01/16 14:45</PriceUpdateDate>
      <ItemCode>11210000094</ItemCode>
      <ItemType>0</ItemType>
      <ItemName>רוטב טבסקו אדום 60 מל</ItemName>
      <ManufactureName>מ.ד אטיאס סוכנויות מזון בע`מ</ManufactureName>
      <ManufactureCountry />
      <ManufactureItemDescription />
      <UnitQty>'יח</UnitQty>
      <Quantity>0.60</Quantity>
      <UnitMeasure>ל-100 מ"ל</UnitMeasure>
      <BisWeighted>0</BisWeighted>
      <QtyInPackage>1</QtyInPackage>
      <ItemPrice>12.90</ItemPrice>
      <UnitOfMeasurePrice>21.50</UnitOfMeasurePrice>
      <AllowDiscount>0</AllowDiscount>
      <itemStatus>1</itemStatus>
      <LastUpdateDate />
      <LastUpdateTime />
    </Product>
    <Product>
      <PriceUpdateDate>2022/11/01 11:47</PriceUpdateDate>
      <ItemCode>12104140506</ItemCode>
      <ItemType>0</ItemType>
      <ItemName>שמפו קרדינאל פרעושים וקרציות 500 ml</ItemName>
      <ManufactureName>שחורי אריה ואנסטסיה</ManufactureName>
      <ManufactureCountry />
      <ManufactureItemDescription />
      <UnitQty>'יח</UnitQty>
      <Quantity>5</Quantity>
      <UnitMeasure>ל-100 מ"ל</UnitMeasure>
      <BisWeighted>0</BisWeighted>
      <QtyInPackage>1</QtyInPackage>
      <ItemPrice>59.90</ItemPrice>
      <UnitOfMeasurePrice>11.98</UnitOfMeasurePrice>
      <AllowDiscount>0</AllowDiscount>
      <itemStatus>1</itemStatus>
      <LastUpdateDate />
      <LastUpdateTime />
    </Product>
    <Product>
      <PriceUpdateDate>2019/07/03 08:47</PriceUpdateDate>
      <ItemCode>16000423534</ItemCode>
      <ItemType>0</ItemType>
      <ItemName>חטיף שיבולת שועל עם שוקולד מריר 5*42 גרם</ItemName>
      <ManufactureName>ליימן שליסל בע`מ</ManufactureName>
      <ManufactureCountry />
      <ManufactureItemDescription />
      <UnitQty>'יח</UnitQty>
      <Quantity>2.10</Quantity>
      <UnitMeasure>ל-100 גרם</UnitMeasure>
      <BisWeighted>0</BisWeighted>
      <QtyInPackage>12</QtyInPackage>
      <ItemPrice>19.90</ItemPrice>
      <UnitOfMeasurePrice>9.48</UnitOfMeasurePrice>
      <AllowDiscount>1</AllowDiscount>
      <itemStatus>1</itemStatus>
      <LastUpdateDate />
      <LastUpdateTime />
    </Product>
    <Product>
      <PriceUpdateDate>2019/07/03 08:47</PriceUpdateDate>
      <ItemCode>16000548404</ItemCode>
      <ItemType>0</ItemType>
      <ItemName>חטיף שיבולת שועל עם דבש 5*42 גרם</ItemName>
      <ManufactureName>ליימן שליסל בע`מ</ManufactureName>
      <ManufactureCountry />
      <ManufactureItemDescription />
      <UnitQty>'יח</UnitQty>
      <Quantity>2.10</Quantity>
      <UnitMeasure>ל-100 גרם</UnitMeasure>
      <BisWeighted>0</BisWeighted>
      <QtyInPackage>12</QtyInPackage>
      <ItemPrice>19.90</ItemPrice>
      <UnitOfMeasurePrice>9.48</UnitOfMeasurePrice>
      <AllowDiscount>1</AllowDiscount>
      <itemStatus>1</itemStatus>
      <LastUpdateDate />
      <LastUpdateTime />
    </Product>
    <Product>
      <PriceUpdateDate>2019/07/03 08:47</PriceUpdateDate>
      <ItemCode>16000548503</ItemCode>
      <ItemType>0</ItemType>
      <ItemName>חטיף שיבולת שועל עם מייפל קנדי 5*42גרם</ItemName>
      <ManufactureName>ליימן שליסל בע`מ</ManufactureName>
      <ManufactureCountry />
      <ManufactureItemDescription />
      <UnitQty>'יח</UnitQty>
      <Quantity>2.10</Quantity>
      <UnitMeasure>ל-100 גרם</UnitMeasure>
      <BisWeighted>0</BisWeighted>
      <QtyInPackage>12</QtyInPackage>
      <ItemPrice>19.90</ItemPrice>
      <UnitOfMeasurePrice>9.48</UnitOfMeasurePrice>
      <AllowDiscount>1</AllowDiscount>
      <itemStatus>1</itemStatus>
      <LastUpdateDate />
      <LastUpdateTime />
    </Product>
    <Product>
      <PriceUpdateDate>2019/07/03 08:47</PriceUpdateDate>
      <ItemCode>18000701223</ItemCode>
      <ItemType>0</ItemType>
      <ItemName>תערובת להכנת עוגת שוקולד 517 גרם</ItemName>
      <ManufactureName>ליימן שליסל בע`מ</ManufactureName>
      <ManufactureCountry />
      <ManufactureItemDescription />
      <UnitQty>'יח</UnitQty>
      <Quantity>5</Quantity>
      <UnitMeasure>ל-100 גרם</UnitMeasure>
      <BisWeighted>0</BisWeighted>
      <QtyInPackage>1</QtyInPackage>
      <ItemPrice>17.90</ItemPrice>
      <UnitOfMeasurePrice>3.58</UnitOfMeasurePrice>
      <AllowDiscount>0</AllowDiscount>
      <itemStatus>1</itemStatus>
      <LastUpdateDate />
      <LastUpdateTime />
    </Product>
    <Product>
      <PriceUpdateDate>2019/07/03 08:47</PriceUpdateDate>
      <ItemCode>18000766413</ItemCode>
      <ItemType>0</ItemType>
      <ItemName>תערובת לעוגת בראוניס עם פאדג 436 גר</ItemName>
      <ManufactureName>ליימן שליסל בע`מ</ManufactureName>
      <ManufactureCountry />
      <ManufactureItemDescription />
      <UnitQty>'יח</UnitQty>
      <Quantity>5.50</Quantity>
      <UnitMeasure>ל-100 גרם</UnitMeasure>
      <BisWeighted>0</BisWeighted>
      <QtyInPackage>12</QtyInPackage>
      <ItemPrice>17.90</ItemPrice>
      <UnitOfMeasurePrice>3.25</UnitOfMeasurePrice>
      <AllowDiscount>0</AllowDiscount>
      <itemStatus>1</itemStatus>
      <LastUpdateDate />
      <LastUpdateTime />
    </Product>
    <Product>
      <PriceUpdateDate>2022/09/19 16:22</PriceUpdateDate>
      <ItemCode>25675301108</ItemCode>
      <ItemType>0</ItemType>
      <ItemName>מקלות חמוצים בטעם תות שדה 50 גרם</ItemName>
      <ManufactureName>גורי ע.ע.ע. בע`מ</ManufactureName>
      <ManufactureCountry />
      <ManufactureItemDescription />
      <UnitQty>'יח</UnitQty>
      <Quantity>0.50</Quantity>
      <UnitMeasure>ל-100 גרם</UnitMeasure>
      <BisWeighted>0</BisWeighted>
      <QtyInPackage>1</QtyInPackage>
      <ItemPrice>4.90</ItemPrice>
      <UnitOfMeasurePrice>9.80</UnitOfMeasurePrice>
      <AllowDiscount>0</AllowDiscount>
      <itemStatus>1</itemStatus>
      <LastUpdateDate />
      <LastUpdateTime />
    </Product>
    <Product>
      <PriceUpdateDate>2019/06/05 08:47</PriceUpdateDate>
      <ItemCode>30000315958</ItemCode>
      <ItemType>0</ItemType>
      <ItemName>קוואקר פרוטאין בננה אגוזים 366 גר`</ItemName>
      <ManufactureName>שטראוס פריטו ליי בע`מ</ManufactureName>
      <ManufactureCountry />
      <ManufactureItemDescription />
      <UnitQty>'יח</UnitQty>
      <Quantity>3.66</Quantity>
      <UnitMeasure>ל-100 גרם</UnitMeasure>
      <BisWeighted>0</BisWeighted>
      <QtyInPackage>1</QtyInPackage>
      <ItemPrice>24.90</ItemPrice>
      <UnitOfMeasurePrice>6.80</UnitOfMeasurePrice>
      <AllowDiscount>0</AllowDiscount>
      <itemStatus>1</itemStatus>
      <LastUpdateDate />
      <LastUpdateTime />
    </Product>
    <Product>
      <PriceUpdateDate>2022/11/01 11:47</PriceUpdateDate>
      <ItemCode>32700121068</ItemCode>
      <ItemType>0</ItemType>
      <ItemName>שמפו סרגנטס לעור יבש 532 מל Sergeants Me</ItemName>
      <ManufactureName>שחורי אריה ואנסטסיה</ManufactureName>
      <ManufactureCountry />
      <ManufactureItemDescription />
      <UnitQty>'יח</UnitQty>
      <Quantity>5.32</Quantity>
      <UnitMeasure>ל-100 מ"ל</UnitMeasure>
      <BisWeighted>0</BisWeighted>
      <QtyInPackage>1</QtyInPackage>
      <ItemPrice>59.90</ItemPrice>
      <UnitOfMeasurePrice>11.26</UnitOfMeasurePrice>
      <AllowDiscount>0</AllowDiscount>
      <itemStatus>1</itemStatus>
      <LastUpdateDate />
      <LastUpdateTime />
    </Product>
    <Product>
      <PriceUpdateDate>2022/11/01 11:47</PriceUpdateDate>
      <ItemCode>32700154042</ItemCode>
      <ItemType>0</ItemType>
      <ItemName>ספריי לפרווה הארטס</ItemName>
      <ManufactureName>שחורי אריה ואנסטסיה</ManufactureName>
      <ManufactureCountry />
      <ManufactureItemDescription />
      <UnitQty>'יח</UnitQty>
      <Quantity>1</Quantity>
      <UnitMeasure />
      <BisWeighted>0</BisWeighted>
      <QtyInPackage>1</QtyInPackage>
      <ItemPrice>39.90</ItemPrice>
      <UnitOfMeasurePrice>39.90</UnitOfMeasurePrice>
      <AllowDiscount>0</AllowDiscount>
      <itemStatus>1</itemStatus>
      <LastUpdateDate />
      <LastUpdateTime />
    </Product>
    <Product>
      <PriceUpdateDate>2022/11/01 11:47</PriceUpdateDate>
      <ItemCode>32700885380</ItemCode>
      <ItemType>0</ItemType>
      <ItemName>חכת הרץ לחתול</ItemName>
      <ManufactureName>שחורי אריה ואנסטסיה</ManufactureName>
      <ManufactureCountry />
      <ManufactureItemDescription />
      <UnitQty>'יח</UnitQty>
      <Quantity>1</Quantity>
      <UnitMeasure />
      <BisWeighted>0</BisWeighted>
      <QtyInPackage>1</QtyInPackage>
      <ItemPrice>19.90</ItemPrice>
      <UnitOfMeasurePrice>19.90</UnitOfMeasurePrice>
      <AllowDiscount>0</AllowDiscount>
      <itemStatus>1</itemStatus>
      <LastUpdateDate />
      <LastUpdateTime />
    </Product>
    <Product>
      <PriceUpdateDate>2022/11/01 11:47</PriceUpdateDate>
      <ItemCode>32700950682</ItemCode>
      <ItemType>0</ItemType>
      <ItemName>שמפו שלוש באחד</ItemName>
      <ManufactureName>שחורי אריה ואנסטסיה</ManufactureName>
      <ManufactureCountry />
      <ManufactureItemDescription />
      <UnitQty>'יח</UnitQty>
      <Quantity>4.75</Quantity>
      <UnitMeasure>ל-100 מ"ל</UnitMeasure>
      <BisWeighted>0</BisWeighted>
      <QtyInPackage>1</QtyInPackage>
      <ItemPrice>39.90</ItemPrice>
      <UnitOfMeasurePrice>8.40</UnitOfMeasurePrice>
      <AllowDiscount>0</AllowDiscount>
      <itemStatus>1</itemStatus>
      <LastUpdateDate />
      <LastUpdateTime />
    </Product>
    <Product>
      <PriceUpdateDate>2019/07/03 08:47</PriceUpdateDate>
      <ItemCode>34000442652</ItemCode>
      <ItemType>0</ItemType>
      <ItemName>טבלת ריזס XL</ItemName>
      <ManufactureName>ליימן שליסל בע`מ</ManufactureName>
      <ManufactureCountry />
      <ManufactureItemDescription />
      <UnitQty>'יח</UnitQty>
      <Quantity>38</Quantity>
      <UnitMeasure>ל-100 גרם</UnitMeasure>
      <BisWeighted>0</BisWeighted>
      <QtyInPackage>12</QtyInPackage>
      <ItemPrice>8.90</ItemPrice>
      <UnitOfMeasurePrice>0.23</UnitOfMeasurePrice>
      <AllowDiscount>1</AllowDiscount>
      <itemStatus>1</itemStatus>
      <LastUpdateDate />
      <LastUpdateTime />
    </Product>
    <Product>
      <PriceUpdateDate>2019/07/03 08:47</PriceUpdateDate>
      <ItemCode>34000544028</ItemCode>
      <ItemType>0</ItemType>
      <ItemName>ממתק טוויזלרס בטעם תות 198גר</ItemName>
      <ManufactureName>ליימן שליסל בע`מ</ManufactureName>
      <ManufactureCountry />
      <ManufactureItemDescription />
      <UnitQty>'יח</UnitQty>
      <Quantity>1.50</Quantity>
      <UnitMeasure>ל-100 גרם</UnitMeasure>
      <BisWeighted>0</BisWeighted>
      <QtyInPackage>12</QtyInPackage>
      <ItemPrice>7.90</ItemPrice>
      <UnitOfMeasurePrice>5.27</UnitOfMeasurePrice>
      <AllowDiscount>0</AllowDiscount>
      <itemStatus>1</itemStatus>
      <LastUpdateDate />
      <LastUpdateTime />
    </Product>
    <Product>
      <PriceUpdateDate>2022/11/01 11:47</PriceUpdateDate>
      <ItemCode>35585020389</ItemCode>
      <ItemType>0</ItemType>
      <ItemName>קונג צעצוע צפרדע פלש נויז S</ItemName>
      <ManufactureName>שחורי אריה ואנסטסיה</ManufactureName>
      <ManufactureCountry />
      <ManufactureItemDescription />
      <UnitQty>'יח</UnitQty>
      <Quantity>1</Quantity>
      <UnitMeasure />
      <BisWeighted>0</BisWeighted>
      <QtyInPackage>1</QtyInPackage>
      <ItemPrice>29.90</ItemPrice>
      <UnitOfMeasurePrice>29.90</UnitOfMeasurePrice>
      <AllowDiscount>0</AllowDiscount>
      <itemStatus>1</itemStatus>
      <LastUpdateDate />
      <LastUpdateTime />
    </Product>
    <Product>
      <PriceUpdateDate>2022/11/01 11:47</PriceUpdateDate>
      <ItemCode>35585032023</ItemCode>
      <ItemType>0</ItemType>
      <ItemName>קונג כדור לחיץ M</ItemName>
      <ManufactureName>שחורי אריה ואנסטסיה</ManufactureName>
      <ManufactureCountry />
      <ManufactureItemDescription />
      <UnitQty>'יח</UnitQty>
      <Quantity>1</Quantity>
      <UnitMeasure />
      <BisWeighted>0</BisWeighted>
      <QtyInPackage>1</QtyInPackage>
      <ItemPrice>24.90</ItemPrice>
      <UnitOfMeasurePrice>24.90</UnitOfMeasurePrice>
      <AllowDiscount>0</AllowDiscount>
      <itemStatus>1</itemStatus>
      <LastUpdateDate />
      <LastUpdateTime />
    </Product>
    <Product>
      <PriceUpdateDate>2022/11/01 11:47</PriceUpdateDate>
      <ItemCode>35585055503</ItemCode>
      <ItemType>0</ItemType>
      <ItemName>קונג בובת קיקרו מנומר</ItemName>
      <ManufactureName>שחורי אריה ואנסטסיה</ManufactureName>
      <ManufactureCountry />
      <ManufactureItemDescription />
      <UnitQty>'יח</UnitQty>
      <Quantity>1</Quantity>
      <UnitMeasure />
      <BisWeighted>0</BisWeighted>
      <QtyInPackage>1</QtyInPackage>
      <ItemPrice>39.90</ItemPrice>
      <UnitOfMeasurePrice>39.90</UnitOfMeasurePrice>
      <AllowDiscount>0</AllowDiscount>
      <itemStatus>1</itemStatus>
      <LastUpdateDate />
      <LastUpdateTime />
    </Product>
    <Product>
      <PriceUpdateDate>2022/11/01 11:47</PriceUpdateDate>
      <ItemCode>35585156002</ItemCode>
      <ItemType>0</ItemType>
      <ItemName>קונג משחק חתול חכת נחש</ItemName>
      <ManufactureName>שחורי אריה ואנסטסיה</ManufactureName>
      <ManufactureCountry />
      <ManufactureItemDescription />
      <UnitQty>'יח</UnitQty>
      <Quantity>1</Quantity>
      <UnitMeasure />
      <BisWeighted>0</BisWeighted>
      <QtyInPackage>1</QtyInPackage>
      <ItemPrice>39.90</ItemPrice>
      <UnitOfMeasurePrice>39.90</UnitOfMeasurePrice>
      <AllowDiscount>0</AllowDiscount>
      <itemStatus>1</itemStatus>
      <LastUpdateDate />
      <LastUpdateTime />
    </Product>
    <Product>
      <PriceUpdateDate>2022/11/01 11:47</PriceUpdateDate>
      <ItemCode>35585328003</ItemCode>
      <ItemType>0</ItemType>
      <ItemName>קונג משחק חתול דג טרופי ורוד</ItemName>
      <ManufactureName>שחורי אריה ואנסטסיה</ManufactureName>
      <ManufactureCountry />
      <ManufactureItemDescription />
      <UnitQty>'יח</UnitQty>
      <Quantity>1</Quantity>
      <UnitMeasure />
      <BisWeighted>0</BisWeighted>
      <QtyInPackage>1</QtyInPackage>
      <ItemPrice>29.90</ItemPrice>
      <UnitOfMeasurePrice>29.90</UnitOfMeasurePrice>
      <AllowDiscount>0</AllowDiscount>
      <itemStatus>1</itemStatus>
      <LastUpdateDate />
      <LastUpdateTime />
    </Product>
    <Product>
      <PriceUpdateDate>2022/11/01 11:47</PriceUpdateDate>
      <ItemCode>35585334240</ItemCode>
      <ItemType>0</ItemType>
      <ItemName>קונג משחק חתול תמנון</ItemName>
      <ManufactureName>שחורי אריה ואנסטסיה</ManufactureName>
      <ManufactureCountry />
      <ManufactureItemDescription />
      <UnitQty>'יח</UnitQty>
      <Quantity>1</Quantity>
      <UnitMeasure />
      <BisWeighted>0</BisWeighted>
      <QtyInPackage>1</QtyInPackage>
      <ItemPrice>39.90</ItemPrice>
      <UnitOfMeasurePrice>39.90</UnitOfMeasurePrice>
      <AllowDiscount>0</AllowDiscount>
      <itemStatus>1</itemStatus>
      <LastUpdateDate />
      <LastUpdateTime />
    </Product>
    <Product>
      <PriceUpdateDate>2022/11/01 11:47</PriceUpdateDate>
      <ItemCode>35585450490</ItemCode>
      <ItemType>0</ItemType>
      <ItemName>קונג משחק חתול זנב פרא</ItemName>
      <ManufactureName>שחורי אריה ואנסטסיה</ManufactureName>
      <ManufactureCountry />
      <ManufactureItemDescription />
      <UnitQty>'יח</UnitQty>
      <Quantity>1</Quantity>
      <UnitMeasure />
      <BisWeighted>0</BisWeighted>
      <QtyInPackage>1</QtyInPackage>
      <ItemPrice>29.90</ItemPrice>
      <UnitOfMeasurePrice>29.90</UnitOfMeasurePrice>
      <AllowDiscount>0</AllowDiscount>
      <itemStatus>1</itemStatus>
      <LastUpdateDate />
      <LastUpdateTime />
    </Product>
    <Product>
      <PriceUpdateDate>2022/11/01 11:47</PriceUpdateDate>
      <ItemCode>35585450506</ItemCode>
      <ItemType>0</ItemType>
      <ItemName>קונג משחק חתול אקטיב כדור צמר</ItemName>
      <ManufactureName>שחורי אריה ואנסטסיה</ManufactureName>
      <ManufactureCountry />
      <ManufactureItemDescription />
      <UnitQty>'יח</UnitQty>
      <Quantity>1</Quantity>
      <UnitMeasure />
      <BisWeighted>0</BisWeighted>
      <QtyInPackage>1</QtyInPackage>
      <ItemPrice>19.90</ItemPrice>
      <UnitOfMeasurePrice>19.90</UnitOfMeasurePrice>
      <AllowDiscount>0</AllowDiscount>
      <itemStatus>1</itemStatus>
      <LastUpdateDate />
      <LastUpdateTime />
    </Product>
    <Product>
      <PriceUpdateDate>2022/11/01 11:47</PriceUpdateDate>
      <ItemCode>35585453378</ItemCode>
      <ItemType>0</ItemType>
      <ItemName>קונג קיקורו מובחר</ItemName>
      <ManufactureName>שחורי אריה ואנסטסיה</ManufactureName>
      <ManufactureCountry />
      <ManufactureItemDescription />
      <UnitQty>'יח</UnitQty>
      <Quantity>1</Quantity>
      <UnitMeasure />
      <BisWeighted>0</BisWeighted>
      <QtyInPackage>1</QtyInPackage>
      <ItemPrice>39.90</ItemPrice>
      <UnitOfMeasurePrice>39.90</UnitOfMeasurePrice>
      <AllowDiscount>0</AllowDiscount>
      <itemStatus>1</itemStatus>
      <LastUpdateDate />
      <LastUpdateTime />
    </Product>
    <Product>
      <PriceUpdateDate>2022/11/01 11:47</PriceUpdateDate>
      <ItemCode>35585459233</ItemCode>
      <ItemType>0</ItemType>
      <ItemName>קונג משחק חתול ספייס בול כדור צבעוני</ItemName>
      <ManufactureName>שחורי אריה ואנסטסיה</ManufactureName>
      <ManufactureCountry />
      <ManufactureItemDescription />
      <UnitQty>'יח</UnitQty>
      <Quantity>1</Quantity>
      <UnitMeasure />
      <BisWeighted>0</BisWeighted>
      <QtyInPackage>1</QtyInPackage>
      <ItemPrice>19.90</ItemPrice>
      <UnitOfMeasurePrice>19.90</UnitOfMeasurePrice>
      <AllowDiscount>0</AllowDiscount>
      <itemStatus>1</itemStatus>
      <LastUpdateDate />
      <LastUpdateTime />
    </Product>
    <Product>
      <PriceUpdateDate>2022/11/01 11:47</PriceUpdateDate>
      <ItemCode>35585459264</ItemCode>
      <ItemType>0</ItemType>
      <ItemName>קונג פלינגארו משחק חתול עם קטניפ</ItemName>
      <ManufactureName>שחורי אריה ואנסטסיה</ManufactureName>
      <ManufactureCountry />
      <ManufactureItemDescription />
      <UnitQty>'יח</UnitQty>
      <Quantity>1</Quantity>
      <UnitMeasure />
      <BisWeighted>0</BisWeighted>
      <QtyInPackage>1</QtyInPackage>
      <ItemPrice>39.90</ItemPrice>
      <UnitOfMeasurePrice>39.90</UnitOfMeasurePrice>
      <AllowDiscount>0</AllowDiscount>
      <itemStatus>1</itemStatus>
      <LastUpdateDate />
      <LastUpdateTime />
    </Product>
    <Product>
      <PriceUpdateDate>2022/11/01 11:47</PriceUpdateDate>
      <ItemCode>35585459271</ItemCode>
      <ItemType>0</ItemType>
      <ItemName>קונג משחק חתול קראקל דג זהב</ItemName>
      <ManufactureName>שחורי אריה ואנסטסיה</ManufactureName>
      <ManufactureCountry />
      <ManufactureItemDescription />
      <UnitQty>'יח</UnitQty>
      <Quantity>1</Quantity>
      <UnitMeasure />
      <BisWeighted>0</BisWeighted>
      <QtyInPackage>1</QtyInPackage>
      <ItemPrice>39.90</ItemPrice>
      <UnitOfMeasurePrice>39.90</UnitOfMeasurePrice>
      <AllowDiscount>0</AllowDiscount>
      <itemStatus>1</itemStatus>
      <LastUpdateDate />
      <LastUpdateTime />
    </Product>
    <Product>
      <PriceUpdateDate>2022/11/01 11:47</PriceUpdateDate>
      <ItemCode>35585462028</ItemCode>
      <ItemType>0</ItemType>
      <ItemName>קונג משחק חתול בטר בוז דבורה</ItemName>
      <ManufactureName>שחורי אריה ואנסטסיה</ManufactureName>
      <ManufactureCountry />
      <ManufactureItemDescription />
      <UnitQty>'יח</UnitQty>
      <Quantity>1</Quantity>
      <UnitMeasure />
      <BisWeighted>0</BisWeighted>
      <QtyInPackage>1</QtyInPackage>
      <ItemPrice>29.90</ItemPrice>
      <UnitOfMeasurePrice>29.90</UnitOfMeasurePrice>
      <AllowDiscount>0</AllowDiscount>
      <itemStatus>1</itemStatus>
      <LastUpdateDate />
      <LastUpdateTime />
    </Product>
    <Product>
      <PriceUpdateDate>2022/11/01 11:47</PriceUpdateDate>
      <ItemCode>35585462080</ItemCode>
      <ItemType>0</ItemType>
      <ItemName>קונג משחק חתול בטר בוז בננה</ItemName>
      <ManufactureName>שחורי אריה ואנסטסיה</ManufactureName>
      <ManufactureCountry />
      <ManufactureItemDescription />
      <UnitQty>'יח</UnitQty>
      <Quantity>1</Quantity>
      <UnitMeasure />
      <BisWeighted>0</BisWeighted>
      <QtyInPackage>1</QtyInPackage>
      <ItemPrice>29.90</ItemPrice>
      <UnitOfMeasurePrice>29.90</UnitOfMeasurePrice>
      <AllowDiscount>0</AllowDiscount>
      <itemStatus>1</itemStatus>
      <LastUpdateDate />
      <LastUpdateTime />
    </Product>
    <Product>
      <PriceUpdateDate>2022/11/01 11:47</PriceUpdateDate>
      <ItemCode>35585494036</ItemCode>
      <ItemType>0</ItemType>
      <ItemName>קונג ריף משחק לכלב קטן S</ItemName>
      <ManufactureName>שחורי אריה ואנסטסיה</ManufactureName>
      <ManufactureCountry />
      <ManufactureItemDescription />
      <UnitQty>'יח</UnitQty>
      <Quantity>1</Quantity>
      <UnitMeasure />
      <BisWeighted>0</BisWeighted>
      <QtyInPackage>1</QtyInPackage>
      <ItemPrice>39.90</ItemPrice>
      <UnitOfMeasurePrice>39.90</UnitOfMeasurePrice>
      <AllowDiscount>0</AllowDiscount>
      <itemStatus>1</itemStatus>
      <LastUpdateDate />
      <LastUpdateTime />
    </Product>
    <Product>
      <PriceUpdateDate>2022/11/01 11:47</PriceUpdateDate>
      <ItemCode>35585800035</ItemCode>
      <ItemType>0</ItemType>
      <ItemName>קונג בובת וובה לגורים</ItemName>
      <ManufactureName>שחורי אריה ואנסטסיה</ManufactureName>
      <ManufactureCountry />
      <ManufactureItemDescription />
      <UnitQty>'יח</UnitQty>
      <Quantity>1</Quantity>
      <UnitMeasure />
      <BisWeighted>0</BisWeighted>
      <QtyInPackage>1</QtyInPackage>
      <ItemPrice>39.90</ItemPrice>
      <UnitOfMeasurePrice>39.90</UnitOfMeasurePrice>
      <AllowDiscount>0</AllowDiscount>
      <itemStatus>1</itemStatus>
      <LastUpdateDate />
      <LastUpdateTime />
    </Product>
    <Product>
      <PriceUpdateDate>2022/06/15 13:49</PriceUpdateDate>
      <ItemCode>36000516876</ItemCode>
      <ItemType>0</ItemType>
      <ItemName>קלינקס לושן שלש שכבות 75 דף</ItemName>
      <ManufactureName>חוגלה קימברלי שיווק בע`מ</ManufactureName>
      <ManufactureCountry />
      <ManufactureItemDescription />
      <UnitQty>'יח</UnitQty>
      <Quantity>1</Quantity>
      <UnitMeasure>ל-100 גרם</UnitMeasure>
      <BisWeighted>0</BisWeighted>
      <QtyInPackage>1</QtyInPackage>
      <ItemPrice>9.90</ItemPrice>
      <UnitOfMeasurePrice>9.90</UnitOfMeasurePrice>
      <AllowDiscount>0</AllowDiscount>
      <itemStatus>1</itemStatus>
      <LastUpdateDate />
      <LastUpdateTime />
    </Product>
    <Product>
      <PriceUpdateDate>2021/01/10 10:59</PriceUpdateDate>
      <ItemCode>37600207188</ItemCode>
      <ItemType>0</ItemType>
      <ItemName>ממרח חמאת בוטנים קלאסי 462 גרם</ItemName>
      <ManufactureName>דיפלומט מפיצים (1968) בע`מ</ManufactureName>
      <ManufactureCountry />
      <ManufactureItemDescription />
      <UnitQty>'יח</UnitQty>
      <Quantity>4.62</Quantity>
      <UnitMeasure>ל-100 גרם</UnitMeasure>
      <BisWeighted>0</BisWeighted>
      <QtyInPackage>1</QtyInPackage>
      <ItemPrice>19.90</ItemPrice>
      <UnitOfMeasurePrice>4.31</UnitOfMeasurePrice>
      <AllowDiscount>0</AllowDiscount>
      <itemStatus>1</itemStatus>
      <LastUpdateDate />
      <LastUpdateTime />
    </Product>
    <Product>
      <PriceUpdateDate>2021/01/10 10:59</PriceUpdateDate>
      <ItemCode>37600207256</ItemCode>
      <ItemType>0</ItemType>
      <ItemName>ממרח חמאת בוטנים עם שברי בוטנים 462גר`</ItemName>
      <ManufactureName>דיפלומט מפיצים (1968) בע`מ</ManufactureName>
      <ManufactureCountry />
      <ManufactureItemDescription />
      <UnitQty>'יח</UnitQty>
      <Quantity>4.62</Quantity>
      <UnitMeasure>ל-100 גרם</UnitMeasure>
      <BisWeighted>0</BisWeighted>
      <QtyInPackage>1</QtyInPackage>
      <ItemPrice>19.90</ItemPrice>
      <UnitOfMeasurePrice>4.31</UnitOfMeasurePrice>
      <AllowDiscount>0</AllowDiscount>
      <itemStatus>1</itemStatus>
      <LastUpdateDate />
      <LastUpdateTime />
    </Product>
    <Product>
      <PriceUpdateDate>2021/01/10 10:59</PriceUpdateDate>
      <ItemCode>37600207287</ItemCode>
      <ItemType>0</ItemType>
      <ItemName>ממרח חמאת בוטנים עם דבש 462 גרם</ItemName>
      <ManufactureName>דיפלומט מפיצים (1968) בע`מ</ManufactureName>
      <ManufactureCountry />
      <ManufactureItemDescription />
      <UnitQty>'יח</UnitQty>
      <Quantity>4.62</Quantity>
      <UnitMeasure>ל-100 גרם</UnitMeasure>
      <BisWeighted>0</BisWeighted>
      <QtyInPackage>12</QtyInPackage>
      <ItemPrice>19.90</ItemPrice>
      <UnitOfMeasurePrice>4.31</UnitOfMeasurePrice>
      <AllowDiscount>0</AllowDiscount>
      <itemStatus>1</itemStatus>
      <LastUpdateDate />
      <LastUpdateTime />
    </Product>
    <Product>
      <PriceUpdateDate>2022/10/30 19:06</PriceUpdateDate>
      <ItemCode>37600297943</ItemCode>
      <ItemType>0</ItemType>
      <ItemName>מטבל סלסה חריף 439 גרם</ItemName>
      <ManufactureName>ליימן שליסל בע`מ</ManufactureName>
      <ManufactureCountry />
      <ManufactureItemDescription />
      <UnitQty>'יח</UnitQty>
      <Quantity>4.39</Quantity>
      <UnitMeasure>ל-100 גרם</UnitMeasure>
      <BisWeighted>0</BisWeighted>
      <QtyInPackage>1</QtyInPackage>
      <ItemPrice>18.90</ItemPrice>
      <UnitOfMeasurePrice>4.31</UnitOfMeasurePrice>
      <AllowDiscount>0</AllowDiscount>
      <itemStatus>1</itemStatus>
      <LastUpdateDate />
      <LastUpdateTime />
    </Product>
    <Product>
      <PriceUpdateDate>2022/10/30 19:06</PriceUpdateDate>
      <ItemCode>37600297967</ItemCode>
      <ItemType>0</ItemType>
      <ItemName>סלסה מטבל עגבניות בחריפות מעודנת עדינה</ItemName>
      <ManufactureName>ליימן שליסל בע`מ</ManufactureName>
      <ManufactureCountry />
      <ManufactureItemDescription />
      <UnitQty>'יח</UnitQty>
      <Quantity>4.39</Quantity>
      <UnitMeasure>ל-100 גרם</UnitMeasure>
      <BisWeighted>0</BisWeighted>
      <QtyInPackage>1</QtyInPackage>
      <ItemPrice>18.90</ItemPrice>
      <UnitOfMeasurePrice>4.31</UnitOfMeasurePrice>
      <AllowDiscount>0</AllowDiscount>
      <itemStatus>1</itemStatus>
      <LastUpdateDate />
      <LastUpdateTime />
    </Product>
    <Product>
      <PriceUpdateDate>2019/07/03 08:47</PriceUpdateDate>
      <ItemCode>38000138720</ItemCode>
      <ItemType>0</ItemType>
      <ItemName>פרינגלס ראנץ` 158 גר`</ItemName>
      <ManufactureName>דיפלומט מפיצים (1968) בע`מ</ManufactureName>
      <ManufactureCountry />
      <ManufactureItemDescription />
      <UnitQty>'יח</UnitQty>
      <Quantity>1.58</Quantity>
      <UnitMeasure>ל-100 גרם</UnitMeasure>
      <BisWeighted>0</BisWeighted>
      <QtyInPackage>1</QtyInPackage>
      <ItemPrice>9.90</ItemPrice>
      <UnitOfMeasurePrice>6.27</UnitOfMeasurePrice>
      <AllowDiscount>1</AllowDiscount>
      <itemStatus>1</itemStatus>
      <LastUpdateDate />
      <LastUpdateTime />
    </Product>
    <Product>
      <PriceUpdateDate>2020/11/24 12:29</PriceUpdateDate>
      <ItemCode>38000183928</ItemCode>
      <ItemType>0</ItemType>
      <ItemName>פרינגלס חרדל ודבש  158 גר`</ItemName>
      <ManufactureName>דיפלומט מפיצים (1968) בע`מ</ManufactureName>
      <ManufactureCountry />
      <ManufactureItemDescription />
      <UnitQty>'יח</UnitQty>
      <Quantity>1.58</Quantity>
      <UnitMeasure>ל-100 גרם</UnitMeasure>
      <BisWeighted>0</BisWeighted>
      <QtyInPackage>14</QtyInPackage>
      <ItemPrice>9.90</ItemPrice>
      <UnitOfMeasurePrice>6.27</UnitOfMeasurePrice>
      <AllowDiscount>1</AllowDiscount>
      <itemStatus>1</itemStatus>
      <LastUpdateDate />
      <LastUpdateTime />
    </Product>
    <Product>
      <PriceUpdateDate>2020/02/26 08:26</PriceUpdateDate>
      <ItemCode>38000232152</ItemCode>
      <ItemType>0</ItemType>
      <ItemName>פרינגלס ביג ברביקיו 158 גר`</ItemName>
      <ManufactureName>דיפלומט מפיצים (1968) בע`מ</ManufactureName>
      <ManufactureCountry />
      <ManufactureItemDescription />
      <UnitQty>'יח</UnitQty>
      <Quantity>1.58</Quantity>
      <UnitMeasure>ל-100 גרם</UnitMeasure>
      <BisWeighted>0</BisWeighted>
      <QtyInPackage>14</QtyInPackage>
      <ItemPrice>9.90</ItemPrice>
      <UnitOfMeasurePrice>6.27</UnitOfMeasurePrice>
      <AllowDiscount>1</AllowDiscount>
      <itemStatus>1</itemStatus>
      <LastUpdateDate />
      <LastUpdateTime />
    </Product>
    <Product>
      <PriceUpdateDate>2020/02/26 08:26</PriceUpdateDate>
      <ItemCode>38000232176</ItemCode>
      <ItemType>0</ItemType>
      <ItemName>פרינגלס ביג שמנת בצל 158 גר`</ItemName>
      <ManufactureName>דיפלומט מפיצים (1968) בע`מ</ManufactureName>
      <ManufactureCountry />
      <ManufactureItemDescription />
      <UnitQty>'יח</UnitQty>
      <Quantity>1.58</Quantity>
      <UnitMeasure>ל-100 גרם</UnitMeasure>
      <BisWeighted>0</BisWeighted>
      <QtyInPackage>14</QtyInPackage>
      <ItemPrice>9.90</ItemPrice>
      <UnitOfMeasurePrice>6.27</UnitOfMeasurePrice>
      <AllowDiscount>1</AllowDiscount>
      <itemStatus>1</itemStatus>
      <LastUpdateDate />
      <LastUpdateTime />
    </Product>
    <Product>
      <PriceUpdateDate>2020/02/26 08:26</PriceUpdateDate>
      <ItemCode>38000232183</ItemCode>
      <ItemType>0</ItemType>
      <ItemName>פרינגלס ביג אורגינל 149 גר`</ItemName>
      <ManufactureName>דיפלומט מפיצים (1968) בע`מ</ManufactureName>
      <ManufactureCountry />
      <ManufactureItemDescription />
      <UnitQty>'יח</UnitQty>
      <Quantity>1.49</Quantity>
      <UnitMeasure>ל-100 גרם</UnitMeasure>
      <BisWeighted>0</BisWeighted>
      <QtyInPackage>14</QtyInPackage>
      <ItemPrice>9.90</ItemPrice>
      <UnitOfMeasurePrice>6.64</UnitOfMeasurePrice>
      <AllowDiscount>1</AllowDiscount>
      <itemStatus>1</itemStatus>
      <LastUpdateDate />
      <LastUpdateTime />
    </Product>
    <Product>
      <PriceUpdateDate>2019/01/16 14:45</PriceUpdateDate>
      <ItemCode>38527591060</ItemCode>
      <ItemType>0</ItemType>
      <ItemName>קוואקר ריבועים סוכר חום</ItemName>
      <ManufactureName>שטראוס פריטו ליי בע`מ</ManufactureName>
      <ManufactureCountry />
      <ManufactureItemDescription />
      <UnitQty>'יח</UnitQty>
      <Quantity>4.12</Quantity>
      <UnitMeasure>ל-100 גרם</UnitMeasure>
      <BisWeighted>0</BisWeighted>
      <QtyInPackage>1</QtyInPackage>
      <ItemPrice>22.40</ItemPrice>
      <UnitOfMeasurePrice>5.44</UnitOfMeasurePrice>
      <AllowDiscount>0</AllowDiscount>
      <itemStatus>1</itemStatus>
      <LastUpdateDate />
      <LastUpdateTime />
    </Product>
    <Product>
      <PriceUpdateDate>2022/10/19 11:20</PriceUpdateDate>
      <ItemCode>46214372250</ItemCode>
      <ItemType>0</ItemType>
      <ItemName>עוגיות מרבה שטרודל פריכות עם תפו``ע 22</ItemName>
      <ManufactureName>ש. שסטוביץ בע`מ</ManufactureName>
      <ManufactureCountry />
      <ManufactureItemDescription />
      <UnitQty>'יח</UnitQty>
      <Quantity>2.25</Quantity>
      <UnitMeasure>ל-100 גרם</UnitMeasure>
      <BisWeighted>0</BisWeighted>
      <QtyInPackage>1</QtyInPackage>
      <ItemPrice>9.90</ItemPrice>
      <UnitOfMeasurePrice>4.40</UnitOfMeasurePrice>
      <AllowDiscount>1</AllowDiscount>
      <itemStatus>1</itemStatus>
      <LastUpdateDate />
      <LastUpdateTime />
    </Product>
    <Product>
      <PriceUpdateDate>2022/10/19 11:20</PriceUpdateDate>
      <ItemCode>46214382259</ItemCode>
      <ItemType>0</ItemType>
      <ItemName>עוגיות מרבה בראוניס שוקולד פריכות 200</ItemName>
      <ManufactureName>ש. שסטוביץ בע`מ</ManufactureName>
      <ManufactureCountry />
      <ManufactureItemDescription />
      <UnitQty>'יח</UnitQty>
      <Quantity>2.25</Quantity>
      <UnitMeasure>ל-100 גרם</UnitMeasure>
      <BisWeighted>0</BisWeighted>
      <QtyInPackage>1</QtyInPackage>
      <ItemPrice>9.90</ItemPrice>
      <UnitOfMeasurePrice>4.40</UnitOfMeasurePrice>
      <AllowDiscount>1</AllowDiscount>
      <itemStatus>1</itemStatus>
      <LastUpdateDate />
      <LastUpdateTime />
    </Product>
    <Product>
      <PriceUpdateDate>2022/10/19 11:20</PriceUpdateDate>
      <ItemCode>46214731552</ItemCode>
      <ItemType>0</ItemType>
      <ItemName>עוגיות מרבה שוקולד צ`יפס 225 גרם</ItemName>
      <ManufactureName>ש. שסטוביץ בע`מ</ManufactureName>
      <ManufactureCountry />
      <ManufactureItemDescription />
      <UnitQty>'יח</UnitQty>
      <Quantity>2.25</Quantity>
      <UnitMeasure>ל-100 גרם</UnitMeasure>
      <BisWeighted>0</BisWeighted>
      <QtyInPackage>1</QtyInPackage>
      <ItemPrice>9.90</ItemPrice>
      <UnitOfMeasurePrice>4.40</UnitOfMeasurePrice>
      <AllowDiscount>1</AllowDiscount>
      <itemStatus>1</itemStatus>
      <LastUpdateDate />
      <LastUpdateTime />
    </Product>
    <Product>
      <PriceUpdateDate>2022/11/01 11:46</PriceUpdateDate>
      <ItemCode>50000015474</ItemCode>
      <ItemType>0</ItemType>
      <ItemName>פריסקיז דגים 1.42 קג</ItemName>
      <ManufactureName>שחורי אריה ואנסטסיה</ManufactureName>
      <ManufactureCountry />
      <ManufactureItemDescription />
      <UnitQty>'יח</UnitQty>
      <Quantity>14.20</Quantity>
      <UnitMeasure>ל-100 גרם</UnitMeasure>
      <BisWeighted>0</BisWeighted>
      <QtyInPackage>1</QtyInPackage>
      <ItemPrice>35.90</ItemPrice>
      <UnitOfMeasurePrice>2.53</UnitOfMeasurePrice>
      <AllowDiscount>0</AllowDiscount>
      <itemStatus>1</itemStatus>
      <LastUpdateDate />
      <LastUpdateTime />
    </Product>
    <Product>
      <PriceUpdateDate>2022/11/01 11:47</PriceUpdateDate>
      <ItemCode>50000032648</ItemCode>
      <ItemType>0</ItemType>
      <ItemName>פנסי פיסט נתחי בשר ועוף</ItemName>
      <ManufactureName>שחורי אריה ואנסטסיה</ManufactureName>
      <ManufactureCountry />
      <ManufactureItemDescription />
      <UnitQty>'יח</UnitQty>
      <Quantity>0.85</Quantity>
      <UnitMeasure>ל-100 גרם</UnitMeasure>
      <BisWeighted>0</BisWeighted>
      <QtyInPackage>1</QtyInPackage>
      <ItemPrice>5.90</ItemPrice>
      <UnitOfMeasurePrice>6.94</UnitOfMeasurePrice>
      <AllowDiscount>0</AllowDiscount>
      <itemStatus>1</itemStatus>
      <LastUpdateDate />
      <LastUpdateTime />
    </Product>
    <Product>
      <PriceUpdateDate>2022/11/01 11:47</PriceUpdateDate>
      <ItemCode>50000040803</ItemCode>
      <ItemType>0</ItemType>
      <ItemName>פנסי פיסט גריל עוף</ItemName>
      <ManufactureName>שחורי אריה ואנסטסיה</ManufactureName>
      <ManufactureCountry />
      <ManufactureItemDescription />
      <UnitQty>'יח</UnitQty>
      <Quantity>0.85</Quantity>
      <UnitMeasure>ל-100 גרם</UnitMeasure>
      <BisWeighted>0</BisWeighted>
      <QtyInPackage>1</QtyInPackage>
      <ItemPrice>5.90</ItemPrice>
      <UnitOfMeasurePrice>6.94</UnitOfMeasurePrice>
      <AllowDiscount>0</AllowDiscount>
      <itemStatus>1</itemStatus>
      <LastUpdateDate />
      <LastUpdateTime />
    </Product>
    <Product>
      <PriceUpdateDate>2022/11/01 11:46</PriceUpdateDate>
      <ItemCode>50000051472</ItemCode>
      <ItemType>0</ItemType>
      <ItemName>מזון חתולים יבש פריסקיז גורמה 1.4 קג</ItemName>
      <ManufactureName>שחורי אריה ואנסטסיה</ManufactureName>
      <ManufactureCountry />
      <ManufactureItemDescription />
      <UnitQty>'יח</UnitQty>
      <Quantity>14</Quantity>
      <UnitMeasure>ל-100 גרם</UnitMeasure>
      <BisWeighted>0</BisWeighted>
      <QtyInPackage>1</QtyInPackage>
      <ItemPrice>35.90</ItemPrice>
      <UnitOfMeasurePrice>2.56</UnitOfMeasurePrice>
      <AllowDiscount>0</AllowDiscount>
      <itemStatus>1</itemStatus>
      <LastUpdateDate />
      <LastUpdateTime />
    </Product>
    <Product>
      <PriceUpdateDate>2022/11/01 11:46</PriceUpdateDate>
      <ItemCode>50000084500</ItemCode>
      <ItemType>0</ItemType>
      <ItemName>פריסקיז מעדני השף 1.42 קג</ItemName>
      <ManufactureName>שחורי אריה ואנסטסיה</ManufactureName>
      <ManufactureCountry />
      <ManufactureItemDescription />
      <UnitQty>'יח</UnitQty>
      <Quantity>14.20</Quantity>
      <UnitMeasure>ל-100 גרם</UnitMeasure>
      <BisWeighted>0</BisWeighted>
      <QtyInPackage>1</QtyInPackage>
      <ItemPrice>35.90</ItemPrice>
      <UnitOfMeasurePrice>2.53</UnitOfMeasurePrice>
      <AllowDiscount>0</AllowDiscount>
      <itemStatus>1</itemStatus>
      <LastUpdateDate />
      <LastUpdateTime />
    </Product>
    <Product>
      <PriceUpdateDate>2022/11/01 11:46</PriceUpdateDate>
      <ItemCode>50000100347</ItemCode>
      <ItemType>0</ItemType>
      <ItemName>פריסקיז מעדני החתול מועשר בחלב 1.4קג</ItemName>
      <ManufactureName>שחורי אריה ואנסטסיה</ManufactureName>
      <ManufactureCountry />
      <ManufactureItemDescription />
      <UnitQty>'יח</UnitQty>
      <Quantity>14.20</Quantity>
      <UnitMeasure>ל-100 גרם</UnitMeasure>
      <BisWeighted>0</BisWeighted>
      <QtyInPackage>1</QtyInPackage>
      <ItemPrice>35.90</ItemPrice>
      <UnitOfMeasurePrice>2.53</UnitOfMeasurePrice>
      <AllowDiscount>0</AllowDiscount>
      <itemStatus>1</itemStatus>
      <LastUpdateDate />
      <LastUpdateTime />
    </Product>
    <Product>
      <PriceUpdateDate>2022/11/01 11:47</PriceUpdateDate>
      <ItemCode>50000103867</ItemCode>
      <ItemType>0</ItemType>
      <ItemName>פנסי פיסט פטה סלמון ושרימפס</ItemName>
      <ManufactureName>שחורי אריה ואנסטסיה</ManufactureName>
      <ManufactureCountry />
      <ManufactureItemDescription />
      <UnitQty>'יח</UnitQty>
      <Quantity>0.85</Quantity>
      <UnitMeasure>ל-100 גרם</UnitMeasure>
      <BisWeighted>0</BisWeighted>
      <QtyInPackage>1</QtyInPackage>
      <ItemPrice>5.90</ItemPrice>
      <UnitOfMeasurePrice>6.94</UnitOfMeasurePrice>
      <AllowDiscount>0</AllowDiscount>
      <itemStatus>1</itemStatus>
      <LastUpdateDate />
      <LastUpdateTime />
    </Product>
    <Product>
      <PriceUpdateDate>2022/11/01 11:46</PriceUpdateDate>
      <ItemCode>50000168583</ItemCode>
      <ItemType>0</ItemType>
      <ItemName>פריסקיז אקסטרא קראנץ 1.47 קג</ItemName>
      <ManufactureName>שחורי אריה ואנסטסיה</ManufactureName>
      <ManufactureCountry />
      <ManufactureItemDescription />
      <UnitQty>'יח</UnitQty>
      <Quantity>14.20</Quantity>
      <UnitMeasure>ל-100 גרם</UnitMeasure>
      <BisWeighted>0</BisWeighted>
      <QtyInPackage>1</QtyInPackage>
      <ItemPrice>35.90</ItemPrice>
      <UnitOfMeasurePrice>2.53</UnitOfMeasurePrice>
      <AllowDiscount>0</AllowDiscount>
      <itemStatus>1</itemStatus>
      <LastUpdateDate />
      <LastUpdateTime />
    </Product>
    <Product>
      <PriceUpdateDate>2022/11/01 11:46</PriceUpdateDate>
      <ItemCode>50000170180</ItemCode>
      <ItemType>0</ItemType>
      <ItemName>פריסקיז פריים פילה עוף ברוטב 156 גר</ItemName>
      <ManufactureName>שחורי אריה ואנסטסיה</ManufactureName>
      <ManufactureCountry />
      <ManufactureItemDescription />
      <UnitQty>'יח</UnitQty>
      <Quantity>1.56</Quantity>
      <UnitMeasure>ל-100 גרם</UnitMeasure>
      <BisWeighted>0</BisWeighted>
      <QtyInPackage>1</QtyInPackage>
      <ItemPrice>6.90</ItemPrice>
      <UnitOfMeasurePrice>4.42</UnitOfMeasurePrice>
      <AllowDiscount>0</AllowDiscount>
      <itemStatus>1</itemStatus>
      <LastUpdateDate />
      <LastUpdateTime />
    </Product>
    <Product>
      <PriceUpdateDate>2022/11/01 11:46</PriceUpdateDate>
      <ItemCode>50000225224</ItemCode>
      <ItemType>0</ItemType>
      <ItemName>פריסקיז פריים פילה הודו ברוטב 156 גר</ItemName>
      <ManufactureName>שחורי אריה ואנסטסיה</ManufactureName>
      <ManufactureCountry />
      <ManufactureItemDescription />
      <UnitQty>'יח</UnitQty>
      <Quantity>1.56</Quantity>
      <UnitMeasure>ל-100 גרם</UnitMeasure>
      <BisWeighted>0</BisWeighted>
      <QtyInPackage>1</QtyInPackage>
      <ItemPrice>6.90</ItemPrice>
      <UnitOfMeasurePrice>4.42</UnitOfMeasurePrice>
      <AllowDiscount>0</AllowDiscount>
      <itemStatus>1</itemStatus>
      <LastUpdateDate />
      <LastUpdateTime />
    </Product>
    <Product>
      <PriceUpdateDate>2022/11/01 11:46</PriceUpdateDate>
      <ItemCode>50000237951</ItemCode>
      <ItemType>0</ItemType>
      <ItemName>פריסקיז פארטי מיקס מיקס גריל קראנץג*60</ItemName>
      <ManufactureName>שחורי אריה ואנסטסיה</ManufactureName>
      <ManufactureCountry />
      <ManufactureItemDescription />
      <UnitQty>'יח</UnitQty>
      <Quantity>0.60</Quantity>
      <UnitMeasure>ל-100 גרם</UnitMeasure>
      <BisWeighted>0</BisWeighted>
      <QtyInPackage>1</QtyInPackage>
      <ItemPrice>14.90</ItemPrice>
      <UnitOfMeasurePrice>24.83</UnitOfMeasurePrice>
      <AllowDiscount>0</AllowDiscount>
      <itemStatus>1</itemStatus>
      <LastUpdateDate />
      <LastUpdateTime />
    </Product>
    <Product>
      <PriceUpdateDate>2022/11/01 11:46</PriceUpdateDate>
      <ItemCode>50000238910</ItemCode>
      <ItemType>0</ItemType>
      <ItemName>פריסקיז פארטי מיקס אוריגינל קראנץ10*60ג</ItemName>
      <ManufactureName>שחורי אריה ואנסטסיה</ManufactureName>
      <ManufactureCountry />
      <ManufactureItemDescription />
      <UnitQty>'יח</UnitQty>
      <Quantity>0.60</Quantity>
      <UnitMeasure>ל-100 גרם</UnitMeasure>
      <BisWeighted>0</BisWeighted>
      <QtyInPackage>1</QtyInPackage>
      <ItemPrice>14.90</ItemPrice>
      <UnitOfMeasurePrice>24.83</UnitOfMeasurePrice>
      <AllowDiscount>0</AllowDiscount>
      <itemStatus>1</itemStatus>
      <LastUpdateDate />
      <LastUpdateTime />
    </Product>
    <Product>
      <PriceUpdateDate>2022/11/01 11:47</PriceUpdateDate>
      <ItemCode>50000293292</ItemCode>
      <ItemType>0</ItemType>
      <ItemName>פריסקיז עוף גרייבי 156 גרם</ItemName>
      <ManufactureName>שחורי אריה ואנסטסיה</ManufactureName>
      <ManufactureCountry />
      <ManufactureItemDescription />
      <UnitQty>'יח</UnitQty>
      <Quantity>1.56</Quantity>
      <UnitMeasure>ל-100 גרם</UnitMeasure>
      <BisWeighted>0</BisWeighted>
      <QtyInPackage>1</QtyInPackage>
      <ItemPrice>6.90</ItemPrice>
      <UnitOfMeasurePrice>4.42</UnitOfMeasurePrice>
      <AllowDiscount>0</AllowDiscount>
      <itemStatus>1</itemStatus>
      <LastUpdateDate />
      <LastUpdateTime />
    </Product>
    <Product>
      <PriceUpdateDate>2022/11/01 11:47</PriceUpdateDate>
      <ItemCode>50000293339</ItemCode>
      <ItemType>0</ItemType>
      <ItemName>פריסקיז גרייבי 156 ג</ItemName>
      <ManufactureName>שחורי אריה ואנסטסיה</ManufactureName>
      <ManufactureCountry />
      <ManufactureItemDescription />
      <UnitQty>'יח</UnitQty>
      <Quantity>1.56</Quantity>
      <UnitMeasure>ל-100 גרם</UnitMeasure>
      <BisWeighted>0</BisWeighted>
      <QtyInPackage>1</QtyInPackage>
      <ItemPrice>6.90</ItemPrice>
      <UnitOfMeasurePrice>4.42</UnitOfMeasurePrice>
      <AllowDiscount>0</AllowDiscount>
      <itemStatus>1</itemStatus>
      <LastUpdateDate />
      <LastUpdateTime />
    </Product>
    <Product>
      <PriceUpdateDate>2022/11/01 11:46</PriceUpdateDate>
      <ItemCode>50000420445</ItemCode>
      <ItemType>0</ItemType>
      <ItemName>מזון חתולים כבד ועוף פריסקיז 156 גרם</ItemName>
      <ManufactureName>שחורי אריה ואנסטסיה</ManufactureName>
      <ManufactureCountry />
      <ManufactureItemDescription />
      <UnitQty>'יח</UnitQty>
      <Quantity>1.56</Quantity>
      <UnitMeasure>ל-100 גרם</UnitMeasure>
      <BisWeighted>0</BisWeighted>
      <QtyInPackage>1</QtyInPackage>
      <ItemPrice>6.90</ItemPrice>
      <UnitOfMeasurePrice>4.42</UnitOfMeasurePrice>
      <AllowDiscount>0</AllowDiscount>
      <itemStatus>1</itemStatus>
      <LastUpdateDate />
      <LastUpdateTime />
    </Product>
    <Product>
      <PriceUpdateDate>2022/11/01 11:46</PriceUpdateDate>
      <ItemCode>50000421541</ItemCode>
      <ItemType>0</ItemType>
      <ItemName>מזון חתולים מיקס גריל פריסקיז 156 גרם</ItemName>
      <ManufactureName>שחורי אריה ואנסטסיה</ManufactureName>
      <ManufactureCountry />
      <ManufactureItemDescription />
      <UnitQty>'יח</UnitQty>
      <Quantity>1.56</Quantity>
      <UnitMeasure>ל-100 גרם</UnitMeasure>
      <BisWeighted>0</BisWeighted>
      <QtyInPackage>1</QtyInPackage>
      <ItemPrice>6.90</ItemPrice>
      <UnitOfMeasurePrice>4.42</UnitOfMeasurePrice>
      <AllowDiscount>0</AllowDiscount>
      <itemStatus>1</itemStatus>
      <LastUpdateDate />
      <LastUpdateTime />
    </Product>
    <Product>
      <PriceUpdateDate>2022/11/01 11:46</PriceUpdateDate>
      <ItemCode>50000421848</ItemCode>
      <ItemType>0</ItemType>
      <ItemName>מזון חתולים הודו ועוף פריסקיז 156 גרם</ItemName>
      <ManufactureName>שחורי אריה ואנסטסיה</ManufactureName>
      <ManufactureCountry />
      <ManufactureItemDescription />
      <UnitQty>'יח</UnitQty>
      <Quantity>1.56</Quantity>
      <UnitMeasure>ל-100 גרם</UnitMeasure>
      <BisWeighted>0</BisWeighted>
      <QtyInPackage>1</QtyInPackage>
      <ItemPrice>6.90</ItemPrice>
      <UnitOfMeasurePrice>4.42</UnitOfMeasurePrice>
      <AllowDiscount>0</AllowDiscount>
      <itemStatus>1</itemStatus>
      <LastUpdateDate />
      <LastUpdateTime />
    </Product>
    <Product>
      <PriceUpdateDate>2022/11/01 11:46</PriceUpdateDate>
      <ItemCode>50000423347</ItemCode>
      <ItemType>0</ItemType>
      <ItemName>מזון חתולים סלמון פריסקיז 156 גרם</ItemName>
      <ManufactureName>שחורי אריה ואנסטסיה</ManufactureName>
      <ManufactureCountry />
      <ManufactureItemDescription />
      <UnitQty>'יח</UnitQty>
      <Quantity>1.56</Quantity>
      <UnitMeasure>ל-100 גרם</UnitMeasure>
      <BisWeighted>0</BisWeighted>
      <QtyInPackage>1</QtyInPackage>
      <ItemPrice>6.90</ItemPrice>
      <UnitOfMeasurePrice>4.42</UnitOfMeasurePrice>
      <AllowDiscount>0</AllowDiscount>
      <itemStatus>1</itemStatus>
      <LastUpdateDate />
      <LastUpdateTime />
    </Product>
    <Product>
      <PriceUpdateDate>2022/11/01 11:47</PriceUpdateDate>
      <ItemCode>50000426942</ItemCode>
      <ItemType>0</ItemType>
      <ItemName>פנסי פיסט צאנקי בשר ועוף</ItemName>
      <ManufactureName>שחורי אריה ואנסטסיה</ManufactureName>
      <ManufactureCountry />
      <ManufactureItemDescription />
      <UnitQty>'יח</UnitQty>
      <Quantity>0.85</Quantity>
      <UnitMeasure>ל-100 גרם</UnitMeasure>
      <BisWeighted>0</BisWeighted>
      <QtyInPackage>1</QtyInPackage>
      <ItemPrice>5.90</ItemPrice>
      <UnitOfMeasurePrice>6.94</UnitOfMeasurePrice>
      <AllowDiscount>0</AllowDiscount>
      <itemStatus>1</itemStatus>
      <LastUpdateDate />
      <LastUpdateTime />
    </Product>
    <Product>
      <PriceUpdateDate>2022/11/01 11:47</PriceUpdateDate>
      <ItemCode>50000428946</ItemCode>
      <ItemType>0</ItemType>
      <ItemName>פנסי פיסט דג סול ושרימפס</ItemName>
      <ManufactureName>שחורי אריה ואנסטסיה</ManufactureName>
      <ManufactureCountry />
      <ManufactureItemDescription />
      <UnitQty>'יח</UnitQty>
      <Quantity>0.85</Quantity>
      <UnitMeasure>ל-100 גרם</UnitMeasure>
      <BisWeighted>0</BisWeighted>
      <QtyInPackage>1</QtyInPackage>
      <ItemPrice>5.90</ItemPrice>
      <UnitOfMeasurePrice>6.94</UnitOfMeasurePrice>
      <AllowDiscount>0</AllowDiscount>
      <itemStatus>1</itemStatus>
      <LastUpdateDate />
      <LastUpdateTime />
    </Product>
    <Product>
      <PriceUpdateDate>2022/11/01 11:47</PriceUpdateDate>
      <ItemCode>50000429240</ItemCode>
      <ItemType>0</ItemType>
      <ItemName>פנסי פיסט פטה גריל קצוץ</ItemName>
      <ManufactureName>שחורי אריה ואנסטסיה</ManufactureName>
      <ManufactureCountry />
      <ManufactureItemDescription />
      <UnitQty>'יח</UnitQty>
      <Quantity>0.85</Quantity>
      <UnitMeasure>ל-100 גרם</UnitMeasure>
      <BisWeighted>0</BisWeighted>
      <QtyInPackage>1</QtyInPackage>
      <ItemPrice>5.90</ItemPrice>
      <UnitOfMeasurePrice>6.94</UnitOfMeasurePrice>
      <AllowDiscount>0</AllowDiscount>
      <itemStatus>1</itemStatus>
      <LastUpdateDate />
      <LastUpdateTime />
    </Product>
    <Product>
      <PriceUpdateDate>2022/11/01 11:47</PriceUpdateDate>
      <ItemCode>50000429349</ItemCode>
      <ItemType>0</ItemType>
      <ItemName>פנסי פיסט פטה פירות ים</ItemName>
      <ManufactureName>שחורי אריה ואנסטסיה</ManufactureName>
      <ManufactureCountry />
      <ManufactureItemDescription />
      <UnitQty>'יח</UnitQty>
      <Quantity>0.85</Quantity>
      <UnitMeasure>ל-100 גרם</UnitMeasure>
      <BisWeighted>0</BisWeighted>
      <QtyInPackage>1</QtyInPackage>
      <ItemPrice>5.90</ItemPrice>
      <UnitOfMeasurePrice>6.94</UnitOfMeasurePrice>
      <AllowDiscount>0</AllowDiscount>
      <itemStatus>1</itemStatus>
      <LastUpdateDate />
      <LastUpdateTime />
    </Product>
    <Product>
      <PriceUpdateDate>2022/11/01 11:47</PriceUpdateDate>
      <ItemCode>50000429943</ItemCode>
      <ItemType>0</ItemType>
      <ItemName>פנסי פיסט גורמה עוף 85 גרם</ItemName>
      <ManufactureName>שחורי אריה ואנסטסיה</ManufactureName>
      <ManufactureCountry />
      <ManufactureItemDescription />
      <UnitQty>'יח</UnitQty>
      <Quantity>0.85</Quantity>
      <UnitMeasure>ל-100 גרם</UnitMeasure>
      <BisWeighted>0</BisWeighted>
      <QtyInPackage>1</QtyInPackage>
      <ItemPrice>5.90</ItemPrice>
      <UnitOfMeasurePrice>6.94</UnitOfMeasurePrice>
      <AllowDiscount>0</AllowDiscount>
      <itemStatus>1</itemStatus>
      <LastUpdateDate />
      <LastUpdateTime />
    </Product>
    <Product>
      <PriceUpdateDate>2022/11/01 11:46</PriceUpdateDate>
      <ItemCode>50000445691</ItemCode>
      <ItemType>0</ItemType>
      <ItemName>פריסקיז חתולים נתחי עוף וסלמון ברוטב</ItemName>
      <ManufactureName>שחורי אריה ואנסטסיה</ManufactureName>
      <ManufactureCountry />
      <ManufactureItemDescription />
      <UnitQty>'יח</UnitQty>
      <Quantity>1.56</Quantity>
      <UnitMeasure>ל-100 גרם</UnitMeasure>
      <BisWeighted>0</BisWeighted>
      <QtyInPackage>1</QtyInPackage>
      <ItemPrice>6.90</ItemPrice>
      <UnitOfMeasurePrice>4.42</UnitOfMeasurePrice>
      <AllowDiscount>0</AllowDiscount>
      <itemStatus>1</itemStatus>
      <LastUpdateDate />
      <LastUpdateTime />
    </Product>
    <Product>
      <PriceUpdateDate>2022/11/01 11:47</PriceUpdateDate>
      <ItemCode>50000503896</ItemCode>
      <ItemType>0</ItemType>
      <ItemName>פנסי פיסט גרילד סלמון</ItemName>
      <ManufactureName>שחורי אריה ואנסטסיה</ManufactureName>
      <ManufactureCountry />
      <ManufactureItemDescription />
      <UnitQty>'יח</UnitQty>
      <Quantity>0.85</Quantity>
      <UnitMeasure>ל-100 גרם</UnitMeasure>
      <BisWeighted>0</BisWeighted>
      <QtyInPackage>1</QtyInPackage>
      <ItemPrice>5.90</ItemPrice>
      <UnitOfMeasurePrice>6.94</UnitOfMeasurePrice>
      <AllowDiscount>0</AllowDiscount>
      <itemStatus>1</itemStatus>
      <LastUpdateDate />
      <LastUpdateTime />
    </Product>
    <Product>
      <PriceUpdateDate>2022/11/01 11:46</PriceUpdateDate>
      <ItemCode>50000571987</ItemCode>
      <ItemType>0</ItemType>
      <ItemName>מזון חתולים נתחי עוף ברוטב פריסקיז 156 ג</ItemName>
      <ManufactureName>שחורי אריה ואנסטסיה</ManufactureName>
      <ManufactureCountry />
      <ManufactureItemDescription />
      <UnitQty>'יח</UnitQty>
      <Quantity>1.56</Quantity>
      <UnitMeasure>ל-100 גרם</UnitMeasure>
      <BisWeighted>0</BisWeighted>
      <QtyInPackage>1</QtyInPackage>
      <ItemPrice>6.90</ItemPrice>
      <UnitOfMeasurePrice>4.42</UnitOfMeasurePrice>
      <AllowDiscount>0</AllowDiscount>
      <itemStatus>1</itemStatus>
      <LastUpdateDate />
      <LastUpdateTime />
    </Product>
    <Product>
      <PriceUpdateDate>2022/11/01 11:46</PriceUpdateDate>
      <ItemCode>50000574414</ItemCode>
      <ItemType>0</ItemType>
      <ItemName>פריסקיז פארטי מיקס פיקניק קרנץג*59.500</ItemName>
      <ManufactureName>שחורי אריה ואנסטסיה</ManufactureName>
      <ManufactureCountry />
      <ManufactureItemDescription />
      <UnitQty>'יח</UnitQty>
      <Quantity>0.59</Quantity>
      <UnitMeasure>ל-100 גרם</UnitMeasure>
      <BisWeighted>0</BisWeighted>
      <QtyInPackage>1</QtyInPackage>
      <ItemPrice>14.90</ItemPrice>
      <UnitOfMeasurePrice>25.25</UnitOfMeasurePrice>
      <AllowDiscount>0</AllowDiscount>
      <itemStatus>1</itemStatus>
      <LastUpdateDate />
      <LastUpdateTime />
    </Product>
    <Product>
      <PriceUpdateDate>2022/11/01 11:46</PriceUpdateDate>
      <ItemCode>50000574438</ItemCode>
      <ItemType>0</ItemType>
      <ItemName>פריסקיז פארטי מיקס מעדני ים קראנץג*60</ItemName>
      <ManufactureName>שחורי אריה ואנסטסיה</ManufactureName>
      <ManufactureCountry />
      <ManufactureItemDescription />
      <UnitQty>'יח</UnitQty>
      <Quantity>0.60</Quantity>
      <UnitMeasure>ל-100 גרם</UnitMeasure>
      <BisWeighted>0</BisWeighted>
      <QtyInPackage>1</QtyInPackage>
      <ItemPrice>14.90</ItemPrice>
      <UnitOfMeasurePrice>24.83</UnitOfMeasurePrice>
      <AllowDiscount>0</AllowDiscount>
      <itemStatus>1</itemStatus>
      <LastUpdateDate />
      <LastUpdateTime />
    </Product>
    <Product>
      <PriceUpdateDate>2022/11/01 11:47</PriceUpdateDate>
      <ItemCode>50000574988</ItemCode>
      <ItemType>0</ItemType>
      <ItemName>פנסי פיסט חתלתולים</ItemName>
      <ManufactureName>שחורי אריה ואנסטסיה</ManufactureName>
      <ManufactureCountry />
      <ManufactureItemDescription />
      <UnitQty>'יח</UnitQty>
      <Quantity>0.85</Quantity>
      <UnitMeasure>ל-100 גרם</UnitMeasure>
      <BisWeighted>0</BisWeighted>
      <QtyInPackage>1</QtyInPackage>
      <ItemPrice>5.90</ItemPrice>
      <UnitOfMeasurePrice>6.94</UnitOfMeasurePrice>
      <AllowDiscount>0</AllowDiscount>
      <itemStatus>1</itemStatus>
      <LastUpdateDate />
      <LastUpdateTime />
    </Product>
    <Product>
      <PriceUpdateDate>2022/11/01 11:47</PriceUpdateDate>
      <ItemCode>50000575770</ItemCode>
      <ItemType>0</ItemType>
      <ItemName>פריסקיז כחול 7.26 קג</ItemName>
      <ManufactureName>שחורי אריה ואנסטסיה</ManufactureName>
      <ManufactureCountry />
      <ManufactureItemDescription />
      <UnitQty>'יח</UnitQty>
      <Quantity>72.60</Quantity>
      <UnitMeasure>ל-100 גרם</UnitMeasure>
      <BisWeighted>0</BisWeighted>
      <QtyInPackage>1</QtyInPackage>
      <ItemPrice>139.90</ItemPrice>
      <UnitOfMeasurePrice>1.93</UnitOfMeasurePrice>
      <AllowDiscount>0</AllowDiscount>
      <itemStatus>1</itemStatus>
      <LastUpdateDate />
      <LastUpdateTime />
    </Product>
    <Product>
      <PriceUpdateDate>2022/11/01 11:47</PriceUpdateDate>
      <ItemCode>50000575787</ItemCode>
      <ItemType>0</ItemType>
      <ItemName>פריסקיז כתום 7.26 קג</ItemName>
      <ManufactureName>שחורי אריה ואנסטסיה</ManufactureName>
      <ManufactureCountry />
      <ManufactureItemDescription />
      <UnitQty>'יח</UnitQty>
      <Quantity>72.60</Quantity>
      <UnitMeasure>ל-100 גרם</UnitMeasure>
      <BisWeighted>0</BisWeighted>
      <QtyInPackage>1</QtyInPackage>
      <ItemPrice>139.90</ItemPrice>
      <UnitOfMeasurePrice>1.93</UnitOfMeasurePrice>
      <AllowDiscount>0</AllowDiscount>
      <itemStatus>1</itemStatus>
      <LastUpdateDate />
      <LastUpdateTime />
    </Product>
    <Product>
      <PriceUpdateDate>2022/11/01 11:47</PriceUpdateDate>
      <ItemCode>50000575794</ItemCode>
      <ItemType>0</ItemType>
      <ItemName>פריסקיז סגול 7.26 קג</ItemName>
      <ManufactureName>שחורי אריה ואנסטסיה</ManufactureName>
      <ManufactureCountry />
      <ManufactureItemDescription />
      <UnitQty>'יח</UnitQty>
      <Quantity>72.60</Quantity>
      <UnitMeasure>ל-100 גרם</UnitMeasure>
      <BisWeighted>0</BisWeighted>
      <QtyInPackage>1</QtyInPackage>
      <ItemPrice>139.90</ItemPrice>
      <UnitOfMeasurePrice>1.93</UnitOfMeasurePrice>
      <AllowDiscount>0</AllowDiscount>
      <itemStatus>1</itemStatus>
      <LastUpdateDate />
      <LastUpdateTime />
    </Product>
    <Product>
      <PriceUpdateDate>2022/11/01 11:47</PriceUpdateDate>
      <ItemCode>50000575800</ItemCode>
      <ItemType>0</ItemType>
      <ItemName>פריסקיז ירוק 7.26 קג</ItemName>
      <ManufactureName>שחורי אריה ואנסטסיה</ManufactureName>
      <ManufactureCountry />
      <ManufactureItemDescription />
      <UnitQty>'יח</UnitQty>
      <Quantity>72.60</Quantity>
      <UnitMeasure>ל-100 גרם</UnitMeasure>
      <BisWeighted>0</BisWeighted>
      <QtyInPackage>1</QtyInPackage>
      <ItemPrice>139.90</ItemPrice>
      <UnitOfMeasurePrice>1.93</UnitOfMeasurePrice>
      <AllowDiscount>0</AllowDiscount>
      <itemStatus>1</itemStatus>
      <LastUpdateDate />
      <LastUpdateTime />
    </Product>
    <Product>
      <PriceUpdateDate>2022/11/01 11:46</PriceUpdateDate>
      <ItemCode>50000578238</ItemCode>
      <ItemType>0</ItemType>
      <ItemName>פריסקיז פארטי מיקס קרייזי ציזג*59.500</ItemName>
      <ManufactureName>שחורי אריה ואנסטסיה</ManufactureName>
      <ManufactureCountry />
      <ManufactureItemDescription />
      <UnitQty>'יח</UnitQty>
      <Quantity>0.59</Quantity>
      <UnitMeasure>ל-100 גרם</UnitMeasure>
      <BisWeighted>0</BisWeighted>
      <QtyInPackage>1</QtyInPackage>
      <ItemPrice>14.90</ItemPrice>
      <UnitOfMeasurePrice>25.25</UnitOfMeasurePrice>
      <AllowDiscount>0</AllowDiscount>
      <itemStatus>1</itemStatus>
      <LastUpdateDate />
      <LastUpdateTime />
    </Product>
    <Product>
      <PriceUpdateDate>2022/11/01 11:47</PriceUpdateDate>
      <ItemCode>50000836123</ItemCode>
      <ItemType>0</ItemType>
      <ItemName>פנסי פיסט גריל טונה</ItemName>
      <ManufactureName>שחורי אריה ואנסטסיה</ManufactureName>
      <ManufactureCountry />
      <ManufactureItemDescription />
      <UnitQty>'יח</UnitQty>
      <Quantity>0.85</Quantity>
      <UnitMeasure>ל-100 גרם</UnitMeasure>
      <BisWeighted>0</BisWeighted>
      <QtyInPackage>1</QtyInPackage>
      <ItemPrice>5.90</ItemPrice>
      <UnitOfMeasurePrice>6.94</UnitOfMeasurePrice>
      <AllowDiscount>0</AllowDiscount>
      <itemStatus>1</itemStatus>
      <LastUpdateDate />
      <LastUpdateTime />
    </Product>
    <Product>
      <PriceUpdateDate>2021/06/06 15:03</PriceUpdateDate>
      <ItemCode>52600751219</ItemCode>
      <ItemType>0</ItemType>
      <ItemName>פלאפ ממרח מרשמלו וניל 213 גר`</ItemName>
      <ManufactureName>מור ים מרקטינג בעמ</ManufactureName>
      <ManufactureCountry />
      <ManufactureItemDescription />
      <UnitQty>'יח</UnitQty>
      <Quantity>2.13</Quantity>
      <UnitMeasure>ל-100 גרם</UnitMeasure>
      <BisWeighted>0</BisWeighted>
      <QtyInPackage>1</QtyInPackage>
      <ItemPrice>14.90</ItemPrice>
      <UnitOfMeasurePrice>7</UnitOfMeasurePrice>
      <AllowDiscount>0</AllowDiscount>
      <itemStatus>1</itemStatus>
      <LastUpdateDate />
      <LastUpdateTime />
    </Product>
    <Product>
      <PriceUpdateDate>2022/10/31 14:55</PriceUpdateDate>
      <ItemCode>60861431046</ItemCode>
      <ItemType>0</ItemType>
      <ItemName>אוכמניות</ItemName>
      <ManufactureName>ביכורי השדה הצפון בעמ` 1964</ManufactureName>
      <ManufactureCountry />
      <ManufactureItemDescription />
      <UnitQty>ק"ג</UnitQty>
      <Quantity>1</Quantity>
      <UnitMeasure />
      <BisWeighted>0</BisWeighted>
      <QtyInPackage>1</QtyInPackage>
      <ItemPrice>13.90</ItemPrice>
      <UnitOfMeasurePrice>13.90</UnitOfMeasurePrice>
      <AllowDiscount>0</AllowDiscount>
      <itemStatus>1</itemStatus>
      <LastUpdateDate />
      <LastUpdateTime />
    </Product>
    <Product>
      <PriceUpdateDate>2019/07/03 08:47</PriceUpdateDate>
      <ItemCode>64144090013</ItemCode>
      <ItemType>0</ItemType>
      <ItemName>תרסיס שמן להתזה קל בטעם חמאה 141 גרם</ItemName>
      <ManufactureName>ליימן שליסל בע`מ</ManufactureName>
      <ManufactureCountry />
      <ManufactureItemDescription />
      <UnitQty>'יח</UnitQty>
      <Quantity>1.48</Quantity>
      <UnitMeasure>ל-100 מ"ל</UnitMeasure>
      <BisWeighted>0</BisWeighted>
      <QtyInPackage>12</QtyInPackage>
      <ItemPrice>18.90</ItemPrice>
      <UnitOfMeasurePrice>12.77</UnitOfMeasurePrice>
      <AllowDiscount>1</AllowDiscount>
      <itemStatus>1</itemStatus>
      <LastUpdateDate />
      <LastUpdateTime />
    </Product>
    <Product>
      <PriceUpdateDate>2019/07/03 08:47</PriceUpdateDate>
      <ItemCode>64144090020</ItemCode>
      <ItemType>0</ItemType>
      <ItemName>תרסיס שמן זית להתזה בטעם מקורי 141גר</ItemName>
      <ManufactureName>ליימן שליסל בע`מ</ManufactureName>
      <ManufactureCountry />
      <ManufactureItemDescription />
      <UnitQty>'יח</UnitQty>
      <Quantity>1</Quantity>
      <UnitMeasure />
      <BisWeighted>0</BisWeighted>
      <QtyInPackage>12</QtyInPackage>
      <ItemPrice>18.90</ItemPrice>
      <UnitOfMeasurePrice>18.90</UnitOfMeasurePrice>
      <AllowDiscount>1</AllowDiscount>
      <itemStatus>1</itemStatus>
      <LastUpdateDate />
      <LastUpdateTime />
    </Product>
    <Product>
      <PriceUpdateDate>2019/07/03 08:47</PriceUpdateDate>
      <ItemCode>64144090051</ItemCode>
      <ItemType>0</ItemType>
      <ItemName>תרסיס שמן קנולה קל להתזה אורגינל</ItemName>
      <ManufactureName>ליימן שליסל בע`מ</ManufactureName>
      <ManufactureCountry />
      <ManufactureItemDescription />
      <UnitQty>'יח</UnitQty>
      <Quantity>1.48</Quantity>
      <UnitMeasure>ל-100 מ"ל</UnitMeasure>
      <BisWeighted>0</BisWeighted>
      <QtyInPackage>12</QtyInPackage>
      <ItemPrice>18.90</ItemPrice>
      <UnitOfMeasurePrice>12.77</UnitOfMeasurePrice>
      <AllowDiscount>1</AllowDiscount>
      <itemStatus>1</itemStatus>
      <LastUpdateDate />
      <LastUpdateTime />
    </Product>
    <Product>
      <PriceUpdateDate>2022/01/30 19:23</PriceUpdateDate>
      <ItemCode>70970471254</ItemCode>
      <ItemType>0</ItemType>
      <ItemName>סוכריות פירות טרופיים 141 גר`</ItemName>
      <ManufactureName>גורי מוצרי צריכה 1991 בע`מ</ManufactureName>
      <ManufactureCountry />
      <ManufactureItemDescription />
      <UnitQty>'יח</UnitQty>
      <Quantity>1.41</Quantity>
      <UnitMeasure>ל-100 גרם</UnitMeasure>
      <BisWeighted>0</BisWeighted>
      <QtyInPackage>12</QtyInPackage>
      <ItemPrice>9.90</ItemPrice>
      <UnitOfMeasurePrice>7.02</UnitOfMeasurePrice>
      <AllowDiscount>0</AllowDiscount>
      <itemStatus>1</itemStatus>
      <LastUpdateDate />
      <LastUpdateTime />
    </Product>
    <Product>
      <PriceUpdateDate>2020/05/26 16:06</PriceUpdateDate>
      <ItemCode>76840002542</ItemCode>
      <ItemType>0</ItemType>
      <ItemName>גלידת בן   ג`ריס 500  מל`פיינט נטפליקס צ</ItemName>
      <ManufactureName>מוצרי איכות אמריקאים</ManufactureName>
      <ManufactureCountry />
      <ManufactureItemDescription />
      <UnitQty>'יח</UnitQty>
      <Quantity>5</Quantity>
      <UnitMeasure>ל-100 מ"ל</UnitMeasure>
      <BisWeighted>0</BisWeighted>
      <QtyInPackage>1</QtyInPackage>
      <ItemPrice>19.90</ItemPrice>
      <UnitOfMeasurePrice>3.98</UnitOfMeasurePrice>
      <AllowDiscount>0</AllowDiscount>
      <itemStatus>1</itemStatus>
      <LastUpdateDate />
      <LastUpdateTime />
    </Product>
    <Product>
      <PriceUpdateDate>2019/01/16 14:45</PriceUpdateDate>
      <ItemCode>76840100156</ItemCode>
      <ItemType>0</ItemType>
      <ItemName>גלידת בן &amp; ג`ריס 500 מל`פיינט גרסיה</ItemName>
      <ManufactureName>מוצרי איכות אמריקאים</ManufactureName>
      <ManufactureCountry />
      <ManufactureItemDescription />
      <UnitQty>'יח</UnitQty>
      <Quantity>5</Quantity>
      <UnitMeasure>ל-100 גרם</UnitMeasure>
      <BisWeighted>0</BisWeighted>
      <QtyInPackage>1</QtyInPackage>
      <ItemPrice>19.90</ItemPrice>
      <UnitOfMeasurePrice>3.98</UnitOfMeasurePrice>
      <AllowDiscount>1</AllowDiscount>
      <itemStatus>1</itemStatus>
      <LastUpdateDate />
      <LastUpdateTime />
    </Product>
    <Product>
      <PriceUpdateDate>2019/01/16 14:45</PriceUpdateDate>
      <ItemCode>76840100583</ItemCode>
      <ItemType>0</ItemType>
      <ItemName>גלידת בן &amp; ג`ריס 500 מל`פיינט</ItemName>
      <ManufactureName>מוצרי איכות אמריקאים</ManufactureName>
      <ManufactureCountry />
      <ManufactureItemDescription />
      <UnitQty>'יח</UnitQty>
      <Quantity>5</Quantity>
      <UnitMeasure>ל-100 מ"ל</UnitMeasure>
      <BisWeighted>0</BisWeighted>
      <QtyInPackage>1</QtyInPackage>
      <ItemPrice>19.90</ItemPrice>
      <UnitOfMeasurePrice>3.98</UnitOfMeasurePrice>
      <AllowDiscount>1</AllowDiscount>
      <itemStatus>1</itemStatus>
      <LastUpdateDate />
      <LastUpdateTime />
    </Product>
    <Product>
      <PriceUpdateDate>2019/01/16 14:45</PriceUpdateDate>
      <ItemCode>76840400218</ItemCode>
      <ItemType>0</ItemType>
      <ItemName>גלידת בן &amp; ג`ריס 500 מל` עוגת גבינה ותות</ItemName>
      <ManufactureName>מוצרי איכות אמריקאים</ManufactureName>
      <ManufactureCountry />
      <ManufactureItemDescription />
      <UnitQty>'יח</UnitQty>
      <Quantity>5</Quantity>
      <UnitMeasure>ל-100 מ"ל</UnitMeasure>
      <BisWeighted>0</BisWeighted>
      <QtyInPackage>1</QtyInPackage>
      <ItemPrice>19.90</ItemPrice>
      <UnitOfMeasurePrice>3.98</UnitOfMeasurePrice>
      <AllowDiscount>1</AllowDiscount>
      <itemStatus>1</itemStatus>
      <LastUpdateDate />
      <LastUpdateTime />
    </Product>
    <Product>
      <PriceUpdateDate>2019/01/16 14:45</PriceUpdateDate>
      <ItemCode>76840620029</ItemCode>
      <ItemType>0</ItemType>
      <ItemName>גלידת בן &amp; ג`ריס 500 מל` פיינט תות שדה</ItemName>
      <ManufactureName>מוצרי איכות אמריקאים</ManufactureName>
      <ManufactureCountry />
      <ManufactureItemDescription />
      <UnitQty>'יח</UnitQty>
      <Quantity>5</Quantity>
      <UnitMeasure>ל-100 מ"ל</UnitMeasure>
      <BisWeighted>0</BisWeighted>
      <QtyInPackage>1</QtyInPackage>
      <ItemPrice>19.90</ItemPrice>
      <UnitOfMeasurePrice>3.98</UnitOfMeasurePrice>
      <AllowDiscount>1</AllowDiscount>
      <itemStatus>1</itemStatus>
      <LastUpdateDate />
      <LastUpdateTime />
    </Product>
    <Product>
      <PriceUpdateDate>2019/08/11 15:34</PriceUpdateDate>
      <ItemCode>77245110610</ItemCode>
      <ItemType>0</ItemType>
      <ItemName>סוכריות Must ללא סוכר בטעם מנטה 80גר`</ItemName>
      <ManufactureName>שטראוס גרופ בע`מ</ManufactureName>
      <ManufactureCountry />
      <ManufactureItemDescription />
      <UnitQty>'יח</UnitQty>
      <Quantity>0.80</Quantity>
      <UnitMeasure>ל-100 גרם</UnitMeasure>
      <BisWeighted>0</BisWeighted>
      <QtyInPackage>12</QtyInPackage>
      <ItemPrice>7.90</ItemPrice>
      <UnitOfMeasurePrice>9.88</UnitOfMeasurePrice>
      <AllowDiscount>0</AllowDiscount>
      <itemStatus>1</itemStatus>
      <LastUpdateDate />
      <LastUpdateTime />
    </Product>
    <Product>
      <PriceUpdateDate>2019/07/03 08:47</PriceUpdateDate>
      <ItemCode>77975036976</ItemCode>
      <ItemType>0</ItemType>
      <ItemName>מתבל עגבניות בחריפות MILD עדינה 439 גר`</ItemName>
      <ManufactureName>ליימן שליסל בע`מ</ManufactureName>
      <ManufactureCountry />
      <ManufactureItemDescription />
      <UnitQty>'יח</UnitQty>
      <Quantity>1</Quantity>
      <UnitMeasure />
      <BisWeighted>0</BisWeighted>
      <QtyInPackage>12</QtyInPackage>
      <ItemPrice>17.90</ItemPrice>
      <UnitOfMeasurePrice>17.90</UnitOfMeasurePrice>
      <AllowDiscount>1</AllowDiscount>
      <itemStatus>1</itemStatus>
      <LastUpdateDate />
      <LastUpdateTime />
    </Product>
    <Product>
      <PriceUpdateDate>2022/06/12 14:00</PriceUpdateDate>
      <ItemCode>77975093085</ItemCode>
      <ItemType>0</ItemType>
      <ItemName>בייגלה סניידרס מצופה שוקולד חלב</ItemName>
      <ManufactureName>ליימן שליסל בע`מ</ManufactureName>
      <ManufactureCountry />
      <ManufactureItemDescription />
      <UnitQty>'יח</UnitQty>
      <Quantity>6</Quantity>
      <UnitMeasure>ל-100 גרם</UnitMeasure>
      <BisWeighted>0</BisWeighted>
      <QtyInPackage>1</QtyInPackage>
      <ItemPrice>16.90</ItemPrice>
      <UnitOfMeasurePrice>2.82</UnitOfMeasurePrice>
      <AllowDiscount>1</AllowDiscount>
      <itemStatus>1</itemStatus>
      <LastUpdateDate />
      <LastUpdateTime />
    </Product>
    <Product>
      <PriceUpdateDate>2022/06/12 14:00</PriceUpdateDate>
      <ItemCode>77975093108</ItemCode>
      <ItemType>0</ItemType>
      <ItemName>בייגלה סניידרס מצופה שוקולד לבן 141 גרם</ItemName>
      <ManufactureName>ליימן שליסל בע`מ</ManufactureName>
      <ManufactureCountry />
      <ManufactureItemDescription />
      <UnitQty>'יח</UnitQty>
      <Quantity>1.41</Quantity>
      <UnitMeasure>ל-100 גרם</UnitMeasure>
      <BisWeighted>0</BisWeighted>
      <QtyInPackage>1</QtyInPackage>
      <ItemPrice>16.90</ItemPrice>
      <UnitOfMeasurePrice>11.99</UnitOfMeasurePrice>
      <AllowDiscount>1</AllowDiscount>
      <itemStatus>1</itemStatus>
      <LastUpdateDate />
      <LastUpdateTime />
    </Product>
    <Product>
      <PriceUpdateDate>2020/08/24 09:52</PriceUpdateDate>
      <ItemCode>77975094624</ItemCode>
      <ItemType>0</ItemType>
      <ItemName>שברי בייגל במילוי חמאת בוטנים</ItemName>
      <ManufactureName>ליימן שליסל בע`מ</ManufactureName>
      <ManufactureCountry />
      <ManufactureItemDescription />
      <UnitQty>'יח</UnitQty>
      <Quantity>3.40</Quantity>
      <UnitMeasure>ל-100 גרם</UnitMeasure>
      <BisWeighted>0</BisWeighted>
      <QtyInPackage>12</QtyInPackage>
      <ItemPrice>16.90</ItemPrice>
      <UnitOfMeasurePrice>4.97</UnitOfMeasurePrice>
      <AllowDiscount>1</AllowDiscount>
      <itemStatus>1</itemStatus>
      <LastUpdateDate />
      <LastUpdateTime />
    </Product>
    <Product>
      <PriceUpdateDate>2020/08/24 09:52</PriceUpdateDate>
      <ItemCode>77975094631</ItemCode>
      <ItemType>0</ItemType>
      <ItemName>בייגלה סנדוויץ גבינה צ`דר 226.8 גר`</ItemName>
      <ManufactureName>ליימן שליסל בע`מ</ManufactureName>
      <ManufactureCountry />
      <ManufactureItemDescription />
      <UnitQty>'יח</UnitQty>
      <Quantity>2.26</Quantity>
      <UnitMeasure>ל-100 גרם</UnitMeasure>
      <BisWeighted>0</BisWeighted>
      <QtyInPackage>12</QtyInPackage>
      <ItemPrice>16.90</ItemPrice>
      <UnitOfMeasurePrice>7.48</UnitOfMeasurePrice>
      <AllowDiscount>1</AllowDiscount>
      <itemStatus>1</itemStatus>
      <LastUpdateDate />
      <LastUpdateTime />
    </Product>
    <Product>
      <PriceUpdateDate>2021/03/15 06:50</PriceUpdateDate>
      <ItemCode>77975094761</ItemCode>
      <ItemType>0</ItemType>
      <ItemName>שברי בייגל בטעם גבינת צ`אדר 340 גר`</ItemName>
      <ManufactureName>ליימן שליסל בע`מ</ManufactureName>
      <ManufactureCountry />
      <ManufactureItemDescription />
      <UnitQty>'יח</UnitQty>
      <Quantity>3.40</Quantity>
      <UnitMeasure>ל-100 גרם</UnitMeasure>
      <BisWeighted>0</BisWeighted>
      <QtyInPackage>12</QtyInPackage>
      <ItemPrice>16.90</ItemPrice>
      <UnitOfMeasurePrice>4.97</UnitOfMeasurePrice>
      <AllowDiscount>1</AllowDiscount>
      <itemStatus>1</itemStatus>
      <LastUpdateDate />
      <LastUpdateTime />
    </Product>
    <Product>
      <PriceUpdateDate>2021/04/25 14:34</PriceUpdateDate>
      <ItemCode>77975094778</ItemCode>
      <ItemType>0</ItemType>
      <ItemName>שברי בייגל בטעם בצל,חרדל ודבש 340 גר`</ItemName>
      <ManufactureName>ליימן שליסל בע`מ</ManufactureName>
      <ManufactureCountry />
      <ManufactureItemDescription />
      <UnitQty>'יח</UnitQty>
      <Quantity>3.40</Quantity>
      <UnitMeasure>ל-100 גרם</UnitMeasure>
      <BisWeighted>0</BisWeighted>
      <QtyInPackage>12</QtyInPackage>
      <ItemPrice>16.90</ItemPrice>
      <UnitOfMeasurePrice>4.97</UnitOfMeasurePrice>
      <AllowDiscount>1</AllowDiscount>
      <itemStatus>1</itemStatus>
      <LastUpdateDate />
      <LastUpdateTime />
    </Product>
    <Product>
      <PriceUpdateDate>2019/07/03 08:47</PriceUpdateDate>
      <ItemCode>195480030088</ItemCode>
      <ItemType>0</ItemType>
      <ItemName>צימקאו מריר 300גר</ItemName>
      <ManufactureName>תה ויסוצקי בע`מ</ManufactureName>
      <ManufactureCountry />
      <ManufactureItemDescription />
      <UnitQty>'יח</UnitQty>
      <Quantity>3</Quantity>
      <UnitMeasure>ל-100 גרם</UnitMeasure>
      <BisWeighted>0</BisWeighted>
      <QtyInPackage>1</QtyInPackage>
      <ItemPrice>8.90</ItemPrice>
      <UnitOfMeasurePrice>2.97</UnitOfMeasurePrice>
      <AllowDiscount>0</AllowDiscount>
      <itemStatus>1</itemStatus>
      <LastUpdateDate />
      <LastUpdateTime />
    </Product>
    <Product>
      <PriceUpdateDate>2022/08/21 20:32</PriceUpdateDate>
      <ItemCode>611745285432</ItemCode>
      <ItemType>0</ItemType>
      <ItemName>סט מגבות למטבח 3 יחידות</ItemName>
      <ManufactureName>הום פרפקט ק.ד.מ בעמ</ManufactureName>
      <ManufactureCountry />
      <ManufactureItemDescription />
      <UnitQty>'יח</UnitQty>
      <Quantity>1</Quantity>
      <UnitMeasure />
      <BisWeighted>0</BisWeighted>
      <QtyInPackage>1</QtyInPackage>
      <ItemPrice>14.90</ItemPrice>
      <UnitOfMeasurePrice>14.90</UnitOfMeasurePrice>
      <AllowDiscount>1</AllowDiscount>
      <itemStatus>1</itemStatus>
      <LastUpdateDate />
      <LastUpdateTime />
    </Product>
    <Product>
      <PriceUpdateDate>2022/11/01 11:47</PriceUpdateDate>
      <ItemCode>643415865088</ItemCode>
      <ItemType>0</ItemType>
      <ItemName>רעשן במבוק לחתול YN-Q062B</ItemName>
      <ManufactureName>שחורי אריה ואנסטסיה</ManufactureName>
      <ManufactureCountry />
      <ManufactureItemDescription />
      <UnitQty>'יח</UnitQty>
      <Quantity>1</Quantity>
      <UnitMeasure />
      <BisWeighted>0</BisWeighted>
      <QtyInPackage>1</QtyInPackage>
      <ItemPrice>29.90</ItemPrice>
      <UnitOfMeasurePrice>29.90</UnitOfMeasurePrice>
      <AllowDiscount>0</AllowDiscount>
      <itemStatus>1</itemStatus>
      <LastUpdateDate />
      <LastUpdateTime />
    </Product>
    <Product>
      <PriceUpdateDate>2022/11/01 11:47</PriceUpdateDate>
      <ItemCode>643415865101</ItemCode>
      <ItemType>0</ItemType>
      <ItemName>חכה עם כדור לחתול</ItemName>
      <ManufactureName>שחורי אריה ואנסטסיה</ManufactureName>
      <ManufactureCountry />
      <ManufactureItemDescription />
      <UnitQty>'יח</UnitQty>
      <Quantity>1</Quantity>
      <UnitMeasure />
      <BisWeighted>0</BisWeighted>
      <QtyInPackage>1</QtyInPackage>
      <ItemPrice>19.90</ItemPrice>
      <UnitOfMeasurePrice>19.90</UnitOfMeasurePrice>
      <AllowDiscount>0</AllowDiscount>
      <itemStatus>1</itemStatus>
      <LastUpdateDate />
      <LastUpdateTime />
    </Product>
    <Product>
      <PriceUpdateDate>2022/11/01 11:47</PriceUpdateDate>
      <ItemCode>643415865125</ItemCode>
      <ItemType>0</ItemType>
      <ItemName>חכה טבעית נוצות</ItemName>
      <ManufactureName>שחורי אריה ואנסטסיה</ManufactureName>
      <ManufactureCountry />
      <ManufactureItemDescription />
      <UnitQty>'יח</UnitQty>
      <Quantity>1</Quantity>
      <UnitMeasure />
      <BisWeighted>0</BisWeighted>
      <QtyInPackage>1</QtyInPackage>
      <ItemPrice>19.90</ItemPrice>
      <UnitOfMeasurePrice>19.90</UnitOfMeasurePrice>
      <AllowDiscount>0</AllowDiscount>
      <itemStatus>1</itemStatus>
      <LastUpdateDate />
      <LastUpdateTime />
    </Product>
    <Product>
      <PriceUpdateDate>2022/11/01 11:47</PriceUpdateDate>
      <ItemCode>643415865415</ItemCode>
      <ItemType>0</ItemType>
      <ItemName>עצם קשר וניל ירוק</ItemName>
      <ManufactureName>שחורי אריה ואנסטסיה</ManufactureName>
      <ManufactureCountry />
      <ManufactureItemDescription />
      <UnitQty>'יח</UnitQty>
      <Quantity>1</Quantity>
      <UnitMeasure />
      <BisWeighted>0</BisWeighted>
      <QtyInPackage>1</QtyInPackage>
      <ItemPrice>19.90</ItemPrice>
      <UnitOfMeasurePrice>19.90</UnitOfMeasurePrice>
      <AllowDiscount>0</AllowDiscount>
      <itemStatus>1</itemStatus>
      <LastUpdateDate />
      <LastUpdateTime />
    </Product>
    <Product>
      <PriceUpdateDate>2022/11/01 11:47</PriceUpdateDate>
      <ItemCode>643415865453</ItemCode>
      <ItemType>0</ItemType>
      <ItemName>מקלות וניל 100 גרם</ItemName>
      <ManufactureName>שחורי אריה ואנסטסיה</ManufactureName>
      <ManufactureCountry />
      <ManufactureItemDescription />
      <UnitQty>'יח</UnitQty>
      <Quantity>1</Quantity>
      <UnitMeasure>ל-100 גרם</UnitMeasure>
      <BisWeighted>0</BisWeighted>
      <QtyInPackage>1</QtyInPackage>
      <ItemPrice>16.90</ItemPrice>
      <UnitOfMeasurePrice>16.90</UnitOfMeasurePrice>
      <AllowDiscount>0</AllowDiscount>
      <itemStatus>1</itemStatus>
      <LastUpdateDate />
      <LastUpdateTime />
    </Product>
    <Product>
      <PriceUpdateDate>2022/05/25 18:24</PriceUpdateDate>
      <ItemCode>645173911038</ItemCode>
      <ItemType>0</ItemType>
      <ItemName>קורנישון מיני 720 גר`</ItemName>
      <ManufactureName>תומר ייבוא ושיווק מוצרי מזון [</ManufactureName>
      <ManufactureCountry />
      <ManufactureItemDescription />
      <UnitQty>'יח</UnitQty>
      <Quantity>7.20</Quantity>
      <UnitMeasure>ל-100 גרם</UnitMeasure>
      <BisWeighted>0</BisWeighted>
      <QtyInPackage>1</QtyInPackage>
      <ItemPrice>9.90</ItemPrice>
      <UnitOfMeasurePrice>1.38</UnitOfMeasurePrice>
      <AllowDiscount>0</AllowDiscount>
      <itemStatus>1</itemStatus>
      <LastUpdateDate />
      <LastUpdateTime />
    </Product>
    <Product>
      <PriceUpdateDate>2022/11/01 11:47</PriceUpdateDate>
      <ItemCode>649870160911</ItemCode>
      <ItemType>0</ItemType>
      <ItemName>עצם דחוסה 4</ItemName>
      <ManufactureName>שחורי אריה ואנסטסיה</ManufactureName>
      <ManufactureCountry />
      <ManufactureItemDescription />
      <UnitQty>'יח</UnitQty>
      <Quantity>1</Quantity>
      <UnitMeasure />
      <BisWeighted>0</BisWeighted>
      <QtyInPackage>1</QtyInPackage>
      <ItemPrice>24.90</ItemPrice>
      <UnitOfMeasurePrice>24.90</UnitOfMeasurePrice>
      <AllowDiscount>0</AllowDiscount>
      <itemStatus>1</itemStatus>
      <LastUpdateDate />
      <LastUpdateTime />
    </Product>
    <Product>
      <PriceUpdateDate>2022/11/01 11:47</PriceUpdateDate>
      <ItemCode>649870160928</ItemCode>
      <ItemType>0</ItemType>
      <ItemName>עצם דחוסה 6 פטסלנד</ItemName>
      <ManufactureName>שחורי אריה ואנסטסיה</ManufactureName>
      <ManufactureCountry />
      <ManufactureItemDescription />
      <UnitQty>'יח</UnitQty>
      <Quantity>1</Quantity>
      <UnitMeasure />
      <BisWeighted>0</BisWeighted>
      <QtyInPackage>1</QtyInPackage>
      <ItemPrice>29.90</ItemPrice>
      <UnitOfMeasurePrice>29.90</UnitOfMeasurePrice>
      <AllowDiscount>0</AllowDiscount>
      <itemStatus>1</itemStatus>
      <LastUpdateDate />
      <LastUpdateTime />
    </Product>
    <Product>
      <PriceUpdateDate>2022/11/01 11:47</PriceUpdateDate>
      <ItemCode>649870160935</ItemCode>
      <ItemType>0</ItemType>
      <ItemName>עצם דחוסה 8</ItemName>
      <ManufactureName>שחורי אריה ואנסטסיה</ManufactureName>
      <ManufactureCountry />
      <ManufactureItemDescription />
      <UnitQty>'יח</UnitQty>
      <Quantity>1</Quantity>
      <UnitMeasure />
      <BisWeighted>0</BisWeighted>
      <QtyInPackage>1</QtyInPackage>
      <ItemPrice>29.90</ItemPrice>
      <UnitOfMeasurePrice>29.90</UnitOfMeasurePrice>
      <AllowDiscount>0</AllowDiscount>
      <itemStatus>1</itemStatus>
      <LastUpdateDate />
      <LastUpdateTime />
    </Product>
    <Product>
      <PriceUpdateDate>2022/11/01 11:47</PriceUpdateDate>
      <ItemCode>649870160959</ItemCode>
      <ItemType>0</ItemType>
      <ItemName>עצם דחוסה 12בטעמים</ItemName>
      <ManufactureName>שחורי אריה ואנסטסיה</ManufactureName>
      <ManufactureCountry />
      <ManufactureItemDescription />
      <UnitQty>'יח</UnitQty>
      <Quantity>1</Quantity>
      <UnitMeasure />
      <BisWeighted>0</BisWeighted>
      <QtyInPackage>1</QtyInPackage>
      <ItemPrice>29.90</ItemPrice>
      <UnitOfMeasurePrice>29.90</UnitOfMeasurePrice>
      <AllowDiscount>0</AllowDiscount>
      <itemStatus>1</itemStatus>
      <LastUpdateDate />
      <LastUpdateTime />
    </Product>
    <Product>
      <PriceUpdateDate>2022/11/01 11:47</PriceUpdateDate>
      <ItemCode>649870160966</ItemCode>
      <ItemType>0</ItemType>
      <ItemName>עצם קשר באפלו 3</ItemName>
      <ManufactureName>שחורי אריה ואנסטסיה</ManufactureName>
      <ManufactureCountry />
      <ManufactureItemDescription />
      <UnitQty>'יח</UnitQty>
      <Quantity>1</Quantity>
      <UnitMeasure />
      <BisWeighted>0</BisWeighted>
      <QtyInPackage>1</QtyInPackage>
      <ItemPrice>22.90</ItemPrice>
      <UnitOfMeasurePrice>22.90</UnitOfMeasurePrice>
      <AllowDiscount>0</AllowDiscount>
      <itemStatus>1</itemStatus>
      <LastUpdateDate />
      <LastUpdateTime />
    </Product>
    <Product>
      <PriceUpdateDate>2022/11/01 11:47</PriceUpdateDate>
      <ItemCode>649870160973</ItemCode>
      <ItemType>0</ItemType>
      <ItemName>עצם קשר באפלו 6</ItemName>
      <ManufactureName>שחורי אריה ואנסטסיה</ManufactureName>
      <ManufactureCountry />
      <ManufactureItemDescription />
      <UnitQty>'יח</UnitQty>
      <Quantity>1</Quantity>
      <UnitMeasure />
      <BisWeighted>0</BisWeighted>
      <QtyInPackage>1</QtyInPackage>
      <ItemPrice>26.90</ItemPrice>
      <UnitOfMeasurePrice>26.90</UnitOfMeasurePrice>
      <AllowDiscount>0</AllowDiscount>
      <itemStatus>1</itemStatus>
      <LastUpdateDate />
      <LastUpdateTime />
    </Product>
    <Product>
      <PriceUpdateDate>2022/11/01 11:47</PriceUpdateDate>
      <ItemCode>649870160980</ItemCode>
      <ItemType>0</ItemType>
      <ItemName>דונאט 4 בטעמים</ItemName>
      <ManufactureName>שחורי אריה ואנסטסיה</ManufactureName>
      <ManufactureCountry />
      <ManufactureItemDescription />
      <UnitQty>'יח</UnitQty>
      <Quantity>1</Quantity>
      <UnitMeasure />
      <BisWeighted>0</BisWeighted>
      <QtyInPackage>1</QtyInPackage>
      <ItemPrice>25.90</ItemPrice>
      <UnitOfMeasurePrice>25.90</UnitOfMeasurePrice>
      <AllowDiscount>0</AllowDiscount>
      <itemStatus>1</itemStatus>
      <LastUpdateDate />
      <LastUpdateTime />
    </Product>
    <Product>
      <PriceUpdateDate>2022/11/01 11:47</PriceUpdateDate>
      <ItemCode>649870161000</ItemCode>
      <ItemType>0</ItemType>
      <ItemName>סיגר באפלו בטעמים</ItemName>
      <ManufactureName>שחורי אריה ואנסטסיה</ManufactureName>
      <ManufactureCountry />
      <ManufactureItemDescription />
      <UnitQty>'יח</UnitQty>
      <Quantity>1</Quantity>
      <UnitMeasure />
      <BisWeighted>0</BisWeighted>
      <QtyInPackage>1</QtyInPackage>
      <ItemPrice>29.90</ItemPrice>
      <UnitOfMeasurePrice>29.90</UnitOfMeasurePrice>
      <AllowDiscount>0</AllowDiscount>
      <itemStatus>1</itemStatus>
      <LastUpdateDate />
      <LastUpdateTime />
    </Product>
    <Product>
      <PriceUpdateDate>2022/11/01 11:47</PriceUpdateDate>
      <ItemCode>649870161291</ItemCode>
      <ItemType>0</ItemType>
      <ItemName>מקלונים עטופים 100 גרם</ItemName>
      <ManufactureName>שחורי אריה ואנסטסיה</ManufactureName>
      <ManufactureCountry />
      <ManufactureItemDescription />
      <UnitQty>'יח</UnitQty>
      <Quantity>1</Quantity>
      <UnitMeasure>ל-100 גרם</UnitMeasure>
      <BisWeighted>0</BisWeighted>
      <QtyInPackage>1</QtyInPackage>
      <ItemPrice>19.90</ItemPrice>
      <UnitOfMeasurePrice>19.90</UnitOfMeasurePrice>
      <AllowDiscount>0</AllowDiscount>
      <itemStatus>1</itemStatus>
      <LastUpdateDate />
      <LastUpdateTime />
    </Product>
    <Product>
      <PriceUpdateDate>2022/11/01 11:47</PriceUpdateDate>
      <ItemCode>649870161321</ItemCode>
      <ItemType>0</ItemType>
      <ItemName>זוג עצמות 8 פטסלנד</ItemName>
      <ManufactureName>שחורי אריה ואנסטסיה</ManufactureName>
      <ManufactureCountry />
      <ManufactureItemDescription />
      <UnitQty>'יח</UnitQty>
      <Quantity>1</Quantity>
      <UnitMeasure />
      <BisWeighted>0</BisWeighted>
      <QtyInPackage>1</QtyInPackage>
      <ItemPrice>29.90</ItemPrice>
      <UnitOfMeasurePrice>29.90</UnitOfMeasurePrice>
      <AllowDiscount>0</AllowDiscount>
      <itemStatus>1</itemStatus>
      <LastUpdateDate />
      <LastUpdateTime />
    </Product>
    <Product>
      <PriceUpdateDate>2022/11/01 11:47</PriceUpdateDate>
      <ItemCode>649870161505</ItemCode>
      <ItemType>0</ItemType>
      <ItemName>סיגר בפאלו ברווז(5יח)</ItemName>
      <ManufactureName>שחורי אריה ואנסטסיה</ManufactureName>
      <ManufactureCountry />
      <ManufactureItemDescription />
      <UnitQty>'יח</UnitQty>
      <Quantity>1</Quantity>
      <UnitMeasure />
      <BisWeighted>0</BisWeighted>
      <QtyInPackage>1</QtyInPackage>
      <ItemPrice>29.90</ItemPrice>
      <UnitOfMeasurePrice>29.90</UnitOfMeasurePrice>
      <AllowDiscount>0</AllowDiscount>
      <itemStatus>1</itemStatus>
      <LastUpdateDate />
      <LastUpdateTime />
    </Product>
    <Product>
      <PriceUpdateDate>2022/11/01 11:47</PriceUpdateDate>
      <ItemCode>649870161512</ItemCode>
      <ItemType>0</ItemType>
      <ItemName>מקלון שני צבעים עוף</ItemName>
      <ManufactureName>שחורי אריה ואנסטסיה</ManufactureName>
      <ManufactureCountry />
      <ManufactureItemDescription />
      <UnitQty>'יח</UnitQty>
      <Quantity>1</Quantity>
      <UnitMeasure />
      <BisWeighted>0</BisWeighted>
      <QtyInPackage>1</QtyInPackage>
      <ItemPrice>18.90</ItemPrice>
      <UnitOfMeasurePrice>18.90</UnitOfMeasurePrice>
      <AllowDiscount>0</AllowDiscount>
      <itemStatus>1</itemStatus>
      <LastUpdateDate />
      <LastUpdateTime />
    </Product>
    <Product>
      <PriceUpdateDate>2022/11/01 11:47</PriceUpdateDate>
      <ItemCode>649870161536</ItemCode>
      <ItemType>0</ItemType>
      <ItemName>דונאט בפאלו מצופה</ItemName>
      <ManufactureName>שחורי אריה ואנסטסיה</ManufactureName>
      <ManufactureCountry />
      <ManufactureItemDescription />
      <UnitQty>'יח</UnitQty>
      <Quantity>1</Quantity>
      <UnitMeasure />
      <BisWeighted>0</BisWeighted>
      <QtyInPackage>1</QtyInPackage>
      <ItemPrice>19.90</ItemPrice>
      <UnitOfMeasurePrice>19.90</UnitOfMeasurePrice>
      <AllowDiscount>0</AllowDiscount>
      <itemStatus>1</itemStatus>
      <LastUpdateDate />
      <LastUpdateTime />
    </Product>
    <Product>
      <PriceUpdateDate>2022/11/01 11:47</PriceUpdateDate>
      <ItemCode>649870161550</ItemCode>
      <ItemType>0</ItemType>
      <ItemName>סיגר בפאלו עוף (5יח)</ItemName>
      <ManufactureName>שחורי אריה ואנסטסיה</ManufactureName>
      <ManufactureCountry />
      <ManufactureItemDescription />
      <UnitQty>'יח</UnitQty>
      <Quantity>1</Quantity>
      <UnitMeasure />
      <BisWeighted>0</BisWeighted>
      <QtyInPackage>1</QtyInPackage>
      <ItemPrice>29.90</ItemPrice>
      <UnitOfMeasurePrice>29.90</UnitOfMeasurePrice>
      <AllowDiscount>0</AllowDiscount>
      <itemStatus>1</itemStatus>
      <LastUpdateDate />
      <LastUpdateTime />
    </Product>
    <Product>
      <PriceUpdateDate>2022/11/01 11:47</PriceUpdateDate>
      <ItemCode>649870161567</ItemCode>
      <ItemType>0</ItemType>
      <ItemName>רול בפאלו עוף</ItemName>
      <ManufactureName>שחורי אריה ואנסטסיה</ManufactureName>
      <ManufactureCountry />
      <ManufactureItemDescription />
      <UnitQty>'יח</UnitQty>
      <Quantity>1</Quantity>
      <UnitMeasure />
      <BisWeighted>0</BisWeighted>
      <QtyInPackage>1</QtyInPackage>
      <ItemPrice>25</ItemPrice>
      <UnitOfMeasurePrice>25</UnitOfMeasurePrice>
      <AllowDiscount>0</AllowDiscount>
      <itemStatus>1</itemStatus>
      <LastUpdateDate />
      <LastUpdateTime />
    </Product>
    <Product>
      <PriceUpdateDate>2022/11/01 11:47</PriceUpdateDate>
      <ItemCode>649870161581</ItemCode>
      <ItemType>0</ItemType>
      <ItemName>רול בפאלו ברווז</ItemName>
      <ManufactureName>שחורי אריה ואנסטסיה</ManufactureName>
      <ManufactureCountry />
      <ManufactureItemDescription />
      <UnitQty>'יח</UnitQty>
      <Quantity>1</Quantity>
      <UnitMeasure />
      <BisWeighted>0</BisWeighted>
      <QtyInPackage>1</QtyInPackage>
      <ItemPrice>25</ItemPrice>
      <UnitOfMeasurePrice>25</UnitOfMeasurePrice>
      <AllowDiscount>0</AllowDiscount>
      <itemStatus>1</itemStatus>
      <LastUpdateDate />
      <LastUpdateTime />
    </Product>
    <Product>
      <PriceUpdateDate>2022/11/01 11:47</PriceUpdateDate>
      <ItemCode>649870161833</ItemCode>
      <ItemType>0</ItemType>
      <ItemName>נירוסטה למים 11 סמ</ItemName>
      <ManufactureName>שחורי אריה ואנסטסיה</ManufactureName>
      <ManufactureCountry />
      <ManufactureItemDescription />
      <UnitQty>'יח</UnitQty>
      <Quantity>1</Quantity>
      <UnitMeasure />
      <BisWeighted>0</BisWeighted>
      <QtyInPackage>1</QtyInPackage>
      <ItemPrice>18</ItemPrice>
      <UnitOfMeasurePrice>18</UnitOfMeasurePrice>
      <AllowDiscount>0</AllowDiscount>
      <itemStatus>1</itemStatus>
      <LastUpdateDate />
      <LastUpdateTime />
    </Product>
    <Product>
      <PriceUpdateDate>2022/11/01 11:47</PriceUpdateDate>
      <ItemCode>649870161857</ItemCode>
      <ItemType>0</ItemType>
      <ItemName>נירוסטה למים 17 סמ</ItemName>
      <ManufactureName>שחורי אריה ואנסטסיה</ManufactureName>
      <ManufactureCountry />
      <ManufactureItemDescription />
      <UnitQty>'יח</UnitQty>
      <Quantity>1</Quantity>
      <UnitMeasure />
      <BisWeighted>0</BisWeighted>
      <QtyInPackage>1</QtyInPackage>
      <ItemPrice>29</ItemPrice>
      <UnitOfMeasurePrice>29</UnitOfMeasurePrice>
      <AllowDiscount>0</AllowDiscount>
      <itemStatus>1</itemStatus>
      <LastUpdateDate />
      <LastUpdateTime />
    </Product>
    <Product>
      <PriceUpdateDate>2022/11/01 11:47</PriceUpdateDate>
      <ItemCode>649870161864</ItemCode>
      <ItemType>0</ItemType>
      <ItemName>נירוסטה למים 20 סמ</ItemName>
      <ManufactureName>שחורי אריה ואנסטסיה</ManufactureName>
      <ManufactureCountry />
      <ManufactureItemDescription />
      <UnitQty>'יח</UnitQty>
      <Quantity>1</Quantity>
      <UnitMeasure />
      <BisWeighted>0</BisWeighted>
      <QtyInPackage>1</QtyInPackage>
      <ItemPrice>35</ItemPrice>
      <UnitOfMeasurePrice>35</UnitOfMeasurePrice>
      <AllowDiscount>0</AllowDiscount>
      <itemStatus>1</itemStatus>
      <LastUpdateDate />
      <LastUpdateTime />
    </Product>
    <Product>
      <PriceUpdateDate>2022/11/01 11:47</PriceUpdateDate>
      <ItemCode>649870162182</ItemCode>
      <ItemType>0</ItemType>
      <ItemName>סיגר בופלו מצופה ברווז</ItemName>
      <ManufactureName>שחורי אריה ואנסטסיה</ManufactureName>
      <ManufactureCountry />
      <ManufactureItemDescription />
      <UnitQty>'יח</UnitQty>
      <Quantity>1</Quantity>
      <UnitMeasure />
      <BisWeighted>0</BisWeighted>
      <QtyInPackage>1</QtyInPackage>
      <ItemPrice>29.90</ItemPrice>
      <UnitOfMeasurePrice>29.90</UnitOfMeasurePrice>
      <AllowDiscount>0</AllowDiscount>
      <itemStatus>1</itemStatus>
      <LastUpdateDate />
      <LastUpdateTime />
    </Product>
    <Product>
      <PriceUpdateDate>2022/11/01 11:47</PriceUpdateDate>
      <ItemCode>649870162397</ItemCode>
      <ItemType>0</ItemType>
      <ItemName>בובת פלאפי 17 סמ לכלב</ItemName>
      <ManufactureName>שחורי אריה ואנסטסיה</ManufactureName>
      <ManufactureCountry />
      <ManufactureItemDescription />
      <UnitQty>'יח</UnitQty>
      <Quantity>1</Quantity>
      <UnitMeasure />
      <BisWeighted>0</BisWeighted>
      <QtyInPackage>1</QtyInPackage>
      <ItemPrice>14.90</ItemPrice>
      <UnitOfMeasurePrice>14.90</UnitOfMeasurePrice>
      <AllowDiscount>0</AllowDiscount>
      <itemStatus>1</itemStatus>
      <LastUpdateDate />
      <LastUpdateTime />
    </Product>
    <Product>
      <PriceUpdateDate>2022/11/01 11:47</PriceUpdateDate>
      <ItemCode>649870162717</ItemCode>
      <ItemType>0</ItemType>
      <ItemName>כף איסוף צרכים</ItemName>
      <ManufactureName>שחורי אריה ואנסטסיה</ManufactureName>
      <ManufactureCountry />
      <ManufactureItemDescription />
      <UnitQty>'יח</UnitQty>
      <Quantity>1</Quantity>
      <UnitMeasure />
      <BisWeighted>0</BisWeighted>
      <QtyInPackage>1</QtyInPackage>
      <ItemPrice>18.90</ItemPrice>
      <UnitOfMeasurePrice>18.90</UnitOfMeasurePrice>
      <AllowDiscount>0</AllowDiscount>
      <itemStatus>1</itemStatus>
      <LastUpdateDate />
      <LastUpdateTime />
    </Product>
    <Product>
      <PriceUpdateDate>2022/11/01 11:47</PriceUpdateDate>
      <ItemCode>649870162809</ItemCode>
      <ItemType>0</ItemType>
      <ItemName>דונאט בופלו מצופה</ItemName>
      <ManufactureName>שחורי אריה ואנסטסיה</ManufactureName>
      <ManufactureCountry />
      <ManufactureItemDescription />
      <UnitQty>'יח</UnitQty>
      <Quantity>1</Quantity>
      <UnitMeasure />
      <BisWeighted>0</BisWeighted>
      <QtyInPackage>1</QtyInPackage>
      <ItemPrice>19.90</ItemPrice>
      <UnitOfMeasurePrice>19.90</UnitOfMeasurePrice>
      <AllowDiscount>0</AllowDiscount>
      <itemStatus>1</itemStatus>
      <LastUpdateDate />
      <LastUpdateTime />
    </Product>
    <Product>
      <PriceUpdateDate>2022/11/01 11:47</PriceUpdateDate>
      <ItemCode>649870162922</ItemCode>
      <ItemType>0</ItemType>
      <ItemName>חטיף דנטל ספירל בטעמים</ItemName>
      <ManufactureName>שחורי אריה ואנסטסיה</ManufactureName>
      <ManufactureCountry />
      <ManufactureItemDescription />
      <UnitQty>'יח</UnitQty>
      <Quantity>1</Quantity>
      <UnitMeasure>ל-100 גרם</UnitMeasure>
      <BisWeighted>0</BisWeighted>
      <QtyInPackage>1</QtyInPackage>
      <ItemPrice>19.90</ItemPrice>
      <UnitOfMeasurePrice>19.90</UnitOfMeasurePrice>
      <AllowDiscount>0</AllowDiscount>
      <itemStatus>1</itemStatus>
      <LastUpdateDate />
      <LastUpdateTime />
    </Product>
    <Product>
      <PriceUpdateDate>2022/11/01 11:47</PriceUpdateDate>
      <ItemCode>649870162953</ItemCode>
      <ItemType>0</ItemType>
      <ItemName>לטקס ארוך</ItemName>
      <ManufactureName>שחורי אריה ואנסטסיה</ManufactureName>
      <ManufactureCountry />
      <ManufactureItemDescription />
      <UnitQty>'יח</UnitQty>
      <Quantity>1</Quantity>
      <UnitMeasure />
      <BisWeighted>0</BisWeighted>
      <QtyInPackage>1</QtyInPackage>
      <ItemPrice>22.90</ItemPrice>
      <UnitOfMeasurePrice>22.90</UnitOfMeasurePrice>
      <AllowDiscount>0</AllowDiscount>
      <itemStatus>1</itemStatus>
      <LastUpdateDate />
      <LastUpdateTime />
    </Product>
    <Product>
      <PriceUpdateDate>2022/11/01 11:47</PriceUpdateDate>
      <ItemCode>649870164001</ItemCode>
      <ItemType>0</ItemType>
      <ItemName>מתקן שקיות קקי לכלב</ItemName>
      <ManufactureName>שחורי אריה ואנסטסיה</ManufactureName>
      <ManufactureCountry />
      <ManufactureItemDescription />
      <UnitQty>'יח</UnitQty>
      <Quantity>1</Quantity>
      <UnitMeasure />
      <BisWeighted>0</BisWeighted>
      <QtyInPackage>1</QtyInPackage>
      <ItemPrice>19.90</ItemPrice>
      <UnitOfMeasurePrice>19.90</UnitOfMeasurePrice>
      <AllowDiscount>0</AllowDiscount>
      <itemStatus>1</itemStatus>
      <LastUpdateDate />
      <LastUpdateTime />
    </Product>
    <Product>
      <PriceUpdateDate>2022/11/01 11:47</PriceUpdateDate>
      <ItemCode>649870164162</ItemCode>
      <ItemType>0</ItemType>
      <ItemName>בובת קופיף לכלב</ItemName>
      <ManufactureName>שחורי אריה ואנסטסיה</ManufactureName>
      <ManufactureCountry />
      <ManufactureItemDescription />
      <UnitQty>'יח</UnitQty>
      <Quantity>1</Quantity>
      <UnitMeasure />
      <BisWeighted>0</BisWeighted>
      <QtyInPackage>1</QtyInPackage>
      <ItemPrice>24.90</ItemPrice>
      <UnitOfMeasurePrice>24.90</UnitOfMeasurePrice>
      <AllowDiscount>0</AllowDiscount>
      <itemStatus>1</itemStatus>
      <LastUpdateDate />
      <LastUpdateTime />
    </Product>
    <Product>
      <PriceUpdateDate>2022/11/01 11:47</PriceUpdateDate>
      <ItemCode>649870164438</ItemCode>
      <ItemType>0</ItemType>
      <ItemName>שקיות לאיסוף צרכים 160יחידות(שחור)</ItemName>
      <ManufactureName>שחורי אריה ואנסטסיה</ManufactureName>
      <ManufactureCountry />
      <ManufactureItemDescription />
      <UnitQty>'יח</UnitQty>
      <Quantity>1</Quantity>
      <UnitMeasure />
      <BisWeighted>0</BisWeighted>
      <QtyInPackage>1</QtyInPackage>
      <ItemPrice>19.90</ItemPrice>
      <UnitOfMeasurePrice>19.90</UnitOfMeasurePrice>
      <AllowDiscount>0</AllowDiscount>
      <itemStatus>1</itemStatus>
      <LastUpdateDate />
      <LastUpdateTime />
    </Product>
    <Product>
      <PriceUpdateDate>2022/11/01 11:47</PriceUpdateDate>
      <ItemCode>649870164445</ItemCode>
      <ItemType>0</ItemType>
      <ItemName>שקיות לאיסוף צרכים 160 שקיות</ItemName>
      <ManufactureName>שחורי אריה ואנסטסיה</ManufactureName>
      <ManufactureCountry />
      <ManufactureItemDescription />
      <UnitQty>'יח</UnitQty>
      <Quantity>1</Quantity>
      <UnitMeasure />
      <BisWeighted>0</BisWeighted>
      <QtyInPackage>1</QtyInPackage>
      <ItemPrice>19.90</ItemPrice>
      <UnitOfMeasurePrice>19.90</UnitOfMeasurePrice>
      <AllowDiscount>0</AllowDiscount>
      <itemStatus>1</itemStatus>
      <LastUpdateDate />
      <LastUpdateTime />
    </Product>
    <Product>
      <PriceUpdateDate>2022/11/01 11:47</PriceUpdateDate>
      <ItemCode>649870164551</ItemCode>
      <ItemType>0</ItemType>
      <ItemName>עצם פאפ ברווז</ItemName>
      <ManufactureName>שחורי אריה ואנסטסיה</ManufactureName>
      <ManufactureCountry />
      <ManufactureItemDescription />
      <UnitQty>'יח</UnitQty>
      <Quantity>1</Quantity>
      <UnitMeasure />
      <BisWeighted>0</BisWeighted>
      <QtyInPackage>1</QtyInPackage>
      <ItemPrice>22.90</ItemPrice>
      <UnitOfMeasurePrice>22.90</UnitOfMeasurePrice>
      <AllowDiscount>0</AllowDiscount>
      <itemStatus>1</itemStatus>
      <LastUpdateDate />
      <LastUpdateTime />
    </Product>
    <Product>
      <PriceUpdateDate>2022/11/01 11:47</PriceUpdateDate>
      <ItemCode>649870164711</ItemCode>
      <ItemType>0</ItemType>
      <ItemName>צעצוע קפיץ לחתול</ItemName>
      <ManufactureName>שחורי אריה ואנסטסיה</ManufactureName>
      <ManufactureCountry />
      <ManufactureItemDescription />
      <UnitQty>'יח</UnitQty>
      <Quantity>1</Quantity>
      <UnitMeasure />
      <BisWeighted>0</BisWeighted>
      <QtyInPackage>1</QtyInPackage>
      <ItemPrice>19.90</ItemPrice>
      <UnitOfMeasurePrice>19.90</UnitOfMeasurePrice>
      <AllowDiscount>0</AllowDiscount>
      <itemStatus>1</itemStatus>
      <LastUpdateDate />
      <LastUpdateTime />
    </Product>
    <Product>
      <PriceUpdateDate>2022/11/01 11:47</PriceUpdateDate>
      <ItemCode>649870164995</ItemCode>
      <ItemType>0</ItemType>
      <ItemName>חטיף לחתול סלמון עם עור דג קוביות 50גר</ItemName>
      <ManufactureName>שחורי אריה ואנסטסיה</ManufactureName>
      <ManufactureCountry />
      <ManufactureItemDescription />
      <UnitQty>'יח</UnitQty>
      <Quantity>0.50</Quantity>
      <UnitMeasure>ל-100 גרם</UnitMeasure>
      <BisWeighted>0</BisWeighted>
      <QtyInPackage>1</QtyInPackage>
      <ItemPrice>9.90</ItemPrice>
      <UnitOfMeasurePrice>19.80</UnitOfMeasurePrice>
      <AllowDiscount>0</AllowDiscount>
      <itemStatus>1</itemStatus>
      <LastUpdateDate />
      <LastUpdateTime />
    </Product>
    <Product>
      <PriceUpdateDate>2022/11/01 11:47</PriceUpdateDate>
      <ItemCode>649870165008</ItemCode>
      <ItemType>0</ItemType>
      <ItemName>חטיף לחתול ברווז עם דג קוד 50גר</ItemName>
      <ManufactureName>שחורי אריה ואנסטסיה</ManufactureName>
      <ManufactureCountry />
      <ManufactureItemDescription />
      <UnitQty>'יח</UnitQty>
      <Quantity>0.50</Quantity>
      <UnitMeasure>ל-100 גרם</UnitMeasure>
      <BisWeighted>0</BisWeighted>
      <QtyInPackage>1</QtyInPackage>
      <ItemPrice>9.90</ItemPrice>
      <UnitOfMeasurePrice>19.80</UnitOfMeasurePrice>
      <AllowDiscount>0</AllowDiscount>
      <itemStatus>1</itemStatus>
      <LastUpdateDate />
      <LastUpdateTime />
    </Product>
    <Product>
      <PriceUpdateDate>2022/11/01 11:47</PriceUpdateDate>
      <ItemCode>649870165237</ItemCode>
      <ItemType>0</ItemType>
      <ItemName>חזיר לטקס חדש</ItemName>
      <ManufactureName>שחורי אריה ואנסטסיה</ManufactureName>
      <ManufactureCountry />
      <ManufactureItemDescription />
      <UnitQty>'יח</UnitQty>
      <Quantity>1</Quantity>
      <UnitMeasure />
      <BisWeighted>0</BisWeighted>
      <QtyInPackage>1</QtyInPackage>
      <ItemPrice>29.90</ItemPrice>
      <UnitOfMeasurePrice>29.90</UnitOfMeasurePrice>
      <AllowDiscount>0</AllowDiscount>
      <itemStatus>1</itemStatus>
      <LastUpdateDate />
      <LastUpdateTime />
    </Product>
    <Product>
      <PriceUpdateDate>2022/11/01 11:47</PriceUpdateDate>
      <ItemCode>649870165251</ItemCode>
      <ItemType>0</ItemType>
      <ItemName>בובת לטקס שלשית עופות עומדות) (7002</ItemName>
      <ManufactureName>שחורי אריה ואנסטסיה</ManufactureName>
      <ManufactureCountry />
      <ManufactureItemDescription />
      <UnitQty>'יח</UnitQty>
      <Quantity>1</Quantity>
      <UnitMeasure />
      <BisWeighted>0</BisWeighted>
      <QtyInPackage>1</QtyInPackage>
      <ItemPrice>29.90</ItemPrice>
      <UnitOfMeasurePrice>29.90</UnitOfMeasurePrice>
      <AllowDiscount>0</AllowDiscount>
      <itemStatus>1</itemStatus>
      <LastUpdateDate />
      <LastUpdateTime />
    </Product>
    <Product>
      <PriceUpdateDate>2022/11/01 11:47</PriceUpdateDate>
      <ItemCode>649870165275</ItemCode>
      <ItemType>0</ItemType>
      <ItemName>בובת לטקס תרנגול) (7005</ItemName>
      <ManufactureName>שחורי אריה ואנסטסיה</ManufactureName>
      <ManufactureCountry />
      <ManufactureItemDescription />
      <UnitQty>'יח</UnitQty>
      <Quantity>1</Quantity>
      <UnitMeasure />
      <BisWeighted>0</BisWeighted>
      <QtyInPackage>1</QtyInPackage>
      <ItemPrice>29.90</ItemPrice>
      <UnitOfMeasurePrice>29.90</UnitOfMeasurePrice>
      <AllowDiscount>0</AllowDiscount>
      <itemStatus>1</itemStatus>
      <LastUpdateDate />
      <LastUpdateTime />
    </Product>
    <Product>
      <PriceUpdateDate>2022/11/01 11:47</PriceUpdateDate>
      <ItemCode>649870165305</ItemCode>
      <ItemType>0</ItemType>
      <ItemName>בובת לטקס היפו) (7007</ItemName>
      <ManufactureName>שחורי אריה ואנסטסיה</ManufactureName>
      <ManufactureCountry />
      <ManufactureItemDescription />
      <UnitQty>'יח</UnitQty>
      <Quantity>1</Quantity>
      <UnitMeasure />
      <BisWeighted>0</BisWeighted>
      <QtyInPackage>1</QtyInPackage>
      <ItemPrice>29.90</ItemPrice>
      <UnitOfMeasurePrice>29.90</UnitOfMeasurePrice>
      <AllowDiscount>0</AllowDiscount>
      <itemStatus>1</itemStatus>
      <LastUpdateDate />
      <LastUpdateTime />
    </Product>
    <Product>
      <PriceUpdateDate>2022/11/01 11:47</PriceUpdateDate>
      <ItemCode>649870165336</ItemCode>
      <ItemType>0</ItemType>
      <ItemName>צעצוע גומי חזק בצורת ענף (YJ1002צהוב  כח</ItemName>
      <ManufactureName>שחורי אריה ואנסטסיה</ManufactureName>
      <ManufactureCountry />
      <ManufactureItemDescription />
      <UnitQty>'יח</UnitQty>
      <Quantity>1</Quantity>
      <UnitMeasure />
      <BisWeighted>0</BisWeighted>
      <QtyInPackage>1</QtyInPackage>
      <ItemPrice>29.90</ItemPrice>
      <UnitOfMeasurePrice>29.90</UnitOfMeasurePrice>
      <AllowDiscount>0</AllowDiscount>
      <itemStatus>1</itemStatus>
      <LastUpdateDate />
      <LastUpdateTime />
    </Product>
    <Product>
      <PriceUpdateDate>2022/11/01 11:47</PriceUpdateDate>
      <ItemCode>649870165343</ItemCode>
      <ItemType>0</ItemType>
      <ItemName>צעצוע גומי חזק בצורת משקולת (YJ1003צהוב </ItemName>
      <ManufactureName>שחורי אריה ואנסטסיה</ManufactureName>
      <ManufactureCountry />
      <ManufactureItemDescription />
      <UnitQty>'יח</UnitQty>
      <Quantity>1</Quantity>
      <UnitMeasure />
      <BisWeighted>0</BisWeighted>
      <QtyInPackage>1</QtyInPackage>
      <ItemPrice>29.90</ItemPrice>
      <UnitOfMeasurePrice>29.90</UnitOfMeasurePrice>
      <AllowDiscount>0</AllowDiscount>
      <itemStatus>1</itemStatus>
      <LastUpdateDate />
      <LastUpdateTime />
    </Product>
    <Product>
      <PriceUpdateDate>2022/11/01 11:47</PriceUpdateDate>
      <ItemCode>649870165497</ItemCode>
      <ItemType>0</ItemType>
      <ItemName>בובת כרית מלבנית  לחתול(חום/ירוק/סגול)</ItemName>
      <ManufactureName>שחורי אריה ואנסטסיה</ManufactureName>
      <ManufactureCountry />
      <ManufactureItemDescription />
      <UnitQty>'יח</UnitQty>
      <Quantity>1</Quantity>
      <UnitMeasure />
      <BisWeighted>0</BisWeighted>
      <QtyInPackage>1</QtyInPackage>
      <ItemPrice>24.90</ItemPrice>
      <UnitOfMeasurePrice>24.90</UnitOfMeasurePrice>
      <AllowDiscount>0</AllowDiscount>
      <itemStatus>1</itemStatus>
      <LastUpdateDate />
      <LastUpdateTime />
    </Product>
    <Product>
      <PriceUpdateDate>2022/11/01 11:47</PriceUpdateDate>
      <ItemCode>649870165558</ItemCode>
      <ItemType>0</ItemType>
      <ItemName>חכה אוקינוס עם  נוצה+ קטניפ G004-01</ItemName>
      <ManufactureName>שחורי אריה ואנסטסיה</ManufactureName>
      <ManufactureCountry />
      <ManufactureItemDescription />
      <UnitQty>'יח</UnitQty>
      <Quantity>1</Quantity>
      <UnitMeasure />
      <BisWeighted>0</BisWeighted>
      <QtyInPackage>1</QtyInPackage>
      <ItemPrice>19.90</ItemPrice>
      <UnitOfMeasurePrice>19.90</UnitOfMeasurePrice>
      <AllowDiscount>0</AllowDiscount>
      <itemStatus>1</itemStatus>
      <LastUpdateDate />
      <LastUpdateTime />
    </Product>
    <Product>
      <PriceUpdateDate>2022/11/01 11:47</PriceUpdateDate>
      <ItemCode>649870165695</ItemCode>
      <ItemType>0</ItemType>
      <ItemName>חטיף נייטיב לכלב</ItemName>
      <ManufactureName>שחורי אריה ואנסטסיה</ManufactureName>
      <ManufactureCountry />
      <ManufactureItemDescription />
      <UnitQty>'יח</UnitQty>
      <Quantity>0.80</Quantity>
      <UnitMeasure>ל-100 גרם</UnitMeasure>
      <BisWeighted>0</BisWeighted>
      <QtyInPackage>1</QtyInPackage>
      <ItemPrice>15.90</ItemPrice>
      <UnitOfMeasurePrice>19.88</UnitOfMeasurePrice>
      <AllowDiscount>0</AllowDiscount>
      <itemStatus>1</itemStatus>
      <LastUpdateDate />
      <LastUpdateTime />
    </Product>
    <Product>
      <PriceUpdateDate>2022/11/01 11:47</PriceUpdateDate>
      <ItemCode>649870165701</ItemCode>
      <ItemType>0</ItemType>
      <ItemName>חטיף נייטיב לכלב</ItemName>
      <ManufactureName>שחורי אריה ואנסטסיה</ManufactureName>
      <ManufactureCountry />
      <ManufactureItemDescription />
      <UnitQty>'יח</UnitQty>
      <Quantity>0.80</Quantity>
      <UnitMeasure>ל-100 גרם</UnitMeasure>
      <BisWeighted>0</BisWeighted>
      <QtyInPackage>1</QtyInPackage>
      <ItemPrice>15.90</ItemPrice>
      <UnitOfMeasurePrice>19.88</UnitOfMeasurePrice>
      <AllowDiscount>0</AllowDiscount>
      <itemStatus>1</itemStatus>
      <LastUpdateDate />
      <LastUpdateTime />
    </Product>
    <Product>
      <PriceUpdateDate>2022/11/01 11:47</PriceUpdateDate>
      <ItemCode>649870165718</ItemCode>
      <ItemType>0</ItemType>
      <ItemName>חטיף נייטיב לכלב</ItemName>
      <ManufactureName>שחורי אריה ואנסטסיה</ManufactureName>
      <ManufactureCountry />
      <ManufactureItemDescription />
      <UnitQty>'יח</UnitQty>
      <Quantity>0.80</Quantity>
      <UnitMeasure>ל-100 גרם</UnitMeasure>
      <BisWeighted>0</BisWeighted>
      <QtyInPackage>1</QtyInPackage>
      <ItemPrice>15.90</ItemPrice>
      <UnitOfMeasurePrice>19.88</UnitOfMeasurePrice>
      <AllowDiscount>0</AllowDiscount>
      <itemStatus>1</itemStatus>
      <LastUpdateDate />
      <LastUpdateTime />
    </Product>
    <Product>
      <PriceUpdateDate>2022/11/01 11:47</PriceUpdateDate>
      <ItemCode>649870165725</ItemCode>
      <ItemType>0</ItemType>
      <ItemName>חטיף נייטיב לכלב</ItemName>
      <ManufactureName>שחורי אריה ואנסטסיה</ManufactureName>
      <ManufactureCountry />
      <ManufactureItemDescription />
      <UnitQty>'יח</UnitQty>
      <Quantity>0.80</Quantity>
      <UnitMeasure>ל-100 גרם</UnitMeasure>
      <BisWeighted>0</BisWeighted>
      <QtyInPackage>1</QtyInPackage>
      <ItemPrice>15.90</ItemPrice>
      <UnitOfMeasurePrice>19.88</UnitOfMeasurePrice>
      <AllowDiscount>0</AllowDiscount>
      <itemStatus>1</itemStatus>
      <LastUpdateDate />
      <LastUpdateTime />
    </Product>
    <Product>
      <PriceUpdateDate>2022/11/01 11:47</PriceUpdateDate>
      <ItemCode>649870165732</ItemCode>
      <ItemType>0</ItemType>
      <ItemName>חטיף נייטיב לכלב</ItemName>
      <ManufactureName>שחורי אריה ואנסטסיה</ManufactureName>
      <ManufactureCountry />
      <ManufactureItemDescription />
      <UnitQty>'יח</UnitQty>
      <Quantity>0.80</Quantity>
      <UnitMeasure>ל-100 גרם</UnitMeasure>
      <BisWeighted>0</BisWeighted>
      <QtyInPackage>1</QtyInPackage>
      <ItemPrice>15.90</ItemPrice>
      <UnitOfMeasurePrice>19.88</UnitOfMeasurePrice>
      <AllowDiscount>0</AllowDiscount>
      <itemStatus>1</itemStatus>
      <LastUpdateDate />
      <LastUpdateTime />
    </Product>
    <Product>
      <PriceUpdateDate>2022/11/01 11:47</PriceUpdateDate>
      <ItemCode>649870165879</ItemCode>
      <ItemType>0</ItemType>
      <ItemName>חכה עכבר FUZZY עם נוצות CT032 במארז 8יח</ItemName>
      <ManufactureName>שחורי אריה ואנסטסיה</ManufactureName>
      <ManufactureCountry />
      <ManufactureItemDescription />
      <UnitQty>'יח</UnitQty>
      <Quantity>1</Quantity>
      <UnitMeasure />
      <BisWeighted>0</BisWeighted>
      <QtyInPackage>1</QtyInPackage>
      <ItemPrice>19.90</ItemPrice>
      <UnitOfMeasurePrice>19.90</UnitOfMeasurePrice>
      <AllowDiscount>0</AllowDiscount>
      <itemStatus>1</itemStatus>
      <LastUpdateDate />
      <LastUpdateTime />
    </Product>
    <Product>
      <PriceUpdateDate>2022/11/01 11:47</PriceUpdateDate>
      <ItemCode>649870165954</ItemCode>
      <ItemType>0</ItemType>
      <ItemName>בובות פיקסל 4 סוגים DT6007</ItemName>
      <ManufactureName>שחורי אריה ואנסטסיה</ManufactureName>
      <ManufactureCountry />
      <ManufactureItemDescription />
      <UnitQty>'יח</UnitQty>
      <Quantity>1</Quantity>
      <UnitMeasure />
      <BisWeighted>0</BisWeighted>
      <QtyInPackage>1</QtyInPackage>
      <ItemPrice>39.90</ItemPrice>
      <UnitOfMeasurePrice>39.90</UnitOfMeasurePrice>
      <AllowDiscount>0</AllowDiscount>
      <itemStatus>1</itemStatus>
      <LastUpdateDate />
      <LastUpdateTime />
    </Product>
    <Product>
      <PriceUpdateDate>2022/11/01 11:47</PriceUpdateDate>
      <ItemCode>649870165978</ItemCode>
      <ItemType>0</ItemType>
      <ItemName>מארז 12 עכברים פרוותיים צבעוניים בתליה</ItemName>
      <ManufactureName>שחורי אריה ואנסטסיה</ManufactureName>
      <ManufactureCountry />
      <ManufactureItemDescription />
      <UnitQty>'יח</UnitQty>
      <Quantity>1</Quantity>
      <UnitMeasure />
      <BisWeighted>0</BisWeighted>
      <QtyInPackage>1</QtyInPackage>
      <ItemPrice>29.90</ItemPrice>
      <UnitOfMeasurePrice>29.90</UnitOfMeasurePrice>
      <AllowDiscount>0</AllowDiscount>
      <itemStatus>1</itemStatus>
      <LastUpdateDate />
      <LastUpdateTime />
    </Product>
    <Product>
      <PriceUpdateDate>2022/11/01 11:47</PriceUpdateDate>
      <ItemCode>649870165985</ItemCode>
      <ItemType>0</ItemType>
      <ItemName>עופות עם נוצות  תליה(תרנגולת/אווז/ברווז)</ItemName>
      <ManufactureName>שחורי אריה ואנסטסיה</ManufactureName>
      <ManufactureCountry />
      <ManufactureItemDescription />
      <UnitQty>'יח</UnitQty>
      <Quantity>1</Quantity>
      <UnitMeasure />
      <BisWeighted>0</BisWeighted>
      <QtyInPackage>1</QtyInPackage>
      <ItemPrice>29.90</ItemPrice>
      <UnitOfMeasurePrice>29.90</UnitOfMeasurePrice>
      <AllowDiscount>0</AllowDiscount>
      <itemStatus>1</itemStatus>
      <LastUpdateDate />
      <LastUpdateTime />
    </Product>
    <Product>
      <PriceUpdateDate>2022/11/01 11:47</PriceUpdateDate>
      <ItemCode>649870166081</ItemCode>
      <ItemType>0</ItemType>
      <ItemName>נייטיב בקר ברוטב לחתול 85 גרם</ItemName>
      <ManufactureName>שחורי אריה ואנסטסיה</ManufactureName>
      <ManufactureCountry />
      <ManufactureItemDescription />
      <UnitQty>'יח</UnitQty>
      <Quantity>0.85</Quantity>
      <UnitMeasure>ל-100 גרם</UnitMeasure>
      <BisWeighted>0</BisWeighted>
      <QtyInPackage>1</QtyInPackage>
      <ItemPrice>4.90</ItemPrice>
      <UnitOfMeasurePrice>5.76</UnitOfMeasurePrice>
      <AllowDiscount>0</AllowDiscount>
      <itemStatus>1</itemStatus>
      <LastUpdateDate />
      <LastUpdateTime />
    </Product>
    <Product>
      <PriceUpdateDate>2022/11/01 11:47</PriceUpdateDate>
      <ItemCode>649870166098</ItemCode>
      <ItemType>0</ItemType>
      <ItemName>נייטיב עוף ברוטב לחתול 85 גרם</ItemName>
      <ManufactureName>שחורי אריה ואנסטסיה</ManufactureName>
      <ManufactureCountry />
      <ManufactureItemDescription />
      <UnitQty>'יח</UnitQty>
      <Quantity>0.85</Quantity>
      <UnitMeasure>ל-100 גרם</UnitMeasure>
      <BisWeighted>0</BisWeighted>
      <QtyInPackage>1</QtyInPackage>
      <ItemPrice>4.90</ItemPrice>
      <UnitOfMeasurePrice>5.76</UnitOfMeasurePrice>
      <AllowDiscount>0</AllowDiscount>
      <itemStatus>1</itemStatus>
      <LastUpdateDate />
      <LastUpdateTime />
    </Product>
    <Product>
      <PriceUpdateDate>2022/11/01 11:47</PriceUpdateDate>
      <ItemCode>649870166104</ItemCode>
      <ItemType>0</ItemType>
      <ItemName>נייטיב דגים ברוטב לחתול 85 גרם</ItemName>
      <ManufactureName>שחורי אריה ואנסטסיה</ManufactureName>
      <ManufactureCountry />
      <ManufactureItemDescription />
      <UnitQty>'יח</UnitQty>
      <Quantity>0.85</Quantity>
      <UnitMeasure>ל-100 גרם</UnitMeasure>
      <BisWeighted>0</BisWeighted>
      <QtyInPackage>1</QtyInPackage>
      <ItemPrice>4.90</ItemPrice>
      <UnitOfMeasurePrice>5.76</UnitOfMeasurePrice>
      <AllowDiscount>0</AllowDiscount>
      <itemStatus>1</itemStatus>
      <LastUpdateDate />
      <LastUpdateTime />
    </Product>
    <Product>
      <PriceUpdateDate>2022/11/01 11:47</PriceUpdateDate>
      <ItemCode>649870166111</ItemCode>
      <ItemType>0</ItemType>
      <ItemName>נייטיב כבש ברוטב לחתול 85 גרם</ItemName>
      <ManufactureName>שחורי אריה ואנסטסיה</ManufactureName>
      <ManufactureCountry />
      <ManufactureItemDescription />
      <UnitQty>'יח</UnitQty>
      <Quantity>0.85</Quantity>
      <UnitMeasure>ל-100 גרם</UnitMeasure>
      <BisWeighted>0</BisWeighted>
      <QtyInPackage>1</QtyInPackage>
      <ItemPrice>4.90</ItemPrice>
      <UnitOfMeasurePrice>5.76</UnitOfMeasurePrice>
      <AllowDiscount>0</AllowDiscount>
      <itemStatus>1</itemStatus>
      <LastUpdateDate />
      <LastUpdateTime />
    </Product>
    <Product>
      <PriceUpdateDate>2022/11/01 11:47</PriceUpdateDate>
      <ItemCode>649870166128</ItemCode>
      <ItemType>0</ItemType>
      <ItemName>נייטיב סלמון ברוטב לחתול 85 גרם</ItemName>
      <ManufactureName>שחורי אריה ואנסטסיה</ManufactureName>
      <ManufactureCountry />
      <ManufactureItemDescription />
      <UnitQty>'יח</UnitQty>
      <Quantity>0.85</Quantity>
      <UnitMeasure>ל-100 גרם</UnitMeasure>
      <BisWeighted>0</BisWeighted>
      <QtyInPackage>1</QtyInPackage>
      <ItemPrice>4.90</ItemPrice>
      <UnitOfMeasurePrice>5.76</UnitOfMeasurePrice>
      <AllowDiscount>0</AllowDiscount>
      <itemStatus>1</itemStatus>
      <LastUpdateDate />
      <LastUpdateTime />
    </Product>
    <Product>
      <PriceUpdateDate>2022/11/01 11:47</PriceUpdateDate>
      <ItemCode>649870166135</ItemCode>
      <ItemType>0</ItemType>
      <ItemName>נייטיב טונה ברוטב לחתול 85 גרם</ItemName>
      <ManufactureName>שחורי אריה ואנסטסיה</ManufactureName>
      <ManufactureCountry />
      <ManufactureItemDescription />
      <UnitQty>'יח</UnitQty>
      <Quantity>0.85</Quantity>
      <UnitMeasure>ל-100 גרם</UnitMeasure>
      <BisWeighted>0</BisWeighted>
      <QtyInPackage>1</QtyInPackage>
      <ItemPrice>4.90</ItemPrice>
      <UnitOfMeasurePrice>5.76</UnitOfMeasurePrice>
      <AllowDiscount>0</AllowDiscount>
      <itemStatus>1</itemStatus>
      <LastUpdateDate />
      <LastUpdateTime />
    </Product>
    <Product>
      <PriceUpdateDate>2022/11/01 11:47</PriceUpdateDate>
      <ItemCode>649870166142</ItemCode>
      <ItemType>0</ItemType>
      <ItemName>נייטיב פטה עוף לגור חתול 85 גרם</ItemName>
      <ManufactureName>שחורי אריה ואנסטסיה</ManufactureName>
      <ManufactureCountry />
      <ManufactureItemDescription />
      <UnitQty>'יח</UnitQty>
      <Quantity>0.85</Quantity>
      <UnitMeasure>ל-100 גרם</UnitMeasure>
      <BisWeighted>0</BisWeighted>
      <QtyInPackage>1</QtyInPackage>
      <ItemPrice>4.90</ItemPrice>
      <UnitOfMeasurePrice>5.76</UnitOfMeasurePrice>
      <AllowDiscount>0</AllowDiscount>
      <itemStatus>1</itemStatus>
      <LastUpdateDate />
      <LastUpdateTime />
    </Product>
    <Product>
      <PriceUpdateDate>2022/11/01 11:47</PriceUpdateDate>
      <ItemCode>649870166159</ItemCode>
      <ItemType>0</ItemType>
      <ItemName>נייטיב פטה בקר לחתול 85 גרם</ItemName>
      <ManufactureName>שחורי אריה ואנסטסיה</ManufactureName>
      <ManufactureCountry />
      <ManufactureItemDescription />
      <UnitQty>'יח</UnitQty>
      <Quantity>0.85</Quantity>
      <UnitMeasure>ל-100 גרם</UnitMeasure>
      <BisWeighted>0</BisWeighted>
      <QtyInPackage>1</QtyInPackage>
      <ItemPrice>4.90</ItemPrice>
      <UnitOfMeasurePrice>5.76</UnitOfMeasurePrice>
      <AllowDiscount>0</AllowDiscount>
      <itemStatus>1</itemStatus>
      <LastUpdateDate />
      <LastUpdateTime />
    </Product>
    <Product>
      <PriceUpdateDate>2022/11/01 11:47</PriceUpdateDate>
      <ItemCode>649870166166</ItemCode>
      <ItemType>0</ItemType>
      <ItemName>נייטיב פטה עוף לחתול בוגר 85 גרם</ItemName>
      <ManufactureName>שחורי אריה ואנסטסיה</ManufactureName>
      <ManufactureCountry />
      <ManufactureItemDescription />
      <UnitQty>'יח</UnitQty>
      <Quantity>0.85</Quantity>
      <UnitMeasure>ל-100 גרם</UnitMeasure>
      <BisWeighted>0</BisWeighted>
      <QtyInPackage>1</QtyInPackage>
      <ItemPrice>4.90</ItemPrice>
      <UnitOfMeasurePrice>5.76</UnitOfMeasurePrice>
      <AllowDiscount>0</AllowDiscount>
      <itemStatus>1</itemStatus>
      <LastUpdateDate />
      <LastUpdateTime />
    </Product>
    <Product>
      <PriceUpdateDate>2022/11/01 11:47</PriceUpdateDate>
      <ItemCode>649870166173</ItemCode>
      <ItemType>0</ItemType>
      <ItemName>נייטיב פטה ברווז לחתול 85 גרם</ItemName>
      <ManufactureName>שחורי אריה ואנסטסיה</ManufactureName>
      <ManufactureCountry />
      <ManufactureItemDescription />
      <UnitQty>'יח</UnitQty>
      <Quantity>0.85</Quantity>
      <UnitMeasure>ל-100 גרם</UnitMeasure>
      <BisWeighted>0</BisWeighted>
      <QtyInPackage>1</QtyInPackage>
      <ItemPrice>4.90</ItemPrice>
      <UnitOfMeasurePrice>5.76</UnitOfMeasurePrice>
      <AllowDiscount>0</AllowDiscount>
      <itemStatus>1</itemStatus>
      <LastUpdateDate />
      <LastUpdateTime />
    </Product>
    <Product>
      <PriceUpdateDate>2022/11/01 11:47</PriceUpdateDate>
      <ItemCode>649870166180</ItemCode>
      <ItemType>0</ItemType>
      <ItemName>נייטיב פטה סלמון לחתול 85 גרם</ItemName>
      <ManufactureName>שחורי אריה ואנסטסיה</ManufactureName>
      <ManufactureCountry />
      <ManufactureItemDescription />
      <UnitQty>'יח</UnitQty>
      <Quantity>0.85</Quantity>
      <UnitMeasure>ל-100 גרם</UnitMeasure>
      <BisWeighted>0</BisWeighted>
      <QtyInPackage>1</QtyInPackage>
      <ItemPrice>4.90</ItemPrice>
      <UnitOfMeasurePrice>5.76</UnitOfMeasurePrice>
      <AllowDiscount>0</AllowDiscount>
      <itemStatus>1</itemStatus>
      <LastUpdateDate />
      <LastUpdateTime />
    </Product>
    <Product>
      <PriceUpdateDate>2022/11/01 11:47</PriceUpdateDate>
      <ItemCode>649870166197</ItemCode>
      <ItemType>0</ItemType>
      <ItemName>צעצוע גומי FLOAT בצורת פלוס -PC1114</ItemName>
      <ManufactureName>שחורי אריה ואנסטסיה</ManufactureName>
      <ManufactureCountry />
      <ManufactureItemDescription />
      <UnitQty>'יח</UnitQty>
      <Quantity>1</Quantity>
      <UnitMeasure />
      <BisWeighted>0</BisWeighted>
      <QtyInPackage>1</QtyInPackage>
      <ItemPrice>39.90</ItemPrice>
      <UnitOfMeasurePrice>39.90</UnitOfMeasurePrice>
      <AllowDiscount>0</AllowDiscount>
      <itemStatus>1</itemStatus>
      <LastUpdateDate />
      <LastUpdateTime />
    </Product>
    <Product>
      <PriceUpdateDate>2022/11/01 11:47</PriceUpdateDate>
      <ItemCode>649870166203</ItemCode>
      <ItemType>0</ItemType>
      <ItemName>צעצוע גומי FLOAT בצורת כדור -PC1115</ItemName>
      <ManufactureName>שחורי אריה ואנסטסיה</ManufactureName>
      <ManufactureCountry />
      <ManufactureItemDescription />
      <UnitQty>'יח</UnitQty>
      <Quantity>1</Quantity>
      <UnitMeasure />
      <BisWeighted>0</BisWeighted>
      <QtyInPackage>1</QtyInPackage>
      <ItemPrice>39.90</ItemPrice>
      <UnitOfMeasurePrice>39.90</UnitOfMeasurePrice>
      <AllowDiscount>0</AllowDiscount>
      <itemStatus>1</itemStatus>
      <LastUpdateDate />
      <LastUpdateTime />
    </Product>
    <Product>
      <PriceUpdateDate>2022/11/01 11:47</PriceUpdateDate>
      <ItemCode>649870166210</ItemCode>
      <ItemType>0</ItemType>
      <ItemName>צעצוע גומי FLOAT בצורת מקל -PC1116</ItemName>
      <ManufactureName>שחורי אריה ואנסטסיה</ManufactureName>
      <ManufactureCountry />
      <ManufactureItemDescription />
      <UnitQty>'יח</UnitQty>
      <Quantity>1</Quantity>
      <UnitMeasure />
      <BisWeighted>0</BisWeighted>
      <QtyInPackage>1</QtyInPackage>
      <ItemPrice>39.90</ItemPrice>
      <UnitOfMeasurePrice>39.90</UnitOfMeasurePrice>
      <AllowDiscount>0</AllowDiscount>
      <itemStatus>1</itemStatus>
      <LastUpdateDate />
      <LastUpdateTime />
    </Product>
    <Product>
      <PriceUpdateDate>2022/11/01 11:47</PriceUpdateDate>
      <ItemCode>649870166227</ItemCode>
      <ItemType>0</ItemType>
      <ItemName>צעצוע גומי FLOAT בצורת משקולת -PC1117</ItemName>
      <ManufactureName>שחורי אריה ואנסטסיה</ManufactureName>
      <ManufactureCountry />
      <ManufactureItemDescription />
      <UnitQty>'יח</UnitQty>
      <Quantity>1</Quantity>
      <UnitMeasure />
      <BisWeighted>0</BisWeighted>
      <QtyInPackage>1</QtyInPackage>
      <ItemPrice>39.90</ItemPrice>
      <UnitOfMeasurePrice>39.90</UnitOfMeasurePrice>
      <AllowDiscount>0</AllowDiscount>
      <itemStatus>1</itemStatus>
      <LastUpdateDate />
      <LastUpdateTime />
    </Product>
    <Product>
      <PriceUpdateDate>2022/11/01 11:47</PriceUpdateDate>
      <ItemCode>649870166296</ItemCode>
      <ItemType>0</ItemType>
      <ItemName>בובת עצם חבל לכלב</ItemName>
      <ManufactureName>שחורי אריה ואנסטסיה</ManufactureName>
      <ManufactureCountry />
      <ManufactureItemDescription />
      <UnitQty>'יח</UnitQty>
      <Quantity>1</Quantity>
      <UnitMeasure />
      <BisWeighted>0</BisWeighted>
      <QtyInPackage>1</QtyInPackage>
      <ItemPrice>39.90</ItemPrice>
      <UnitOfMeasurePrice>39.90</UnitOfMeasurePrice>
      <AllowDiscount>0</AllowDiscount>
      <itemStatus>1</itemStatus>
      <LastUpdateDate />
      <LastUpdateTime />
    </Product>
    <Product>
      <PriceUpdateDate>2022/11/01 11:47</PriceUpdateDate>
      <ItemCode>649870166340</ItemCode>
      <ItemType>0</ItemType>
      <ItemName>בובה אולטרה סוניק לכלב</ItemName>
      <ManufactureName>שחורי אריה ואנסטסיה</ManufactureName>
      <ManufactureCountry />
      <ManufactureItemDescription />
      <UnitQty>'יח</UnitQty>
      <Quantity>1</Quantity>
      <UnitMeasure />
      <BisWeighted>0</BisWeighted>
      <QtyInPackage>1</QtyInPackage>
      <ItemPrice>39.90</ItemPrice>
      <UnitOfMeasurePrice>39.90</UnitOfMeasurePrice>
      <AllowDiscount>0</AllowDiscount>
      <itemStatus>1</itemStatus>
      <LastUpdateDate />
      <LastUpdateTime />
    </Product>
    <Product>
      <PriceUpdateDate>2022/11/01 11:47</PriceUpdateDate>
      <ItemCode>649870166944</ItemCode>
      <ItemType>0</ItemType>
      <ItemName>בובת חבל לכלב</ItemName>
      <ManufactureName>שחורי אריה ואנסטסיה</ManufactureName>
      <ManufactureCountry />
      <ManufactureItemDescription />
      <UnitQty>'יח</UnitQty>
      <Quantity>1</Quantity>
      <UnitMeasure />
      <BisWeighted>0</BisWeighted>
      <QtyInPackage>1</QtyInPackage>
      <ItemPrice>39.90</ItemPrice>
      <UnitOfMeasurePrice>39.90</UnitOfMeasurePrice>
      <AllowDiscount>0</AllowDiscount>
      <itemStatus>1</itemStatus>
      <LastUpdateDate />
      <LastUpdateTime />
    </Product>
    <Product>
      <PriceUpdateDate>2022/11/01 11:47</PriceUpdateDate>
      <ItemCode>649870166968</ItemCode>
      <ItemType>0</ItemType>
      <ItemName>פריסבי לכלב</ItemName>
      <ManufactureName>שחורי אריה ואנסטסיה</ManufactureName>
      <ManufactureCountry />
      <ManufactureItemDescription />
      <UnitQty>'יח</UnitQty>
      <Quantity>1</Quantity>
      <UnitMeasure />
      <BisWeighted>0</BisWeighted>
      <QtyInPackage>1</QtyInPackage>
      <ItemPrice>49.90</ItemPrice>
      <UnitOfMeasurePrice>49.90</UnitOfMeasurePrice>
      <AllowDiscount>0</AllowDiscount>
      <itemStatus>1</itemStatus>
      <LastUpdateDate />
      <LastUpdateTime />
    </Product>
    <Product>
      <PriceUpdateDate>2021/11/10 10:16</PriceUpdateDate>
      <ItemCode>693493065641</ItemCode>
      <ItemType>0</ItemType>
      <ItemName>טחינה הר כנען 500 גרם</ItemName>
      <ManufactureName>אבאל יזמות בעמ</ManufactureName>
      <ManufactureCountry />
      <ManufactureItemDescription />
      <UnitQty>'יח</UnitQty>
      <Quantity>1</Quantity>
      <UnitMeasure />
      <BisWeighted>0</BisWeighted>
      <QtyInPackage>1</QtyInPackage>
      <ItemPrice>14.90</ItemPrice>
      <UnitOfMeasurePrice>14.90</UnitOfMeasurePrice>
      <AllowDiscount>0</AllowDiscount>
      <itemStatus>1</itemStatus>
      <LastUpdateDate />
      <LastUpdateTime />
    </Product>
    <Product>
      <PriceUpdateDate>2021/12/12 07:26</PriceUpdateDate>
      <ItemCode>693493102575</ItemCode>
      <ItemType>0</ItemType>
      <ItemName>שרי ארוז</ItemName>
      <ManufactureName>ביכורי השדה הצפון בעמ` 1964</ManufactureName>
      <ManufactureCountry />
      <ManufactureItemDescription />
      <UnitQty>'יח</UnitQty>
      <Quantity>1</Quantity>
      <UnitMeasure />
      <BisWeighted>0</BisWeighted>
      <QtyInPackage>1</QtyInPackage>
      <ItemPrice>9.90</ItemPrice>
      <UnitOfMeasurePrice>9.90</UnitOfMeasurePrice>
      <AllowDiscount>0</AllowDiscount>
      <itemStatus>1</itemStatus>
      <LastUpdateDate />
      <LastUpdateTime />
    </Product>
    <Product>
      <PriceUpdateDate>2020/08/31 16:59</PriceUpdateDate>
      <ItemCode>724353783822</ItemCode>
      <ItemType>0</ItemType>
      <ItemName>תמר מג`הול</ItemName>
      <ManufactureName>ביכורי השדה הצפון בעמ` 1964</ManufactureName>
      <ManufactureCountry />
      <ManufactureItemDescription />
      <UnitQty>'יח</UnitQty>
      <Quantity>1</Quantity>
      <UnitMeasure />
      <BisWeighted>0</BisWeighted>
      <QtyInPackage>1</QtyInPackage>
      <ItemPrice>19.90</ItemPrice>
      <UnitOfMeasurePrice>19.90</UnitOfMeasurePrice>
      <AllowDiscount>0</AllowDiscount>
      <itemStatus>1</itemStatus>
      <LastUpdateDate />
      <LastUpdateTime />
    </Product>
    <Product>
      <PriceUpdateDate>2019/01/16 14:45</PriceUpdateDate>
      <ItemCode>728229123590</ItemCode>
      <ItemType>0</ItemType>
      <ItemName>חטיף טרה צ`יפס מיקס</ItemName>
      <ManufactureName>משה סידס ובנו בעמ</ManufactureName>
      <ManufactureCountry />
      <ManufactureItemDescription />
      <UnitQty>'יח</UnitQty>
      <Quantity>1.10</Quantity>
      <UnitMeasure>ל-100 גרם</UnitMeasure>
      <BisWeighted>0</BisWeighted>
      <QtyInPackage>1</QtyInPackage>
      <ItemPrice>14.90</ItemPrice>
      <UnitOfMeasurePrice>13.55</UnitOfMeasurePrice>
      <AllowDiscount>0</AllowDiscount>
      <itemStatus>1</itemStatus>
      <LastUpdateDate />
      <LastUpdateTime />
    </Product>
    <Product>
      <PriceUpdateDate>2019/01/16 14:45</PriceUpdateDate>
      <ItemCode>728229123811</ItemCode>
      <ItemType>0</ItemType>
      <ItemName>טרה Mediterranean חטיף צ`יפס 110 גרם</ItemName>
      <ManufactureName>משה סידס ובנו בעמ</ManufactureName>
      <ManufactureCountry />
      <ManufactureItemDescription />
      <UnitQty>'יח</UnitQty>
      <Quantity>1.10</Quantity>
      <UnitMeasure>ל-100 גרם</UnitMeasure>
      <BisWeighted>0</BisWeighted>
      <QtyInPackage>1</QtyInPackage>
      <ItemPrice>14.90</ItemPrice>
      <UnitOfMeasurePrice>13.55</UnitOfMeasurePrice>
      <AllowDiscount>0</AllowDiscount>
      <itemStatus>1</itemStatus>
      <LastUpdateDate />
      <LastUpdateTime />
    </Product>
    <Product>
      <PriceUpdateDate>2019/01/16 14:45</PriceUpdateDate>
      <ItemCode>728229124764</ItemCode>
      <ItemType>0</ItemType>
      <ItemName>חטיף צ`יפס מבטטה בטעם ברביקיו</ItemName>
      <ManufactureName>משה סידס ובנו בעמ</ManufactureName>
      <ManufactureCountry />
      <ManufactureItemDescription />
      <UnitQty>'יח</UnitQty>
      <Quantity>1.10</Quantity>
      <UnitMeasure>ל-100 גרם</UnitMeasure>
      <BisWeighted>0</BisWeighted>
      <QtyInPackage>1</QtyInPackage>
      <ItemPrice>14.90</ItemPrice>
      <UnitOfMeasurePrice>13.55</UnitOfMeasurePrice>
      <AllowDiscount>0</AllowDiscount>
      <itemStatus>1</itemStatus>
      <LastUpdateDate />
      <LastUpdateTime />
    </Product>
    <Product>
      <PriceUpdateDate>2019/01/16 14:45</PriceUpdateDate>
      <ItemCode>728229130154</ItemCode>
      <ItemType>0</ItemType>
      <ItemName>חטיף צ`יפס מבטטה וסלק</ItemName>
      <ManufactureName>משה סידס ובנו בעמ</ManufactureName>
      <ManufactureCountry />
      <ManufactureItemDescription />
      <UnitQty>'יח</UnitQty>
      <Quantity>1.10</Quantity>
      <UnitMeasure>ל-100 גרם</UnitMeasure>
      <BisWeighted>0</BisWeighted>
      <QtyInPackage>1</QtyInPackage>
      <ItemPrice>14.90</ItemPrice>
      <UnitOfMeasurePrice>13.55</UnitOfMeasurePrice>
      <AllowDiscount>0</AllowDiscount>
      <itemStatus>1</itemStatus>
      <LastUpdateDate />
      <LastUpdateTime />
    </Product>
    <Product>
      <PriceUpdateDate>2022/01/03 13:05</PriceUpdateDate>
      <ItemCode>728229130444</ItemCode>
      <ItemType>0</ItemType>
      <ItemName>חטיף צ`יפס מירקות אקזוטיים כחולים עם מ</ItemName>
      <ManufactureName>משה סידס ובנו בעמ</ManufactureName>
      <ManufactureCountry />
      <ManufactureItemDescription />
      <UnitQty>'יח</UnitQty>
      <Quantity>1.10</Quantity>
      <UnitMeasure>ל-100 גרם</UnitMeasure>
      <BisWeighted>0</BisWeighted>
      <QtyInPackage>1</QtyInPackage>
      <ItemPrice>14.90</ItemPrice>
      <UnitOfMeasurePrice>13.55</UnitOfMeasurePrice>
      <AllowDiscount>0</AllowDiscount>
      <itemStatus>1</itemStatus>
      <LastUpdateDate />
      <LastUpdateTime />
    </Product>
    <Product>
      <PriceUpdateDate>2022/11/01 11:47</PriceUpdateDate>
      <ItemCode>742797802138</ItemCode>
      <ItemType>0</ItemType>
      <ItemName>שמפו אוטדור בניחוח לימון 475 צל</ItemName>
      <ManufactureName>שחורי אריה ואנסטסיה</ManufactureName>
      <ManufactureCountry />
      <ManufactureItemDescription />
      <UnitQty>'יח</UnitQty>
      <Quantity>4.75</Quantity>
      <UnitMeasure>ל-100 מ"ל</UnitMeasure>
      <BisWeighted>0</BisWeighted>
      <QtyInPackage>1</QtyInPackage>
      <ItemPrice>59.90</ItemPrice>
      <UnitOfMeasurePrice>12.61</UnitOfMeasurePrice>
      <AllowDiscount>0</AllowDiscount>
      <itemStatus>1</itemStatus>
      <LastUpdateDate />
      <LastUpdateTime />
    </Product>
    <Product>
      <PriceUpdateDate>2022/11/01 11:47</PriceUpdateDate>
      <ItemCode>742797802145</ItemCode>
      <ItemType>0</ItemType>
      <ItemName>שמפו לגורים בניחוח טאלק 475 מל</ItemName>
      <ManufactureName>שחורי אריה ואנסטסיה</ManufactureName>
      <ManufactureCountry />
      <ManufactureItemDescription />
      <UnitQty>'יח</UnitQty>
      <Quantity>4.75</Quantity>
      <UnitMeasure>ל-100 מ"ל</UnitMeasure>
      <BisWeighted>0</BisWeighted>
      <QtyInPackage>1</QtyInPackage>
      <ItemPrice>59.90</ItemPrice>
      <UnitOfMeasurePrice>12.61</UnitOfMeasurePrice>
      <AllowDiscount>0</AllowDiscount>
      <itemStatus>1</itemStatus>
      <LastUpdateDate />
      <LastUpdateTime />
    </Product>
    <Product>
      <PriceUpdateDate>2022/11/01 11:47</PriceUpdateDate>
      <ItemCode>742797802152</ItemCode>
      <ItemType>0</ItemType>
      <ItemName>שמפו שיבולת שועל בניחוח וניל 475 מל</ItemName>
      <ManufactureName>שחורי אריה ואנסטסיה</ManufactureName>
      <ManufactureCountry />
      <ManufactureItemDescription />
      <UnitQty>'יח</UnitQty>
      <Quantity>4.75</Quantity>
      <UnitMeasure>ל-100 מ"ל</UnitMeasure>
      <BisWeighted>0</BisWeighted>
      <QtyInPackage>1</QtyInPackage>
      <ItemPrice>59.90</ItemPrice>
      <UnitOfMeasurePrice>12.61</UnitOfMeasurePrice>
      <AllowDiscount>0</AllowDiscount>
      <itemStatus>1</itemStatus>
      <LastUpdateDate />
      <LastUpdateTime />
    </Product>
    <Product>
      <PriceUpdateDate>2022/11/01 11:47</PriceUpdateDate>
      <ItemCode>742797802169</ItemCode>
      <ItemType>0</ItemType>
      <ItemName>שמפו לרענון בניחוח תות יער 475 מל</ItemName>
      <ManufactureName>שחורי אריה ואנסטסיה</ManufactureName>
      <ManufactureCountry />
      <ManufactureItemDescription />
      <UnitQty>'יח</UnitQty>
      <Quantity>4.75</Quantity>
      <UnitMeasure>ל-100 מ"ל</UnitMeasure>
      <BisWeighted>0</BisWeighted>
      <QtyInPackage>1</QtyInPackage>
      <ItemPrice>59.90</ItemPrice>
      <UnitOfMeasurePrice>12.61</UnitOfMeasurePrice>
      <AllowDiscount>0</AllowDiscount>
      <itemStatus>1</itemStatus>
      <LastUpdateDate />
      <LastUpdateTime />
    </Product>
    <Product>
      <PriceUpdateDate>2022/11/01 11:47</PriceUpdateDate>
      <ItemCode>742797802176</ItemCode>
      <ItemType>0</ItemType>
      <ItemName>תרסיס דאודורנט 350 מל</ItemName>
      <ManufactureName>שחורי אריה ואנסטסיה</ManufactureName>
      <ManufactureCountry />
      <ManufactureItemDescription />
      <UnitQty>'יח</UnitQty>
      <Quantity>3.50</Quantity>
      <UnitMeasure>ל-100 מ"ל</UnitMeasure>
      <BisWeighted>0</BisWeighted>
      <QtyInPackage>1</QtyInPackage>
      <ItemPrice>39.90</ItemPrice>
      <UnitOfMeasurePrice>11.40</UnitOfMeasurePrice>
      <AllowDiscount>0</AllowDiscount>
      <itemStatus>1</itemStatus>
      <LastUpdateDate />
      <LastUpdateTime />
    </Product>
    <Product>
      <PriceUpdateDate>2022/11/01 11:47</PriceUpdateDate>
      <ItemCode>742797802206</ItemCode>
      <ItemType>0</ItemType>
      <ItemName>מטליות גוף מולטי פוליש בניחוח תות יער 50</ItemName>
      <ManufactureName>שחורי אריה ואנסטסיה</ManufactureName>
      <ManufactureCountry />
      <ManufactureItemDescription />
      <UnitQty>'יח</UnitQty>
      <Quantity>1</Quantity>
      <UnitMeasure />
      <BisWeighted>0</BisWeighted>
      <QtyInPackage>1</QtyInPackage>
      <ItemPrice>39.90</ItemPrice>
      <UnitOfMeasurePrice>39.90</UnitOfMeasurePrice>
      <AllowDiscount>0</AllowDiscount>
      <itemStatus>1</itemStatus>
      <LastUpdateDate />
      <LastUpdateTime />
    </Product>
    <Product>
      <PriceUpdateDate>2022/11/01 11:47</PriceUpdateDate>
      <ItemCode>742797807096</ItemCode>
      <ItemType>0</ItemType>
      <ItemName>שמפו סופר מרענן 590 מל</ItemName>
      <ManufactureName>שחורי אריה ואנסטסיה</ManufactureName>
      <ManufactureCountry />
      <ManufactureItemDescription />
      <UnitQty>'יח</UnitQty>
      <Quantity>5.90</Quantity>
      <UnitMeasure>ל-100 מ"ל</UnitMeasure>
      <BisWeighted>0</BisWeighted>
      <QtyInPackage>1</QtyInPackage>
      <ItemPrice>69.90</ItemPrice>
      <UnitOfMeasurePrice>11.85</UnitOfMeasurePrice>
      <AllowDiscount>0</AllowDiscount>
      <itemStatus>1</itemStatus>
      <LastUpdateDate />
      <LastUpdateTime />
    </Product>
    <Product>
      <PriceUpdateDate>2022/11/01 11:47</PriceUpdateDate>
      <ItemCode>742797814216</ItemCode>
      <ItemType>0</ItemType>
      <ItemName>מנטרל ריח ומסיר כתמים 946 מל</ItemName>
      <ManufactureName>שחורי אריה ואנסטסיה</ManufactureName>
      <ManufactureCountry />
      <ManufactureItemDescription />
      <UnitQty>'יח</UnitQty>
      <Quantity>9.46</Quantity>
      <UnitMeasure>ל-100 מ"ל</UnitMeasure>
      <BisWeighted>0</BisWeighted>
      <QtyInPackage>1</QtyInPackage>
      <ItemPrice>69.90</ItemPrice>
      <UnitOfMeasurePrice>7.39</UnitOfMeasurePrice>
      <AllowDiscount>0</AllowDiscount>
      <itemStatus>1</itemStatus>
      <LastUpdateDate />
      <LastUpdateTime />
    </Product>
    <Product>
      <PriceUpdateDate>2022/11/01 11:47</PriceUpdateDate>
      <ItemCode>742797815169</ItemCode>
      <ItemType>0</ItemType>
      <ItemName>שמפו עם מרכך על בסיס מלפפון בניחוח מנטה</ItemName>
      <ManufactureName>שחורי אריה ואנסטסיה</ManufactureName>
      <ManufactureCountry />
      <ManufactureItemDescription />
      <UnitQty>'יח</UnitQty>
      <Quantity>5.32</Quantity>
      <UnitMeasure>ל-100 מ"ל</UnitMeasure>
      <BisWeighted>0</BisWeighted>
      <QtyInPackage>1</QtyInPackage>
      <ItemPrice>69.90</ItemPrice>
      <UnitOfMeasurePrice>13.14</UnitOfMeasurePrice>
      <AllowDiscount>0</AllowDiscount>
      <itemStatus>1</itemStatus>
      <LastUpdateDate />
      <LastUpdateTime />
    </Product>
    <Product>
      <PriceUpdateDate>2022/11/01 11:47</PriceUpdateDate>
      <ItemCode>742797815183</ItemCode>
      <ItemType>0</ItemType>
      <ItemName>ספריי דאודורנט בניחוח פרחי קיווי 236 מל</ItemName>
      <ManufactureName>שחורי אריה ואנסטסיה</ManufactureName>
      <ManufactureCountry />
      <ManufactureItemDescription />
      <UnitQty>'יח</UnitQty>
      <Quantity>2.36</Quantity>
      <UnitMeasure>ל-100 מ"ל</UnitMeasure>
      <BisWeighted>0</BisWeighted>
      <QtyInPackage>1</QtyInPackage>
      <ItemPrice>39.90</ItemPrice>
      <UnitOfMeasurePrice>16.91</UnitOfMeasurePrice>
      <AllowDiscount>0</AllowDiscount>
      <itemStatus>1</itemStatus>
      <LastUpdateDate />
      <LastUpdateTime />
    </Product>
    <Product>
      <PriceUpdateDate>2022/11/01 11:47</PriceUpdateDate>
      <ItemCode>742797856735</ItemCode>
      <ItemType>0</ItemType>
      <ItemName>מחזיק שקיות שקי  קקי+ 2 גלילים בניחוח אנ</ItemName>
      <ManufactureName>שחורי אריה ואנסטסיה</ManufactureName>
      <ManufactureCountry />
      <ManufactureItemDescription />
      <UnitQty>'יח</UnitQty>
      <Quantity>1</Quantity>
      <UnitMeasure />
      <BisWeighted>0</BisWeighted>
      <QtyInPackage>1</QtyInPackage>
      <ItemPrice>29.90</ItemPrice>
      <UnitOfMeasurePrice>29.90</UnitOfMeasurePrice>
      <AllowDiscount>0</AllowDiscount>
      <itemStatus>1</itemStatus>
      <LastUpdateDate />
      <LastUpdateTime />
    </Product>
    <Product>
      <PriceUpdateDate>2022/11/01 11:47</PriceUpdateDate>
      <ItemCode>742797858791</ItemCode>
      <ItemType>0</ItemType>
      <ItemName>שמפו נגד גירודים בניחוח מנגו 475 מל</ItemName>
      <ManufactureName>שחורי אריה ואנסטסיה</ManufactureName>
      <ManufactureCountry />
      <ManufactureItemDescription />
      <UnitQty>'יח</UnitQty>
      <Quantity>4.75</Quantity>
      <UnitMeasure>ל-100 מ"ל</UnitMeasure>
      <BisWeighted>0</BisWeighted>
      <QtyInPackage>1</QtyInPackage>
      <ItemPrice>59.90</ItemPrice>
      <UnitOfMeasurePrice>12.61</UnitOfMeasurePrice>
      <AllowDiscount>0</AllowDiscount>
      <itemStatus>1</itemStatus>
      <LastUpdateDate />
      <LastUpdateTime />
    </Product>
    <Product>
      <PriceUpdateDate>2022/11/01 11:47</PriceUpdateDate>
      <ItemCode>742797873688</ItemCode>
      <ItemType>0</ItemType>
      <ItemName>שמפו לגורי חתולים בניחוח וניל 590 מל</ItemName>
      <ManufactureName>שחורי אריה ואנסטסיה</ManufactureName>
      <ManufactureCountry />
      <ManufactureItemDescription />
      <UnitQty>'יח</UnitQty>
      <Quantity>5.90</Quantity>
      <UnitMeasure>ל-100 מ"ל</UnitMeasure>
      <BisWeighted>0</BisWeighted>
      <QtyInPackage>1</QtyInPackage>
      <ItemPrice>69.90</ItemPrice>
      <UnitOfMeasurePrice>11.85</UnitOfMeasurePrice>
      <AllowDiscount>0</AllowDiscount>
      <itemStatus>1</itemStatus>
      <LastUpdateDate />
      <LastUpdateTime />
    </Product>
    <Product>
      <PriceUpdateDate>2022/11/01 11:47</PriceUpdateDate>
      <ItemCode>742797873695</ItemCode>
      <ItemType>0</ItemType>
      <ItemName>שמפו קצף לחתולים בניחוח אוכמניות ורימוני</ItemName>
      <ManufactureName>שחורי אריה ואנסטסיה</ManufactureName>
      <ManufactureCountry />
      <ManufactureItemDescription />
      <UnitQty>'יח</UnitQty>
      <Quantity>5.32</Quantity>
      <UnitMeasure>ל-100 מ"ל</UnitMeasure>
      <BisWeighted>0</BisWeighted>
      <QtyInPackage>1</QtyInPackage>
      <ItemPrice>69.90</ItemPrice>
      <UnitOfMeasurePrice>13.14</UnitOfMeasurePrice>
      <AllowDiscount>0</AllowDiscount>
      <itemStatus>1</itemStatus>
      <LastUpdateDate />
      <LastUpdateTime />
    </Product>
    <Product>
      <PriceUpdateDate>2020/04/01 10:09</PriceUpdateDate>
      <ItemCode>777755551080</ItemCode>
      <ItemType>0</ItemType>
      <ItemName>מברשת למנגל</ItemName>
      <ManufactureName>ד.ג.ש ייבוא ושיווק בעמ</ManufactureName>
      <ManufactureCountry />
      <ManufactureItemDescription />
      <UnitQty>'יח</UnitQty>
      <Quantity>1</Quantity>
      <UnitMeasure />
      <BisWeighted>0</BisWeighted>
      <QtyInPackage>1</QtyInPackage>
      <ItemPrice>9.90</ItemPrice>
      <UnitOfMeasurePrice>9.90</UnitOfMeasurePrice>
      <AllowDiscount>0</AllowDiscount>
      <itemStatus>1</itemStatus>
      <LastUpdateDate />
      <LastUpdateTime />
    </Product>
    <Product>
      <PriceUpdateDate>2022/11/01 11:47</PriceUpdateDate>
      <ItemCode>815436016927</ItemCode>
      <ItemType>0</ItemType>
      <ItemName>ויימזיס XS 48 יחידות</ItemName>
      <ManufactureName>שחורי אריה ואנסטסיה</ManufactureName>
      <ManufactureCountry />
      <ManufactureItemDescription />
      <UnitQty>'יח</UnitQty>
      <Quantity>1</Quantity>
      <UnitMeasure />
      <BisWeighted>0</BisWeighted>
      <QtyInPackage>1</QtyInPackage>
      <ItemPrice>59.90</ItemPrice>
      <UnitOfMeasurePrice>59.90</UnitOfMeasurePrice>
      <AllowDiscount>0</AllowDiscount>
      <itemStatus>1</itemStatus>
      <LastUpdateDate />
      <LastUpdateTime />
    </Product>
    <Product>
      <PriceUpdateDate>2019/12/27 06:59</PriceUpdateDate>
      <ItemCode>835811000396</ItemCode>
      <ItemType>0</ItemType>
      <ItemName>נייר אפייה לתבנית מוארכת 30 יח`</ItemName>
      <ManufactureName>הנמל אריזות ושיווק 1984 בע`מ</ManufactureName>
      <ManufactureCountry />
      <ManufactureItemDescription />
      <UnitQty>'יח</UnitQty>
      <Quantity>1</Quantity>
      <UnitMeasure />
      <BisWeighted>0</BisWeighted>
      <QtyInPackage>1</QtyInPackage>
      <ItemPrice>9.90</ItemPrice>
      <UnitOfMeasurePrice>9.90</UnitOfMeasurePrice>
      <AllowDiscount>0</AllowDiscount>
      <itemStatus>1</itemStatus>
      <LastUpdateDate />
      <LastUpdateTime />
    </Product>
    <Product>
      <PriceUpdateDate>2021/11/04 10:28</PriceUpdateDate>
      <ItemCode>835811000433</ItemCode>
      <ItemType>0</ItemType>
      <ItemName>סכינים50יח שקוף/קרם</ItemName>
      <ManufactureName>הנמל אריזות ושיווק 1984 בע`מ</ManufactureName>
      <ManufactureCountry />
      <ManufactureItemDescription />
      <UnitQty>'יח</UnitQty>
      <Quantity>1</Quantity>
      <UnitMeasure />
      <BisWeighted>0</BisWeighted>
      <QtyInPackage>1</QtyInPackage>
      <ItemPrice>15.90</ItemPrice>
      <UnitOfMeasurePrice>15.90</UnitOfMeasurePrice>
      <AllowDiscount>0</AllowDiscount>
      <itemStatus>1</itemStatus>
      <LastUpdateDate />
      <LastUpdateTime />
    </Product>
    <Product>
      <PriceUpdateDate>2022/01/23 20:22</PriceUpdateDate>
      <ItemCode>835811000471</ItemCode>
      <ItemType>0</ItemType>
      <ItemName>תמצית בטעם וניל 250 מל`</ItemName>
      <ManufactureName>הנמל אריזות ושיווק 1984 בע`מ</ManufactureName>
      <ManufactureCountry />
      <ManufactureItemDescription />
      <UnitQty>'יח</UnitQty>
      <Quantity>2.50</Quantity>
      <UnitMeasure>ל-100 מ"ל</UnitMeasure>
      <BisWeighted>0</BisWeighted>
      <QtyInPackage>1</QtyInPackage>
      <ItemPrice>9.90</ItemPrice>
      <UnitOfMeasurePrice>3.96</UnitOfMeasurePrice>
      <AllowDiscount>0</AllowDiscount>
      <itemStatus>1</itemStatus>
      <LastUpdateDate />
      <LastUpdateTime />
    </Product>
    <Product>
      <PriceUpdateDate>2021/11/01 15:00</PriceUpdateDate>
      <ItemCode>835811000877</ItemCode>
      <ItemType>0</ItemType>
      <ItemName>כוסות מעוטרות 40  יח`זהב 285 CC</ItemName>
      <ManufactureName>הנמל אריזות ושיווק 1984 בע`מ</ManufactureName>
      <ManufactureCountry />
      <ManufactureItemDescription />
      <UnitQty>'יח</UnitQty>
      <Quantity>1</Quantity>
      <UnitMeasure />
      <BisWeighted>0</BisWeighted>
      <QtyInPackage>1</QtyInPackage>
      <ItemPrice>14.90</ItemPrice>
      <UnitOfMeasurePrice>14.90</UnitOfMeasurePrice>
      <AllowDiscount>0</AllowDiscount>
      <itemStatus>1</itemStatus>
      <LastUpdateDate />
      <LastUpdateTime />
    </Product>
    <Product>
      <PriceUpdateDate>2022/01/23 20:22</PriceUpdateDate>
      <ItemCode>835811001119</ItemCode>
      <ItemType>0</ItemType>
      <ItemName>סוכריות לקישוט מיני עדשים 200 גרם</ItemName>
      <ManufactureName>הנמל אריזות ושיווק 1984 בע`מ</ManufactureName>
      <ManufactureCountry />
      <ManufactureItemDescription />
      <UnitQty>'יח</UnitQty>
      <Quantity>2</Quantity>
      <UnitMeasure>ל-100 גרם</UnitMeasure>
      <BisWeighted>0</BisWeighted>
      <QtyInPackage>1</QtyInPackage>
      <ItemPrice>11.90</ItemPrice>
      <UnitOfMeasurePrice>5.95</UnitOfMeasurePrice>
      <AllowDiscount>0</AllowDiscount>
      <itemStatus>1</itemStatus>
      <LastUpdateDate />
      <LastUpdateTime />
    </Product>
    <Product>
      <PriceUpdateDate>2022/01/23 20:22</PriceUpdateDate>
      <ItemCode>835811001140</ItemCode>
      <ItemType>0</ItemType>
      <ItemName>שומשום 400 גרם</ItemName>
      <ManufactureName>הנמל אריזות ושיווק 1984 בע`מ</ManufactureName>
      <ManufactureCountry />
      <ManufactureItemDescription />
      <UnitQty>'יח</UnitQty>
      <Quantity>4</Quantity>
      <UnitMeasure>ל-100 גרם</UnitMeasure>
      <BisWeighted>0</BisWeighted>
      <QtyInPackage>1</QtyInPackage>
      <ItemPrice>10.90</ItemPrice>
      <UnitOfMeasurePrice>2.73</UnitOfMeasurePrice>
      <AllowDiscount>0</AllowDiscount>
      <itemStatus>1</itemStatus>
      <LastUpdateDate />
      <LastUpdateTime />
    </Product>
    <Product>
      <PriceUpdateDate>2019/07/25 09:19</PriceUpdateDate>
      <ItemCode>835811001607</ItemCode>
      <ItemType>0</ItemType>
      <ItemName>גביעי אחסון 6   יח`+מכסה 1 ליטר</ItemName>
      <ManufactureName>הנמל אריזות ושיווק 1984 בע`מ</ManufactureName>
      <ManufactureCountry />
      <ManufactureItemDescription />
      <UnitQty>'יח</UnitQty>
      <Quantity>1</Quantity>
      <UnitMeasure />
      <BisWeighted>0</BisWeighted>
      <QtyInPackage>1</QtyInPackage>
      <ItemPrice>6.90</ItemPrice>
      <UnitOfMeasurePrice>6.90</UnitOfMeasurePrice>
      <AllowDiscount>0</AllowDiscount>
      <itemStatus>1</itemStatus>
      <LastUpdateDate />
      <LastUpdateTime />
    </Product>
    <Product>
      <PriceUpdateDate>2021/11/04 10:28</PriceUpdateDate>
      <ItemCode>835811001652</ItemCode>
      <ItemType>0</ItemType>
      <ItemName>כוס לשתיה קרה לבירה</ItemName>
      <ManufactureName>הנמל אריזות ושיווק 1984 בע`מ</ManufactureName>
      <ManufactureCountry />
      <ManufactureItemDescription />
      <UnitQty>'יח</UnitQty>
      <Quantity>6</Quantity>
      <UnitMeasure>למארז</UnitMeasure>
      <BisWeighted>0</BisWeighted>
      <QtyInPackage>1</QtyInPackage>
      <ItemPrice>10.90</ItemPrice>
      <UnitOfMeasurePrice>1.82</UnitOfMeasurePrice>
      <AllowDiscount>0</AllowDiscount>
      <itemStatus>1</itemStatus>
      <LastUpdateDate />
      <LastUpdateTime />
    </Product>
    <Product>
      <PriceUpdateDate>2019/07/25 09:19</PriceUpdateDate>
      <ItemCode>835811001959</ItemCode>
      <ItemType>0</ItemType>
      <ItemName>תבני  אלומ`עבה רוסטר 3 יח`</ItemName>
      <ManufactureName>הנמל אריזות ושיווק 1984 בע`מ</ManufactureName>
      <ManufactureCountry />
      <ManufactureItemDescription />
      <UnitQty>'יח</UnitQty>
      <Quantity>1</Quantity>
      <UnitMeasure />
      <BisWeighted>0</BisWeighted>
      <QtyInPackage>15</QtyInPackage>
      <ItemPrice>9.90</ItemPrice>
      <UnitOfMeasurePrice>9.90</UnitOfMeasurePrice>
      <AllowDiscount>0</AllowDiscount>
      <itemStatus>1</itemStatus>
      <LastUpdateDate />
      <LastUpdateTime />
    </Product>
    <Product>
      <PriceUpdateDate>2019/07/25 09:19</PriceUpdateDate>
      <ItemCode>835811001966</ItemCode>
      <ItemType>0</ItemType>
      <ItemName>תבני  אלומ`עבה רוסטר 4 יח`</ItemName>
      <ManufactureName>הנמל אריזות ושיווק 1984 בע`מ</ManufactureName>
      <ManufactureCountry />
      <ManufactureItemDescription />
      <UnitQty>'יח</UnitQty>
      <Quantity>1</Quantity>
      <UnitMeasure />
      <BisWeighted>0</BisWeighted>
      <QtyInPackage>15</QtyInPackage>
      <ItemPrice>9.90</ItemPrice>
      <UnitOfMeasurePrice>9.90</UnitOfMeasurePrice>
      <AllowDiscount>0</AllowDiscount>
      <itemStatus>1</itemStatus>
      <LastUpdateDate />
      <LastUpdateTime />
    </Product>
    <Product>
      <PriceUpdateDate>2021/11/04 10:28</PriceUpdateDate>
      <ItemCode>835811002093</ItemCode>
      <ItemType>0</ItemType>
      <ItemName>מגש כוכב 33 סמ`</ItemName>
      <ManufactureName>הנמל אריזות ושיווק 1984 בע`מ</ManufactureName>
      <ManufactureCountry />
      <ManufactureItemDescription />
      <UnitQty>'יח</UnitQty>
      <Quantity>1</Quantity>
      <UnitMeasure />
      <BisWeighted>0</BisWeighted>
      <QtyInPackage>30</QtyInPackage>
      <ItemPrice>9.90</ItemPrice>
      <UnitOfMeasurePrice>9.90</UnitOfMeasurePrice>
      <AllowDiscount>0</AllowDiscount>
      <itemStatus>1</itemStatus>
      <LastUpdateDate />
      <LastUpdateTime />
    </Product>
    <Product>
      <PriceUpdateDate>2021/02/24 14:58</PriceUpdateDate>
      <ItemCode>835811002277</ItemCode>
      <ItemType>0</ItemType>
      <ItemName>שיפודים במבוק עבים 50 יח`</ItemName>
      <ManufactureName>הנמל אריזות ושיווק 1984 בע`מ</ManufactureName>
      <ManufactureCountry />
      <ManufactureItemDescription />
      <UnitQty>'יח</UnitQty>
      <Quantity>1</Quantity>
      <UnitMeasure />
      <BisWeighted>0</BisWeighted>
      <QtyInPackage>25</QtyInPackage>
      <ItemPrice>5.90</ItemPrice>
      <UnitOfMeasurePrice>5.90</UnitOfMeasurePrice>
      <AllowDiscount>0</AllowDiscount>
      <itemStatus>1</itemStatus>
      <LastUpdateDate />
      <LastUpdateTime />
    </Product>
    <Product>
      <PriceUpdateDate>2021/07/22 15:12</PriceUpdateDate>
      <ItemCode>835811002390</ItemCode>
      <ItemType>0</ItemType>
      <ItemName>שיפודי במבוק יקטורי</ItemName>
      <ManufactureName>הנמל אריזות ושיווק 1984 בע`מ</ManufactureName>
      <ManufactureCountry />
      <ManufactureItemDescription />
      <UnitQty>'יח</UnitQty>
      <Quantity>1</Quantity>
      <UnitMeasure>'יח</UnitMeasure>
      <BisWeighted>0</BisWeighted>
      <QtyInPackage>1</QtyInPackage>
      <ItemPrice>8.90</ItemPrice>
      <UnitOfMeasurePrice>8.90</UnitOfMeasurePrice>
      <AllowDiscount>0</AllowDiscount>
      <itemStatus>1</itemStatus>
      <LastUpdateDate />
      <LastUpdateTime />
    </Product>
    <Product>
      <PriceUpdateDate>2022/01/26 12:10</PriceUpdateDate>
      <ItemCode>835811002734</ItemCode>
      <ItemType>0</ItemType>
      <ItemName>סוכריות קונפטי ארוך בצנצנת 90 גרם</ItemName>
      <ManufactureName>הנמל אריזות ושיווק 1984 בע`מ</ManufactureName>
      <ManufactureCountry />
      <ManufactureItemDescription />
      <UnitQty>'יח</UnitQty>
      <Quantity>0.90</Quantity>
      <UnitMeasure>ל-100 גרם</UnitMeasure>
      <BisWeighted>0</BisWeighted>
      <QtyInPackage>1</QtyInPackage>
      <ItemPrice>4.90</ItemPrice>
      <UnitOfMeasurePrice>5.44</UnitOfMeasurePrice>
      <AllowDiscount>0</AllowDiscount>
      <itemStatus>1</itemStatus>
      <LastUpdateDate />
      <LastUpdateTime />
    </Product>
    <Product>
      <PriceUpdateDate>2022/01/23 20:22</PriceUpdateDate>
      <ItemCode>835811002741</ItemCode>
      <ItemType>0</ItemType>
      <ItemName>גמבו קונפטי ארוך 190 גרם</ItemName>
      <ManufactureName>הנמל אריזות ושיווק 1984 בע`מ</ManufactureName>
      <ManufactureCountry />
      <ManufactureItemDescription />
      <UnitQty>'יח</UnitQty>
      <Quantity>1.90</Quantity>
      <UnitMeasure>ל-100 גרם</UnitMeasure>
      <BisWeighted>0</BisWeighted>
      <QtyInPackage>1</QtyInPackage>
      <ItemPrice>7.90</ItemPrice>
      <UnitOfMeasurePrice>4.16</UnitOfMeasurePrice>
      <AllowDiscount>0</AllowDiscount>
      <itemStatus>1</itemStatus>
      <LastUpdateDate />
      <LastUpdateTime />
    </Product>
    <Product>
      <PriceUpdateDate>2022/05/22 15:34</PriceUpdateDate>
      <ItemCode>835811003359</ItemCode>
      <ItemType>0</ItemType>
      <ItemName>נר נשמה פלוס 24 שעות בפח כולל גפרור</ItemName>
      <ManufactureName>הנמל אריזות ושיווק 1984 בע`מ</ManufactureName>
      <ManufactureCountry />
      <ManufactureItemDescription />
      <UnitQty>'יח</UnitQty>
      <Quantity>0</Quantity>
      <UnitMeasure>'יח</UnitMeasure>
      <BisWeighted>0</BisWeighted>
      <QtyInPackage>1</QtyInPackage>
      <ItemPrice>3.90</ItemPrice>
      <UnitOfMeasurePrice>3.90</UnitOfMeasurePrice>
      <AllowDiscount>0</AllowDiscount>
      <itemStatus>1</itemStatus>
      <LastUpdateDate />
      <LastUpdateTime />
    </Product>
    <Product>
      <PriceUpdateDate>2022/10/12 17:15</PriceUpdateDate>
      <ItemCode>835811003427</ItemCode>
      <ItemType>0</ItemType>
      <ItemName>צלחות מתכלות 1 ק"ג 67 יח`</ItemName>
      <ManufactureName>הנמל אריזות ושיווק 1984 בע`מ</ManufactureName>
      <ManufactureCountry />
      <ManufactureItemDescription />
      <UnitQty>'יח</UnitQty>
      <Quantity>1</Quantity>
      <UnitMeasure>'יח</UnitMeasure>
      <BisWeighted>0</BisWeighted>
      <QtyInPackage>1</QtyInPackage>
      <ItemPrice>34.90</ItemPrice>
      <UnitOfMeasurePrice>34.90</UnitOfMeasurePrice>
      <AllowDiscount>1</AllowDiscount>
      <itemStatus>1</itemStatus>
      <LastUpdateDate />
      <LastUpdateTime />
    </Product>
    <Product>
      <PriceUpdateDate>2022/05/22 15:34</PriceUpdateDate>
      <ItemCode>835811003441</ItemCode>
      <ItemType>0</ItemType>
      <ItemName>תבניות מחולקות 3  תאים+ מכסה- 5 יח`</ItemName>
      <ManufactureName>הנמל אריזות ושיווק 1984 בע`מ</ManufactureName>
      <ManufactureCountry />
      <ManufactureItemDescription />
      <UnitQty>'יח</UnitQty>
      <Quantity>1</Quantity>
      <UnitMeasure />
      <BisWeighted>0</BisWeighted>
      <QtyInPackage>1</QtyInPackage>
      <ItemPrice>9.90</ItemPrice>
      <UnitOfMeasurePrice>9.90</UnitOfMeasurePrice>
      <AllowDiscount>0</AllowDiscount>
      <itemStatus>1</itemStatus>
      <LastUpdateDate />
      <LastUpdateTime />
    </Product>
    <Product>
      <PriceUpdateDate>2022/05/22 15:34</PriceUpdateDate>
      <ItemCode>835811003458</ItemCode>
      <ItemType>0</ItemType>
      <ItemName>מזלגות אלגנט שקוף 50 יח`</ItemName>
      <ManufactureName>הנמל אריזות ושיווק 1984 בע`מ</ManufactureName>
      <ManufactureCountry />
      <ManufactureItemDescription />
      <UnitQty>'יח</UnitQty>
      <Quantity>1</Quantity>
      <UnitMeasure />
      <BisWeighted>0</BisWeighted>
      <QtyInPackage>1</QtyInPackage>
      <ItemPrice>7.90</ItemPrice>
      <UnitOfMeasurePrice>7.90</UnitOfMeasurePrice>
      <AllowDiscount>1</AllowDiscount>
      <itemStatus>1</itemStatus>
      <LastUpdateDate />
      <LastUpdateTime />
    </Product>
    <Product>
      <PriceUpdateDate>2022/05/22 15:34</PriceUpdateDate>
      <ItemCode>835811003465</ItemCode>
      <ItemType>0</ItemType>
      <ItemName>סכינים אלגנט שקוף 50 יח`</ItemName>
      <ManufactureName>הנמל אריזות ושיווק 1984 בע`מ</ManufactureName>
      <ManufactureCountry />
      <ManufactureItemDescription />
      <UnitQty>'יח</UnitQty>
      <Quantity>1</Quantity>
      <UnitMeasure />
      <BisWeighted>0</BisWeighted>
      <QtyInPackage>1</QtyInPackage>
      <ItemPrice>7.90</ItemPrice>
      <UnitOfMeasurePrice>7.90</UnitOfMeasurePrice>
      <AllowDiscount>1</AllowDiscount>
      <itemStatus>1</itemStatus>
      <LastUpdateDate />
      <LastUpdateTime />
    </Product>
    <Product>
      <PriceUpdateDate>2022/05/22 15:34</PriceUpdateDate>
      <ItemCode>835811003472</ItemCode>
      <ItemType>0</ItemType>
      <ItemName>כפות אלגנט שקוף 50 יח`</ItemName>
      <ManufactureName>הנמל אריזות ושיווק 1984 בע`מ</ManufactureName>
      <ManufactureCountry />
      <ManufactureItemDescription />
      <UnitQty>'יח</UnitQty>
      <Quantity>1</Quantity>
      <UnitMeasure />
      <BisWeighted>0</BisWeighted>
      <QtyInPackage>1</QtyInPackage>
      <ItemPrice>7.90</ItemPrice>
      <UnitOfMeasurePrice>7.90</UnitOfMeasurePrice>
      <AllowDiscount>1</AllowDiscount>
      <itemStatus>1</itemStatus>
      <LastUpdateDate />
      <LastUpdateTime />
    </Product>
    <Product>
      <PriceUpdateDate>2022/05/22 15:34</PriceUpdateDate>
      <ItemCode>835811003489</ItemCode>
      <ItemType>0</ItemType>
      <ItemName>כפיות אלגנט שקוף 50 יח`</ItemName>
      <ManufactureName>הנמל אריזות ושיווק 1984 בע`מ</ManufactureName>
      <ManufactureCountry />
      <ManufactureItemDescription />
      <UnitQty>'יח</UnitQty>
      <Quantity>1</Quantity>
      <UnitMeasure />
      <BisWeighted>0</BisWeighted>
      <QtyInPackage>1</QtyInPackage>
      <ItemPrice>7.90</ItemPrice>
      <UnitOfMeasurePrice>7.90</UnitOfMeasurePrice>
      <AllowDiscount>1</AllowDiscount>
      <itemStatus>1</itemStatus>
      <LastUpdateDate />
      <LastUpdateTime />
    </Product>
    <Product>
      <PriceUpdateDate>2022/05/22 15:34</PriceUpdateDate>
      <ItemCode>835811003588</ItemCode>
      <ItemType>0</ItemType>
      <ItemName>צלחות קלאסי גדול 65  יח`לבן</ItemName>
      <ManufactureName>הנמל אריזות ושיווק 1984 בע`מ</ManufactureName>
      <ManufactureCountry />
      <ManufactureItemDescription />
      <UnitQty>'יח</UnitQty>
      <Quantity>1</Quantity>
      <UnitMeasure />
      <BisWeighted>0</BisWeighted>
      <QtyInPackage>30</QtyInPackage>
      <ItemPrice>29.90</ItemPrice>
      <UnitOfMeasurePrice>29.90</UnitOfMeasurePrice>
      <AllowDiscount>0</AllowDiscount>
      <itemStatus>1</itemStatus>
      <LastUpdateDate />
      <LastUpdateTime />
    </Product>
    <Product>
      <PriceUpdateDate>2022/05/22 15:34</PriceUpdateDate>
      <ItemCode>835811003595</ItemCode>
      <ItemType>0</ItemType>
      <ItemName>צלחות קלאסי קטן 65  יח`לבן</ItemName>
      <ManufactureName>הנמל אריזות ושיווק 1984 בע`מ</ManufactureName>
      <ManufactureCountry />
      <ManufactureItemDescription />
      <UnitQty>'יח</UnitQty>
      <Quantity>1</Quantity>
      <UnitMeasure />
      <BisWeighted>0</BisWeighted>
      <QtyInPackage>30</QtyInPackage>
      <ItemPrice>19.90</ItemPrice>
      <UnitOfMeasurePrice>19.90</UnitOfMeasurePrice>
      <AllowDiscount>0</AllowDiscount>
      <itemStatus>1</itemStatus>
      <LastUpdateDate />
      <LastUpdateTime />
    </Product>
    <Product>
      <PriceUpdateDate>2019/07/25 09:19</PriceUpdateDate>
      <ItemCode>835811003601</ItemCode>
      <ItemType>0</ItemType>
      <ItemName>צימרונים לתינוק 90 יח`</ItemName>
      <ManufactureName>הנמל אריזות ושיווק 1984 בע`מ</ManufactureName>
      <ManufactureCountry />
      <ManufactureItemDescription />
      <UnitQty>'יח</UnitQty>
      <Quantity>1</Quantity>
      <UnitMeasure>'יח</UnitMeasure>
      <BisWeighted>0</BisWeighted>
      <QtyInPackage>12</QtyInPackage>
      <ItemPrice>4.90</ItemPrice>
      <UnitOfMeasurePrice>4.90</UnitOfMeasurePrice>
      <AllowDiscount>0</AllowDiscount>
      <itemStatus>1</itemStatus>
      <LastUpdateDate />
      <LastUpdateTime />
    </Product>
    <Product>
      <PriceUpdateDate>2019/01/16 14:45</PriceUpdateDate>
      <ItemCode>835811003625</ItemCode>
      <ItemType>0</ItemType>
      <ItemName>נרות צבעוניים 12 יח`</ItemName>
      <ManufactureName>הנמל אריזות ושיווק 1984 בע`מ</ManufactureName>
      <ManufactureCountry />
      <ManufactureItemDescription />
      <UnitQty>'יח</UnitQty>
      <Quantity>1</Quantity>
      <UnitMeasure />
      <BisWeighted>0</BisWeighted>
      <QtyInPackage>30</QtyInPackage>
      <ItemPrice>9.90</ItemPrice>
      <UnitOfMeasurePrice>9.90</UnitOfMeasurePrice>
      <AllowDiscount>0</AllowDiscount>
      <itemStatus>1</itemStatus>
      <LastUpdateDate />
      <LastUpdateTime />
    </Product>
    <Product>
      <PriceUpdateDate>2019/07/25 09:19</PriceUpdateDate>
      <ItemCode>835811003878</ItemCode>
      <ItemType>0</ItemType>
      <ItemName>שקיות אשפה עם ידיות 40 יח`</ItemName>
      <ManufactureName>הנמל אריזות ושיווק 1984 בע`מ</ManufactureName>
      <ManufactureCountry />
      <ManufactureItemDescription />
      <UnitQty>'יח</UnitQty>
      <Quantity>1</Quantity>
      <UnitMeasure />
      <BisWeighted>0</BisWeighted>
      <QtyInPackage>1</QtyInPackage>
      <ItemPrice>14.90</ItemPrice>
      <UnitOfMeasurePrice>14.90</UnitOfMeasurePrice>
      <AllowDiscount>1</AllowDiscount>
      <itemStatus>1</itemStatus>
      <LastUpdateDate />
      <LastUpdateTime />
    </Product>
    <Product>
      <PriceUpdateDate>2019/01/16 14:45</PriceUpdateDate>
      <ItemCode>835811004141</ItemCode>
      <ItemType>0</ItemType>
      <ItemName>נרות ריחניים בריח וניל</ItemName>
      <ManufactureName>הנמל אריזות ושיווק 1984 בע`מ</ManufactureName>
      <ManufactureCountry />
      <ManufactureItemDescription />
      <UnitQty>'יח</UnitQty>
      <Quantity>1</Quantity>
      <UnitMeasure />
      <BisWeighted>0</BisWeighted>
      <QtyInPackage>8</QtyInPackage>
      <ItemPrice>9.90</ItemPrice>
      <UnitOfMeasurePrice>9.90</UnitOfMeasurePrice>
      <AllowDiscount>0</AllowDiscount>
      <itemStatus>1</itemStatus>
      <LastUpdateDate />
      <LastUpdateTime />
    </Product>
    <Product>
      <PriceUpdateDate>2020/05/17 09:50</PriceUpdateDate>
      <ItemCode>835811004189</ItemCode>
      <ItemType>0</ItemType>
      <ItemName>פירורי לחם מוזהבים 800 גר`</ItemName>
      <ManufactureName>הנמל אריזות ושיווק 1984 בע`מ</ManufactureName>
      <ManufactureCountry />
      <ManufactureItemDescription />
      <UnitQty>'יח</UnitQty>
      <Quantity>8</Quantity>
      <UnitMeasure>ל-100 גרם</UnitMeasure>
      <BisWeighted>0</BisWeighted>
      <QtyInPackage>1</QtyInPackage>
      <ItemPrice>10.90</ItemPrice>
      <UnitOfMeasurePrice>1.36</UnitOfMeasurePrice>
      <AllowDiscount>0</AllowDiscount>
      <itemStatus>1</itemStatus>
      <LastUpdateDate />
      <LastUpdateTime />
    </Product>
    <Product>
      <PriceUpdateDate>2019/01/16 14:45</PriceUpdateDate>
      <ItemCode>835811004219</ItemCode>
      <ItemType>0</ItemType>
      <ItemName>מפה שולחן בגליל עבה 8 יח`</ItemName>
      <ManufactureName>הנמל אריזות ושיווק 1984 בע`מ</ManufactureName>
      <ManufactureCountry />
      <ManufactureItemDescription />
      <UnitQty>'יח</UnitQty>
      <Quantity>1</Quantity>
      <UnitMeasure />
      <BisWeighted>0</BisWeighted>
      <QtyInPackage>1</QtyInPackage>
      <ItemPrice>9.90</ItemPrice>
      <UnitOfMeasurePrice>9.90</UnitOfMeasurePrice>
      <AllowDiscount>0</AllowDiscount>
      <itemStatus>1</itemStatus>
      <LastUpdateDate />
      <LastUpdateTime />
    </Product>
    <Product>
      <PriceUpdateDate>2020/12/14 11:40</PriceUpdateDate>
      <ItemCode>835811004226</ItemCode>
      <ItemType>0</ItemType>
      <ItemName>מפת ניילון בגליל 45 מ`</ItemName>
      <ManufactureName>הנמל אריזות ושיווק 1984 בע`מ</ManufactureName>
      <ManufactureCountry />
      <ManufactureItemDescription />
      <UnitQty>'יח</UnitQty>
      <Quantity>0</Quantity>
      <UnitMeasure>'יח</UnitMeasure>
      <BisWeighted>0</BisWeighted>
      <QtyInPackage>1</QtyInPackage>
      <ItemPrice>26.90</ItemPrice>
      <UnitOfMeasurePrice>26.90</UnitOfMeasurePrice>
      <AllowDiscount>0</AllowDiscount>
      <itemStatus>1</itemStatus>
      <LastUpdateDate />
      <LastUpdateTime />
    </Product>
    <Product>
      <PriceUpdateDate>2022/10/12 17:15</PriceUpdateDate>
      <ItemCode>835811004431</ItemCode>
      <ItemType>0</ItemType>
      <ItemName>מזוודה טישו 100*5</ItemName>
      <ManufactureName>הנמל אריזות ושיווק 1984 בע`מ</ManufactureName>
      <ManufactureCountry />
      <ManufactureItemDescription />
      <UnitQty>'יח</UnitQty>
      <Quantity>1</Quantity>
      <UnitMeasure>'יח</UnitMeasure>
      <BisWeighted>0</BisWeighted>
      <QtyInPackage>1</QtyInPackage>
      <ItemPrice>9.90</ItemPrice>
      <UnitOfMeasurePrice>9.90</UnitOfMeasurePrice>
      <AllowDiscount>1</AllowDiscount>
      <itemStatus>1</itemStatus>
      <LastUpdateDate />
      <LastUpdateTime />
    </Product>
    <Product>
      <PriceUpdateDate>2021/11/01 15:00</PriceUpdateDate>
      <ItemCode>835811004509</ItemCode>
      <ItemType>0</ItemType>
      <ItemName>קערת פסים לסלט ענק 2.5 ל`</ItemName>
      <ManufactureName>הנמל אריזות ושיווק 1984 בע`מ</ManufactureName>
      <ManufactureCountry />
      <ManufactureItemDescription />
      <UnitQty>'יח</UnitQty>
      <Quantity>1</Quantity>
      <UnitMeasure />
      <BisWeighted>0</BisWeighted>
      <QtyInPackage>1</QtyInPackage>
      <ItemPrice>7.90</ItemPrice>
      <UnitOfMeasurePrice>7.90</UnitOfMeasurePrice>
      <AllowDiscount>0</AllowDiscount>
      <itemStatus>1</itemStatus>
      <LastUpdateDate />
      <LastUpdateTime />
    </Product>
    <Product>
      <PriceUpdateDate>2019/07/25 09:19</PriceUpdateDate>
      <ItemCode>835811004707</ItemCode>
      <ItemType>0</ItemType>
      <ItemName>פרורי לחם מוזהב 440 גר`</ItemName>
      <ManufactureName>הנמל אריזות ושיווק 1984 בע`מ</ManufactureName>
      <ManufactureCountry />
      <ManufactureItemDescription />
      <UnitQty>'יח</UnitQty>
      <Quantity>4.40</Quantity>
      <UnitMeasure>ל-100 גרם</UnitMeasure>
      <BisWeighted>0</BisWeighted>
      <QtyInPackage>12</QtyInPackage>
      <ItemPrice>6.90</ItemPrice>
      <UnitOfMeasurePrice>1.57</UnitOfMeasurePrice>
      <AllowDiscount>0</AllowDiscount>
      <itemStatus>1</itemStatus>
      <LastUpdateDate />
      <LastUpdateTime />
    </Product>
    <Product>
      <PriceUpdateDate>2021/11/17 10:32</PriceUpdateDate>
      <ItemCode>835811004790</ItemCode>
      <ItemType>0</ItemType>
      <ItemName>מגש הגשה עגול מחולק בינוני 1 יח`</ItemName>
      <ManufactureName>הנמל אריזות ושיווק 1984 בע`מ</ManufactureName>
      <ManufactureCountry />
      <ManufactureItemDescription />
      <UnitQty>'יח</UnitQty>
      <Quantity>1</Quantity>
      <UnitMeasure />
      <BisWeighted>0</BisWeighted>
      <QtyInPackage>24</QtyInPackage>
      <ItemPrice>6.90</ItemPrice>
      <UnitOfMeasurePrice>6.90</UnitOfMeasurePrice>
      <AllowDiscount>0</AllowDiscount>
      <itemStatus>1</itemStatus>
      <LastUpdateDate />
      <LastUpdateTime />
    </Product>
    <Product>
      <PriceUpdateDate>2021/11/01 15:00</PriceUpdateDate>
      <ItemCode>835811005018</ItemCode>
      <ItemType>0</ItemType>
      <ItemName>כוס קריסטל יהולם 50 יח`</ItemName>
      <ManufactureName>הנמל אריזות ושיווק 1984 בע`מ</ManufactureName>
      <ManufactureCountry />
      <ManufactureItemDescription />
      <UnitQty>'יח</UnitQty>
      <Quantity>1</Quantity>
      <UnitMeasure />
      <BisWeighted>0</BisWeighted>
      <QtyInPackage>20</QtyInPackage>
      <ItemPrice>13.90</ItemPrice>
      <UnitOfMeasurePrice>13.90</UnitOfMeasurePrice>
      <AllowDiscount>0</AllowDiscount>
      <itemStatus>1</itemStatus>
      <LastUpdateDate />
      <LastUpdateTime />
    </Product>
    <Product>
      <PriceUpdateDate>2019/01/16 14:45</PriceUpdateDate>
      <ItemCode>835811005322</ItemCode>
      <ItemType>0</ItemType>
      <ItemName>פחם דרום אמריקאי 2 ק`ג</ItemName>
      <ManufactureName>הנמל אריזות ושיווק 1984 בע`מ</ManufactureName>
      <ManufactureCountry />
      <ManufactureItemDescription />
      <UnitQty>'יח</UnitQty>
      <Quantity>1</Quantity>
      <UnitMeasure />
      <BisWeighted>0</BisWeighted>
      <QtyInPackage>7</QtyInPackage>
      <ItemPrice>14.90</ItemPrice>
      <UnitOfMeasurePrice>14.90</UnitOfMeasurePrice>
      <AllowDiscount>0</AllowDiscount>
      <itemStatus>1</itemStatus>
      <LastUpdateDate />
      <LastUpdateTime />
    </Product>
    <Product>
      <PriceUpdateDate>2019/07/25 09:19</PriceUpdateDate>
      <ItemCode>835811005339</ItemCode>
      <ItemType>0</ItemType>
      <ItemName>זוג שקיות אוכל 150*2</ItemName>
      <ManufactureName>הנמל אריזות ושיווק 1984 בע`מ</ManufactureName>
      <ManufactureCountry />
      <ManufactureItemDescription />
      <UnitQty>'יח</UnitQty>
      <Quantity>1</Quantity>
      <UnitMeasure />
      <BisWeighted>0</BisWeighted>
      <QtyInPackage>15</QtyInPackage>
      <ItemPrice>8.90</ItemPrice>
      <UnitOfMeasurePrice>8.90</UnitOfMeasurePrice>
      <AllowDiscount>1</AllowDiscount>
      <itemStatus>1</itemStatus>
      <LastUpdateDate />
      <LastUpdateTime />
    </Product>
    <Product>
      <PriceUpdateDate>2019/01/16 14:45</PriceUpdateDate>
      <ItemCode>835811005667</ItemCode>
      <ItemType>0</ItemType>
      <ItemName>נטיפי צ`יפס בטעם שוקולד 250 גר`</ItemName>
      <ManufactureName>הנמל אריזות ושיווק 1984 בע`מ</ManufactureName>
      <ManufactureCountry />
      <ManufactureItemDescription />
      <UnitQty>'יח</UnitQty>
      <Quantity>2.50</Quantity>
      <UnitMeasure>ל-100 גרם</UnitMeasure>
      <BisWeighted>0</BisWeighted>
      <QtyInPackage>1</QtyInPackage>
      <ItemPrice>9.60</ItemPrice>
      <UnitOfMeasurePrice>3.84</UnitOfMeasurePrice>
      <AllowDiscount>0</AllowDiscount>
      <itemStatus>1</itemStatus>
      <LastUpdateDate />
      <LastUpdateTime />
    </Product>
    <Product>
      <PriceUpdateDate>2022/02/10 19:40</PriceUpdateDate>
      <ItemCode>835811005728</ItemCode>
      <ItemType>0</ItemType>
      <ItemName>עלים לקרמשניט 400 גר`</ItemName>
      <ManufactureName>הנמל אריזות ושיווק 1984 בע`מ</ManufactureName>
      <ManufactureCountry />
      <ManufactureItemDescription />
      <UnitQty>'יח</UnitQty>
      <Quantity>4</Quantity>
      <UnitMeasure>ל-100 גרם</UnitMeasure>
      <BisWeighted>0</BisWeighted>
      <QtyInPackage>10</QtyInPackage>
      <ItemPrice>18.90</ItemPrice>
      <UnitOfMeasurePrice>4.73</UnitOfMeasurePrice>
      <AllowDiscount>0</AllowDiscount>
      <itemStatus>1</itemStatus>
      <LastUpdateDate />
      <LastUpdateTime />
    </Product>
    <Product>
      <PriceUpdateDate>2019/07/25 09:19</PriceUpdateDate>
      <ItemCode>835811005803</ItemCode>
      <ItemType>0</ItemType>
      <ItemName>שקיות אשפה עם ידיות 25 יח`</ItemName>
      <ManufactureName>הנמל אריזות ושיווק 1984 בע`מ</ManufactureName>
      <ManufactureCountry />
      <ManufactureItemDescription />
      <UnitQty>'יח</UnitQty>
      <Quantity>1</Quantity>
      <UnitMeasure />
      <BisWeighted>0</BisWeighted>
      <QtyInPackage>1</QtyInPackage>
      <ItemPrice>13.90</ItemPrice>
      <UnitOfMeasurePrice>13.90</UnitOfMeasurePrice>
      <AllowDiscount>1</AllowDiscount>
      <itemStatus>1</itemStatus>
      <LastUpdateDate />
      <LastUpdateTime />
    </Product>
    <Product>
      <PriceUpdateDate>2019/07/25 09:19</PriceUpdateDate>
      <ItemCode>835811005810</ItemCode>
      <ItemType>0</ItemType>
      <ItemName>מגש הכסף תבנית מרובע קטן+מכסה 10 יח`</ItemName>
      <ManufactureName>הנמל אריזות ושיווק 1984 בע`מ</ManufactureName>
      <ManufactureCountry />
      <ManufactureItemDescription />
      <UnitQty>'יח</UnitQty>
      <Quantity>1</Quantity>
      <UnitMeasure />
      <BisWeighted>0</BisWeighted>
      <QtyInPackage>24</QtyInPackage>
      <ItemPrice>9.90</ItemPrice>
      <UnitOfMeasurePrice>9.90</UnitOfMeasurePrice>
      <AllowDiscount>0</AllowDiscount>
      <itemStatus>1</itemStatus>
      <LastUpdateDate />
      <LastUpdateTime />
    </Product>
    <Product>
      <PriceUpdateDate>2019/07/25 09:19</PriceUpdateDate>
      <ItemCode>835811005933</ItemCode>
      <ItemType>0</ItemType>
      <ItemName>מגש הכסף תבנית אלומיניום ענק 5 יח`</ItemName>
      <ManufactureName>הנמל אריזות ושיווק 1984 בע`מ</ManufactureName>
      <ManufactureCountry />
      <ManufactureItemDescription />
      <UnitQty>'יח</UnitQty>
      <Quantity>1</Quantity>
      <UnitMeasure />
      <BisWeighted>0</BisWeighted>
      <QtyInPackage>24</QtyInPackage>
      <ItemPrice>9.90</ItemPrice>
      <UnitOfMeasurePrice>9.90</UnitOfMeasurePrice>
      <AllowDiscount>0</AllowDiscount>
      <itemStatus>1</itemStatus>
      <LastUpdateDate />
      <LastUpdateTime />
    </Product>
    <Product>
      <PriceUpdateDate>2019/07/25 09:19</PriceUpdateDate>
      <ItemCode>835811005940</ItemCode>
      <ItemType>0</ItemType>
      <ItemName>מגש הכסף תבנית  אלומ`גדולה+מכסה 8 יח`</ItemName>
      <ManufactureName>הנמל אריזות ושיווק 1984 בע`מ</ManufactureName>
      <ManufactureCountry />
      <ManufactureItemDescription />
      <UnitQty>'יח</UnitQty>
      <Quantity>1</Quantity>
      <UnitMeasure />
      <BisWeighted>0</BisWeighted>
      <QtyInPackage>18</QtyInPackage>
      <ItemPrice>9.90</ItemPrice>
      <UnitOfMeasurePrice>9.90</UnitOfMeasurePrice>
      <AllowDiscount>0</AllowDiscount>
      <itemStatus>1</itemStatus>
      <LastUpdateDate />
      <LastUpdateTime />
    </Product>
    <Product>
      <PriceUpdateDate>2019/07/25 09:19</PriceUpdateDate>
      <ItemCode>835811005957</ItemCode>
      <ItemType>0</ItemType>
      <ItemName>מגש הכסף תבנית אלומ+`90מכסה 8 יח`</ItemName>
      <ManufactureName>הנמל אריזות ושיווק 1984 בע`מ</ManufactureName>
      <ManufactureCountry />
      <ManufactureItemDescription />
      <UnitQty>'יח</UnitQty>
      <Quantity>1</Quantity>
      <UnitMeasure />
      <BisWeighted>0</BisWeighted>
      <QtyInPackage>24</QtyInPackage>
      <ItemPrice>9.90</ItemPrice>
      <UnitOfMeasurePrice>9.90</UnitOfMeasurePrice>
      <AllowDiscount>0</AllowDiscount>
      <itemStatus>1</itemStatus>
      <LastUpdateDate />
      <LastUpdateTime />
    </Product>
    <Product>
      <PriceUpdateDate>2019/07/25 09:19</PriceUpdateDate>
      <ItemCode>835811005964</ItemCode>
      <ItemType>0</ItemType>
      <ItemName>מגש הכסף תבנית אלומיניום מאורך 20 יח`</ItemName>
      <ManufactureName>הנמל אריזות ושיווק 1984 בע`מ</ManufactureName>
      <ManufactureCountry />
      <ManufactureItemDescription />
      <UnitQty>'יח</UnitQty>
      <Quantity>1</Quantity>
      <UnitMeasure />
      <BisWeighted>0</BisWeighted>
      <QtyInPackage>24</QtyInPackage>
      <ItemPrice>9.90</ItemPrice>
      <UnitOfMeasurePrice>9.90</UnitOfMeasurePrice>
      <AllowDiscount>0</AllowDiscount>
      <itemStatus>1</itemStatus>
      <LastUpdateDate />
      <LastUpdateTime />
    </Product>
    <Product>
      <PriceUpdateDate>2021/11/01 15:00</PriceUpdateDate>
      <ItemCode>835811006060</ItemCode>
      <ItemType>0</ItemType>
      <ItemName>כוסות קרטון 50 יח`</ItemName>
      <ManufactureName>הנמל אריזות ושיווק 1984 בע`מ</ManufactureName>
      <ManufactureCountry />
      <ManufactureItemDescription />
      <UnitQty>'יח</UnitQty>
      <Quantity>1</Quantity>
      <UnitMeasure />
      <BisWeighted>0</BisWeighted>
      <QtyInPackage>1</QtyInPackage>
      <ItemPrice>5.90</ItemPrice>
      <UnitOfMeasurePrice>5.90</UnitOfMeasurePrice>
      <AllowDiscount>0</AllowDiscount>
      <itemStatus>1</itemStatus>
      <LastUpdateDate />
      <LastUpdateTime />
    </Product>
    <Product>
      <PriceUpdateDate>2019/07/25 09:19</PriceUpdateDate>
      <ItemCode>835811006435</ItemCode>
      <ItemType>0</ItemType>
      <ItemName>תבנית אלומיניום מלבן עמוק+מכסה 9 יח`</ItemName>
      <ManufactureName>הנמל אריזות ושיווק 1984 בע`מ</ManufactureName>
      <ManufactureCountry />
      <ManufactureItemDescription />
      <UnitQty>'יח</UnitQty>
      <Quantity>1</Quantity>
      <UnitMeasure />
      <BisWeighted>0</BisWeighted>
      <QtyInPackage>15</QtyInPackage>
      <ItemPrice>10.90</ItemPrice>
      <UnitOfMeasurePrice>10.90</UnitOfMeasurePrice>
      <AllowDiscount>0</AllowDiscount>
      <itemStatus>1</itemStatus>
      <LastUpdateDate />
      <LastUpdateTime />
    </Product>
    <Product>
      <PriceUpdateDate>2022/01/26 12:10</PriceUpdateDate>
      <ItemCode>835811006466</ItemCode>
      <ItemType>0</ItemType>
      <ItemName>שיבולת שועל 500 גרם</ItemName>
      <ManufactureName>הנמל אריזות ושיווק 1984 בע`מ</ManufactureName>
      <ManufactureCountry />
      <ManufactureItemDescription />
      <UnitQty>'יח</UnitQty>
      <Quantity>1</Quantity>
      <UnitMeasure>ל-100 גרם</UnitMeasure>
      <BisWeighted>0</BisWeighted>
      <QtyInPackage>1</QtyInPackage>
      <ItemPrice>7.90</ItemPrice>
      <UnitOfMeasurePrice>7.90</UnitOfMeasurePrice>
      <AllowDiscount>0</AllowDiscount>
      <itemStatus>1</itemStatus>
      <LastUpdateDate />
      <LastUpdateTime />
    </Product>
    <Product>
      <PriceUpdateDate>2021/12/29 20:02</PriceUpdateDate>
      <ItemCode>835811006534</ItemCode>
      <ItemType>0</ItemType>
      <ItemName>כוסות קרטון 50 יח` 16OZ</ItemName>
      <ManufactureName>הנמל אריזות ושיווק 1984 בע`מ</ManufactureName>
      <ManufactureCountry />
      <ManufactureItemDescription />
      <UnitQty>'יח</UnitQty>
      <Quantity>1</Quantity>
      <UnitMeasure>'יח</UnitMeasure>
      <BisWeighted>0</BisWeighted>
      <QtyInPackage>1</QtyInPackage>
      <ItemPrice>26.90</ItemPrice>
      <UnitOfMeasurePrice>26.90</UnitOfMeasurePrice>
      <AllowDiscount>1</AllowDiscount>
      <itemStatus>1</itemStatus>
      <LastUpdateDate />
      <LastUpdateTime />
    </Product>
    <Product>
      <PriceUpdateDate>2019/01/16 14:45</PriceUpdateDate>
      <ItemCode>835811006695</ItemCode>
      <ItemType>0</ItemType>
      <ItemName>קוקטים לאפייה 20  יח`5.50OZ</ItemName>
      <ManufactureName>הנמל אריזות ושיווק 1984 בע`מ</ManufactureName>
      <ManufactureCountry />
      <ManufactureItemDescription />
      <UnitQty>'יח</UnitQty>
      <Quantity>1</Quantity>
      <UnitMeasure />
      <BisWeighted>0</BisWeighted>
      <QtyInPackage>24</QtyInPackage>
      <ItemPrice>10.60</ItemPrice>
      <UnitOfMeasurePrice>10.60</UnitOfMeasurePrice>
      <AllowDiscount>0</AllowDiscount>
      <itemStatus>1</itemStatus>
      <LastUpdateDate />
      <LastUpdateTime />
    </Product>
    <Product>
      <PriceUpdateDate>2022/07/05 21:04</PriceUpdateDate>
      <ItemCode>835811007142</ItemCode>
      <ItemType>0</ItemType>
      <ItemName>עדשים ירוקים 500 גר`</ItemName>
      <ManufactureName>הנמל אריזות ושיווק 1984 בע`מ</ManufactureName>
      <ManufactureCountry />
      <ManufactureItemDescription />
      <UnitQty>'יח</UnitQty>
      <Quantity>5</Quantity>
      <UnitMeasure>ל-100 גרם</UnitMeasure>
      <BisWeighted>0</BisWeighted>
      <QtyInPackage>1</QtyInPackage>
      <ItemPrice>7.90</ItemPrice>
      <UnitOfMeasurePrice>1.58</UnitOfMeasurePrice>
      <AllowDiscount>0</AllowDiscount>
      <itemStatus>1</itemStatus>
      <LastUpdateDate />
      <LastUpdateTime />
    </Product>
    <Product>
      <PriceUpdateDate>2022/07/05 21:04</PriceUpdateDate>
      <ItemCode>835811007234</ItemCode>
      <ItemType>0</ItemType>
      <ItemName>אפונה 500 גר`</ItemName>
      <ManufactureName>הנמל אריזות ושיווק 1984 בע`מ</ManufactureName>
      <ManufactureCountry />
      <ManufactureItemDescription />
      <UnitQty>'יח</UnitQty>
      <Quantity>5</Quantity>
      <UnitMeasure>ל-100 גרם</UnitMeasure>
      <BisWeighted>0</BisWeighted>
      <QtyInPackage>1</QtyInPackage>
      <ItemPrice>5.90</ItemPrice>
      <UnitOfMeasurePrice>1.18</UnitOfMeasurePrice>
      <AllowDiscount>0</AllowDiscount>
      <itemStatus>1</itemStatus>
      <LastUpdateDate />
      <LastUpdateTime />
    </Product>
    <Product>
      <PriceUpdateDate>2022/05/22 15:34</PriceUpdateDate>
      <ItemCode>835811007296</ItemCode>
      <ItemType>0</ItemType>
      <ItemName>כפיות אלגנט קרם  50 יח`</ItemName>
      <ManufactureName>הנמל אריזות ושיווק 1984 בע`מ</ManufactureName>
      <ManufactureCountry />
      <ManufactureItemDescription />
      <UnitQty>'יח</UnitQty>
      <Quantity>1</Quantity>
      <UnitMeasure />
      <BisWeighted>0</BisWeighted>
      <QtyInPackage>1</QtyInPackage>
      <ItemPrice>7.90</ItemPrice>
      <UnitOfMeasurePrice>7.90</UnitOfMeasurePrice>
      <AllowDiscount>1</AllowDiscount>
      <itemStatus>1</itemStatus>
      <LastUpdateDate />
      <LastUpdateTime />
    </Product>
    <Product>
      <PriceUpdateDate>2022/05/22 15:34</PriceUpdateDate>
      <ItemCode>835811007319</ItemCode>
      <ItemType>0</ItemType>
      <ItemName>מזלגות  אלגנט קרם  50 יח`</ItemName>
      <ManufactureName>הנמל אריזות ושיווק 1984 בע`מ</ManufactureName>
      <ManufactureCountry />
      <ManufactureItemDescription />
      <UnitQty>'יח</UnitQty>
      <Quantity>1</Quantity>
      <UnitMeasure />
      <BisWeighted>0</BisWeighted>
      <QtyInPackage>1</QtyInPackage>
      <ItemPrice>7.90</ItemPrice>
      <UnitOfMeasurePrice>7.90</UnitOfMeasurePrice>
      <AllowDiscount>1</AllowDiscount>
      <itemStatus>1</itemStatus>
      <LastUpdateDate />
      <LastUpdateTime />
    </Product>
    <Product>
      <PriceUpdateDate>2022/05/22 15:34</PriceUpdateDate>
      <ItemCode>835811007326</ItemCode>
      <ItemType>0</ItemType>
      <ItemName>סכינים אלגנט קרם  50 יח`</ItemName>
      <ManufactureName>הנמל אריזות ושיווק 1984 בע`מ</ManufactureName>
      <ManufactureCountry />
      <ManufactureItemDescription />
      <UnitQty>'יח</UnitQty>
      <Quantity>1</Quantity>
      <UnitMeasure />
      <BisWeighted>0</BisWeighted>
      <QtyInPackage>1</QtyInPackage>
      <ItemPrice>7.90</ItemPrice>
      <UnitOfMeasurePrice>7.90</UnitOfMeasurePrice>
      <AllowDiscount>1</AllowDiscount>
      <itemStatus>1</itemStatus>
      <LastUpdateDate />
      <LastUpdateTime />
    </Product>
    <Product>
      <PriceUpdateDate>2021/11/04 10:28</PriceUpdateDate>
      <ItemCode>835811007357</ItemCode>
      <ItemType>0</ItemType>
      <ItemName>.סלטינות 25  יח*לבן</ItemName>
      <ManufactureName>הנמל אריזות ושיווק 1984 בע`מ</ManufactureName>
      <ManufactureCountry />
      <ManufactureItemDescription />
      <UnitQty>'יח</UnitQty>
      <Quantity>1</Quantity>
      <UnitMeasure />
      <BisWeighted>0</BisWeighted>
      <QtyInPackage>56</QtyInPackage>
      <ItemPrice>5.90</ItemPrice>
      <UnitOfMeasurePrice>5.90</UnitOfMeasurePrice>
      <AllowDiscount>0</AllowDiscount>
      <itemStatus>1</itemStatus>
      <LastUpdateDate />
      <LastUpdateTime />
    </Product>
    <Product>
      <PriceUpdateDate>2019/07/25 09:19</PriceUpdateDate>
      <ItemCode>835811007432</ItemCode>
      <ItemType>0</ItemType>
      <ItemName>תבניות</ItemName>
      <ManufactureName>הנמל אריזות ושיווק 1984 בע`מ</ManufactureName>
      <ManufactureCountry />
      <ManufactureItemDescription />
      <UnitQty>'יח</UnitQty>
      <Quantity>1</Quantity>
      <UnitMeasure />
      <BisWeighted>0</BisWeighted>
      <QtyInPackage>24</QtyInPackage>
      <ItemPrice>8.90</ItemPrice>
      <UnitOfMeasurePrice>8.90</UnitOfMeasurePrice>
      <AllowDiscount>0</AllowDiscount>
      <itemStatus>1</itemStatus>
      <LastUpdateDate />
      <LastUpdateTime />
    </Product>
    <Product>
      <PriceUpdateDate>2019/07/25 09:19</PriceUpdateDate>
      <ItemCode>835811007494</ItemCode>
      <ItemType>0</ItemType>
      <ItemName>אבקת ג`לטין טהור מדגים</ItemName>
      <ManufactureName>הנמל אריזות ושיווק 1984 בע`מ</ManufactureName>
      <ManufactureCountry />
      <ManufactureItemDescription />
      <UnitQty>'יח</UnitQty>
      <Quantity>2</Quantity>
      <UnitMeasure>ל-100 גרם</UnitMeasure>
      <BisWeighted>0</BisWeighted>
      <QtyInPackage>24</QtyInPackage>
      <ItemPrice>9.90</ItemPrice>
      <UnitOfMeasurePrice>4.95</UnitOfMeasurePrice>
      <AllowDiscount>0</AllowDiscount>
      <itemStatus>1</itemStatus>
      <LastUpdateDate />
      <LastUpdateTime />
    </Product>
    <Product>
      <PriceUpdateDate>2019/07/25 09:19</PriceUpdateDate>
      <ItemCode>835811007562</ItemCode>
      <ItemType>0</ItemType>
      <ItemName>תבנית קרטון אינגליש</ItemName>
      <ManufactureName>הנמל אריזות ושיווק 1984 בע`מ</ManufactureName>
      <ManufactureCountry />
      <ManufactureItemDescription />
      <UnitQty>'יח</UnitQty>
      <Quantity>0</Quantity>
      <UnitMeasure>'יח</UnitMeasure>
      <BisWeighted>0</BisWeighted>
      <QtyInPackage>24</QtyInPackage>
      <ItemPrice>8.90</ItemPrice>
      <UnitOfMeasurePrice>8.90</UnitOfMeasurePrice>
      <AllowDiscount>0</AllowDiscount>
      <itemStatus>1</itemStatus>
      <LastUpdateDate />
      <LastUpdateTime />
    </Product>
    <Product>
      <PriceUpdateDate>2019/07/25 09:19</PriceUpdateDate>
      <ItemCode>835811008347</ItemCode>
      <ItemType>0</ItemType>
      <ItemName>גפרור ענק</ItemName>
      <ManufactureName>הנמל אריזות ושיווק 1984 בע`מ</ManufactureName>
      <ManufactureCountry />
      <ManufactureItemDescription />
      <UnitQty>'יח</UnitQty>
      <Quantity>1</Quantity>
      <UnitMeasure />
      <BisWeighted>0</BisWeighted>
      <QtyInPackage>48</QtyInPackage>
      <ItemPrice>5.90</ItemPrice>
      <UnitOfMeasurePrice>5.90</UnitOfMeasurePrice>
      <AllowDiscount>1</AllowDiscount>
      <itemStatus>1</itemStatus>
      <LastUpdateDate />
      <LastUpdateTime />
    </Product>
    <Product>
      <PriceUpdateDate>2022/06/23 11:30</PriceUpdateDate>
      <ItemCode>835811008743</ItemCode>
      <ItemType>0</ItemType>
      <ItemName>קינואה 500 גר`</ItemName>
      <ManufactureName>הנמל אריזות ושיווק 1984 בע`מ</ManufactureName>
      <ManufactureCountry />
      <ManufactureItemDescription />
      <UnitQty>'יח</UnitQty>
      <Quantity>5</Quantity>
      <UnitMeasure>ל-100 גרם</UnitMeasure>
      <BisWeighted>0</BisWeighted>
      <QtyInPackage>1</QtyInPackage>
      <ItemPrice>8.90</ItemPrice>
      <UnitOfMeasurePrice>1.78</UnitOfMeasurePrice>
      <AllowDiscount>0</AllowDiscount>
      <itemStatus>1</itemStatus>
      <LastUpdateDate />
      <LastUpdateTime />
    </Product>
    <Product>
      <PriceUpdateDate>2021/11/04 10:28</PriceUpdateDate>
      <ItemCode>835811008934</ItemCode>
      <ItemType>0</ItemType>
      <ItemName>מזלגות 50יח שקוף/קרם</ItemName>
      <ManufactureName>הנמל אריזות ושיווק 1984 בע`מ</ManufactureName>
      <ManufactureCountry />
      <ManufactureItemDescription />
      <UnitQty>'יח</UnitQty>
      <Quantity>4.50</Quantity>
      <UnitMeasure>ל-100 גרם</UnitMeasure>
      <BisWeighted>0</BisWeighted>
      <QtyInPackage>20</QtyInPackage>
      <ItemPrice>15.90</ItemPrice>
      <UnitOfMeasurePrice>3.53</UnitOfMeasurePrice>
      <AllowDiscount>0</AllowDiscount>
      <itemStatus>1</itemStatus>
      <LastUpdateDate />
      <LastUpdateTime />
    </Product>
    <Product>
      <PriceUpdateDate>2021/11/04 10:28</PriceUpdateDate>
      <ItemCode>835811008941</ItemCode>
      <ItemType>0</ItemType>
      <ItemName>סכינים50יח שקוף/קרם</ItemName>
      <ManufactureName>הנמל אריזות ושיווק 1984 בע`מ</ManufactureName>
      <ManufactureCountry />
      <ManufactureItemDescription />
      <UnitQty>'יח</UnitQty>
      <Quantity>1</Quantity>
      <UnitMeasure />
      <BisWeighted>0</BisWeighted>
      <QtyInPackage>20</QtyInPackage>
      <ItemPrice>15.90</ItemPrice>
      <UnitOfMeasurePrice>15.90</UnitOfMeasurePrice>
      <AllowDiscount>1</AllowDiscount>
      <itemStatus>1</itemStatus>
      <LastUpdateDate />
      <LastUpdateTime />
    </Product>
    <Product>
      <PriceUpdateDate>2021/11/17 10:32</PriceUpdateDate>
      <ItemCode>835811008996</ItemCode>
      <ItemType>0</ItemType>
      <ItemName>כוסות קרטון 50  יח`OZ10</ItemName>
      <ManufactureName>הנמל אריזות ושיווק 1984 בע`מ</ManufactureName>
      <ManufactureCountry />
      <ManufactureItemDescription />
      <UnitQty>'יח</UnitQty>
      <Quantity>1</Quantity>
      <UnitMeasure />
      <BisWeighted>0</BisWeighted>
      <QtyInPackage>20</QtyInPackage>
      <ItemPrice>23.90</ItemPrice>
      <UnitOfMeasurePrice>23.90</UnitOfMeasurePrice>
      <AllowDiscount>1</AllowDiscount>
      <itemStatus>1</itemStatus>
      <LastUpdateDate />
      <LastUpdateTime />
    </Product>
    <Product>
      <PriceUpdateDate>2021/11/01 15:00</PriceUpdateDate>
      <ItemCode>835811009009</ItemCode>
      <ItemType>0</ItemType>
      <ItemName>כוסות קרטון 50  יח`OZ6</ItemName>
      <ManufactureName>הנמל אריזות ושיווק 1984 בע`מ</ManufactureName>
      <ManufactureCountry />
      <ManufactureItemDescription />
      <UnitQty>'יח</UnitQty>
      <Quantity>1</Quantity>
      <UnitMeasure />
      <BisWeighted>0</BisWeighted>
      <QtyInPackage>20</QtyInPackage>
      <ItemPrice>15.90</ItemPrice>
      <UnitOfMeasurePrice>15.90</UnitOfMeasurePrice>
      <AllowDiscount>1</AllowDiscount>
      <itemStatus>1</itemStatus>
      <LastUpdateDate />
      <LastUpdateTime />
    </Product>
    <Product>
      <PriceUpdateDate>2021/11/17 10:32</PriceUpdateDate>
      <ItemCode>835811009023</ItemCode>
      <ItemType>0</ItemType>
      <ItemName>כוסות קרטון 50  יח`OZ8</ItemName>
      <ManufactureName>הנמל אריזות ושיווק 1984 בע`מ</ManufactureName>
      <ManufactureCountry />
      <ManufactureItemDescription />
      <UnitQty>'יח</UnitQty>
      <Quantity>1</Quantity>
      <UnitMeasure />
      <BisWeighted>0</BisWeighted>
      <QtyInPackage>1</QtyInPackage>
      <ItemPrice>16.90</ItemPrice>
      <UnitOfMeasurePrice>16.90</UnitOfMeasurePrice>
      <AllowDiscount>0</AllowDiscount>
      <itemStatus>1</itemStatus>
      <LastUpdateDate />
      <LastUpdateTime />
    </Product>
    <Product>
      <PriceUpdateDate>2021/11/04 10:28</PriceUpdateDate>
      <ItemCode>835811009030</ItemCode>
      <ItemType>0</ItemType>
      <ItemName>כפיות 100 לבן חדש PP</ItemName>
      <ManufactureName>הנמל אריזות ושיווק 1984 בע`מ</ManufactureName>
      <ManufactureCountry />
      <ManufactureItemDescription />
      <UnitQty>'יח</UnitQty>
      <Quantity>1</Quantity>
      <UnitMeasure />
      <BisWeighted>0</BisWeighted>
      <QtyInPackage>30</QtyInPackage>
      <ItemPrice>8.90</ItemPrice>
      <UnitOfMeasurePrice>8.90</UnitOfMeasurePrice>
      <AllowDiscount>0</AllowDiscount>
      <itemStatus>1</itemStatus>
      <LastUpdateDate />
      <LastUpdateTime />
    </Product>
    <Product>
      <PriceUpdateDate>2021/11/01 15:00</PriceUpdateDate>
      <ItemCode>835811009115</ItemCode>
      <ItemType>0</ItemType>
      <ItemName>מגש לבנית 1 יח`</ItemName>
      <ManufactureName>הנמל אריזות ושיווק 1984 בע`מ</ManufactureName>
      <ManufactureCountry />
      <ManufactureItemDescription />
      <UnitQty>'יח</UnitQty>
      <Quantity>1</Quantity>
      <UnitMeasure />
      <BisWeighted>0</BisWeighted>
      <QtyInPackage>48</QtyInPackage>
      <ItemPrice>5.90</ItemPrice>
      <UnitOfMeasurePrice>5.90</UnitOfMeasurePrice>
      <AllowDiscount>0</AllowDiscount>
      <itemStatus>1</itemStatus>
      <LastUpdateDate />
      <LastUpdateTime />
    </Product>
    <Product>
      <PriceUpdateDate>2021/11/04 10:28</PriceUpdateDate>
      <ItemCode>835811009351</ItemCode>
      <ItemType>0</ItemType>
      <ItemName>כוסות קריסטל חד פעמי שקופות18יח`</ItemName>
      <ManufactureName>הנמל אריזות ושיווק 1984 בע`מ</ManufactureName>
      <ManufactureCountry />
      <ManufactureItemDescription />
      <UnitQty>'יח</UnitQty>
      <Quantity>1</Quantity>
      <UnitMeasure />
      <BisWeighted>0</BisWeighted>
      <QtyInPackage>24</QtyInPackage>
      <ItemPrice>13.90</ItemPrice>
      <UnitOfMeasurePrice>13.90</UnitOfMeasurePrice>
      <AllowDiscount>0</AllowDiscount>
      <itemStatus>1</itemStatus>
      <LastUpdateDate />
      <LastUpdateTime />
    </Product>
    <Product>
      <PriceUpdateDate>2021/11/17 10:32</PriceUpdateDate>
      <ItemCode>835811009429</ItemCode>
      <ItemType>0</ItemType>
      <ItemName>צלחות בינוניות צבעוניות חד פעמי25יח</ItemName>
      <ManufactureName>הנמל אריזות ושיווק 1984 בע`מ</ManufactureName>
      <ManufactureCountry />
      <ManufactureItemDescription />
      <UnitQty>'יח</UnitQty>
      <Quantity>1</Quantity>
      <UnitMeasure />
      <BisWeighted>0</BisWeighted>
      <QtyInPackage>20</QtyInPackage>
      <ItemPrice>16.90</ItemPrice>
      <UnitOfMeasurePrice>16.90</UnitOfMeasurePrice>
      <AllowDiscount>1</AllowDiscount>
      <itemStatus>1</itemStatus>
      <LastUpdateDate />
      <LastUpdateTime />
    </Product>
    <Product>
      <PriceUpdateDate>2022/01/03 13:00</PriceUpdateDate>
      <ItemCode>839762000658</ItemCode>
      <ItemType>0</ItemType>
      <ItemName>איילנד משקה גויאבה 1 ליטר פיקדון</ItemName>
      <ManufactureName>טמפו משקאות בע`מ</ManufactureName>
      <ManufactureCountry />
      <ManufactureItemDescription />
      <UnitQty>'יח</UnitQty>
      <Quantity>10</Quantity>
      <UnitMeasure>ל-100 מ"ל</UnitMeasure>
      <BisWeighted>0</BisWeighted>
      <QtyInPackage>6</QtyInPackage>
      <ItemPrice>13.20</ItemPrice>
      <UnitOfMeasurePrice>1.29</UnitOfMeasurePrice>
      <AllowDiscount>0</AllowDiscount>
      <itemStatus>1</itemStatus>
      <LastUpdateDate />
      <LastUpdateTime />
    </Product>
    <Product>
      <PriceUpdateDate>2022/11/01 11:47</PriceUpdateDate>
      <ItemCode>840294102963</ItemCode>
      <ItemType>0</ItemType>
      <ItemName>מיטה מלבנית70*50</ItemName>
      <ManufactureName>שחורי אריה ואנסטסיה</ManufactureName>
      <ManufactureCountry />
      <ManufactureItemDescription />
      <UnitQty>'יח</UnitQty>
      <Quantity>1</Quantity>
      <UnitMeasure />
      <BisWeighted>0</BisWeighted>
      <QtyInPackage>1</QtyInPackage>
      <ItemPrice>139.90</ItemPrice>
      <UnitOfMeasurePrice>139.90</UnitOfMeasurePrice>
      <AllowDiscount>0</AllowDiscount>
      <itemStatus>1</itemStatus>
      <LastUpdateDate />
      <LastUpdateTime />
    </Product>
    <Product>
      <PriceUpdateDate>2022/11/01 11:47</PriceUpdateDate>
      <ItemCode>840294110890</ItemCode>
      <ItemType>0</ItemType>
      <ItemName>מזרון תומך 60*43*5</ItemName>
      <ManufactureName>שחורי אריה ואנסטסיה</ManufactureName>
      <ManufactureCountry />
      <ManufactureItemDescription />
      <UnitQty>'יח</UnitQty>
      <Quantity>1</Quantity>
      <UnitMeasure />
      <BisWeighted>0</BisWeighted>
      <QtyInPackage>1</QtyInPackage>
      <ItemPrice>109.90</ItemPrice>
      <UnitOfMeasurePrice>109.90</UnitOfMeasurePrice>
      <AllowDiscount>0</AllowDiscount>
      <itemStatus>1</itemStatus>
      <LastUpdateDate />
      <LastUpdateTime />
    </Product>
    <Product>
      <PriceUpdateDate>2022/11/01 11:47</PriceUpdateDate>
      <ItemCode>850014985127</ItemCode>
      <ItemType>0</ItemType>
      <ItemName>חטיף גק סנסיטיב 154 גרם</ItemName>
      <ManufactureName>שחורי אריה ואנסטסיה</ManufactureName>
      <ManufactureCountry />
      <ManufactureItemDescription />
      <UnitQty>'יח</UnitQty>
      <Quantity>1.54</Quantity>
      <UnitMeasure>ל-100 גרם</UnitMeasure>
      <BisWeighted>0</BisWeighted>
      <QtyInPackage>1</QtyInPackage>
      <ItemPrice>14.90</ItemPrice>
      <UnitOfMeasurePrice>9.68</UnitOfMeasurePrice>
      <AllowDiscount>0</AllowDiscount>
      <itemStatus>1</itemStatus>
      <LastUpdateDate />
      <LastUpdateTime />
    </Product>
    <Product>
      <PriceUpdateDate>2022/11/01 11:47</PriceUpdateDate>
      <ItemCode>850014985134</ItemCode>
      <ItemType>0</ItemType>
      <ItemName>חטיף גק חלבון 154 גרם</ItemName>
      <ManufactureName>שחורי אריה ואנסטסיה</ManufactureName>
      <ManufactureCountry />
      <ManufactureItemDescription />
      <UnitQty>'יח</UnitQty>
      <Quantity>1.54</Quantity>
      <UnitMeasure>ל-100 גרם</UnitMeasure>
      <BisWeighted>0</BisWeighted>
      <QtyInPackage>1</QtyInPackage>
      <ItemPrice>14.90</ItemPrice>
      <UnitOfMeasurePrice>9.68</UnitOfMeasurePrice>
      <AllowDiscount>0</AllowDiscount>
      <itemStatus>1</itemStatus>
      <LastUpdateDate />
      <LastUpdateTime />
    </Product>
    <Product>
      <PriceUpdateDate>2022/11/01 11:47</PriceUpdateDate>
      <ItemCode>850014985141</ItemCode>
      <ItemType>0</ItemType>
      <ItemName>חטיף גק דלישס 154 גרם</ItemName>
      <ManufactureName>שחורי אריה ואנסטסיה</ManufactureName>
      <ManufactureCountry />
      <ManufactureItemDescription />
      <UnitQty>'יח</UnitQty>
      <Quantity>1.54</Quantity>
      <UnitMeasure>ל-100 גרם</UnitMeasure>
      <BisWeighted>0</BisWeighted>
      <QtyInPackage>1</QtyInPackage>
      <ItemPrice>14.90</ItemPrice>
      <UnitOfMeasurePrice>9.68</UnitOfMeasurePrice>
      <AllowDiscount>0</AllowDiscount>
      <itemStatus>1</itemStatus>
      <LastUpdateDate />
      <LastUpdateTime />
    </Product>
    <Product>
      <PriceUpdateDate>2022/11/01 11:47</PriceUpdateDate>
      <ItemCode>850014985158</ItemCode>
      <ItemType>0</ItemType>
      <ItemName>חטיף גק היפואלרגני 154 גרם</ItemName>
      <ManufactureName>שחורי אריה ואנסטסיה</ManufactureName>
      <ManufactureCountry />
      <ManufactureItemDescription />
      <UnitQty>'יח</UnitQty>
      <Quantity>1.54</Quantity>
      <UnitMeasure>ל-100 גרם</UnitMeasure>
      <BisWeighted>0</BisWeighted>
      <QtyInPackage>1</QtyInPackage>
      <ItemPrice>14.90</ItemPrice>
      <UnitOfMeasurePrice>9.68</UnitOfMeasurePrice>
      <AllowDiscount>0</AllowDiscount>
      <itemStatus>1</itemStatus>
      <LastUpdateDate />
      <LastUpdateTime />
    </Product>
    <Product>
      <PriceUpdateDate>2022/11/01 11:47</PriceUpdateDate>
      <ItemCode>850014985165</ItemCode>
      <ItemType>0</ItemType>
      <ItemName>חטיף גק לייט 127 גרם</ItemName>
      <ManufactureName>שחורי אריה ואנסטסיה</ManufactureName>
      <ManufactureCountry />
      <ManufactureItemDescription />
      <UnitQty>'יח</UnitQty>
      <Quantity>1.27</Quantity>
      <UnitMeasure>ל-100 גרם</UnitMeasure>
      <BisWeighted>0</BisWeighted>
      <QtyInPackage>1</QtyInPackage>
      <ItemPrice>14.90</ItemPrice>
      <UnitOfMeasurePrice>11.73</UnitOfMeasurePrice>
      <AllowDiscount>0</AllowDiscount>
      <itemStatus>1</itemStatus>
      <LastUpdateDate />
      <LastUpdateTime />
    </Product>
    <Product>
      <PriceUpdateDate>2020/05/17 09:50</PriceUpdateDate>
      <ItemCode>851621000050</ItemCode>
      <ItemType>0</ItemType>
      <ItemName>שישיית 1664 בלאנק 330 מ"ל</ItemName>
      <ManufactureName>החברה המרכזית להפצת משקאות בע`</ManufactureName>
      <ManufactureCountry />
      <ManufactureItemDescription />
      <UnitQty>'יח</UnitQty>
      <Quantity>19.80</Quantity>
      <UnitMeasure>ל-100 מ"ל</UnitMeasure>
      <BisWeighted>0</BisWeighted>
      <QtyInPackage>1</QtyInPackage>
      <ItemPrice>52.90</ItemPrice>
      <UnitOfMeasurePrice>2.58</UnitOfMeasurePrice>
      <AllowDiscount>0</AllowDiscount>
      <itemStatus>1</itemStatus>
      <LastUpdateDate />
      <LastUpdateTime />
    </Product>
    <Product>
      <PriceUpdateDate>2022/11/01 11:47</PriceUpdateDate>
      <ItemCode>855958006556</ItemCode>
      <ItemType>0</ItemType>
      <ItemName>צורו טונה 56 גרם</ItemName>
      <ManufactureName>שחורי אריה ואנסטסיה</ManufactureName>
      <ManufactureCountry />
      <ManufactureItemDescription />
      <UnitQty>'יח</UnitQty>
      <Quantity>0.56</Quantity>
      <UnitMeasure>ל-100 גרם</UnitMeasure>
      <BisWeighted>0</BisWeighted>
      <QtyInPackage>1</QtyInPackage>
      <ItemPrice>15.90</ItemPrice>
      <UnitOfMeasurePrice>28.39</UnitOfMeasurePrice>
      <AllowDiscount>0</AllowDiscount>
      <itemStatus>1</itemStatus>
      <LastUpdateDate />
      <LastUpdateTime />
    </Product>
    <Product>
      <PriceUpdateDate>2022/11/01 11:47</PriceUpdateDate>
      <ItemCode>855958006563</ItemCode>
      <ItemType>0</ItemType>
      <ItemName>צורו טונה ועוף 56 גרם</ItemName>
      <ManufactureName>שחורי אריה ואנסטסיה</ManufactureName>
      <ManufactureCountry />
      <ManufactureItemDescription />
      <UnitQty>'יח</UnitQty>
      <Quantity>0.56</Quantity>
      <UnitMeasure>ל-100 גרם</UnitMeasure>
      <BisWeighted>0</BisWeighted>
      <QtyInPackage>1</QtyInPackage>
      <ItemPrice>15.90</ItemPrice>
      <UnitOfMeasurePrice>28.39</UnitOfMeasurePrice>
      <AllowDiscount>0</AllowDiscount>
      <itemStatus>1</itemStatus>
      <LastUpdateDate />
      <LastUpdateTime />
    </Product>
    <Product>
      <PriceUpdateDate>2022/11/01 11:47</PriceUpdateDate>
      <ItemCode>855958006570</ItemCode>
      <ItemType>0</ItemType>
      <ItemName>צורו עוף 56 גרם</ItemName>
      <ManufactureName>שחורי אריה ואנסטסיה</ManufactureName>
      <ManufactureCountry />
      <ManufactureItemDescription />
      <UnitQty>'יח</UnitQty>
      <Quantity>0.56</Quantity>
      <UnitMeasure>ל-100 גרם</UnitMeasure>
      <BisWeighted>0</BisWeighted>
      <QtyInPackage>1</QtyInPackage>
      <ItemPrice>15.90</ItemPrice>
      <UnitOfMeasurePrice>28.39</UnitOfMeasurePrice>
      <AllowDiscount>0</AllowDiscount>
      <itemStatus>1</itemStatus>
      <LastUpdateDate />
      <LastUpdateTime />
    </Product>
    <Product>
      <PriceUpdateDate>2022/11/01 11:47</PriceUpdateDate>
      <ItemCode>855958006662</ItemCode>
      <ItemType>0</ItemType>
      <ItemName>צורו סלמון 56 גרם</ItemName>
      <ManufactureName>שחורי אריה ואנסטסיה</ManufactureName>
      <ManufactureCountry />
      <ManufactureItemDescription />
      <UnitQty>'יח</UnitQty>
      <Quantity>0.56</Quantity>
      <UnitMeasure>ל-100 גרם</UnitMeasure>
      <BisWeighted>0</BisWeighted>
      <QtyInPackage>1</QtyInPackage>
      <ItemPrice>15.90</ItemPrice>
      <UnitOfMeasurePrice>28.39</UnitOfMeasurePrice>
      <AllowDiscount>0</AllowDiscount>
      <itemStatus>1</itemStatus>
      <LastUpdateDate />
      <LastUpdateTime />
    </Product>
    <Product>
      <PriceUpdateDate>2022/11/01 11:47</PriceUpdateDate>
      <ItemCode>855958006679</ItemCode>
      <ItemType>0</ItemType>
      <ItemName>צורו גבינה 56 גרם</ItemName>
      <ManufactureName>שחורי אריה ואנסטסיה</ManufactureName>
      <ManufactureCountry />
      <ManufactureItemDescription />
      <UnitQty>'יח</UnitQty>
      <Quantity>0.56</Quantity>
      <UnitMeasure>ל-100 גרם</UnitMeasure>
      <BisWeighted>0</BisWeighted>
      <QtyInPackage>1</QtyInPackage>
      <ItemPrice>15.90</ItemPrice>
      <UnitOfMeasurePrice>28.39</UnitOfMeasurePrice>
      <AllowDiscount>0</AllowDiscount>
      <itemStatus>1</itemStatus>
      <LastUpdateDate />
      <LastUpdateTime />
    </Product>
    <Product>
      <PriceUpdateDate>2022/07/01 13:42</PriceUpdateDate>
      <ItemCode>856591000055</ItemCode>
      <ItemType>0</ItemType>
      <ItemName>עוגיות מזרחיות קריספי שרוף במיוחד 400ג</ItemName>
      <ManufactureName>תה ויסוצקי בע`מ</ManufactureName>
      <ManufactureCountry />
      <ManufactureItemDescription />
      <UnitQty>'יח</UnitQty>
      <Quantity>4</Quantity>
      <UnitMeasure>ל-100 גרם</UnitMeasure>
      <BisWeighted>0</BisWeighted>
      <QtyInPackage>1</QtyInPackage>
      <ItemPrice>17.90</ItemPrice>
      <UnitOfMeasurePrice>4.48</UnitOfMeasurePrice>
      <AllowDiscount>0</AllowDiscount>
      <itemStatus>1</itemStatus>
      <LastUpdateDate />
      <LastUpdateTime />
    </Product>
    <Product>
      <PriceUpdateDate>2022/07/01 13:42</PriceUpdateDate>
      <ItemCode>856591000062</ItemCode>
      <ItemType>0</ItemType>
      <ItemName>עוגיות מזרחיות עם מלח 400 גרם</ItemName>
      <ManufactureName>תה ויסוצקי בע`מ</ManufactureName>
      <ManufactureCountry />
      <ManufactureItemDescription />
      <UnitQty>'יח</UnitQty>
      <Quantity>4</Quantity>
      <UnitMeasure>ל-100 גרם</UnitMeasure>
      <BisWeighted>0</BisWeighted>
      <QtyInPackage>1</QtyInPackage>
      <ItemPrice>17.90</ItemPrice>
      <UnitOfMeasurePrice>4.48</UnitOfMeasurePrice>
      <AllowDiscount>0</AllowDiscount>
      <itemStatus>1</itemStatus>
      <LastUpdateDate />
      <LastUpdateTime />
    </Product>
    <Product>
      <PriceUpdateDate>2022/07/01 13:42</PriceUpdateDate>
      <ItemCode>856591000109</ItemCode>
      <ItemType>0</ItemType>
      <ItemName>עוגיות מקלות לניגוב 400 גרם</ItemName>
      <ManufactureName>תה ויסוצקי בע`מ</ManufactureName>
      <ManufactureCountry />
      <ManufactureItemDescription />
      <UnitQty>'יח</UnitQty>
      <Quantity>4</Quantity>
      <UnitMeasure>ל-100 גרם</UnitMeasure>
      <BisWeighted>0</BisWeighted>
      <QtyInPackage>1</QtyInPackage>
      <ItemPrice>17.90</ItemPrice>
      <UnitOfMeasurePrice>4.48</UnitOfMeasurePrice>
      <AllowDiscount>0</AllowDiscount>
      <itemStatus>1</itemStatus>
      <LastUpdateDate />
      <LastUpdateTime />
    </Product>
    <Product>
      <PriceUpdateDate>2022/10/28 07:55</PriceUpdateDate>
      <ItemCode>856591000918</ItemCode>
      <ItemType>0</ItemType>
      <ItemName>מארז עוגיות מזרחיות בטעם טבעי 8*40 גר`</ItemName>
      <ManufactureName>תה ויסוצקי בע`מ</ManufactureName>
      <ManufactureCountry />
      <ManufactureItemDescription />
      <UnitQty>'יח</UnitQty>
      <Quantity>0</Quantity>
      <UnitMeasure>ל-100 גרם</UnitMeasure>
      <BisWeighted>0</BisWeighted>
      <QtyInPackage>1</QtyInPackage>
      <ItemPrice>18.90</ItemPrice>
      <UnitOfMeasurePrice>18.90</UnitOfMeasurePrice>
      <AllowDiscount>1</AllowDiscount>
      <itemStatus>1</itemStatus>
      <LastUpdateDate />
      <LastUpdateTime />
    </Product>
    <Product>
      <PriceUpdateDate>2021/07/14 15:03</PriceUpdateDate>
      <ItemCode>856591000949</ItemCode>
      <ItemType>0</ItemType>
      <ItemName>מאפה חיטה מלוח 350 גרם</ItemName>
      <ManufactureName>תה ויסוצקי בע`מ</ManufactureName>
      <ManufactureCountry />
      <ManufactureItemDescription />
      <UnitQty>'יח</UnitQty>
      <Quantity>3.50</Quantity>
      <UnitMeasure>ל-100 גרם</UnitMeasure>
      <BisWeighted>0</BisWeighted>
      <QtyInPackage>1</QtyInPackage>
      <ItemPrice>16.90</ItemPrice>
      <UnitOfMeasurePrice>4.83</UnitOfMeasurePrice>
      <AllowDiscount>1</AllowDiscount>
      <itemStatus>1</itemStatus>
      <LastUpdateDate />
      <LastUpdateTime />
    </Product>
    <Product>
      <PriceUpdateDate>2022/09/08 09:29</PriceUpdateDate>
      <ItemCode>884912365200</ItemCode>
      <ItemType>0</ItemType>
      <ItemName>דגני בוקר אוראו גולד</ItemName>
      <ManufactureName>מ.ד אטיאס סוכנויות מזון בע`מ</ManufactureName>
      <ManufactureCountry />
      <ManufactureItemDescription />
      <UnitQty>'יח</UnitQty>
      <Quantity>3.11</Quantity>
      <UnitMeasure>ל-100 גרם</UnitMeasure>
      <BisWeighted>0</BisWeighted>
      <QtyInPackage>1</QtyInPackage>
      <ItemPrice>19.90</ItemPrice>
      <UnitOfMeasurePrice>6.40</UnitOfMeasurePrice>
      <AllowDiscount>0</AllowDiscount>
      <itemStatus>1</itemStatus>
      <LastUpdateDate />
      <LastUpdateTime />
    </Product>
    <Product>
      <PriceUpdateDate>2022/11/01 11:47</PriceUpdateDate>
      <ItemCode>1938600036787</ItemCode>
      <ItemType>1</ItemType>
      <ItemName>חבל דנטלי ענק לכלבים גדולים 61 סמ</ItemName>
      <ManufactureName>שחורי אריה ואנסטסיה</ManufactureName>
      <ManufactureCountry />
      <ManufactureItemDescription />
      <UnitQty>'יח</UnitQty>
      <Quantity>1</Quantity>
      <UnitMeasure />
      <BisWeighted>0</BisWeighted>
      <QtyInPackage>1</QtyInPackage>
      <ItemPrice>59.90</ItemPrice>
      <UnitOfMeasurePrice>59.90</UnitOfMeasurePrice>
      <AllowDiscount>0</AllowDiscount>
      <itemStatus>1</itemStatus>
      <LastUpdateDate />
      <LastUpdateTime />
    </Product>
    <Product>
      <PriceUpdateDate>2022/11/01 11:47</PriceUpdateDate>
      <ItemCode>1938600934717</ItemCode>
      <ItemType>1</ItemType>
      <ItemName>חבל דנטלי 8</ItemName>
      <ManufactureName>שחורי אריה ואנסטסיה</ManufactureName>
      <ManufactureCountry />
      <ManufactureItemDescription />
      <UnitQty>'יח</UnitQty>
      <Quantity>1</Quantity>
      <UnitMeasure />
      <BisWeighted>0</BisWeighted>
      <QtyInPackage>1</QtyInPackage>
      <ItemPrice>8.90</ItemPrice>
      <UnitOfMeasurePrice>8.90</UnitOfMeasurePrice>
      <AllowDiscount>0</AllowDiscount>
      <itemStatus>1</itemStatus>
      <LastUpdateDate />
      <LastUpdateTime />
    </Product>
    <Product>
      <PriceUpdateDate>2022/11/01 11:47</PriceUpdateDate>
      <ItemCode>1938600934724</ItemCode>
      <ItemType>1</ItemType>
      <ItemName>חבל דנטלי 10</ItemName>
      <ManufactureName>שחורי אריה ואנסטסיה</ManufactureName>
      <ManufactureCountry />
      <ManufactureItemDescription />
      <UnitQty>'יח</UnitQty>
      <Quantity>1</Quantity>
      <UnitMeasure />
      <BisWeighted>0</BisWeighted>
      <QtyInPackage>1</QtyInPackage>
      <ItemPrice>9.90</ItemPrice>
      <UnitOfMeasurePrice>9.90</UnitOfMeasurePrice>
      <AllowDiscount>0</AllowDiscount>
      <itemStatus>1</itemStatus>
      <LastUpdateDate />
      <LastUpdateTime />
    </Product>
    <Product>
      <PriceUpdateDate>2022/11/01 11:47</PriceUpdateDate>
      <ItemCode>1938609111768</ItemCode>
      <ItemType>1</ItemType>
      <ItemName>חבל דנטלי 6</ItemName>
      <ManufactureName>שחורי אריה ואנסטסיה</ManufactureName>
      <ManufactureCountry />
      <ManufactureItemDescription />
      <UnitQty>'יח</UnitQty>
      <Quantity>1</Quantity>
      <UnitMeasure />
      <BisWeighted>0</BisWeighted>
      <QtyInPackage>1</QtyInPackage>
      <ItemPrice>6.90</ItemPrice>
      <UnitOfMeasurePrice>6.90</UnitOfMeasurePrice>
      <AllowDiscount>0</AllowDiscount>
      <itemStatus>1</itemStatus>
      <LastUpdateDate />
      <LastUpdateTime />
    </Product>
    <Product>
      <PriceUpdateDate>2022/11/01 11:47</PriceUpdateDate>
      <ItemCode>1938636022723</ItemCode>
      <ItemType>1</ItemType>
      <ItemName>משטח גירוד שטוח  מקרטון(גדול)</ItemName>
      <ManufactureName>שחורי אריה ואנסטסיה</ManufactureName>
      <ManufactureCountry />
      <ManufactureItemDescription />
      <UnitQty>'יח</UnitQty>
      <Quantity>1</Quantity>
      <UnitMeasure />
      <BisWeighted>0</BisWeighted>
      <QtyInPackage>1</QtyInPackage>
      <ItemPrice>29.90</ItemPrice>
      <UnitOfMeasurePrice>29.90</UnitOfMeasurePrice>
      <AllowDiscount>0</AllowDiscount>
      <itemStatus>1</itemStatus>
      <LastUpdateDate />
      <LastUpdateTime />
    </Product>
    <Product>
      <PriceUpdateDate>2022/11/01 11:47</PriceUpdateDate>
      <ItemCode>1938691117129</ItemCode>
      <ItemType>1</ItemType>
      <ItemName>חבל דנטלי 12</ItemName>
      <ManufactureName>שחורי אריה ואנסטסיה</ManufactureName>
      <ManufactureCountry />
      <ManufactureItemDescription />
      <UnitQty>'יח</UnitQty>
      <Quantity>1</Quantity>
      <UnitMeasure />
      <BisWeighted>0</BisWeighted>
      <QtyInPackage>1</QtyInPackage>
      <ItemPrice>10.90</ItemPrice>
      <UnitOfMeasurePrice>10.90</UnitOfMeasurePrice>
      <AllowDiscount>0</AllowDiscount>
      <itemStatus>1</itemStatus>
      <LastUpdateDate />
      <LastUpdateTime />
    </Product>
    <Product>
      <PriceUpdateDate>2022/11/01 11:47</PriceUpdateDate>
      <ItemCode>1938691117143</ItemCode>
      <ItemType>1</ItemType>
      <ItemName>חבל דנטלי 14</ItemName>
      <ManufactureName>שחורי אריה ואנסטסיה</ManufactureName>
      <ManufactureCountry />
      <ManufactureItemDescription />
      <UnitQty>'יח</UnitQty>
      <Quantity>1</Quantity>
      <UnitMeasure />
      <BisWeighted>0</BisWeighted>
      <QtyInPackage>1</QtyInPackage>
      <ItemPrice>14.90</ItemPrice>
      <UnitOfMeasurePrice>14.90</UnitOfMeasurePrice>
      <AllowDiscount>0</AllowDiscount>
      <itemStatus>1</itemStatus>
      <LastUpdateDate />
      <LastUpdateTime />
    </Product>
    <Product>
      <PriceUpdateDate>2021/02/09 13:22</PriceUpdateDate>
      <ItemCode>3046920028363</ItemCode>
      <ItemType>1</ItemType>
      <ItemName>שוקולד לינדט אקסלנס 85% 100 גר`</ItemName>
      <ManufactureName>משה סידס ובנו בעמ</ManufactureName>
      <ManufactureCountry />
      <ManufactureItemDescription />
      <UnitQty>'יח</UnitQty>
      <Quantity>1</Quantity>
      <UnitMeasure>ל-100 גרם</UnitMeasure>
      <BisWeighted>0</BisWeighted>
      <QtyInPackage>1</QtyInPackage>
      <ItemPrice>14.90</ItemPrice>
      <UnitOfMeasurePrice>14.90</UnitOfMeasurePrice>
      <AllowDiscount>0</AllowDiscount>
      <itemStatus>1</itemStatus>
      <LastUpdateDate />
      <LastUpdateTime />
    </Product>
    <Product>
      <PriceUpdateDate>2021/05/06 13:38</PriceUpdateDate>
      <ItemCode>3059943015104</ItemCode>
      <ItemType>1</ItemType>
      <ItemName>אירוויק נטול גז פריסיה ויסמין</ItemName>
      <ManufactureName>תה ויסוצקי בע`מ</ManufactureName>
      <ManufactureCountry />
      <ManufactureItemDescription />
      <UnitQty>'יח</UnitQty>
      <Quantity>3.45</Quantity>
      <UnitMeasure>ל-100 גרם</UnitMeasure>
      <BisWeighted>0</BisWeighted>
      <QtyInPackage>1</QtyInPackage>
      <ItemPrice>11.90</ItemPrice>
      <UnitOfMeasurePrice>3.45</UnitOfMeasurePrice>
      <AllowDiscount>1</AllowDiscount>
      <itemStatus>1</itemStatus>
      <LastUpdateDate />
      <LastUpdateTime />
    </Product>
    <Product>
      <PriceUpdateDate>2022/07/14 11:08</PriceUpdateDate>
      <ItemCode>3073781162790</ItemCode>
      <ItemType>1</ItemType>
      <ItemName>בייבי בל-אדום 120 גר`</ItemName>
      <ManufactureName>א.סיימן סחר בעמ</ManufactureName>
      <ManufactureCountry />
      <ManufactureItemDescription />
      <UnitQty>'יח</UnitQty>
      <Quantity>1.20</Quantity>
      <UnitMeasure>ל-100 גרם</UnitMeasure>
      <BisWeighted>0</BisWeighted>
      <QtyInPackage>12</QtyInPackage>
      <ItemPrice>20.90</ItemPrice>
      <UnitOfMeasurePrice>17.42</UnitOfMeasurePrice>
      <AllowDiscount>1</AllowDiscount>
      <itemStatus>1</itemStatus>
      <LastUpdateDate />
      <LastUpdateTime />
    </Product>
    <Product>
      <PriceUpdateDate>2022/10/26 16:38</PriceUpdateDate>
      <ItemCode>3141360054405</ItemCode>
      <ItemType>1</ItemType>
      <ItemName>פיניש ציטרופרש</ItemName>
      <ManufactureName>תה ויסוצקי בע`מ</ManufactureName>
      <ManufactureCountry />
      <ManufactureItemDescription />
      <UnitQty>'יח</UnitQty>
      <Quantity>15</Quantity>
      <UnitMeasure>ל-100 מ"ל</UnitMeasure>
      <BisWeighted>0</BisWeighted>
      <QtyInPackage>1</QtyInPackage>
      <ItemPrice>14.90</ItemPrice>
      <UnitOfMeasurePrice>0.99</UnitOfMeasurePrice>
      <AllowDiscount>1</AllowDiscount>
      <itemStatus>1</itemStatus>
      <LastUpdateDate />
      <LastUpdateTime />
    </Product>
    <Product>
      <PriceUpdateDate>2022/07/14 11:08</PriceUpdateDate>
      <ItemCode>3161911366429</ItemCode>
      <ItemType>1</ItemType>
      <ItemName>חמאת Elle and Vire רכה מלוחה 250 גרם</ItemName>
      <ManufactureName>א.סיימן סחר בעמ</ManufactureName>
      <ManufactureCountry />
      <ManufactureItemDescription />
      <UnitQty>'יח</UnitQty>
      <Quantity>2.50</Quantity>
      <UnitMeasure>ל-100 גרם</UnitMeasure>
      <BisWeighted>0</BisWeighted>
      <QtyInPackage>1</QtyInPackage>
      <ItemPrice>22.90</ItemPrice>
      <UnitOfMeasurePrice>9.16</UnitOfMeasurePrice>
      <AllowDiscount>1</AllowDiscount>
      <itemStatus>1</itemStatus>
      <LastUpdateDate />
      <LastUpdateTime />
    </Product>
    <Product>
      <PriceUpdateDate>2022/07/14 11:08</PriceUpdateDate>
      <ItemCode>3161911393210</ItemCode>
      <ItemType>1</ItemType>
      <ItemName>חמאת נורמנדי מלוחה אלוויר 200 גרם</ItemName>
      <ManufactureName>א.סיימן סחר בעמ</ManufactureName>
      <ManufactureCountry />
      <ManufactureItemDescription />
      <UnitQty>'יח</UnitQty>
      <Quantity>2</Quantity>
      <UnitMeasure>ל-100 גרם</UnitMeasure>
      <BisWeighted>0</BisWeighted>
      <QtyInPackage>1</QtyInPackage>
      <ItemPrice>18.90</ItemPrice>
      <UnitOfMeasurePrice>9.45</UnitOfMeasurePrice>
      <AllowDiscount>0</AllowDiscount>
      <itemStatus>1</itemStatus>
      <LastUpdateDate />
      <LastUpdateTime />
    </Product>
    <Product>
      <PriceUpdateDate>2022/07/14 11:08</PriceUpdateDate>
      <ItemCode>3178530402353</ItemCode>
      <ItemType>1</ItemType>
      <ItemName>מיני מדלן  175 גר`</ItemName>
      <ManufactureName>א.סיימן סחר בעמ</ManufactureName>
      <ManufactureCountry />
      <ManufactureItemDescription />
      <UnitQty>'יח</UnitQty>
      <Quantity>1.75</Quantity>
      <UnitMeasure>ל-100 גרם</UnitMeasure>
      <BisWeighted>0</BisWeighted>
      <QtyInPackage>1</QtyInPackage>
      <ItemPrice>13.90</ItemPrice>
      <UnitOfMeasurePrice>7.94</UnitOfMeasurePrice>
      <AllowDiscount>1</AllowDiscount>
      <itemStatus>1</itemStatus>
      <LastUpdateDate />
      <LastUpdateTime />
    </Product>
    <Product>
      <PriceUpdateDate>2021/08/08 13:53</PriceUpdateDate>
      <ItemCode>3387390320244</ItemCode>
      <ItemType>1</ItemType>
      <ItemName>פיטנס מחיטה מלאה אורז ופירות 375 גרם</ItemName>
      <ManufactureName>קבוצת אסם סחר</ManufactureName>
      <ManufactureCountry />
      <ManufactureItemDescription />
      <UnitQty>'יח</UnitQty>
      <Quantity>3.75</Quantity>
      <UnitMeasure>ל-100 גרם</UnitMeasure>
      <BisWeighted>0</BisWeighted>
      <QtyInPackage>1</QtyInPackage>
      <ItemPrice>19.90</ItemPrice>
      <UnitOfMeasurePrice>5.31</UnitOfMeasurePrice>
      <AllowDiscount>1</AllowDiscount>
      <itemStatus>1</itemStatus>
      <LastUpdateDate />
      <LastUpdateTime />
    </Product>
    <Product>
      <PriceUpdateDate>2022/07/24 18:01</PriceUpdateDate>
      <ItemCode>3387390525960</ItemCode>
      <ItemType>1</ItemType>
      <ItemName>קראנץ עידן הקרח 500 גרם</ItemName>
      <ManufactureName>קבוצת אסם סחר</ManufactureName>
      <ManufactureCountry />
      <ManufactureItemDescription />
      <UnitQty>'יח</UnitQty>
      <Quantity>5</Quantity>
      <UnitMeasure>ל-100 גרם</UnitMeasure>
      <BisWeighted>0</BisWeighted>
      <QtyInPackage>1</QtyInPackage>
      <ItemPrice>19.90</ItemPrice>
      <UnitOfMeasurePrice>3.98</UnitOfMeasurePrice>
      <AllowDiscount>1</AllowDiscount>
      <itemStatus>1</itemStatus>
      <LastUpdateDate />
      <LastUpdateTime />
    </Product>
    <Product>
      <PriceUpdateDate>2022/11/01 11:47</PriceUpdateDate>
      <ItemCode>3428460049624</ItemCode>
      <ItemType>1</ItemType>
      <ItemName>plaisir מעדן לגורי חתולים בטעם עוף וחלב</ItemName>
      <ManufactureName>שחורי אריה ואנסטסיה</ManufactureName>
      <ManufactureCountry />
      <ManufactureItemDescription />
      <UnitQty>'יח</UnitQty>
      <Quantity>1</Quantity>
      <UnitMeasure>ל-100 גרם</UnitMeasure>
      <BisWeighted>0</BisWeighted>
      <QtyInPackage>1</QtyInPackage>
      <ItemPrice>4.90</ItemPrice>
      <UnitOfMeasurePrice>4.90</UnitOfMeasurePrice>
      <AllowDiscount>0</AllowDiscount>
      <itemStatus>1</itemStatus>
      <LastUpdateDate />
      <LastUpdateTime />
    </Product>
    <Product>
      <PriceUpdateDate>2022/11/01 11:47</PriceUpdateDate>
      <ItemCode>3428460051184</ItemCode>
      <ItemType>1</ItemType>
      <ItemName>plaisir מעדן  לחתול- בקר 100 גר`</ItemName>
      <ManufactureName>שחורי אריה ואנסטסיה</ManufactureName>
      <ManufactureCountry />
      <ManufactureItemDescription />
      <UnitQty>'יח</UnitQty>
      <Quantity>1</Quantity>
      <UnitMeasure>ל-100 גרם</UnitMeasure>
      <BisWeighted>0</BisWeighted>
      <QtyInPackage>1</QtyInPackage>
      <ItemPrice>4.90</ItemPrice>
      <UnitOfMeasurePrice>4.90</UnitOfMeasurePrice>
      <AllowDiscount>0</AllowDiscount>
      <itemStatus>1</itemStatus>
      <LastUpdateDate />
      <LastUpdateTime />
    </Product>
    <Product>
      <PriceUpdateDate>2022/11/01 11:47</PriceUpdateDate>
      <ItemCode>3428460051467</ItemCode>
      <ItemType>1</ItemType>
      <ItemName>plaisir מעדן לחתול sterilized בטעם דג קו</ItemName>
      <ManufactureName>שחורי אריה ואנסטסיה</ManufactureName>
      <ManufactureCountry />
      <ManufactureItemDescription />
      <UnitQty>'יח</UnitQty>
      <Quantity>1</Quantity>
      <UnitMeasure>ל-100 גרם</UnitMeasure>
      <BisWeighted>0</BisWeighted>
      <QtyInPackage>1</QtyInPackage>
      <ItemPrice>4.90</ItemPrice>
      <UnitOfMeasurePrice>4.90</UnitOfMeasurePrice>
      <AllowDiscount>0</AllowDiscount>
      <itemStatus>1</itemStatus>
      <LastUpdateDate />
      <LastUpdateTime />
    </Product>
    <Product>
      <PriceUpdateDate>2022/11/01 11:47</PriceUpdateDate>
      <ItemCode>3428460051474</ItemCode>
      <ItemType>1</ItemType>
      <ItemName> -plaisir מעדן לחתול בטעם עוף 100 גרם</ItemName>
      <ManufactureName>שחורי אריה ואנסטסיה</ManufactureName>
      <ManufactureCountry />
      <ManufactureItemDescription />
      <UnitQty>'יח</UnitQty>
      <Quantity>1</Quantity>
      <UnitMeasure>ל-100 גרם</UnitMeasure>
      <BisWeighted>0</BisWeighted>
      <QtyInPackage>1</QtyInPackage>
      <ItemPrice>4.90</ItemPrice>
      <UnitOfMeasurePrice>4.90</UnitOfMeasurePrice>
      <AllowDiscount>0</AllowDiscount>
      <itemStatus>1</itemStatus>
      <LastUpdateDate />
      <LastUpdateTime />
    </Product>
    <Product>
      <PriceUpdateDate>2022/11/01 11:47</PriceUpdateDate>
      <ItemCode>3428460051580</ItemCode>
      <ItemType>1</ItemType>
      <ItemName>plaisir מעדן לחתול בטעם הודו ?100 גר`</ItemName>
      <ManufactureName>שחורי אריה ואנסטסיה</ManufactureName>
      <ManufactureCountry />
      <ManufactureItemDescription />
      <UnitQty>'יח</UnitQty>
      <Quantity>1</Quantity>
      <UnitMeasure>ל-100 גרם</UnitMeasure>
      <BisWeighted>0</BisWeighted>
      <QtyInPackage>1</QtyInPackage>
      <ItemPrice>4.90</ItemPrice>
      <UnitOfMeasurePrice>4.90</UnitOfMeasurePrice>
      <AllowDiscount>0</AllowDiscount>
      <itemStatus>1</itemStatus>
      <LastUpdateDate />
      <LastUpdateTime />
    </Product>
    <Product>
      <PriceUpdateDate>2022/11/01 11:47</PriceUpdateDate>
      <ItemCode>3428460051597</ItemCode>
      <ItemType>1</ItemType>
      <ItemName>plaisir מעדן  לחתול? סלמון 100 גר`</ItemName>
      <ManufactureName>שחורי אריה ואנסטסיה</ManufactureName>
      <ManufactureCountry />
      <ManufactureItemDescription />
      <UnitQty>'יח</UnitQty>
      <Quantity>1</Quantity>
      <UnitMeasure>ל-100 גרם</UnitMeasure>
      <BisWeighted>0</BisWeighted>
      <QtyInPackage>1</QtyInPackage>
      <ItemPrice>4.90</ItemPrice>
      <UnitOfMeasurePrice>4.90</UnitOfMeasurePrice>
      <AllowDiscount>0</AllowDiscount>
      <itemStatus>1</itemStatus>
      <LastUpdateDate />
      <LastUpdateTime />
    </Product>
    <Product>
      <PriceUpdateDate>2022/11/01 11:47</PriceUpdateDate>
      <ItemCode>3428460051603</ItemCode>
      <ItemType>1</ItemType>
      <ItemName>plaisir מעדן  לחתול? טונה 100 גר`</ItemName>
      <ManufactureName>שחורי אריה ואנסטסיה</ManufactureName>
      <ManufactureCountry />
      <ManufactureItemDescription />
      <UnitQty>'יח</UnitQty>
      <Quantity>1</Quantity>
      <UnitMeasure>ל-100 גרם</UnitMeasure>
      <BisWeighted>0</BisWeighted>
      <QtyInPackage>1</QtyInPackage>
      <ItemPrice>4.90</ItemPrice>
      <UnitOfMeasurePrice>4.90</UnitOfMeasurePrice>
      <AllowDiscount>0</AllowDiscount>
      <itemStatus>1</itemStatus>
      <LastUpdateDate />
      <LastUpdateTime />
    </Product>
    <Product>
      <PriceUpdateDate>2022/05/22 16:12</PriceUpdateDate>
      <ItemCode>3574660115154</ItemCode>
      <ItemType>1</ItemType>
      <ItemName>אובה סופר 32 יח`</ItemName>
      <ManufactureName>ש. שסטוביץ בע`מ</ManufactureName>
      <ManufactureCountry />
      <ManufactureItemDescription />
      <UnitQty>'יח</UnitQty>
      <Quantity>0</Quantity>
      <UnitMeasure>ל-100 גרם</UnitMeasure>
      <BisWeighted>0</BisWeighted>
      <QtyInPackage>1</QtyInPackage>
      <ItemPrice>24.90</ItemPrice>
      <UnitOfMeasurePrice>24.90</UnitOfMeasurePrice>
      <AllowDiscount>0</AllowDiscount>
      <itemStatus>1</itemStatus>
      <LastUpdateDate />
      <LastUpdateTime />
    </Product>
    <Product>
      <PriceUpdateDate>2019/12/10 20:00</PriceUpdateDate>
      <ItemCode>3574661487328</ItemCode>
      <ItemType>1</ItemType>
      <ItemName>קרפרי מגן תחתון אורגינל 56 יח</ItemName>
      <ManufactureName>ש. שסטוביץ בע`מ</ManufactureName>
      <ManufactureCountry />
      <ManufactureItemDescription />
      <UnitQty>'יח</UnitQty>
      <Quantity>1</Quantity>
      <UnitMeasure>ל-100 גרם</UnitMeasure>
      <BisWeighted>0</BisWeighted>
      <QtyInPackage>1</QtyInPackage>
      <ItemPrice>16.90</ItemPrice>
      <UnitOfMeasurePrice>16.90</UnitOfMeasurePrice>
      <AllowDiscount>1</AllowDiscount>
      <itemStatus>1</itemStatus>
      <LastUpdateDate />
      <LastUpdateTime />
    </Product>
    <Product>
      <PriceUpdateDate>2019/12/10 20:00</PriceUpdateDate>
      <ItemCode>3574661487618</ItemCode>
      <ItemType>1</ItemType>
      <ItemName>קרפרי מגן תחתון Large מקסי מבושם 48יח</ItemName>
      <ManufactureName>ש. שסטוביץ בע`מ</ManufactureName>
      <ManufactureCountry />
      <ManufactureItemDescription />
      <UnitQty>'יח</UnitQty>
      <Quantity>1</Quantity>
      <UnitMeasure>ל-100 גרם</UnitMeasure>
      <BisWeighted>0</BisWeighted>
      <QtyInPackage>1</QtyInPackage>
      <ItemPrice>16.90</ItemPrice>
      <UnitOfMeasurePrice>16.90</UnitOfMeasurePrice>
      <AllowDiscount>1</AllowDiscount>
      <itemStatus>1</itemStatus>
      <LastUpdateDate />
      <LastUpdateTime />
    </Product>
    <Product>
      <PriceUpdateDate>2020/04/20 08:02</PriceUpdateDate>
      <ItemCode>3574661552576</ItemCode>
      <ItemType>1</ItemType>
      <ItemName>קרפרי מגן תחתון רגיל/טנגה 58 יח`</ItemName>
      <ManufactureName>ש. שסטוביץ בע`מ</ManufactureName>
      <ManufactureCountry />
      <ManufactureItemDescription />
      <UnitQty>'יח</UnitQty>
      <Quantity>1</Quantity>
      <UnitMeasure>ל-100 גרם</UnitMeasure>
      <BisWeighted>0</BisWeighted>
      <QtyInPackage>1</QtyInPackage>
      <ItemPrice>16.90</ItemPrice>
      <UnitOfMeasurePrice>16.90</UnitOfMeasurePrice>
      <AllowDiscount>1</AllowDiscount>
      <itemStatus>1</itemStatus>
      <LastUpdateDate />
      <LastUpdateTime />
    </Product>
    <Product>
      <PriceUpdateDate>2020/04/20 08:02</PriceUpdateDate>
      <ItemCode>3574661554877</ItemCode>
      <ItemType>1</ItemType>
      <ItemName>קרפרי מגן תחתון מבושם 58 יח`</ItemName>
      <ManufactureName>ש. שסטוביץ בע`מ</ManufactureName>
      <ManufactureCountry />
      <ManufactureItemDescription />
      <UnitQty>'יח</UnitQty>
      <Quantity>1</Quantity>
      <UnitMeasure>ל-100 גרם</UnitMeasure>
      <BisWeighted>0</BisWeighted>
      <QtyInPackage>1</QtyInPackage>
      <ItemPrice>16.90</ItemPrice>
      <UnitOfMeasurePrice>16.90</UnitOfMeasurePrice>
      <AllowDiscount>1</AllowDiscount>
      <itemStatus>1</itemStatus>
      <LastUpdateDate />
      <LastUpdateTime />
    </Product>
    <Product>
      <PriceUpdateDate>2020/04/20 08:02</PriceUpdateDate>
      <ItemCode>3574661554884</ItemCode>
      <ItemType>1</ItemType>
      <ItemName>קרפרי מגן תחתון רגיל/טנגה מבושם 58יח</ItemName>
      <ManufactureName>ש. שסטוביץ בע`מ</ManufactureName>
      <ManufactureCountry />
      <ManufactureItemDescription />
      <UnitQty>'יח</UnitQty>
      <Quantity>1</Quantity>
      <UnitMeasure>ל-100 גרם</UnitMeasure>
      <BisWeighted>0</BisWeighted>
      <QtyInPackage>1</QtyInPackage>
      <ItemPrice>16.90</ItemPrice>
      <UnitOfMeasurePrice>16.90</UnitOfMeasurePrice>
      <AllowDiscount>1</AllowDiscount>
      <itemStatus>1</itemStatus>
      <LastUpdateDate />
      <LastUpdateTime />
    </Product>
    <Product>
      <PriceUpdateDate>2021/01/21 14:05</PriceUpdateDate>
      <ItemCode>3614225394645</ItemCode>
      <ItemType>1</ItemType>
      <ItemName>קולסטון RTU קיט 3/0 חום כהה מאוד</ItemName>
      <ManufactureName>דיפלומט מפיצים (1986) בע`מ</ManufactureName>
      <ManufactureCountry />
      <ManufactureItemDescription />
      <UnitQty>'יח</UnitQty>
      <Quantity>1</Quantity>
      <UnitMeasure />
      <BisWeighted>0</BisWeighted>
      <QtyInPackage>1</QtyInPackage>
      <ItemPrice>24.90</ItemPrice>
      <UnitOfMeasurePrice>24.90</UnitOfMeasurePrice>
      <AllowDiscount>0</AllowDiscount>
      <itemStatus>1</itemStatus>
      <LastUpdateDate />
      <LastUpdateTime />
    </Product>
    <Product>
      <PriceUpdateDate>2022/10/26 17:23</PriceUpdateDate>
      <ItemCode>4000415004408</ItemCode>
      <ItemType>1</ItemType>
      <ItemName>שוקולד שוגטן מריר 100 גרם</ItemName>
      <ManufactureName>יעד ממתקים בעמ</ManufactureName>
      <ManufactureCountry />
      <ManufactureItemDescription />
      <UnitQty>'יח</UnitQty>
      <Quantity>1</Quantity>
      <UnitMeasure>ל-100 גרם</UnitMeasure>
      <BisWeighted>0</BisWeighted>
      <QtyInPackage>1</QtyInPackage>
      <ItemPrice>5.90</ItemPrice>
      <UnitOfMeasurePrice>5.90</UnitOfMeasurePrice>
      <AllowDiscount>0</AllowDiscount>
      <itemStatus>1</itemStatus>
      <LastUpdateDate />
      <LastUpdateTime />
    </Product>
    <Product>
      <PriceUpdateDate>2022/10/26 17:23</PriceUpdateDate>
      <ItemCode>4000415039707</ItemCode>
      <ItemType>1</ItemType>
      <ItemName>שוקולד שוגטן עוגיות וניל 100 גרם</ItemName>
      <ManufactureName>יעד ממתקים בעמ</ManufactureName>
      <ManufactureCountry />
      <ManufactureItemDescription />
      <UnitQty>'יח</UnitQty>
      <Quantity>1</Quantity>
      <UnitMeasure>ל-100 גרם</UnitMeasure>
      <BisWeighted>0</BisWeighted>
      <QtyInPackage>1</QtyInPackage>
      <ItemPrice>5.90</ItemPrice>
      <UnitOfMeasurePrice>5.90</UnitOfMeasurePrice>
      <AllowDiscount>0</AllowDiscount>
      <itemStatus>1</itemStatus>
      <LastUpdateDate />
      <LastUpdateTime />
    </Product>
    <Product>
      <PriceUpdateDate>2022/10/26 17:23</PriceUpdateDate>
      <ItemCode>4000415040109</ItemCode>
      <ItemType>1</ItemType>
      <ItemName>שוקולד שוגטן בראוניז 100 גרם</ItemName>
      <ManufactureName>יעד ממתקים בעמ</ManufactureName>
      <ManufactureCountry />
      <ManufactureItemDescription />
      <UnitQty>'יח</UnitQty>
      <Quantity>1</Quantity>
      <UnitMeasure>ל-100 גרם</UnitMeasure>
      <BisWeighted>0</BisWeighted>
      <QtyInPackage>1</QtyInPackage>
      <ItemPrice>5.90</ItemPrice>
      <UnitOfMeasurePrice>5.90</UnitOfMeasurePrice>
      <AllowDiscount>0</AllowDiscount>
      <itemStatus>1</itemStatus>
      <LastUpdateDate />
      <LastUpdateTime />
    </Product>
    <Product>
      <PriceUpdateDate>2022/10/26 17:23</PriceUpdateDate>
      <ItemCode>4000415065805</ItemCode>
      <ItemType>1</ItemType>
      <ItemName>שוקולד סאלוט מריר 100 גרם</ItemName>
      <ManufactureName>יעד ממתקים בעמ</ManufactureName>
      <ManufactureCountry />
      <ManufactureItemDescription />
      <UnitQty>'יח</UnitQty>
      <Quantity>1</Quantity>
      <UnitMeasure>ל-100 גרם</UnitMeasure>
      <BisWeighted>0</BisWeighted>
      <QtyInPackage>1</QtyInPackage>
      <ItemPrice>4.90</ItemPrice>
      <UnitOfMeasurePrice>4.90</UnitOfMeasurePrice>
      <AllowDiscount>1</AllowDiscount>
      <itemStatus>1</itemStatus>
      <LastUpdateDate />
      <LastUpdateTime />
    </Product>
    <Product>
      <PriceUpdateDate>2022/10/26 17:23</PriceUpdateDate>
      <ItemCode>4000415065904</ItemCode>
      <ItemType>1</ItemType>
      <ItemName>שוקולד סאלוט חלב אגוזים 100 גרם</ItemName>
      <ManufactureName>יעד ממתקים בעמ</ManufactureName>
      <ManufactureCountry />
      <ManufactureItemDescription />
      <UnitQty>'יח</UnitQty>
      <Quantity>1</Quantity>
      <UnitMeasure>ל-100 גרם</UnitMeasure>
      <BisWeighted>0</BisWeighted>
      <QtyInPackage>1</QtyInPackage>
      <ItemPrice>4.90</ItemPrice>
      <UnitOfMeasurePrice>4.90</UnitOfMeasurePrice>
      <AllowDiscount>1</AllowDiscount>
      <itemStatus>1</itemStatus>
      <LastUpdateDate />
      <LastUpdateTime />
    </Product>
    <Product>
      <PriceUpdateDate>2022/10/26 17:23</PriceUpdateDate>
      <ItemCode>4000415066000</ItemCode>
      <ItemType>1</ItemType>
      <ItemName>שוקולד סאלוט חלב 100 גרם</ItemName>
      <ManufactureName>יעד ממתקים בעמ</ManufactureName>
      <ManufactureCountry />
      <ManufactureItemDescription />
      <UnitQty>'יח</UnitQty>
      <Quantity>1</Quantity>
      <UnitMeasure>ל-100 גרם</UnitMeasure>
      <BisWeighted>0</BisWeighted>
      <QtyInPackage>1</QtyInPackage>
      <ItemPrice>4.90</ItemPrice>
      <UnitOfMeasurePrice>4.90</UnitOfMeasurePrice>
      <AllowDiscount>1</AllowDiscount>
      <itemStatus>1</itemStatus>
      <LastUpdateDate />
      <LastUpdateTime />
    </Product>
    <Product>
      <PriceUpdateDate>2022/10/26 17:23</PriceUpdateDate>
      <ItemCode>4000415111908</ItemCode>
      <ItemType>1</ItemType>
      <ItemName>שוקולד שוגטן סטרצ`יאטלה 100 גרם</ItemName>
      <ManufactureName>יעד ממתקים בעמ</ManufactureName>
      <ManufactureCountry />
      <ManufactureItemDescription />
      <UnitQty>'יח</UnitQty>
      <Quantity>1</Quantity>
      <UnitMeasure>ל-100 גרם</UnitMeasure>
      <BisWeighted>0</BisWeighted>
      <QtyInPackage>1</QtyInPackage>
      <ItemPrice>5.90</ItemPrice>
      <UnitOfMeasurePrice>5.90</UnitOfMeasurePrice>
      <AllowDiscount>0</AllowDiscount>
      <itemStatus>1</itemStatus>
      <LastUpdateDate />
      <LastUpdateTime />
    </Product>
    <Product>
      <PriceUpdateDate>2022/10/26 17:23</PriceUpdateDate>
      <ItemCode>4000415143800</ItemCode>
      <ItemType>1</ItemType>
      <ItemName>שוקולד שוגטן טרילוגיה 100 גרם</ItemName>
      <ManufactureName>יעד ממתקים בעמ</ManufactureName>
      <ManufactureCountry />
      <ManufactureItemDescription />
      <UnitQty>'יח</UnitQty>
      <Quantity>1</Quantity>
      <UnitMeasure>ל-100 גרם</UnitMeasure>
      <BisWeighted>0</BisWeighted>
      <QtyInPackage>1</QtyInPackage>
      <ItemPrice>5.90</ItemPrice>
      <UnitOfMeasurePrice>5.90</UnitOfMeasurePrice>
      <AllowDiscount>0</AllowDiscount>
      <itemStatus>1</itemStatus>
      <LastUpdateDate />
      <LastUpdateTime />
    </Product>
    <Product>
      <PriceUpdateDate>2022/10/26 17:23</PriceUpdateDate>
      <ItemCode>4000415358303</ItemCode>
      <ItemType>1</ItemType>
      <ItemName>שוקו פאן ביסקוויט 5*210 גרם</ItemName>
      <ManufactureName>יעד ממתקים בעמ</ManufactureName>
      <ManufactureCountry />
      <ManufactureItemDescription />
      <UnitQty>'יח</UnitQty>
      <Quantity>1.30</Quantity>
      <UnitMeasure>ל-100 גרם</UnitMeasure>
      <BisWeighted>0</BisWeighted>
      <QtyInPackage>1</QtyInPackage>
      <ItemPrice>8.90</ItemPrice>
      <UnitOfMeasurePrice>6.85</UnitOfMeasurePrice>
      <AllowDiscount>1</AllowDiscount>
      <itemStatus>1</itemStatus>
      <LastUpdateDate />
      <LastUpdateTime />
    </Product>
    <Product>
      <PriceUpdateDate>2022/10/26 17:23</PriceUpdateDate>
      <ItemCode>4000415358501</ItemCode>
      <ItemType>1</ItemType>
      <ItemName>שוקו פאן קוקוס שביעיה  *7 175 גרם</ItemName>
      <ManufactureName>יעד ממתקים בעמ</ManufactureName>
      <ManufactureCountry />
      <ManufactureItemDescription />
      <UnitQty>'יח</UnitQty>
      <Quantity>1.75</Quantity>
      <UnitMeasure>ל-100 גרם</UnitMeasure>
      <BisWeighted>0</BisWeighted>
      <QtyInPackage>1</QtyInPackage>
      <ItemPrice>8.90</ItemPrice>
      <UnitOfMeasurePrice>5.09</UnitOfMeasurePrice>
      <AllowDiscount>1</AllowDiscount>
      <itemStatus>1</itemStatus>
      <LastUpdateDate />
      <LastUpdateTime />
    </Product>
    <Product>
      <PriceUpdateDate>2022/10/26 17:23</PriceUpdateDate>
      <ItemCode>4000415440701</ItemCode>
      <ItemType>1</ItemType>
      <ItemName>שוקו פאן בוטנים שישיה 6*216 גרם</ItemName>
      <ManufactureName>יעד ממתקים בעמ</ManufactureName>
      <ManufactureCountry />
      <ManufactureItemDescription />
      <UnitQty>'יח</UnitQty>
      <Quantity>1.30</Quantity>
      <UnitMeasure>ל-100 גרם</UnitMeasure>
      <BisWeighted>0</BisWeighted>
      <QtyInPackage>1</QtyInPackage>
      <ItemPrice>8.90</ItemPrice>
      <UnitOfMeasurePrice>6.85</UnitOfMeasurePrice>
      <AllowDiscount>1</AllowDiscount>
      <itemStatus>1</itemStatus>
      <LastUpdateDate />
      <LastUpdateTime />
    </Product>
    <Product>
      <PriceUpdateDate>2022/10/26 17:23</PriceUpdateDate>
      <ItemCode>4000415440909</ItemCode>
      <ItemType>1</ItemType>
      <ItemName>שוקו פאן קרמל שישיה  *6 216 גרם</ItemName>
      <ManufactureName>יעד ממתקים בעמ</ManufactureName>
      <ManufactureCountry />
      <ManufactureItemDescription />
      <UnitQty>'יח</UnitQty>
      <Quantity>1.30</Quantity>
      <UnitMeasure>ל-100 גרם</UnitMeasure>
      <BisWeighted>0</BisWeighted>
      <QtyInPackage>1</QtyInPackage>
      <ItemPrice>8.90</ItemPrice>
      <UnitOfMeasurePrice>6.85</UnitOfMeasurePrice>
      <AllowDiscount>1</AllowDiscount>
      <itemStatus>1</itemStatus>
      <LastUpdateDate />
      <LastUpdateTime />
    </Product>
    <Product>
      <PriceUpdateDate>2022/10/26 17:23</PriceUpdateDate>
      <ItemCode>4000415729202</ItemCode>
      <ItemType>1</ItemType>
      <ItemName>שוקולד שוגטן לוטוס 100 גרם</ItemName>
      <ManufactureName>יעד ממתקים בעמ</ManufactureName>
      <ManufactureCountry />
      <ManufactureItemDescription />
      <UnitQty>'יח</UnitQty>
      <Quantity>1</Quantity>
      <UnitMeasure>ל-100 גרם</UnitMeasure>
      <BisWeighted>0</BisWeighted>
      <QtyInPackage>1</QtyInPackage>
      <ItemPrice>5.90</ItemPrice>
      <UnitOfMeasurePrice>5.90</UnitOfMeasurePrice>
      <AllowDiscount>0</AllowDiscount>
      <itemStatus>1</itemStatus>
      <LastUpdateDate />
      <LastUpdateTime />
    </Product>
    <Product>
      <PriceUpdateDate>2022/10/26 17:23</PriceUpdateDate>
      <ItemCode>4000415730109</ItemCode>
      <ItemType>1</ItemType>
      <ItemName>שוקולד שוגטן מריר אגוזים קצוצים 100 גרם</ItemName>
      <ManufactureName>יעד ממתקים בעמ</ManufactureName>
      <ManufactureCountry />
      <ManufactureItemDescription />
      <UnitQty>'יח</UnitQty>
      <Quantity>1</Quantity>
      <UnitMeasure>ל-100 גרם</UnitMeasure>
      <BisWeighted>0</BisWeighted>
      <QtyInPackage>1</QtyInPackage>
      <ItemPrice>5.90</ItemPrice>
      <UnitOfMeasurePrice>5.90</UnitOfMeasurePrice>
      <AllowDiscount>0</AllowDiscount>
      <itemStatus>1</itemStatus>
      <LastUpdateDate />
      <LastUpdateTime />
    </Product>
    <Product>
      <PriceUpdateDate>2022/10/26 17:23</PriceUpdateDate>
      <ItemCode>4000415749606</ItemCode>
      <ItemType>1</ItemType>
      <ItemName>שוקולד שוגטן יום הולדת 100 גרם</ItemName>
      <ManufactureName>יעד ממתקים בעמ</ManufactureName>
      <ManufactureCountry />
      <ManufactureItemDescription />
      <UnitQty>'יח</UnitQty>
      <Quantity>1</Quantity>
      <UnitMeasure>ל-100 גרם</UnitMeasure>
      <BisWeighted>0</BisWeighted>
      <QtyInPackage>1</QtyInPackage>
      <ItemPrice>5.90</ItemPrice>
      <UnitOfMeasurePrice>5.90</UnitOfMeasurePrice>
      <AllowDiscount>0</AllowDiscount>
      <itemStatus>1</itemStatus>
      <LastUpdateDate />
      <LastUpdateTime />
    </Product>
    <Product>
      <PriceUpdateDate>2022/10/26 17:23</PriceUpdateDate>
      <ItemCode>4000415756406</ItemCode>
      <ItemType>1</ItemType>
      <ItemName>שוקולד שוגטן עוגת גבינה תות 100 גרם</ItemName>
      <ManufactureName>יעד ממתקים בעמ</ManufactureName>
      <ManufactureCountry />
      <ManufactureItemDescription />
      <UnitQty>'יח</UnitQty>
      <Quantity>1</Quantity>
      <UnitMeasure>ל-100 גרם</UnitMeasure>
      <BisWeighted>0</BisWeighted>
      <QtyInPackage>1</QtyInPackage>
      <ItemPrice>5.90</ItemPrice>
      <UnitOfMeasurePrice>5.90</UnitOfMeasurePrice>
      <AllowDiscount>0</AllowDiscount>
      <itemStatus>1</itemStatus>
      <LastUpdateDate />
      <LastUpdateTime />
    </Product>
    <Product>
      <PriceUpdateDate>2022/10/26 17:23</PriceUpdateDate>
      <ItemCode>4000415756802</ItemCode>
      <ItemType>1</ItemType>
      <ItemName>שוקולד שוגטן טארט מוקה 100 גרם</ItemName>
      <ManufactureName>יעד ממתקים בעמ</ManufactureName>
      <ManufactureCountry />
      <ManufactureItemDescription />
      <UnitQty>'יח</UnitQty>
      <Quantity>1</Quantity>
      <UnitMeasure>ל-100 גרם</UnitMeasure>
      <BisWeighted>0</BisWeighted>
      <QtyInPackage>1</QtyInPackage>
      <ItemPrice>5.90</ItemPrice>
      <UnitOfMeasurePrice>5.90</UnitOfMeasurePrice>
      <AllowDiscount>0</AllowDiscount>
      <itemStatus>1</itemStatus>
      <LastUpdateDate />
      <LastUpdateTime />
    </Product>
    <Product>
      <PriceUpdateDate>2022/10/26 17:23</PriceUpdateDate>
      <ItemCode>4000415851705</ItemCode>
      <ItemType>1</ItemType>
      <ItemName>שוקולד שוגטן נוגט 100 גרם</ItemName>
      <ManufactureName>יעד ממתקים בעמ</ManufactureName>
      <ManufactureCountry />
      <ManufactureItemDescription />
      <UnitQty>'יח</UnitQty>
      <Quantity>1</Quantity>
      <UnitMeasure>ל-100 גרם</UnitMeasure>
      <BisWeighted>0</BisWeighted>
      <QtyInPackage>1</QtyInPackage>
      <ItemPrice>5.90</ItemPrice>
      <UnitOfMeasurePrice>5.90</UnitOfMeasurePrice>
      <AllowDiscount>0</AllowDiscount>
      <itemStatus>1</itemStatus>
      <LastUpdateDate />
      <LastUpdateTime />
    </Product>
    <Product>
      <PriceUpdateDate>2022/10/26 17:23</PriceUpdateDate>
      <ItemCode>4000415856601</ItemCode>
      <ItemType>1</ItemType>
      <ItemName>שוקולד שוגטן לבן 100 גרם</ItemName>
      <ManufactureName>יעד ממתקים בעמ</ManufactureName>
      <ManufactureCountry />
      <ManufactureItemDescription />
      <UnitQty>'יח</UnitQty>
      <Quantity>1</Quantity>
      <UnitMeasure>ל-100 גרם</UnitMeasure>
      <BisWeighted>0</BisWeighted>
      <QtyInPackage>1</QtyInPackage>
      <ItemPrice>5.90</ItemPrice>
      <UnitOfMeasurePrice>5.90</UnitOfMeasurePrice>
      <AllowDiscount>0</AllowDiscount>
      <itemStatus>1</itemStatus>
      <LastUpdateDate />
      <LastUpdateTime />
    </Product>
    <Product>
      <PriceUpdateDate>2019/07/03 08:47</PriceUpdateDate>
      <ItemCode>4000417025005</ItemCode>
      <ItemType>1</ItemType>
      <ItemName>שוקולד ריטר מריר מרציפן ריטר 100גר כשלפ</ItemName>
      <ManufactureName>ליימן שליסל בע`מ</ManufactureName>
      <ManufactureCountry />
      <ManufactureItemDescription />
      <UnitQty>'יח</UnitQty>
      <Quantity>1</Quantity>
      <UnitMeasure />
      <BisWeighted>0</BisWeighted>
      <QtyInPackage>12</QtyInPackage>
      <ItemPrice>8.90</ItemPrice>
      <UnitOfMeasurePrice>8.90</UnitOfMeasurePrice>
      <AllowDiscount>1</AllowDiscount>
      <itemStatus>1</itemStatus>
      <LastUpdateDate />
      <LastUpdateTime />
    </Product>
    <Product>
      <PriceUpdateDate>2019/07/03 08:47</PriceUpdateDate>
      <ItemCode>4000417298003</ItemCode>
      <ItemType>1</ItemType>
      <ItemName>שוקולד ריטר חלב במילוי קוקוס 100 גרם</ItemName>
      <ManufactureName>ליימן שליסל בע`מ</ManufactureName>
      <ManufactureCountry />
      <ManufactureItemDescription />
      <UnitQty>'יח</UnitQty>
      <Quantity>1</Quantity>
      <UnitMeasure />
      <BisWeighted>0</BisWeighted>
      <QtyInPackage>1</QtyInPackage>
      <ItemPrice>8.90</ItemPrice>
      <UnitOfMeasurePrice>8.90</UnitOfMeasurePrice>
      <AllowDiscount>1</AllowDiscount>
      <itemStatus>1</itemStatus>
      <LastUpdateDate />
      <LastUpdateTime />
    </Product>
    <Product>
      <PriceUpdateDate>2021/03/16 15:18</PriceUpdateDate>
      <ItemCode>4000417708007</ItemCode>
      <ItemType>1</ItemType>
      <ItemName>שוקולד ריטר ספורט מריר שקד 100 גרם</ItemName>
      <ManufactureName>ליימן שליסל בע`מ</ManufactureName>
      <ManufactureCountry />
      <ManufactureItemDescription />
      <UnitQty>'יח</UnitQty>
      <Quantity>1</Quantity>
      <UnitMeasure>ל-100 גרם</UnitMeasure>
      <BisWeighted>0</BisWeighted>
      <QtyInPackage>1</QtyInPackage>
      <ItemPrice>11.90</ItemPrice>
      <UnitOfMeasurePrice>11.90</UnitOfMeasurePrice>
      <AllowDiscount>1</AllowDiscount>
      <itemStatus>1</itemStatus>
      <LastUpdateDate />
      <LastUpdateTime />
    </Product>
    <Product>
      <PriceUpdateDate>2022/10/26 17:23</PriceUpdateDate>
      <ItemCode>4000607850004</ItemCode>
      <ItemType>1</ItemType>
      <ItemName>שוקולד שוגטן חלב 100 גרם</ItemName>
      <ManufactureName>יעד ממתקים בעמ</ManufactureName>
      <ManufactureCountry />
      <ManufactureItemDescription />
      <UnitQty>'יח</UnitQty>
      <Quantity>1</Quantity>
      <UnitMeasure>ל-100 גרם</UnitMeasure>
      <BisWeighted>0</BisWeighted>
      <QtyInPackage>1</QtyInPackage>
      <ItemPrice>5.90</ItemPrice>
      <UnitOfMeasurePrice>5.90</UnitOfMeasurePrice>
      <AllowDiscount>0</AllowDiscount>
      <itemStatus>1</itemStatus>
      <LastUpdateDate />
      <LastUpdateTime />
    </Product>
    <Product>
      <PriceUpdateDate>2022/10/26 17:23</PriceUpdateDate>
      <ItemCode>4000607851001</ItemCode>
      <ItemType>1</ItemType>
      <ItemName>שוקולד שוגטן אגוזים 100 גרם</ItemName>
      <ManufactureName>יעד ממתקים בעמ</ManufactureName>
      <ManufactureCountry />
      <ManufactureItemDescription />
      <UnitQty>'יח</UnitQty>
      <Quantity>1</Quantity>
      <UnitMeasure>ל-100 גרם</UnitMeasure>
      <BisWeighted>0</BisWeighted>
      <QtyInPackage>1</QtyInPackage>
      <ItemPrice>5.90</ItemPrice>
      <UnitOfMeasurePrice>5.90</UnitOfMeasurePrice>
      <AllowDiscount>0</AllowDiscount>
      <itemStatus>1</itemStatus>
      <LastUpdateDate />
      <LastUpdateTime />
    </Product>
    <Product>
      <PriceUpdateDate>2022/10/26 17:23</PriceUpdateDate>
      <ItemCode>4000607854606</ItemCode>
      <ItemType>1</ItemType>
      <ItemName>שוקולד שוגטן ילדים 100 גרם</ItemName>
      <ManufactureName>יעד ממתקים בעמ</ManufactureName>
      <ManufactureCountry />
      <ManufactureItemDescription />
      <UnitQty>'יח</UnitQty>
      <Quantity>1</Quantity>
      <UnitMeasure>ל-100 גרם</UnitMeasure>
      <BisWeighted>0</BisWeighted>
      <QtyInPackage>1</QtyInPackage>
      <ItemPrice>5.90</ItemPrice>
      <UnitOfMeasurePrice>5.90</UnitOfMeasurePrice>
      <AllowDiscount>0</AllowDiscount>
      <itemStatus>1</itemStatus>
      <LastUpdateDate />
      <LastUpdateTime />
    </Product>
    <Product>
      <PriceUpdateDate>2022/10/26 17:23</PriceUpdateDate>
      <ItemCode>4000607854705</ItemCode>
      <ItemType>1</ItemType>
      <ItemName>שוקולד שוגטן תות 100 גרם</ItemName>
      <ManufactureName>יעד ממתקים בעמ</ManufactureName>
      <ManufactureCountry />
      <ManufactureItemDescription />
      <UnitQty>'יח</UnitQty>
      <Quantity>1</Quantity>
      <UnitMeasure>ל-100 גרם</UnitMeasure>
      <BisWeighted>0</BisWeighted>
      <QtyInPackage>1</QtyInPackage>
      <ItemPrice>5.90</ItemPrice>
      <UnitOfMeasurePrice>5.90</UnitOfMeasurePrice>
      <AllowDiscount>0</AllowDiscount>
      <itemStatus>1</itemStatus>
      <LastUpdateDate />
      <LastUpdateTime />
    </Product>
    <Product>
      <PriceUpdateDate>2019/07/03 08:47</PriceUpdateDate>
      <ItemCode>4002575016253</ItemCode>
      <ItemType>1</ItemType>
      <ItemName>מרציפן 100 גרם</ItemName>
      <ManufactureName>ליימן שליסל בע`מ</ManufactureName>
      <ManufactureCountry />
      <ManufactureItemDescription />
      <UnitQty>'יח</UnitQty>
      <Quantity>1</Quantity>
      <UnitMeasure>ל-100 גרם</UnitMeasure>
      <BisWeighted>0</BisWeighted>
      <QtyInPackage>12</QtyInPackage>
      <ItemPrice>9.90</ItemPrice>
      <UnitOfMeasurePrice>9.90</UnitOfMeasurePrice>
      <AllowDiscount>0</AllowDiscount>
      <itemStatus>1</itemStatus>
      <LastUpdateDate />
      <LastUpdateTime />
    </Product>
    <Product>
      <PriceUpdateDate>2022/10/26 17:23</PriceUpdateDate>
      <ItemCode>4006529002170</ItemCode>
      <ItemType>1</ItemType>
      <ItemName>עוגיות גולד רינג 400 גרם</ItemName>
      <ManufactureName>יעד ממתקים בעמ</ManufactureName>
      <ManufactureCountry />
      <ManufactureItemDescription />
      <UnitQty>'יח</UnitQty>
      <Quantity>3.34</Quantity>
      <UnitMeasure>ל-100 גרם</UnitMeasure>
      <BisWeighted>0</BisWeighted>
      <QtyInPackage>1</QtyInPackage>
      <ItemPrice>8.90</ItemPrice>
      <UnitOfMeasurePrice>2.66</UnitOfMeasurePrice>
      <AllowDiscount>0</AllowDiscount>
      <itemStatus>1</itemStatus>
      <LastUpdateDate />
      <LastUpdateTime />
    </Product>
    <Product>
      <PriceUpdateDate>2022/11/01 11:47</PriceUpdateDate>
      <ItemCode>4008239313348</ItemCode>
      <ItemType>1</ItemType>
      <ItemName>מעדן ויטקראפט עוף וירקות 85 גרם</ItemName>
      <ManufactureName>שחורי אריה ואנסטסיה</ManufactureName>
      <ManufactureCountry />
      <ManufactureItemDescription />
      <UnitQty>'יח</UnitQty>
      <Quantity>0.85</Quantity>
      <UnitMeasure>ל-100 גרם</UnitMeasure>
      <BisWeighted>0</BisWeighted>
      <QtyInPackage>1</QtyInPackage>
      <ItemPrice>5.90</ItemPrice>
      <UnitOfMeasurePrice>6.94</UnitOfMeasurePrice>
      <AllowDiscount>0</AllowDiscount>
      <itemStatus>1</itemStatus>
      <LastUpdateDate />
      <LastUpdateTime />
    </Product>
    <Product>
      <PriceUpdateDate>2022/11/01 11:47</PriceUpdateDate>
      <ItemCode>4008239313355</ItemCode>
      <ItemType>1</ItemType>
      <ItemName>מעדן ויטקראפט סלמון ותרד 85 גרם</ItemName>
      <ManufactureName>שחורי אריה ואנסטסיה</ManufactureName>
      <ManufactureCountry />
      <ManufactureItemDescription />
      <UnitQty>'יח</UnitQty>
      <Quantity>0.85</Quantity>
      <UnitMeasure>ל-100 גרם</UnitMeasure>
      <BisWeighted>0</BisWeighted>
      <QtyInPackage>1</QtyInPackage>
      <ItemPrice>5.90</ItemPrice>
      <UnitOfMeasurePrice>6.94</UnitOfMeasurePrice>
      <AllowDiscount>0</AllowDiscount>
      <itemStatus>1</itemStatus>
      <LastUpdateDate />
      <LastUpdateTime />
    </Product>
    <Product>
      <PriceUpdateDate>2022/11/01 11:47</PriceUpdateDate>
      <ItemCode>4008239313362</ItemCode>
      <ItemType>1</ItemType>
      <ItemName>מעדן ויטקראפט הודו וגבינה 85 גרם</ItemName>
      <ManufactureName>שחורי אריה ואנסטסיה</ManufactureName>
      <ManufactureCountry />
      <ManufactureItemDescription />
      <UnitQty>'יח</UnitQty>
      <Quantity>0.85</Quantity>
      <UnitMeasure>ל-100 גרם</UnitMeasure>
      <BisWeighted>0</BisWeighted>
      <QtyInPackage>1</QtyInPackage>
      <ItemPrice>5.90</ItemPrice>
      <UnitOfMeasurePrice>6.94</UnitOfMeasurePrice>
      <AllowDiscount>0</AllowDiscount>
      <itemStatus>1</itemStatus>
      <LastUpdateDate />
      <LastUpdateTime />
    </Product>
    <Product>
      <PriceUpdateDate>2022/11/01 11:47</PriceUpdateDate>
      <ItemCode>4008239313379</ItemCode>
      <ItemType>1</ItemType>
      <ItemName>מעדן ויטקראפט בקר וגזר 85 גרם</ItemName>
      <ManufactureName>שחורי אריה ואנסטסיה</ManufactureName>
      <ManufactureCountry />
      <ManufactureItemDescription />
      <UnitQty>'יח</UnitQty>
      <Quantity>0.85</Quantity>
      <UnitMeasure>ל-100 גרם</UnitMeasure>
      <BisWeighted>0</BisWeighted>
      <QtyInPackage>1</QtyInPackage>
      <ItemPrice>5.90</ItemPrice>
      <UnitOfMeasurePrice>6.94</UnitOfMeasurePrice>
      <AllowDiscount>0</AllowDiscount>
      <itemStatus>1</itemStatus>
      <LastUpdateDate />
      <LastUpdateTime />
    </Product>
    <Product>
      <PriceUpdateDate>2022/11/01 11:47</PriceUpdateDate>
      <ItemCode>4008239313393</ItemCode>
      <ItemType>1</ItemType>
      <ItemName>מעדן ויטקראפט דגים בעגבניות 85 גרם</ItemName>
      <ManufactureName>שחורי אריה ואנסטסיה</ManufactureName>
      <ManufactureCountry />
      <ManufactureItemDescription />
      <UnitQty>'יח</UnitQty>
      <Quantity>0.85</Quantity>
      <UnitMeasure>ל-100 גרם</UnitMeasure>
      <BisWeighted>0</BisWeighted>
      <QtyInPackage>1</QtyInPackage>
      <ItemPrice>5.90</ItemPrice>
      <UnitOfMeasurePrice>6.94</UnitOfMeasurePrice>
      <AllowDiscount>0</AllowDiscount>
      <itemStatus>1</itemStatus>
      <LastUpdateDate />
      <LastUpdateTime />
    </Product>
    <Product>
      <PriceUpdateDate>2022/11/01 11:47</PriceUpdateDate>
      <ItemCode>4008239313409</ItemCode>
      <ItemType>1</ItemType>
      <ItemName>מעדן ויטקראפט בשר וחמוציות 85 גרם</ItemName>
      <ManufactureName>שחורי אריה ואנסטסיה</ManufactureName>
      <ManufactureCountry />
      <ManufactureItemDescription />
      <UnitQty>'יח</UnitQty>
      <Quantity>0.85</Quantity>
      <UnitMeasure>ל-100 גרם</UnitMeasure>
      <BisWeighted>0</BisWeighted>
      <QtyInPackage>1</QtyInPackage>
      <ItemPrice>5.90</ItemPrice>
      <UnitOfMeasurePrice>6.94</UnitOfMeasurePrice>
      <AllowDiscount>0</AllowDiscount>
      <itemStatus>1</itemStatus>
      <LastUpdateDate />
      <LastUpdateTime />
    </Product>
    <Product>
      <PriceUpdateDate>2021/05/09 13:15</PriceUpdateDate>
      <ItemCode>4008400290126</ItemCode>
      <ItemType>1</ItemType>
      <ItemName>קינדר פינגווין עוגת ספוג 30 גר`</ItemName>
      <ManufactureName>תנובה חלב</ManufactureName>
      <ManufactureCountry />
      <ManufactureItemDescription />
      <UnitQty>'יח</UnitQty>
      <Quantity>0.30</Quantity>
      <UnitMeasure>ל-100 גרם</UnitMeasure>
      <BisWeighted>0</BisWeighted>
      <QtyInPackage>1</QtyInPackage>
      <ItemPrice>4.90</ItemPrice>
      <UnitOfMeasurePrice>16.33</UnitOfMeasurePrice>
      <AllowDiscount>0</AllowDiscount>
      <itemStatus>1</itemStatus>
      <LastUpdateDate />
      <LastUpdateTime />
    </Product>
    <Product>
      <PriceUpdateDate>2021/05/09 13:15</PriceUpdateDate>
      <ItemCode>4008400290423</ItemCode>
      <ItemType>1</ItemType>
      <ItemName>קינדר פינגווין עוגת ספוג 120 גר`</ItemName>
      <ManufactureName>תנובה חלב</ManufactureName>
      <ManufactureCountry />
      <ManufactureItemDescription />
      <UnitQty>'יח</UnitQty>
      <Quantity>0.30</Quantity>
      <UnitMeasure>ל-100 גרם</UnitMeasure>
      <BisWeighted>0</BisWeighted>
      <QtyInPackage>1</QtyInPackage>
      <ItemPrice>14.90</ItemPrice>
      <UnitOfMeasurePrice>49.67</UnitOfMeasurePrice>
      <AllowDiscount>0</AllowDiscount>
      <itemStatus>1</itemStatus>
      <LastUpdateDate />
      <LastUpdateTime />
    </Product>
    <Product>
      <PriceUpdateDate>2022/11/01 11:46</PriceUpdateDate>
      <ItemCode>4008429056710</ItemCode>
      <ItemType>1</ItemType>
      <ItemName>ויסקס ביף 400 גר</ItemName>
      <ManufactureName>שחורי אריה ואנסטסיה</ManufactureName>
      <ManufactureCountry />
      <ManufactureItemDescription />
      <UnitQty>'יח</UnitQty>
      <Quantity>4</Quantity>
      <UnitMeasure>ל-100 גרם</UnitMeasure>
      <BisWeighted>0</BisWeighted>
      <QtyInPackage>1</QtyInPackage>
      <ItemPrice>9.90</ItemPrice>
      <UnitOfMeasurePrice>2.48</UnitOfMeasurePrice>
      <AllowDiscount>0</AllowDiscount>
      <itemStatus>1</itemStatus>
      <LastUpdateDate />
      <LastUpdateTime />
    </Product>
    <Product>
      <PriceUpdateDate>2022/11/01 11:46</PriceUpdateDate>
      <ItemCode>4008429951916</ItemCode>
      <ItemType>1</ItemType>
      <ItemName>ויסקס טונה 400 גרם</ItemName>
      <ManufactureName>שחורי אריה ואנסטסיה</ManufactureName>
      <ManufactureCountry />
      <ManufactureItemDescription />
      <UnitQty>'יח</UnitQty>
      <Quantity>4</Quantity>
      <UnitMeasure>ל-100 גרם</UnitMeasure>
      <BisWeighted>0</BisWeighted>
      <QtyInPackage>1</QtyInPackage>
      <ItemPrice>9.90</ItemPrice>
      <UnitOfMeasurePrice>2.48</UnitOfMeasurePrice>
      <AllowDiscount>0</AllowDiscount>
      <itemStatus>1</itemStatus>
      <LastUpdateDate />
      <LastUpdateTime />
    </Product>
    <Product>
      <PriceUpdateDate>2022/02/15 11:25</PriceUpdateDate>
      <ItemCode>4008496927364</ItemCode>
      <ItemType>1</ItemType>
      <ItemName>מארז 10 סוללות AAA ורטה</ItemName>
      <ManufactureName>ד.ש.ש אלקטרוניקה בעמ`</ManufactureName>
      <ManufactureCountry />
      <ManufactureItemDescription />
      <UnitQty>'יח</UnitQty>
      <Quantity>1</Quantity>
      <UnitMeasure>'יח</UnitMeasure>
      <BisWeighted>0</BisWeighted>
      <QtyInPackage>1</QtyInPackage>
      <ItemPrice>19.90</ItemPrice>
      <UnitOfMeasurePrice>19.90</UnitOfMeasurePrice>
      <AllowDiscount>0</AllowDiscount>
      <itemStatus>1</itemStatus>
      <LastUpdateDate />
      <LastUpdateTime />
    </Product>
    <Product>
      <PriceUpdateDate>2022/02/15 11:25</PriceUpdateDate>
      <ItemCode>4008496927401</ItemCode>
      <ItemType>1</ItemType>
      <ItemName>זוג סוללות C ורטה</ItemName>
      <ManufactureName>ד.ש.ש אלקטרוניקה בעמ`</ManufactureName>
      <ManufactureCountry />
      <ManufactureItemDescription />
      <UnitQty>'יח</UnitQty>
      <Quantity>0</Quantity>
      <UnitMeasure>'יח</UnitMeasure>
      <BisWeighted>0</BisWeighted>
      <QtyInPackage>1</QtyInPackage>
      <ItemPrice>14.90</ItemPrice>
      <UnitOfMeasurePrice>14.90</UnitOfMeasurePrice>
      <AllowDiscount>0</AllowDiscount>
      <itemStatus>1</itemStatus>
      <LastUpdateDate />
      <LastUpdateTime />
    </Product>
    <Product>
      <PriceUpdateDate>2022/10/19 11:20</PriceUpdateDate>
      <ItemCode>4009300524588</ItemCode>
      <ItemType>1</ItemType>
      <ItemName>תה חליטת צמחים פירות יער</ItemName>
      <ManufactureName>ש. שסטוביץ בע`מ</ManufactureName>
      <ManufactureCountry />
      <ManufactureItemDescription />
      <UnitQty>'יח</UnitQty>
      <Quantity>1</Quantity>
      <UnitMeasure />
      <BisWeighted>0</BisWeighted>
      <QtyInPackage>1</QtyInPackage>
      <ItemPrice>15.90</ItemPrice>
      <UnitOfMeasurePrice>15.90</UnitOfMeasurePrice>
      <AllowDiscount>1</AllowDiscount>
      <itemStatus>1</itemStatus>
      <LastUpdateDate />
      <LastUpdateTime />
    </Product>
    <Product>
      <PriceUpdateDate>2019/01/16 14:46</PriceUpdateDate>
      <ItemCode>4009900402965</ItemCode>
      <ItemType>1</ItemType>
      <ItemName>וויט פירות בקבוקון דאבל</ItemName>
      <ManufactureName>מרס ריגלי ישראל בע"מ</ManufactureName>
      <ManufactureCountry />
      <ManufactureItemDescription />
      <UnitQty>'יח</UnitQty>
      <Quantity>0.64</Quantity>
      <UnitMeasure>ל-100 גרם</UnitMeasure>
      <BisWeighted>0</BisWeighted>
      <QtyInPackage>1</QtyInPackage>
      <ItemPrice>10.90</ItemPrice>
      <UnitOfMeasurePrice>17.03</UnitOfMeasurePrice>
      <AllowDiscount>1</AllowDiscount>
      <itemStatus>1</itemStatus>
      <LastUpdateDate />
      <LastUpdateTime />
    </Product>
    <Product>
      <PriceUpdateDate>2019/01/16 14:46</PriceUpdateDate>
      <ItemCode>4009900403023</ItemCode>
      <ItemType>1</ItemType>
      <ItemName>וויט קלאסי בקבקון דאבל</ItemName>
      <ManufactureName>מרס ריגלי ישראל בע"מ</ManufactureName>
      <ManufactureCountry />
      <ManufactureItemDescription />
      <UnitQty>'יח</UnitQty>
      <Quantity>0.64</Quantity>
      <UnitMeasure>ל-100 גרם</UnitMeasure>
      <BisWeighted>0</BisWeighted>
      <QtyInPackage>1</QtyInPackage>
      <ItemPrice>10.90</ItemPrice>
      <UnitOfMeasurePrice>17.03</UnitOfMeasurePrice>
      <AllowDiscount>1</AllowDiscount>
      <itemStatus>1</itemStatus>
      <LastUpdateDate />
      <LastUpdateTime />
    </Product>
    <Product>
      <PriceUpdateDate>2019/06/17 15:10</PriceUpdateDate>
      <ItemCode>4009900420129</ItemCode>
      <ItemType>1</ItemType>
      <ItemName>בקבוקון פרופשיונל ספירמניט</ItemName>
      <ManufactureName>מרס ריגלי ישראל בע"מ</ManufactureName>
      <ManufactureCountry />
      <ManufactureItemDescription />
      <UnitQty>ל-100 גרם</UnitQty>
      <Quantity>0.64</Quantity>
      <UnitMeasure>ל-100 גרם</UnitMeasure>
      <BisWeighted>0</BisWeighted>
      <QtyInPackage>1</QtyInPackage>
      <ItemPrice>10.90</ItemPrice>
      <UnitOfMeasurePrice>17.03</UnitOfMeasurePrice>
      <AllowDiscount>1</AllowDiscount>
      <itemStatus>1</itemStatus>
      <LastUpdateDate />
      <LastUpdateTime />
    </Product>
    <Product>
      <PriceUpdateDate>2019/01/16 14:46</PriceUpdateDate>
      <ItemCode>4009900426039</ItemCode>
      <ItemType>1</ItemType>
      <ItemName>בקבוקון אירוובס מנטה אקליפטוס</ItemName>
      <ManufactureName>מרס ריגלי ישראל בע"מ</ManufactureName>
      <ManufactureCountry />
      <ManufactureItemDescription />
      <UnitQty>'יח</UnitQty>
      <Quantity>0.64</Quantity>
      <UnitMeasure>ל-100 גרם</UnitMeasure>
      <BisWeighted>0</BisWeighted>
      <QtyInPackage>1</QtyInPackage>
      <ItemPrice>10.90</ItemPrice>
      <UnitOfMeasurePrice>17.03</UnitOfMeasurePrice>
      <AllowDiscount>0</AllowDiscount>
      <itemStatus>1</itemStatus>
      <LastUpdateDate />
      <LastUpdateTime />
    </Product>
    <Product>
      <PriceUpdateDate>2019/01/16 14:46</PriceUpdateDate>
      <ItemCode>4009900426121</ItemCode>
      <ItemType>1</ItemType>
      <ItemName>בקבוקון אירוובס אוכמניות</ItemName>
      <ManufactureName>מרס ריגלי ישראל בע"מ</ManufactureName>
      <ManufactureCountry />
      <ManufactureItemDescription />
      <UnitQty>'יח</UnitQty>
      <Quantity>0.64</Quantity>
      <UnitMeasure>ל-100 גרם</UnitMeasure>
      <BisWeighted>0</BisWeighted>
      <QtyInPackage>1</QtyInPackage>
      <ItemPrice>10.90</ItemPrice>
      <UnitOfMeasurePrice>17.03</UnitOfMeasurePrice>
      <AllowDiscount>1</AllowDiscount>
      <itemStatus>1</itemStatus>
      <LastUpdateDate />
      <LastUpdateTime />
    </Product>
    <Product>
      <PriceUpdateDate>2019/01/16 14:46</PriceUpdateDate>
      <ItemCode>4009900455299</ItemCode>
      <ItemType>1</ItemType>
      <ItemName>סקיטלס פירות 174 גר`</ItemName>
      <ManufactureName>מרס ריגלי ישראל בע"מ</ManufactureName>
      <ManufactureCountry />
      <ManufactureItemDescription />
      <UnitQty>'יח</UnitQty>
      <Quantity>1.75</Quantity>
      <UnitMeasure>ל-100 גרם</UnitMeasure>
      <BisWeighted>0</BisWeighted>
      <QtyInPackage>1</QtyInPackage>
      <ItemPrice>8.90</ItemPrice>
      <UnitOfMeasurePrice>5.09</UnitOfMeasurePrice>
      <AllowDiscount>0</AllowDiscount>
      <itemStatus>1</itemStatus>
      <LastUpdateDate />
      <LastUpdateTime />
    </Product>
    <Product>
      <PriceUpdateDate>2019/01/16 14:46</PriceUpdateDate>
      <ItemCode>4009900465304</ItemCode>
      <ItemType>1</ItemType>
      <ItemName>סקיטלס חמוץ 174 גר`</ItemName>
      <ManufactureName>מרס ריגלי ישראל בע"מ</ManufactureName>
      <ManufactureCountry />
      <ManufactureItemDescription />
      <UnitQty>'יח</UnitQty>
      <Quantity>1.75</Quantity>
      <UnitMeasure>ל-100 גרם</UnitMeasure>
      <BisWeighted>0</BisWeighted>
      <QtyInPackage>1</QtyInPackage>
      <ItemPrice>8.90</ItemPrice>
      <UnitOfMeasurePrice>5.09</UnitOfMeasurePrice>
      <AllowDiscount>0</AllowDiscount>
      <itemStatus>1</itemStatus>
      <LastUpdateDate />
      <LastUpdateTime />
    </Product>
    <Product>
      <PriceUpdateDate>2019/01/16 14:46</PriceUpdateDate>
      <ItemCode>4009900479998</ItemCode>
      <ItemType>1</ItemType>
      <ItemName>אוכמניות בקבקון דאבל</ItemName>
      <ManufactureName>מרס ריגלי ישראל בע"מ</ManufactureName>
      <ManufactureCountry />
      <ManufactureItemDescription />
      <UnitQty>'יח</UnitQty>
      <Quantity>0.64</Quantity>
      <UnitMeasure>ל-100 גרם</UnitMeasure>
      <BisWeighted>0</BisWeighted>
      <QtyInPackage>1</QtyInPackage>
      <ItemPrice>10.90</ItemPrice>
      <UnitOfMeasurePrice>17.03</UnitOfMeasurePrice>
      <AllowDiscount>1</AllowDiscount>
      <itemStatus>1</itemStatus>
      <LastUpdateDate />
      <LastUpdateTime />
    </Product>
    <Product>
      <PriceUpdateDate>2019/01/16 14:46</PriceUpdateDate>
      <ItemCode>4009900482417</ItemCode>
      <ItemType>1</ItemType>
      <ItemName>בבלמינט בקבקון דאבל</ItemName>
      <ManufactureName>מרס ריגלי ישראל בע"מ</ManufactureName>
      <ManufactureCountry />
      <ManufactureItemDescription />
      <UnitQty>'יח</UnitQty>
      <Quantity>0.30</Quantity>
      <UnitMeasure>ל-100 גרם</UnitMeasure>
      <BisWeighted>0</BisWeighted>
      <QtyInPackage>1</QtyInPackage>
      <ItemPrice>10.90</ItemPrice>
      <UnitOfMeasurePrice>36.33</UnitOfMeasurePrice>
      <AllowDiscount>1</AllowDiscount>
      <itemStatus>1</itemStatus>
      <LastUpdateDate />
      <LastUpdateTime />
    </Product>
    <Product>
      <PriceUpdateDate>2019/06/17 15:10</PriceUpdateDate>
      <ItemCode>4009900531122</ItemCode>
      <ItemType>1</ItemType>
      <ItemName>ברבוקון פרופשיונל ספירמינט</ItemName>
      <ManufactureName>מרס ריגלי ישראל בע"מ</ManufactureName>
      <ManufactureCountry />
      <ManufactureItemDescription />
      <UnitQty>'יח</UnitQty>
      <Quantity>0.64</Quantity>
      <UnitMeasure>ל-100 גרם</UnitMeasure>
      <BisWeighted>0</BisWeighted>
      <QtyInPackage>1</QtyInPackage>
      <ItemPrice>10.90</ItemPrice>
      <UnitOfMeasurePrice>17.03</UnitOfMeasurePrice>
      <AllowDiscount>1</AllowDiscount>
      <itemStatus>1</itemStatus>
      <LastUpdateDate />
      <LastUpdateTime />
    </Product>
    <Product>
      <PriceUpdateDate>2021/01/14 11:57</PriceUpdateDate>
      <ItemCode>4009900536288</ItemCode>
      <ItemType>1</ItemType>
      <ItemName>אורביט רפרשרס פפרמינט בקבוקון 67 גר`</ItemName>
      <ManufactureName>מרס ריגלי ישראל בע"מ</ManufactureName>
      <ManufactureCountry />
      <ManufactureItemDescription />
      <UnitQty>'יח</UnitQty>
      <Quantity>0.67</Quantity>
      <UnitMeasure>ל-100 גרם</UnitMeasure>
      <BisWeighted>0</BisWeighted>
      <QtyInPackage>1</QtyInPackage>
      <ItemPrice>11.90</ItemPrice>
      <UnitOfMeasurePrice>17.76</UnitOfMeasurePrice>
      <AllowDiscount>1</AllowDiscount>
      <itemStatus>1</itemStatus>
      <LastUpdateDate />
      <LastUpdateTime />
    </Product>
    <Product>
      <PriceUpdateDate>2022/11/01 11:47</PriceUpdateDate>
      <ItemCode>4010492051301</ItemCode>
      <ItemType>1</ItemType>
      <ItemName>אפולו עופות וצייד 150 גרם</ItemName>
      <ManufactureName>שחורי אריה ואנסטסיה</ManufactureName>
      <ManufactureCountry />
      <ManufactureItemDescription />
      <UnitQty>'יח</UnitQty>
      <Quantity>1.50</Quantity>
      <UnitMeasure>ל-100 גרם</UnitMeasure>
      <BisWeighted>0</BisWeighted>
      <QtyInPackage>1</QtyInPackage>
      <ItemPrice>5.90</ItemPrice>
      <UnitOfMeasurePrice>3.93</UnitOfMeasurePrice>
      <AllowDiscount>0</AllowDiscount>
      <itemStatus>1</itemStatus>
      <LastUpdateDate />
      <LastUpdateTime />
    </Product>
    <Product>
      <PriceUpdateDate>2022/11/01 11:47</PriceUpdateDate>
      <ItemCode>4010492051318</ItemCode>
      <ItemType>1</ItemType>
      <ItemName>אפולו עוף וכבש 150 גרם</ItemName>
      <ManufactureName>שחורי אריה ואנסטסיה</ManufactureName>
      <ManufactureCountry />
      <ManufactureItemDescription />
      <UnitQty>'יח</UnitQty>
      <Quantity>1.50</Quantity>
      <UnitMeasure>ל-100 גרם</UnitMeasure>
      <BisWeighted>0</BisWeighted>
      <QtyInPackage>1</QtyInPackage>
      <ItemPrice>5.90</ItemPrice>
      <UnitOfMeasurePrice>3.93</UnitOfMeasurePrice>
      <AllowDiscount>0</AllowDiscount>
      <itemStatus>1</itemStatus>
      <LastUpdateDate />
      <LastUpdateTime />
    </Product>
    <Product>
      <PriceUpdateDate>2022/11/01 11:47</PriceUpdateDate>
      <ItemCode>4010492052216</ItemCode>
      <ItemType>1</ItemType>
      <ItemName>אתנה מעדן וולנס לחתול אינדור גזר,סלרי וכ</ItemName>
      <ManufactureName>שחורי אריה ואנסטסיה</ManufactureName>
      <ManufactureCountry />
      <ManufactureItemDescription />
      <UnitQty>'יח</UnitQty>
      <Quantity>1</Quantity>
      <UnitMeasure>ל-100 גרם</UnitMeasure>
      <BisWeighted>0</BisWeighted>
      <QtyInPackage>1</QtyInPackage>
      <ItemPrice>6.90</ItemPrice>
      <UnitOfMeasurePrice>6.90</UnitOfMeasurePrice>
      <AllowDiscount>0</AllowDiscount>
      <itemStatus>1</itemStatus>
      <LastUpdateDate />
      <LastUpdateTime />
    </Product>
    <Product>
      <PriceUpdateDate>2022/11/01 11:47</PriceUpdateDate>
      <ItemCode>4010492052308</ItemCode>
      <ItemType>1</ItemType>
      <ItemName>אפולו פטה סניור עוף 150ג</ItemName>
      <ManufactureName>שחורי אריה ואנסטסיה</ManufactureName>
      <ManufactureCountry />
      <ManufactureItemDescription />
      <UnitQty>'יח</UnitQty>
      <Quantity>1.50</Quantity>
      <UnitMeasure>ל-100 גרם</UnitMeasure>
      <BisWeighted>0</BisWeighted>
      <QtyInPackage>1</QtyInPackage>
      <ItemPrice>5.90</ItemPrice>
      <UnitOfMeasurePrice>3.93</UnitOfMeasurePrice>
      <AllowDiscount>0</AllowDiscount>
      <itemStatus>1</itemStatus>
      <LastUpdateDate />
      <LastUpdateTime />
    </Product>
    <Product>
      <PriceUpdateDate>2022/11/01 11:47</PriceUpdateDate>
      <ItemCode>4010492052612</ItemCode>
      <ItemType>1</ItemType>
      <ItemName>אפולו סטיק רך לכלב עם בקר 55 גר</ItemName>
      <ManufactureName>שחורי אריה ואנסטסיה</ManufactureName>
      <ManufactureCountry />
      <ManufactureItemDescription />
      <UnitQty>'יח</UnitQty>
      <Quantity>0.55</Quantity>
      <UnitMeasure>ל-100 גרם</UnitMeasure>
      <BisWeighted>0</BisWeighted>
      <QtyInPackage>1</QtyInPackage>
      <ItemPrice>9.90</ItemPrice>
      <UnitOfMeasurePrice>18</UnitOfMeasurePrice>
      <AllowDiscount>0</AllowDiscount>
      <itemStatus>1</itemStatus>
      <LastUpdateDate />
      <LastUpdateTime />
    </Product>
    <Product>
      <PriceUpdateDate>2022/11/01 11:47</PriceUpdateDate>
      <ItemCode>4010492052629</ItemCode>
      <ItemType>1</ItemType>
      <ItemName>אתנה סטיק רך לחתול עם עופות וכבד 10יח</ItemName>
      <ManufactureName>שחורי אריה ואנסטסיה</ManufactureName>
      <ManufactureCountry />
      <ManufactureItemDescription />
      <UnitQty>'יח</UnitQty>
      <Quantity>0.40</Quantity>
      <UnitMeasure>ל-100 גרם</UnitMeasure>
      <BisWeighted>0</BisWeighted>
      <QtyInPackage>1</QtyInPackage>
      <ItemPrice>19.90</ItemPrice>
      <UnitOfMeasurePrice>49.75</UnitOfMeasurePrice>
      <AllowDiscount>0</AllowDiscount>
      <itemStatus>1</itemStatus>
      <LastUpdateDate />
      <LastUpdateTime />
    </Product>
    <Product>
      <PriceUpdateDate>2022/11/01 11:47</PriceUpdateDate>
      <ItemCode>4010492961723</ItemCode>
      <ItemType>1</ItemType>
      <ItemName>אתנה סטיק סלמון</ItemName>
      <ManufactureName>שחורי אריה ואנסטסיה</ManufactureName>
      <ManufactureCountry />
      <ManufactureItemDescription />
      <UnitQty>'יח</UnitQty>
      <Quantity>0.40</Quantity>
      <UnitMeasure>ל-100 גרם</UnitMeasure>
      <BisWeighted>0</BisWeighted>
      <QtyInPackage>1</QtyInPackage>
      <ItemPrice>19.90</ItemPrice>
      <UnitOfMeasurePrice>49.75</UnitOfMeasurePrice>
      <AllowDiscount>0</AllowDiscount>
      <itemStatus>1</itemStatus>
      <LastUpdateDate />
      <LastUpdateTime />
    </Product>
    <Product>
      <PriceUpdateDate>2022/11/01 11:47</PriceUpdateDate>
      <ItemCode>4010492963147</ItemCode>
      <ItemType>1</ItemType>
      <ItemName>אתנה סטיק מחולק 40 גר</ItemName>
      <ManufactureName>שחורי אריה ואנסטסיה</ManufactureName>
      <ManufactureCountry />
      <ManufactureItemDescription />
      <UnitQty>'יח</UnitQty>
      <Quantity>1</Quantity>
      <UnitMeasure>ל-100 גרם</UnitMeasure>
      <BisWeighted>0</BisWeighted>
      <QtyInPackage>1</QtyInPackage>
      <ItemPrice>19.90</ItemPrice>
      <UnitOfMeasurePrice>19.90</UnitOfMeasurePrice>
      <AllowDiscount>0</AllowDiscount>
      <itemStatus>1</itemStatus>
      <LastUpdateDate />
      <LastUpdateTime />
    </Product>
    <Product>
      <PriceUpdateDate>2019/01/16 14:46</PriceUpdateDate>
      <ItemCode>4011100002227</ItemCode>
      <ItemType>1</ItemType>
      <ItemName>באונטי מיני שקית 403 גר`</ItemName>
      <ManufactureName>מרס ריגלי ישראל בע"מ</ManufactureName>
      <ManufactureCountry />
      <ManufactureItemDescription />
      <UnitQty>'יח</UnitQty>
      <Quantity>4.03</Quantity>
      <UnitMeasure>ל-100 גרם</UnitMeasure>
      <BisWeighted>0</BisWeighted>
      <QtyInPackage>1</QtyInPackage>
      <ItemPrice>22.90</ItemPrice>
      <UnitOfMeasurePrice>5.68</UnitOfMeasurePrice>
      <AllowDiscount>0</AllowDiscount>
      <itemStatus>1</itemStatus>
      <LastUpdateDate />
      <LastUpdateTime />
    </Product>
    <Product>
      <PriceUpdateDate>2019/07/03 08:47</PriceUpdateDate>
      <ItemCode>4014400904390</ItemCode>
      <ItemType>1</ItemType>
      <ItemName>סוכריות ממולאות בטעם חלב 325 גרם</ItemName>
      <ManufactureName>ליימן שליסל בע`מ</ManufactureName>
      <ManufactureCountry />
      <ManufactureItemDescription />
      <UnitQty>'יח</UnitQty>
      <Quantity>3.25</Quantity>
      <UnitMeasure>ל-100 גרם</UnitMeasure>
      <BisWeighted>0</BisWeighted>
      <QtyInPackage>20</QtyInPackage>
      <ItemPrice>18.90</ItemPrice>
      <UnitOfMeasurePrice>5.82</UnitOfMeasurePrice>
      <AllowDiscount>1</AllowDiscount>
      <itemStatus>1</itemStatus>
      <LastUpdateDate />
      <LastUpdateTime />
    </Product>
    <Product>
      <PriceUpdateDate>2019/07/03 08:47</PriceUpdateDate>
      <ItemCode>4014400907902</ItemCode>
      <ItemType>1</ItemType>
      <ItemName>סוכריות חמאה וורטר בוקס ללא סוכר 42 גר</ItemName>
      <ManufactureName>ליימן שליסל בע`מ</ManufactureName>
      <ManufactureCountry />
      <ManufactureItemDescription />
      <UnitQty>'יח</UnitQty>
      <Quantity>1</Quantity>
      <UnitMeasure />
      <BisWeighted>0</BisWeighted>
      <QtyInPackage>24</QtyInPackage>
      <ItemPrice>6.90</ItemPrice>
      <UnitOfMeasurePrice>6.90</UnitOfMeasurePrice>
      <AllowDiscount>0</AllowDiscount>
      <itemStatus>1</itemStatus>
      <LastUpdateDate />
      <LastUpdateTime />
    </Product>
    <Product>
      <PriceUpdateDate>2019/07/03 08:47</PriceUpdateDate>
      <ItemCode>4014400910063</ItemCode>
      <ItemType>1</ItemType>
      <ItemName>סוכריות וורטר חמאה 135 גרם</ItemName>
      <ManufactureName>ליימן שליסל בע`מ</ManufactureName>
      <ManufactureCountry />
      <ManufactureItemDescription />
      <UnitQty>'יח</UnitQty>
      <Quantity>1.35</Quantity>
      <UnitMeasure>ל-100 גרם</UnitMeasure>
      <BisWeighted>0</BisWeighted>
      <QtyInPackage>15</QtyInPackage>
      <ItemPrice>9.90</ItemPrice>
      <UnitOfMeasurePrice>7.33</UnitOfMeasurePrice>
      <AllowDiscount>1</AllowDiscount>
      <itemStatus>1</itemStatus>
      <LastUpdateDate />
      <LastUpdateTime />
    </Product>
    <Product>
      <PriceUpdateDate>2019/07/03 08:47</PriceUpdateDate>
      <ItemCode>4014400914696</ItemCode>
      <ItemType>1</ItemType>
      <ItemName>סוכריות וורטר ללא סוכר 80גר שקית</ItemName>
      <ManufactureName>ליימן שליסל בע`מ</ManufactureName>
      <ManufactureCountry />
      <ManufactureItemDescription />
      <UnitQty>'יח</UnitQty>
      <Quantity>1</Quantity>
      <UnitMeasure />
      <BisWeighted>0</BisWeighted>
      <QtyInPackage>18</QtyInPackage>
      <ItemPrice>9.90</ItemPrice>
      <UnitOfMeasurePrice>9.90</UnitOfMeasurePrice>
      <AllowDiscount>1</AllowDiscount>
      <itemStatus>1</itemStatus>
      <LastUpdateDate />
      <LastUpdateTime />
    </Product>
    <Product>
      <PriceUpdateDate>2019/07/03 08:47</PriceUpdateDate>
      <ItemCode>4014400914924</ItemCode>
      <ItemType>1</ItemType>
      <ItemName>סוכריות וורטר ללא סוכר קפה 80גר שקית</ItemName>
      <ManufactureName>ליימן שליסל בע`מ</ManufactureName>
      <ManufactureCountry />
      <ManufactureItemDescription />
      <UnitQty>'יח</UnitQty>
      <Quantity>1.35</Quantity>
      <UnitMeasure>ל-100 גרם</UnitMeasure>
      <BisWeighted>0</BisWeighted>
      <QtyInPackage>18</QtyInPackage>
      <ItemPrice>9.90</ItemPrice>
      <UnitOfMeasurePrice>7.33</UnitOfMeasurePrice>
      <AllowDiscount>1</AllowDiscount>
      <itemStatus>1</itemStatus>
      <LastUpdateDate />
      <LastUpdateTime />
    </Product>
    <Product>
      <PriceUpdateDate>2019/07/03 08:47</PriceUpdateDate>
      <ItemCode>4014400920857</ItemCode>
      <ItemType>1</ItemType>
      <ItemName>סוכריות וורטר ללא סוכרבטעם שוקולד 70 גר`</ItemName>
      <ManufactureName>ליימן שליסל בע`מ</ManufactureName>
      <ManufactureCountry />
      <ManufactureItemDescription />
      <UnitQty>'יח</UnitQty>
      <Quantity>0.70</Quantity>
      <UnitMeasure>ל-100 גרם</UnitMeasure>
      <BisWeighted>0</BisWeighted>
      <QtyInPackage>18</QtyInPackage>
      <ItemPrice>9.90</ItemPrice>
      <UnitOfMeasurePrice>14.14</UnitOfMeasurePrice>
      <AllowDiscount>1</AllowDiscount>
      <itemStatus>1</itemStatus>
      <LastUpdateDate />
      <LastUpdateTime />
    </Product>
    <Product>
      <PriceUpdateDate>2019/07/03 08:47</PriceUpdateDate>
      <ItemCode>4014400923711</ItemCode>
      <ItemType>1</ItemType>
      <ItemName>בונבוניירה טופיפי 125 גרם כשלפ</ItemName>
      <ManufactureName>ליימן שליסל בע`מ</ManufactureName>
      <ManufactureCountry />
      <ManufactureItemDescription />
      <UnitQty>'יח</UnitQty>
      <Quantity>1.25</Quantity>
      <UnitMeasure>ל-100 גרם</UnitMeasure>
      <BisWeighted>0</BisWeighted>
      <QtyInPackage>30</QtyInPackage>
      <ItemPrice>12.90</ItemPrice>
      <UnitOfMeasurePrice>10.32</UnitOfMeasurePrice>
      <AllowDiscount>1</AllowDiscount>
      <itemStatus>1</itemStatus>
      <LastUpdateDate />
      <LastUpdateTime />
    </Product>
    <Product>
      <PriceUpdateDate>2019/10/06 10:00</PriceUpdateDate>
      <ItemCode>4015400564034</ItemCode>
      <ItemType>1</ItemType>
      <ItemName>מגן תחתון אולוויז מגה פק לונג פלוס 58</ItemName>
      <ManufactureName>דיפלומט מפיצים (1986) בע`מ</ManufactureName>
      <ManufactureCountry />
      <ManufactureItemDescription />
      <UnitQty>'יח</UnitQty>
      <Quantity>1</Quantity>
      <UnitMeasure>ל-100 גרם</UnitMeasure>
      <BisWeighted>0</BisWeighted>
      <QtyInPackage>1</QtyInPackage>
      <ItemPrice>19.90</ItemPrice>
      <UnitOfMeasurePrice>19.90</UnitOfMeasurePrice>
      <AllowDiscount>1</AllowDiscount>
      <itemStatus>1</itemStatus>
      <LastUpdateDate />
      <LastUpdateTime />
    </Product>
    <Product>
      <PriceUpdateDate>2019/10/06 10:00</PriceUpdateDate>
      <ItemCode>4015400564454</ItemCode>
      <ItemType>1</ItemType>
      <ItemName>מגן תחתון אולוויז מגה פק לארג` 68 יח`</ItemName>
      <ManufactureName>דיפלומט מפיצים (1986) בע`מ</ManufactureName>
      <ManufactureCountry />
      <ManufactureItemDescription />
      <UnitQty>'יח</UnitQty>
      <Quantity>1</Quantity>
      <UnitMeasure>ל-100 גרם</UnitMeasure>
      <BisWeighted>0</BisWeighted>
      <QtyInPackage>1</QtyInPackage>
      <ItemPrice>19.90</ItemPrice>
      <UnitOfMeasurePrice>19.90</UnitOfMeasurePrice>
      <AllowDiscount>1</AllowDiscount>
      <itemStatus>1</itemStatus>
      <LastUpdateDate />
      <LastUpdateTime />
    </Product>
    <Product>
      <PriceUpdateDate>2019/01/16 14:46</PriceUpdateDate>
      <ItemCode>4015400681670</ItemCode>
      <ItemType>1</ItemType>
      <ItemName>תחבושות ALWAYS לילה בטוח 18 יח`</ItemName>
      <ManufactureName>דיפלומט מפיצים (1986) בע`מ</ManufactureName>
      <ManufactureCountry />
      <ManufactureItemDescription />
      <UnitQty>'יח</UnitQty>
      <Quantity>1</Quantity>
      <UnitMeasure>ל-100 גרם</UnitMeasure>
      <BisWeighted>0</BisWeighted>
      <QtyInPackage>1</QtyInPackage>
      <ItemPrice>19.90</ItemPrice>
      <UnitOfMeasurePrice>19.90</UnitOfMeasurePrice>
      <AllowDiscount>1</AllowDiscount>
      <itemStatus>1</itemStatus>
      <LastUpdateDate />
      <LastUpdateTime />
    </Product>
    <Product>
      <PriceUpdateDate>2019/07/03 08:47</PriceUpdateDate>
      <ItemCode>4015400731719</ItemCode>
      <ItemType>1</ItemType>
      <ItemName>תחבושות Always וליו פק לילה 20 יח`</ItemName>
      <ManufactureName>דיפלומט מפיצים (1986) בע`מ</ManufactureName>
      <ManufactureCountry />
      <ManufactureItemDescription />
      <UnitQty>'יח</UnitQty>
      <Quantity>1</Quantity>
      <UnitMeasure>ל-100 גרם</UnitMeasure>
      <BisWeighted>0</BisWeighted>
      <QtyInPackage>1</QtyInPackage>
      <ItemPrice>19.90</ItemPrice>
      <UnitOfMeasurePrice>19.90</UnitOfMeasurePrice>
      <AllowDiscount>1</AllowDiscount>
      <itemStatus>1</itemStatus>
      <LastUpdateDate />
      <LastUpdateTime />
    </Product>
    <Product>
      <PriceUpdateDate>2019/10/06 10:00</PriceUpdateDate>
      <ItemCode>4015400746812</ItemCode>
      <ItemType>1</ItemType>
      <ItemName>מגן תחתון אולוויז מגה פק נורמל 80 יח`</ItemName>
      <ManufactureName>דיפלומט מפיצים (1986) בע`מ</ManufactureName>
      <ManufactureCountry />
      <ManufactureItemDescription />
      <UnitQty>'יח</UnitQty>
      <Quantity>1</Quantity>
      <UnitMeasure>ל-100 גרם</UnitMeasure>
      <BisWeighted>0</BisWeighted>
      <QtyInPackage>1</QtyInPackage>
      <ItemPrice>19.90</ItemPrice>
      <UnitOfMeasurePrice>19.90</UnitOfMeasurePrice>
      <AllowDiscount>1</AllowDiscount>
      <itemStatus>1</itemStatus>
      <LastUpdateDate />
      <LastUpdateTime />
    </Product>
    <Product>
      <PriceUpdateDate>2019/01/16 14:46</PriceUpdateDate>
      <ItemCode>4015400755241</ItemCode>
      <ItemType>1</ItemType>
      <ItemName>תחבושות ALWAYS וליו פק נורמל +28יח`</ItemName>
      <ManufactureName>דיפלומט מפיצים (1986) בע`מ</ManufactureName>
      <ManufactureCountry />
      <ManufactureItemDescription />
      <UnitQty>'יח</UnitQty>
      <Quantity>1</Quantity>
      <UnitMeasure>ל-100 גרם</UnitMeasure>
      <BisWeighted>0</BisWeighted>
      <QtyInPackage>1</QtyInPackage>
      <ItemPrice>19.90</ItemPrice>
      <UnitOfMeasurePrice>19.90</UnitOfMeasurePrice>
      <AllowDiscount>1</AllowDiscount>
      <itemStatus>1</itemStatus>
      <LastUpdateDate />
      <LastUpdateTime />
    </Product>
    <Product>
      <PriceUpdateDate>2019/01/16 14:46</PriceUpdateDate>
      <ItemCode>4015400755487</ItemCode>
      <ItemType>1</ItemType>
      <ItemName>תחבושות Always וליו פק  לונג+24 יח`</ItemName>
      <ManufactureName>דיפלומט מפיצים (1986) בע`מ</ManufactureName>
      <ManufactureCountry />
      <ManufactureItemDescription />
      <UnitQty>'יח</UnitQty>
      <Quantity>1</Quantity>
      <UnitMeasure>ל-100 גרם</UnitMeasure>
      <BisWeighted>0</BisWeighted>
      <QtyInPackage>1</QtyInPackage>
      <ItemPrice>19.90</ItemPrice>
      <UnitOfMeasurePrice>19.90</UnitOfMeasurePrice>
      <AllowDiscount>1</AllowDiscount>
      <itemStatus>1</itemStatus>
      <LastUpdateDate />
      <LastUpdateTime />
    </Product>
    <Product>
      <PriceUpdateDate>2021/02/25 11:51</PriceUpdateDate>
      <ItemCode>4015400990482</ItemCode>
      <ItemType>1</ItemType>
      <ItemName>אבקת כביסה אריאל קולור 3 ק`ג</ItemName>
      <ManufactureName>דיפלומט מפיצים (1986) בע`מ</ManufactureName>
      <ManufactureCountry />
      <ManufactureItemDescription />
      <UnitQty>'יח</UnitQty>
      <Quantity>3</Quantity>
      <UnitMeasure>ק"ג</UnitMeasure>
      <BisWeighted>0</BisWeighted>
      <QtyInPackage>1</QtyInPackage>
      <ItemPrice>34.90</ItemPrice>
      <UnitOfMeasurePrice>11.63</UnitOfMeasurePrice>
      <AllowDiscount>0</AllowDiscount>
      <itemStatus>1</itemStatus>
      <LastUpdateDate />
      <LastUpdateTime />
    </Product>
    <Product>
      <PriceUpdateDate>2021/12/23 21:44</PriceUpdateDate>
      <ItemCode>4015600762742</ItemCode>
      <ItemType>1</ItemType>
      <ItemName>שמפו שולדרס 500 מ`ל קלאסי</ItemName>
      <ManufactureName>דיפלומט מפיצים (1986) בע`מ</ManufactureName>
      <ManufactureCountry />
      <ManufactureItemDescription />
      <UnitQty>'יח</UnitQty>
      <Quantity>5</Quantity>
      <UnitMeasure>ל-100 מ"ל</UnitMeasure>
      <BisWeighted>0</BisWeighted>
      <QtyInPackage>6</QtyInPackage>
      <ItemPrice>18.90</ItemPrice>
      <UnitOfMeasurePrice>3.78</UnitOfMeasurePrice>
      <AllowDiscount>1</AllowDiscount>
      <itemStatus>1</itemStatus>
      <LastUpdateDate />
      <LastUpdateTime />
    </Product>
    <Product>
      <PriceUpdateDate>2021/12/23 21:44</PriceUpdateDate>
      <ItemCode>4015600762780</ItemCode>
      <ItemType>1</ItemType>
      <ItemName>שמפו שולדרס 2ב1 500 מ`ל קלאסי</ItemName>
      <ManufactureName>דיפלומט מפיצים (1986) בע`מ</ManufactureName>
      <ManufactureCountry />
      <ManufactureItemDescription />
      <UnitQty>'יח</UnitQty>
      <Quantity>5</Quantity>
      <UnitMeasure>ל-100 מ"ל</UnitMeasure>
      <BisWeighted>0</BisWeighted>
      <QtyInPackage>6</QtyInPackage>
      <ItemPrice>18.90</ItemPrice>
      <UnitOfMeasurePrice>3.78</UnitOfMeasurePrice>
      <AllowDiscount>1</AllowDiscount>
      <itemStatus>1</itemStatus>
      <LastUpdateDate />
      <LastUpdateTime />
    </Product>
    <Product>
      <PriceUpdateDate>2021/12/23 21:44</PriceUpdateDate>
      <ItemCode>4015600762902</ItemCode>
      <ItemType>1</ItemType>
      <ItemName>שמפו שולדרס 500 מ`ל מנטול</ItemName>
      <ManufactureName>דיפלומט מפיצים (1986) בע`מ</ManufactureName>
      <ManufactureCountry />
      <ManufactureItemDescription />
      <UnitQty>'יח</UnitQty>
      <Quantity>5</Quantity>
      <UnitMeasure>ל-100 מ"ל</UnitMeasure>
      <BisWeighted>0</BisWeighted>
      <QtyInPackage>6</QtyInPackage>
      <ItemPrice>18.90</ItemPrice>
      <UnitOfMeasurePrice>3.78</UnitOfMeasurePrice>
      <AllowDiscount>1</AllowDiscount>
      <itemStatus>1</itemStatus>
      <LastUpdateDate />
      <LastUpdateTime />
    </Product>
    <Product>
      <PriceUpdateDate>2021/12/23 21:44</PriceUpdateDate>
      <ItemCode>4015600762940</ItemCode>
      <ItemType>1</ItemType>
      <ItemName>שמפו שולדרס 500 מ`ל תפוח</ItemName>
      <ManufactureName>דיפלומט מפיצים (1986) בע`מ</ManufactureName>
      <ManufactureCountry />
      <ManufactureItemDescription />
      <UnitQty>'יח</UnitQty>
      <Quantity>5</Quantity>
      <UnitMeasure>ל-100 מ"ל</UnitMeasure>
      <BisWeighted>0</BisWeighted>
      <QtyInPackage>6</QtyInPackage>
      <ItemPrice>18.90</ItemPrice>
      <UnitOfMeasurePrice>3.78</UnitOfMeasurePrice>
      <AllowDiscount>1</AllowDiscount>
      <itemStatus>1</itemStatus>
      <LastUpdateDate />
      <LastUpdateTime />
    </Product>
    <Product>
      <PriceUpdateDate>2021/12/23 21:44</PriceUpdateDate>
      <ItemCode>4015600763022</ItemCode>
      <ItemType>1</ItemType>
      <ItemName>שמפו שולדרס 500 מ`ל מגע משי</ItemName>
      <ManufactureName>דיפלומט מפיצים (1986) בע`מ</ManufactureName>
      <ManufactureCountry />
      <ManufactureItemDescription />
      <UnitQty>'יח</UnitQty>
      <Quantity>5</Quantity>
      <UnitMeasure>ל-100 מ"ל</UnitMeasure>
      <BisWeighted>0</BisWeighted>
      <QtyInPackage>6</QtyInPackage>
      <ItemPrice>18.90</ItemPrice>
      <UnitOfMeasurePrice>3.78</UnitOfMeasurePrice>
      <AllowDiscount>1</AllowDiscount>
      <itemStatus>1</itemStatus>
      <LastUpdateDate />
      <LastUpdateTime />
    </Product>
    <Product>
      <PriceUpdateDate>2021/12/23 21:44</PriceUpdateDate>
      <ItemCode>4015600766900</ItemCode>
      <ItemType>1</ItemType>
      <ItemName>שמפו הד אנד שולדרס 2ב-1 מנטול 500 מ`ל</ItemName>
      <ManufactureName>דיפלומט מפיצים (1986) בע`מ</ManufactureName>
      <ManufactureCountry />
      <ManufactureItemDescription />
      <UnitQty>'יח</UnitQty>
      <Quantity>5</Quantity>
      <UnitMeasure>ל-100 מ"ל</UnitMeasure>
      <BisWeighted>0</BisWeighted>
      <QtyInPackage>6</QtyInPackage>
      <ItemPrice>18.90</ItemPrice>
      <UnitOfMeasurePrice>3.78</UnitOfMeasurePrice>
      <AllowDiscount>1</AllowDiscount>
      <itemStatus>1</itemStatus>
      <LastUpdateDate />
      <LastUpdateTime />
    </Product>
    <Product>
      <PriceUpdateDate>2019/07/03 08:47</PriceUpdateDate>
      <ItemCode>4017100364112</ItemCode>
      <ItemType>1</ItemType>
      <ItemName>ביסקוויט היט קקאו 220גר</ItemName>
      <ManufactureName>ליימן שליסל בע`מ</ManufactureName>
      <ManufactureCountry />
      <ManufactureItemDescription />
      <UnitQty>'יח</UnitQty>
      <Quantity>2.20</Quantity>
      <UnitMeasure>ל-100 גרם</UnitMeasure>
      <BisWeighted>0</BisWeighted>
      <QtyInPackage>1</QtyInPackage>
      <ItemPrice>9.90</ItemPrice>
      <UnitOfMeasurePrice>4.50</UnitOfMeasurePrice>
      <AllowDiscount>1</AllowDiscount>
      <itemStatus>1</itemStatus>
      <LastUpdateDate />
      <LastUpdateTime />
    </Product>
    <Product>
      <PriceUpdateDate>2022/01/24 19:10</PriceUpdateDate>
      <ItemCode>4025700001962</ItemCode>
      <ItemType>1</ItemType>
      <ItemName>מילקה שוקולד לבן  100 גרם</ItemName>
      <ManufactureName>דיפלומט מפיצים (1968) בע`מ</ManufactureName>
      <ManufactureCountry />
      <ManufactureItemDescription />
      <UnitQty>'יח</UnitQty>
      <Quantity>1</Quantity>
      <UnitMeasure />
      <BisWeighted>0</BisWeighted>
      <QtyInPackage>24</QtyInPackage>
      <ItemPrice>5.90</ItemPrice>
      <UnitOfMeasurePrice>5.90</UnitOfMeasurePrice>
      <AllowDiscount>0</AllowDiscount>
      <itemStatus>1</itemStatus>
      <LastUpdateDate />
      <LastUpdateTime />
    </Product>
    <Product>
      <PriceUpdateDate>2022/07/18 20:29</PriceUpdateDate>
      <ItemCode>4066600601920</ItemCode>
      <ItemType>1</ItemType>
      <ItemName>פאולנר חיטה פחית 500 מ"ל</ItemName>
      <ManufactureName>טמפו משקאות בע`מ</ManufactureName>
      <ManufactureCountry />
      <ManufactureItemDescription />
      <UnitQty>'יח</UnitQty>
      <Quantity>5</Quantity>
      <UnitMeasure>ל-100 מ"ל</UnitMeasure>
      <BisWeighted>0</BisWeighted>
      <QtyInPackage>1</QtyInPackage>
      <ItemPrice>10.90</ItemPrice>
      <UnitOfMeasurePrice>2.12</UnitOfMeasurePrice>
      <AllowDiscount>0</AllowDiscount>
      <itemStatus>1</itemStatus>
      <LastUpdateDate />
      <LastUpdateTime />
    </Product>
    <Product>
      <PriceUpdateDate>2019/11/03 14:28</PriceUpdateDate>
      <ItemCode>4084500088917</ItemCode>
      <ItemType>1</ItemType>
      <ItemName>נוזל כלים Fairy לימון 650 מ``ל</ItemName>
      <ManufactureName>דיפלומט מפיצים (1986) בע`מ</ManufactureName>
      <ManufactureCountry />
      <ManufactureItemDescription />
      <UnitQty>'יח</UnitQty>
      <Quantity>6.50</Quantity>
      <UnitMeasure>ל-100 מ"ל</UnitMeasure>
      <BisWeighted>0</BisWeighted>
      <QtyInPackage>16</QtyInPackage>
      <ItemPrice>10.90</ItemPrice>
      <UnitOfMeasurePrice>1.68</UnitOfMeasurePrice>
      <AllowDiscount>1</AllowDiscount>
      <itemStatus>1</itemStatus>
      <LastUpdateDate />
      <LastUpdateTime />
    </Product>
    <Product>
      <PriceUpdateDate>2020/03/02 09:05</PriceUpdateDate>
      <ItemCode>4084500853553</ItemCode>
      <ItemType>1</ItemType>
      <ItemName>נוזל כלים Fairy אורגינל 650 מ``ל</ItemName>
      <ManufactureName>דיפלומט מפיצים (1986) בע`מ</ManufactureName>
      <ManufactureCountry />
      <ManufactureItemDescription />
      <UnitQty>'יח</UnitQty>
      <Quantity>6.50</Quantity>
      <UnitMeasure>ל-100 מ"ל</UnitMeasure>
      <BisWeighted>0</BisWeighted>
      <QtyInPackage>16</QtyInPackage>
      <ItemPrice>10.90</ItemPrice>
      <UnitOfMeasurePrice>1.68</UnitOfMeasurePrice>
      <AllowDiscount>1</AllowDiscount>
      <itemStatus>1</itemStatus>
      <LastUpdateDate />
      <LastUpdateTime />
    </Product>
    <Product>
      <PriceUpdateDate>2020/05/26 16:06</PriceUpdateDate>
      <ItemCode>4084500853836</ItemCode>
      <ItemType>1</ItemType>
      <ItemName>פיירי ורדים ומשי 515 מ`ל</ItemName>
      <ManufactureName>דיפלומט מפיצים (1986) בע`מ</ManufactureName>
      <ManufactureCountry />
      <ManufactureItemDescription />
      <UnitQty>'יח</UnitQty>
      <Quantity>5.15</Quantity>
      <UnitMeasure>ל-100 מ"ל</UnitMeasure>
      <BisWeighted>0</BisWeighted>
      <QtyInPackage>1</QtyInPackage>
      <ItemPrice>10.90</ItemPrice>
      <UnitOfMeasurePrice>2.12</UnitOfMeasurePrice>
      <AllowDiscount>1</AllowDiscount>
      <itemStatus>1</itemStatus>
      <LastUpdateDate />
      <LastUpdateTime />
    </Product>
    <Product>
      <PriceUpdateDate>2019/01/16 14:46</PriceUpdateDate>
      <ItemCode>4105120623941</ItemCode>
      <ItemType>1</ItemType>
      <ItemName>בירה ויינשטפן 500 מל`</ItemName>
      <ManufactureName>החברה המרכזית להפצת משקאות בע`</ManufactureName>
      <ManufactureCountry />
      <ManufactureItemDescription />
      <UnitQty>'יח</UnitQty>
      <Quantity>5</Quantity>
      <UnitMeasure>ל-100 מ"ל</UnitMeasure>
      <BisWeighted>0</BisWeighted>
      <QtyInPackage>1</QtyInPackage>
      <ItemPrice>12.20</ItemPrice>
      <UnitOfMeasurePrice>2.38</UnitOfMeasurePrice>
      <AllowDiscount>0</AllowDiscount>
      <itemStatus>1</itemStatus>
      <LastUpdateDate />
      <LastUpdateTime />
    </Product>
    <Product>
      <PriceUpdateDate>2022/02/10 09:54</PriceUpdateDate>
      <ItemCode>4605561011975</ItemCode>
      <ItemType>1</ItemType>
      <ItemName>פילה הרינג בשמן 150 גרם</ItemName>
      <ManufactureName>דילר בי.אם.די. פורמולה בעמ</ManufactureName>
      <ManufactureCountry />
      <ManufactureItemDescription />
      <UnitQty>'יח</UnitQty>
      <Quantity>1.50</Quantity>
      <UnitMeasure>ל-100 גרם</UnitMeasure>
      <BisWeighted>0</BisWeighted>
      <QtyInPackage>1</QtyInPackage>
      <ItemPrice>7.90</ItemPrice>
      <UnitOfMeasurePrice>5.27</UnitOfMeasurePrice>
      <AllowDiscount>0</AllowDiscount>
      <itemStatus>1</itemStatus>
      <LastUpdateDate />
      <LastUpdateTime />
    </Product>
    <Product>
      <PriceUpdateDate>2022/02/10 09:54</PriceUpdateDate>
      <ItemCode>4605561012613</ItemCode>
      <ItemType>1</ItemType>
      <ItemName>פילה הרינג(קצוץ) בשמן 400 גרם</ItemName>
      <ManufactureName>דילר בי.אם.די. פורמולה בעמ</ManufactureName>
      <ManufactureCountry />
      <ManufactureItemDescription />
      <UnitQty>'יח</UnitQty>
      <Quantity>4</Quantity>
      <UnitMeasure>ל-100 גרם</UnitMeasure>
      <BisWeighted>0</BisWeighted>
      <QtyInPackage>1</QtyInPackage>
      <ItemPrice>15.90</ItemPrice>
      <UnitOfMeasurePrice>3.98</UnitOfMeasurePrice>
      <AllowDiscount>1</AllowDiscount>
      <itemStatus>1</itemStatus>
      <LastUpdateDate />
      <LastUpdateTime />
    </Product>
    <Product>
      <PriceUpdateDate>2022/07/07 19:37</PriceUpdateDate>
      <ItemCode>4710068001692</ItemCode>
      <ItemType>1</ItemType>
      <ItemName>מאסטר קפה בטעם לאטה בפחית 240מ`ל</ItemName>
      <ManufactureName>טמפו משקאות בע`מ</ManufactureName>
      <ManufactureCountry />
      <ManufactureItemDescription />
      <UnitQty>'יח</UnitQty>
      <Quantity>2.40</Quantity>
      <UnitMeasure>ל-100 מ"ל</UnitMeasure>
      <BisWeighted>0</BisWeighted>
      <QtyInPackage>24</QtyInPackage>
      <ItemPrice>6.90</ItemPrice>
      <UnitOfMeasurePrice>2.88</UnitOfMeasurePrice>
      <AllowDiscount>1</AllowDiscount>
      <itemStatus>1</itemStatus>
      <LastUpdateDate />
      <LastUpdateTime />
    </Product>
    <Product>
      <PriceUpdateDate>2022/07/07 19:37</PriceUpdateDate>
      <ItemCode>4710068001739</ItemCode>
      <ItemType>1</ItemType>
      <ItemName>מאסטר קפה בטעם קולומביאני בפחית 240מ`ל</ItemName>
      <ManufactureName>טמפו משקאות בע`מ</ManufactureName>
      <ManufactureCountry />
      <ManufactureItemDescription />
      <UnitQty>'יח</UnitQty>
      <Quantity>2.40</Quantity>
      <UnitMeasure>ל-100 מ"ל</UnitMeasure>
      <BisWeighted>0</BisWeighted>
      <QtyInPackage>24</QtyInPackage>
      <ItemPrice>6.90</ItemPrice>
      <UnitOfMeasurePrice>2.88</UnitOfMeasurePrice>
      <AllowDiscount>1</AllowDiscount>
      <itemStatus>1</itemStatus>
      <LastUpdateDate />
      <LastUpdateTime />
    </Product>
    <Product>
      <PriceUpdateDate>2022/07/07 19:37</PriceUpdateDate>
      <ItemCode>4710068002798</ItemCode>
      <ItemType>1</ItemType>
      <ItemName>מאסטר קפה בטעם וניל בפחית 240מ`ל</ItemName>
      <ManufactureName>טמפו משקאות בע`מ</ManufactureName>
      <ManufactureCountry />
      <ManufactureItemDescription />
      <UnitQty>'יח</UnitQty>
      <Quantity>2.40</Quantity>
      <UnitMeasure>ל-100 מ"ל</UnitMeasure>
      <BisWeighted>0</BisWeighted>
      <QtyInPackage>24</QtyInPackage>
      <ItemPrice>6.90</ItemPrice>
      <UnitOfMeasurePrice>2.88</UnitOfMeasurePrice>
      <AllowDiscount>1</AllowDiscount>
      <itemStatus>1</itemStatus>
      <LastUpdateDate />
      <LastUpdateTime />
    </Product>
    <Product>
      <PriceUpdateDate>2022/05/18 19:08</PriceUpdateDate>
      <ItemCode>4800888190529</ItemCode>
      <ItemType>1</ItemType>
      <ItemName>דאב דאודורנט סטיק טאלק סופט 50 גרם</ItemName>
      <ManufactureName>יוניליוור ישראל שיווק בע`מ</ManufactureName>
      <ManufactureCountry />
      <ManufactureItemDescription />
      <UnitQty>'יח</UnitQty>
      <Quantity>0.50</Quantity>
      <UnitMeasure>ל-100 גרם</UnitMeasure>
      <BisWeighted>0</BisWeighted>
      <QtyInPackage>1</QtyInPackage>
      <ItemPrice>15.90</ItemPrice>
      <UnitOfMeasurePrice>31.80</UnitOfMeasurePrice>
      <AllowDiscount>1</AllowDiscount>
      <itemStatus>1</itemStatus>
      <LastUpdateDate />
      <LastUpdateTime />
    </Product>
    <Product>
      <PriceUpdateDate>2022/02/10 09:54</PriceUpdateDate>
      <ItemCode>4810168000011</ItemCode>
      <ItemType>1</ItemType>
      <ItemName>פילה דג הרינג מלוח מצונן</ItemName>
      <ManufactureName>דילר בי.אם.די. פורמולה בעמ</ManufactureName>
      <ManufactureCountry />
      <ManufactureItemDescription />
      <UnitQty>'יח</UnitQty>
      <Quantity>1</Quantity>
      <UnitMeasure />
      <BisWeighted>0</BisWeighted>
      <QtyInPackage>1</QtyInPackage>
      <ItemPrice>13.90</ItemPrice>
      <UnitOfMeasurePrice>13.90</UnitOfMeasurePrice>
      <AllowDiscount>1</AllowDiscount>
      <itemStatus>1</itemStatus>
      <LastUpdateDate />
      <LastUpdateTime />
    </Product>
    <Product>
      <PriceUpdateDate>2022/02/10 09:54</PriceUpdateDate>
      <ItemCode>4810168001056</ItemCode>
      <ItemType>1</ItemType>
      <ItemName>חתיכות פילה דג הרינג מלוח מצונן</ItemName>
      <ManufactureName>דילר בי.אם.די. פורמולה בעמ</ManufactureName>
      <ManufactureCountry />
      <ManufactureItemDescription />
      <UnitQty>'יח</UnitQty>
      <Quantity>1</Quantity>
      <UnitMeasure />
      <BisWeighted>0</BisWeighted>
      <QtyInPackage>1</QtyInPackage>
      <ItemPrice>17.90</ItemPrice>
      <UnitOfMeasurePrice>17.90</UnitOfMeasurePrice>
      <AllowDiscount>0</AllowDiscount>
      <itemStatus>1</itemStatus>
      <LastUpdateDate />
      <LastUpdateTime />
    </Product>
    <Product>
      <PriceUpdateDate>2022/02/10 09:54</PriceUpdateDate>
      <ItemCode>4810168018795</ItemCode>
      <ItemType>1</ItemType>
      <ItemName>חתיכות פילה דג הרינג מלוח מצונן 200 גר</ItemName>
      <ManufactureName>דילר בי.אם.די. פורמולה בעמ</ManufactureName>
      <ManufactureCountry />
      <ManufactureItemDescription />
      <UnitQty>'יח</UnitQty>
      <Quantity>2</Quantity>
      <UnitMeasure>ל-100 גרם</UnitMeasure>
      <BisWeighted>0</BisWeighted>
      <QtyInPackage>1</QtyInPackage>
      <ItemPrice>13.90</ItemPrice>
      <UnitOfMeasurePrice>6.95</UnitOfMeasurePrice>
      <AllowDiscount>1</AllowDiscount>
      <itemStatus>1</itemStatus>
      <LastUpdateDate />
      <LastUpdateTime />
    </Product>
    <Product>
      <PriceUpdateDate>2022/02/10 09:54</PriceUpdateDate>
      <ItemCode>4810168024512</ItemCode>
      <ItemType>1</ItemType>
      <ItemName>חתיכות פילה דג הרינג מלוח מצונן עם תבל</ItemName>
      <ManufactureName>דילר בי.אם.די. פורמולה בעמ</ManufactureName>
      <ManufactureCountry />
      <ManufactureItemDescription />
      <UnitQty>'יח</UnitQty>
      <Quantity>1</Quantity>
      <UnitMeasure />
      <BisWeighted>0</BisWeighted>
      <QtyInPackage>1</QtyInPackage>
      <ItemPrice>17.90</ItemPrice>
      <UnitOfMeasurePrice>17.90</UnitOfMeasurePrice>
      <AllowDiscount>0</AllowDiscount>
      <itemStatus>1</itemStatus>
      <LastUpdateDate />
      <LastUpdateTime />
    </Product>
    <Product>
      <PriceUpdateDate>2022/06/07 07:36</PriceUpdateDate>
      <ItemCode>4810168045098</ItemCode>
      <ItemType>1</ItemType>
      <ItemName>גלידה קרם ברולה  פלומביר בכוס 75 גר`</ItemName>
      <ManufactureName>אייס דילר בי.אמ.די בעמ</ManufactureName>
      <ManufactureCountry />
      <ManufactureItemDescription />
      <UnitQty>'יח</UnitQty>
      <Quantity>0.75</Quantity>
      <UnitMeasure>ל-100 גרם</UnitMeasure>
      <BisWeighted>0</BisWeighted>
      <QtyInPackage>1</QtyInPackage>
      <ItemPrice>5.90</ItemPrice>
      <UnitOfMeasurePrice>7.87</UnitOfMeasurePrice>
      <AllowDiscount>1</AllowDiscount>
      <itemStatus>1</itemStatus>
      <LastUpdateDate />
      <LastUpdateTime />
    </Product>
    <Product>
      <PriceUpdateDate>2022/02/10 09:54</PriceUpdateDate>
      <ItemCode>4810168055875</ItemCode>
      <ItemType>1</ItemType>
      <ItemName>חתיכות פילה דג הרינג מתובל מומלח בשמן</ItemName>
      <ManufactureName>דילר בי.אם.די. פורמולה בעמ</ManufactureName>
      <ManufactureCountry />
      <ManufactureItemDescription />
      <UnitQty>'יח</UnitQty>
      <Quantity>1</Quantity>
      <UnitMeasure>ל-100 גרם</UnitMeasure>
      <BisWeighted>0</BisWeighted>
      <QtyInPackage>1</QtyInPackage>
      <ItemPrice>39.90</ItemPrice>
      <UnitOfMeasurePrice>39.90</UnitOfMeasurePrice>
      <AllowDiscount>0</AllowDiscount>
      <itemStatus>1</itemStatus>
      <LastUpdateDate />
      <LastUpdateTime />
    </Product>
    <Product>
      <PriceUpdateDate>2022/02/10 09:54</PriceUpdateDate>
      <ItemCode>4810168055882</ItemCode>
      <ItemType>1</ItemType>
      <ItemName>חתיכות פילה דר הרינג ממולח בשמן</ItemName>
      <ManufactureName>דילר בי.אם.די. פורמולה בעמ</ManufactureName>
      <ManufactureCountry />
      <ManufactureItemDescription />
      <UnitQty>'יח</UnitQty>
      <Quantity>1</Quantity>
      <UnitMeasure>ל-100 גרם</UnitMeasure>
      <BisWeighted>0</BisWeighted>
      <QtyInPackage>1</QtyInPackage>
      <ItemPrice>39.90</ItemPrice>
      <UnitOfMeasurePrice>39.90</UnitOfMeasurePrice>
      <AllowDiscount>0</AllowDiscount>
      <itemStatus>1</itemStatus>
      <LastUpdateDate />
      <LastUpdateTime />
    </Product>
    <Product>
      <PriceUpdateDate>2022/02/10 09:54</PriceUpdateDate>
      <ItemCode>4810168055899</ItemCode>
      <ItemType>1</ItemType>
      <ItemName>פילה דג הרינג מומלח בשמן</ItemName>
      <ManufactureName>דילר בי.אם.די. פורמולה בעמ</ManufactureName>
      <ManufactureCountry />
      <ManufactureItemDescription />
      <UnitQty>'יח</UnitQty>
      <Quantity>1</Quantity>
      <UnitMeasure>ל-100 גרם</UnitMeasure>
      <BisWeighted>0</BisWeighted>
      <QtyInPackage>1</QtyInPackage>
      <ItemPrice>39.90</ItemPrice>
      <UnitOfMeasurePrice>39.90</UnitOfMeasurePrice>
      <AllowDiscount>0</AllowDiscount>
      <itemStatus>1</itemStatus>
      <LastUpdateDate />
      <LastUpdateTime />
    </Product>
    <Product>
      <PriceUpdateDate>2022/02/10 09:54</PriceUpdateDate>
      <ItemCode>4810168055905</ItemCode>
      <ItemType>1</ItemType>
      <ItemName>פילה דג הרינג סקנדינבי בשמן</ItemName>
      <ManufactureName>דילר בי.אם.די. פורמולה בעמ</ManufactureName>
      <ManufactureCountry />
      <ManufactureItemDescription />
      <UnitQty>'יח</UnitQty>
      <Quantity>0</Quantity>
      <UnitMeasure>ל-100 גרם</UnitMeasure>
      <BisWeighted>0</BisWeighted>
      <QtyInPackage>1</QtyInPackage>
      <ItemPrice>39.90</ItemPrice>
      <UnitOfMeasurePrice>39.90</UnitOfMeasurePrice>
      <AllowDiscount>0</AllowDiscount>
      <itemStatus>1</itemStatus>
      <LastUpdateDate />
      <LastUpdateTime />
    </Product>
    <Product>
      <PriceUpdateDate>2022/07/05 21:04</PriceUpdateDate>
      <ItemCode>4810168058975</ItemCode>
      <ItemType>1</ItemType>
      <ItemName>חתיכות פילה דג הרינג  סקנדינבי 260 גרם</ItemName>
      <ManufactureName>דילר בי.אם.די. פורמולה בעמ</ManufactureName>
      <ManufactureCountry />
      <ManufactureItemDescription />
      <UnitQty>'יח</UnitQty>
      <Quantity>1</Quantity>
      <UnitMeasure />
      <BisWeighted>0</BisWeighted>
      <QtyInPackage>1</QtyInPackage>
      <ItemPrice>17.90</ItemPrice>
      <UnitOfMeasurePrice>17.90</UnitOfMeasurePrice>
      <AllowDiscount>0</AllowDiscount>
      <itemStatus>1</itemStatus>
      <LastUpdateDate />
      <LastUpdateTime />
    </Product>
    <Product>
      <PriceUpdateDate>2022/06/07 07:36</PriceUpdateDate>
      <ItemCode>4820015165206</ItemCode>
      <ItemType>1</ItemType>
      <ItemName>גלידה פלומביר בכוס  מס` -701 גר`</ItemName>
      <ManufactureName>אייס דילר בי.אמ.די בעמ</ManufactureName>
      <ManufactureCountry />
      <ManufactureItemDescription />
      <UnitQty>'יח</UnitQty>
      <Quantity>0.70</Quantity>
      <UnitMeasure>ל-100 גרם</UnitMeasure>
      <BisWeighted>0</BisWeighted>
      <QtyInPackage>1</QtyInPackage>
      <ItemPrice>5.90</ItemPrice>
      <UnitOfMeasurePrice>8.43</UnitOfMeasurePrice>
      <AllowDiscount>1</AllowDiscount>
      <itemStatus>1</itemStatus>
      <LastUpdateDate />
      <LastUpdateTime />
    </Product>
    <Product>
      <PriceUpdateDate>2019/07/09 09:52</PriceUpdateDate>
      <ItemCode>4820154722469</ItemCode>
      <ItemType>1</ItemType>
      <ItemName> גלידה"אסקימוס" כוס וניל 80 גר`</ItemName>
      <ManufactureName>אייס דילר בי.אמ.די בעמ</ManufactureName>
      <ManufactureCountry />
      <ManufactureItemDescription />
      <UnitQty>'יח</UnitQty>
      <Quantity>0.80</Quantity>
      <UnitMeasure>ל-100 גרם</UnitMeasure>
      <BisWeighted>0</BisWeighted>
      <QtyInPackage>1</QtyInPackage>
      <ItemPrice>4.90</ItemPrice>
      <UnitOfMeasurePrice>6.13</UnitOfMeasurePrice>
      <AllowDiscount>1</AllowDiscount>
      <itemStatus>1</itemStatus>
      <LastUpdateDate />
      <LastUpdateTime />
    </Product>
    <Product>
      <PriceUpdateDate>2022/03/13 06:59</PriceUpdateDate>
      <ItemCode>4820217240114</ItemCode>
      <ItemType>1</ItemType>
      <ItemName>חמאה 200  גר`FERMA</ItemName>
      <ManufactureName>דילר בי.אם.די. פורמולה בעמ</ManufactureName>
      <ManufactureCountry />
      <ManufactureItemDescription />
      <UnitQty>'יח</UnitQty>
      <Quantity>2.50</Quantity>
      <UnitMeasure>ל-100 גרם</UnitMeasure>
      <BisWeighted>0</BisWeighted>
      <QtyInPackage>1</QtyInPackage>
      <ItemPrice>7.90</ItemPrice>
      <UnitOfMeasurePrice>3.16</UnitOfMeasurePrice>
      <AllowDiscount>0</AllowDiscount>
      <itemStatus>1</itemStatus>
      <LastUpdateDate />
      <LastUpdateTime />
    </Product>
    <Product>
      <PriceUpdateDate>2022/06/07 07:36</PriceUpdateDate>
      <ItemCode>4823097809747</ItemCode>
      <ItemType>1</ItemType>
      <ItemName>גלידה שוקולד  בכוס  מס` -701 גר`</ItemName>
      <ManufactureName>אייס דילר בי.אמ.די בעמ</ManufactureName>
      <ManufactureCountry />
      <ManufactureItemDescription />
      <UnitQty>'יח</UnitQty>
      <Quantity>0.70</Quantity>
      <UnitMeasure>ל-100 גרם</UnitMeasure>
      <BisWeighted>0</BisWeighted>
      <QtyInPackage>1</QtyInPackage>
      <ItemPrice>5.90</ItemPrice>
      <UnitOfMeasurePrice>8.43</UnitOfMeasurePrice>
      <AllowDiscount>0</AllowDiscount>
      <itemStatus>1</itemStatus>
      <LastUpdateDate />
      <LastUpdateTime />
    </Product>
    <Product>
      <PriceUpdateDate>2022/11/01 11:47</PriceUpdateDate>
      <ItemCode>5000054353300</ItemCode>
      <ItemType>1</ItemType>
      <ItemName>פריסקיז פטה סלמון 156 גרם</ItemName>
      <ManufactureName>שחורי אריה ואנסטסיה</ManufactureName>
      <ManufactureCountry />
      <ManufactureItemDescription />
      <UnitQty>'יח</UnitQty>
      <Quantity>1.56</Quantity>
      <UnitMeasure>ל-100 גרם</UnitMeasure>
      <BisWeighted>0</BisWeighted>
      <QtyInPackage>1</QtyInPackage>
      <ItemPrice>6.90</ItemPrice>
      <UnitOfMeasurePrice>4.42</UnitOfMeasurePrice>
      <AllowDiscount>0</AllowDiscount>
      <itemStatus>1</itemStatus>
      <LastUpdateDate />
      <LastUpdateTime />
    </Product>
    <Product>
      <PriceUpdateDate>2022/11/01 11:47</PriceUpdateDate>
      <ItemCode>5000054355700</ItemCode>
      <ItemType>1</ItemType>
      <ItemName>פריסקיז פטה הודו 156גרם</ItemName>
      <ManufactureName>שחורי אריה ואנסטסיה</ManufactureName>
      <ManufactureCountry />
      <ManufactureItemDescription />
      <UnitQty>'יח</UnitQty>
      <Quantity>1.56</Quantity>
      <UnitMeasure>ל-100 גרם</UnitMeasure>
      <BisWeighted>0</BisWeighted>
      <QtyInPackage>1</QtyInPackage>
      <ItemPrice>6.90</ItemPrice>
      <UnitOfMeasurePrice>4.42</UnitOfMeasurePrice>
      <AllowDiscount>0</AllowDiscount>
      <itemStatus>1</itemStatus>
      <LastUpdateDate />
      <LastUpdateTime />
    </Product>
    <Product>
      <PriceUpdateDate>2022/11/01 11:47</PriceUpdateDate>
      <ItemCode>5000054359500</ItemCode>
      <ItemType>1</ItemType>
      <ItemName>פריסקיז פטה כבד ועוף 156גרם</ItemName>
      <ManufactureName>שחורי אריה ואנסטסיה</ManufactureName>
      <ManufactureCountry />
      <ManufactureItemDescription />
      <UnitQty>'יח</UnitQty>
      <Quantity>1.56</Quantity>
      <UnitMeasure>ל-100 גרם</UnitMeasure>
      <BisWeighted>0</BisWeighted>
      <QtyInPackage>1</QtyInPackage>
      <ItemPrice>6.90</ItemPrice>
      <UnitOfMeasurePrice>4.42</UnitOfMeasurePrice>
      <AllowDiscount>0</AllowDiscount>
      <itemStatus>1</itemStatus>
      <LastUpdateDate />
      <LastUpdateTime />
    </Product>
    <Product>
      <PriceUpdateDate>2019/01/16 14:46</PriceUpdateDate>
      <ItemCode>5000111047371</ItemCode>
      <ItemType>1</ItemType>
      <ItemName>רטבי HP ברביקיו קלאסי היינץ</ItemName>
      <ManufactureName>דיפלומט מפיצים (1968) בע`מ</ManufactureName>
      <ManufactureCountry />
      <ManufactureItemDescription />
      <UnitQty>'יח</UnitQty>
      <Quantity>2</Quantity>
      <UnitMeasure>ל-100 גרם</UnitMeasure>
      <BisWeighted>0</BisWeighted>
      <QtyInPackage>8</QtyInPackage>
      <ItemPrice>16.90</ItemPrice>
      <UnitOfMeasurePrice>8.45</UnitOfMeasurePrice>
      <AllowDiscount>0</AllowDiscount>
      <itemStatus>1</itemStatus>
      <LastUpdateDate />
      <LastUpdateTime />
    </Product>
    <Product>
      <PriceUpdateDate>2020/03/16 16:27</PriceUpdateDate>
      <ItemCode>5000146048688</ItemCode>
      <ItemType>1</ItemType>
      <ItemName>בראסו מטליות לניקוי והברקה</ItemName>
      <ManufactureName>תה ויסוצקי בע`מ</ManufactureName>
      <ManufactureCountry />
      <ManufactureItemDescription />
      <UnitQty>'יח</UnitQty>
      <Quantity>1</Quantity>
      <UnitMeasure />
      <BisWeighted>0</BisWeighted>
      <QtyInPackage>1</QtyInPackage>
      <ItemPrice>19.90</ItemPrice>
      <UnitOfMeasurePrice>19.90</UnitOfMeasurePrice>
      <AllowDiscount>0</AllowDiscount>
      <itemStatus>1</itemStatus>
      <LastUpdateDate />
      <LastUpdateTime />
    </Product>
    <Product>
      <PriceUpdateDate>2022/06/12 17:06</PriceUpdateDate>
      <ItemCode>5000146057710</ItemCode>
      <ItemType>1</ItemType>
      <ItemName>וינדולין לניקוי חלונות 750 מל</ItemName>
      <ManufactureName>תה ויסוצקי בע`מ</ManufactureName>
      <ManufactureCountry />
      <ManufactureItemDescription />
      <UnitQty>'יח</UnitQty>
      <Quantity>1.50</Quantity>
      <UnitMeasure>לליטר</UnitMeasure>
      <BisWeighted>0</BisWeighted>
      <QtyInPackage>1</QtyInPackage>
      <ItemPrice>7.90</ItemPrice>
      <UnitOfMeasurePrice>5.27</UnitOfMeasurePrice>
      <AllowDiscount>0</AllowDiscount>
      <itemStatus>1</itemStatus>
      <LastUpdateDate />
      <LastUpdateTime />
    </Product>
    <Product>
      <PriceUpdateDate>2019/12/25 09:00</PriceUpdateDate>
      <ItemCode>5000157143365</ItemCode>
      <ItemType>1</ItemType>
      <ItemName>היינץ מתבל בטעם מיונז וקטשופ 425 מ"ל</ItemName>
      <ManufactureName>דיפלומט מפיצים (1968) בע`מ</ManufactureName>
      <ManufactureCountry />
      <ManufactureItemDescription />
      <UnitQty>'יח</UnitQty>
      <Quantity>1</Quantity>
      <UnitMeasure />
      <BisWeighted>0</BisWeighted>
      <QtyInPackage>1</QtyInPackage>
      <ItemPrice>14.90</ItemPrice>
      <UnitOfMeasurePrice>14.90</UnitOfMeasurePrice>
      <AllowDiscount>0</AllowDiscount>
      <itemStatus>1</itemStatus>
      <LastUpdateDate />
      <LastUpdateTime />
    </Product>
    <Product>
      <PriceUpdateDate>2019/01/16 14:46</PriceUpdateDate>
      <ItemCode>5000159376655</ItemCode>
      <ItemType>1</ItemType>
      <ItemName>סקיטלס פירות 38 גר`</ItemName>
      <ManufactureName>מרס ריגלי ישראל בע"מ</ManufactureName>
      <ManufactureCountry />
      <ManufactureItemDescription />
      <UnitQty>'יח</UnitQty>
      <Quantity>0.38</Quantity>
      <UnitMeasure>ל-100 גרם</UnitMeasure>
      <BisWeighted>0</BisWeighted>
      <QtyInPackage>1</QtyInPackage>
      <ItemPrice>2.90</ItemPrice>
      <UnitOfMeasurePrice>7.63</UnitOfMeasurePrice>
      <AllowDiscount>0</AllowDiscount>
      <itemStatus>1</itemStatus>
      <LastUpdateDate />
      <LastUpdateTime />
    </Product>
    <Product>
      <PriceUpdateDate>2019/01/16 14:46</PriceUpdateDate>
      <ItemCode>5000159442572</ItemCode>
      <ItemType>1</ItemType>
      <ItemName>טוויקס מיני שקית 403 גר`</ItemName>
      <ManufactureName>מרס ריגלי ישראל בע"מ</ManufactureName>
      <ManufactureCountry />
      <ManufactureItemDescription />
      <UnitQty>'יח</UnitQty>
      <Quantity>4.03</Quantity>
      <UnitMeasure>ל-100 גרם</UnitMeasure>
      <BisWeighted>0</BisWeighted>
      <QtyInPackage>1</QtyInPackage>
      <ItemPrice>22.90</ItemPrice>
      <UnitOfMeasurePrice>5.68</UnitOfMeasurePrice>
      <AllowDiscount>0</AllowDiscount>
      <itemStatus>1</itemStatus>
      <LastUpdateDate />
      <LastUpdateTime />
    </Product>
    <Product>
      <PriceUpdateDate>2019/01/16 14:46</PriceUpdateDate>
      <ItemCode>5000159461122</ItemCode>
      <ItemType>1</ItemType>
      <ItemName>חטיף בר סניקרס 50 גר`</ItemName>
      <ManufactureName>מרס ריגלי ישראל בע"מ</ManufactureName>
      <ManufactureCountry />
      <ManufactureItemDescription />
      <UnitQty>'יח</UnitQty>
      <Quantity>0.50</Quantity>
      <UnitMeasure>ל-100 גרם</UnitMeasure>
      <BisWeighted>0</BisWeighted>
      <QtyInPackage>1</QtyInPackage>
      <ItemPrice>3.90</ItemPrice>
      <UnitOfMeasurePrice>7.80</UnitOfMeasurePrice>
      <AllowDiscount>0</AllowDiscount>
      <itemStatus>1</itemStatus>
      <LastUpdateDate />
      <LastUpdateTime />
    </Product>
    <Product>
      <PriceUpdateDate>2022/06/07 07:36</PriceUpdateDate>
      <ItemCode>5000159483063</ItemCode>
      <ItemType>1</ItemType>
      <ItemName>מאגדת באונטי 6 יח</ItemName>
      <ManufactureName>אייס דילר בי.אמ.די בעמ</ManufactureName>
      <ManufactureCountry />
      <ManufactureItemDescription />
      <UnitQty>'יח</UnitQty>
      <Quantity>1</Quantity>
      <UnitMeasure>ל-100 גרם</UnitMeasure>
      <BisWeighted>0</BisWeighted>
      <QtyInPackage>1</QtyInPackage>
      <ItemPrice>24.90</ItemPrice>
      <UnitOfMeasurePrice>24.90</UnitOfMeasurePrice>
      <AllowDiscount>0</AllowDiscount>
      <itemStatus>1</itemStatus>
      <LastUpdateDate />
      <LastUpdateTime />
    </Product>
    <Product>
      <PriceUpdateDate>2021/05/31 17:21</PriceUpdateDate>
      <ItemCode>5000159538626</ItemCode>
      <ItemType>1</ItemType>
      <ItemName>טוויקס מארז 5 יח`</ItemName>
      <ManufactureName>מרס ריגלי ישראל בע"מ</ManufactureName>
      <ManufactureCountry />
      <ManufactureItemDescription />
      <UnitQty>'יח</UnitQty>
      <Quantity>0.57</Quantity>
      <UnitMeasure>ל-100 גרם</UnitMeasure>
      <BisWeighted>0</BisWeighted>
      <QtyInPackage>1</QtyInPackage>
      <ItemPrice>12.90</ItemPrice>
      <UnitOfMeasurePrice>22.63</UnitOfMeasurePrice>
      <AllowDiscount>0</AllowDiscount>
      <itemStatus>1</itemStatus>
      <LastUpdateDate />
      <LastUpdateTime />
    </Product>
    <Product>
      <PriceUpdateDate>2021/05/31 17:21</PriceUpdateDate>
      <ItemCode>5000159538640</ItemCode>
      <ItemType>1</ItemType>
      <ItemName>באונטי מארז 5 יח`</ItemName>
      <ManufactureName>מרס ריגלי ישראל בע"מ</ManufactureName>
      <ManufactureCountry />
      <ManufactureItemDescription />
      <UnitQty>'יח</UnitQty>
      <Quantity>0.57</Quantity>
      <UnitMeasure>ל-100 גרם</UnitMeasure>
      <BisWeighted>0</BisWeighted>
      <QtyInPackage>1</QtyInPackage>
      <ItemPrice>12.90</ItemPrice>
      <UnitOfMeasurePrice>22.63</UnitOfMeasurePrice>
      <AllowDiscount>0</AllowDiscount>
      <itemStatus>1</itemStatus>
      <LastUpdateDate />
      <LastUpdateTime />
    </Product>
    <Product>
      <PriceUpdateDate>2021/01/31 14:59</PriceUpdateDate>
      <ItemCode>5010182997338</ItemCode>
      <ItemType>1</ItemType>
      <ItemName>טואלט דאק ג`ל לאסלה בניחוח רענן</ItemName>
      <ManufactureName>דנאגיס בעמ</ManufactureName>
      <ManufactureCountry />
      <ManufactureItemDescription />
      <UnitQty>'יח</UnitQty>
      <Quantity>0.55</Quantity>
      <UnitMeasure>ל-100 גרם</UnitMeasure>
      <BisWeighted>0</BisWeighted>
      <QtyInPackage>1</QtyInPackage>
      <ItemPrice>10.90</ItemPrice>
      <UnitOfMeasurePrice>19.82</UnitOfMeasurePrice>
      <AllowDiscount>1</AllowDiscount>
      <itemStatus>1</itemStatus>
      <LastUpdateDate />
      <LastUpdateTime />
    </Product>
    <Product>
      <PriceUpdateDate>2021/01/31 14:59</PriceUpdateDate>
      <ItemCode>5010182997918</ItemCode>
      <ItemType>1</ItemType>
      <ItemName>טואלט דאק סבון לאסלה ג`ל בניחוח ים</ItemName>
      <ManufactureName>דנאגיס בעמ</ManufactureName>
      <ManufactureCountry />
      <ManufactureItemDescription />
      <UnitQty>'יח</UnitQty>
      <Quantity>0.55</Quantity>
      <UnitMeasure>ל-100 גרם</UnitMeasure>
      <BisWeighted>0</BisWeighted>
      <QtyInPackage>1</QtyInPackage>
      <ItemPrice>10.90</ItemPrice>
      <UnitOfMeasurePrice>19.82</UnitOfMeasurePrice>
      <AllowDiscount>1</AllowDiscount>
      <itemStatus>1</itemStatus>
      <LastUpdateDate />
      <LastUpdateTime />
    </Product>
    <Product>
      <PriceUpdateDate>2021/01/31 14:59</PriceUpdateDate>
      <ItemCode>5010182998847</ItemCode>
      <ItemType>1</ItemType>
      <ItemName>טואלט דאק נוזל כחול 750 מל</ItemName>
      <ManufactureName>דנאגיס בעמ</ManufactureName>
      <ManufactureCountry />
      <ManufactureItemDescription />
      <UnitQty>'יח</UnitQty>
      <Quantity>7.50</Quantity>
      <UnitMeasure>ל-100 מ"ל</UnitMeasure>
      <BisWeighted>0</BisWeighted>
      <QtyInPackage>1</QtyInPackage>
      <ItemPrice>8.90</ItemPrice>
      <UnitOfMeasurePrice>1.19</UnitOfMeasurePrice>
      <AllowDiscount>0</AllowDiscount>
      <itemStatus>1</itemStatus>
      <LastUpdateDate />
      <LastUpdateTime />
    </Product>
    <Product>
      <PriceUpdateDate>2021/01/31 14:59</PriceUpdateDate>
      <ItemCode>5010182998861</ItemCode>
      <ItemType>1</ItemType>
      <ItemName>טואלט דאק נוזל ירוק 750 מל</ItemName>
      <ManufactureName>דנאגיס בעמ</ManufactureName>
      <ManufactureCountry />
      <ManufactureItemDescription />
      <UnitQty>'יח</UnitQty>
      <Quantity>7.50</Quantity>
      <UnitMeasure>ל-100 מ"ל</UnitMeasure>
      <BisWeighted>0</BisWeighted>
      <QtyInPackage>1</QtyInPackage>
      <ItemPrice>8.90</ItemPrice>
      <UnitOfMeasurePrice>1.19</UnitOfMeasurePrice>
      <AllowDiscount>0</AllowDiscount>
      <itemStatus>1</itemStatus>
      <LastUpdateDate />
      <LastUpdateTime />
    </Product>
    <Product>
      <PriceUpdateDate>2022/11/01 11:47</PriceUpdateDate>
      <ItemCode>5010394003780</ItemCode>
      <ItemType>1</ItemType>
      <ItemName>פדיגרי גמבון מדיום עוף וכבש 2 יח</ItemName>
      <ManufactureName>שחורי אריה ואנסטסיה</ManufactureName>
      <ManufactureCountry />
      <ManufactureItemDescription />
      <UnitQty>'יח</UnitQty>
      <Quantity>1</Quantity>
      <UnitMeasure />
      <BisWeighted>0</BisWeighted>
      <QtyInPackage>1</QtyInPackage>
      <ItemPrice>16.90</ItemPrice>
      <UnitOfMeasurePrice>16.90</UnitOfMeasurePrice>
      <AllowDiscount>0</AllowDiscount>
      <itemStatus>1</itemStatus>
      <LastUpdateDate />
      <LastUpdateTime />
    </Product>
    <Product>
      <PriceUpdateDate>2022/11/01 11:46</PriceUpdateDate>
      <ItemCode>5010394984577</ItemCode>
      <ItemType>1</ItemType>
      <ItemName>פדיגרי דנטה סמול 110 גר</ItemName>
      <ManufactureName>שחורי אריה ואנסטסיה</ManufactureName>
      <ManufactureCountry />
      <ManufactureItemDescription />
      <UnitQty>'יח</UnitQty>
      <Quantity>1.10</Quantity>
      <UnitMeasure>ל-100 גרם</UnitMeasure>
      <BisWeighted>0</BisWeighted>
      <QtyInPackage>1</QtyInPackage>
      <ItemPrice>11.90</ItemPrice>
      <UnitOfMeasurePrice>10.82</UnitOfMeasurePrice>
      <AllowDiscount>0</AllowDiscount>
      <itemStatus>1</itemStatus>
      <LastUpdateDate />
      <LastUpdateTime />
    </Product>
    <Product>
      <PriceUpdateDate>2022/11/01 11:46</PriceUpdateDate>
      <ItemCode>5010394984584</ItemCode>
      <ItemType>1</ItemType>
      <ItemName>פדיגרי דנטה סטיקס 180 גרם</ItemName>
      <ManufactureName>שחורי אריה ואנסטסיה</ManufactureName>
      <ManufactureCountry />
      <ManufactureItemDescription />
      <UnitQty>'יח</UnitQty>
      <Quantity>1.80</Quantity>
      <UnitMeasure>ל-100 גרם</UnitMeasure>
      <BisWeighted>0</BisWeighted>
      <QtyInPackage>1</QtyInPackage>
      <ItemPrice>14.90</ItemPrice>
      <UnitOfMeasurePrice>8.28</UnitOfMeasurePrice>
      <AllowDiscount>0</AllowDiscount>
      <itemStatus>1</itemStatus>
      <LastUpdateDate />
      <LastUpdateTime />
    </Product>
    <Product>
      <PriceUpdateDate>2020/10/18 12:22</PriceUpdateDate>
      <ItemCode>5010677551281</ItemCode>
      <ItemType>1</ItemType>
      <ItemName>בקרדי בריזר לימון 275 מל</ItemName>
      <ManufactureName>טמפו משקאות בע`מ</ManufactureName>
      <ManufactureCountry />
      <ManufactureItemDescription />
      <UnitQty>'יח</UnitQty>
      <Quantity>2.75</Quantity>
      <UnitMeasure>ל-100 מ"ל</UnitMeasure>
      <BisWeighted>0</BisWeighted>
      <QtyInPackage>24</QtyInPackage>
      <ItemPrice>13.90</ItemPrice>
      <UnitOfMeasurePrice>4.95</UnitOfMeasurePrice>
      <AllowDiscount>1</AllowDiscount>
      <itemStatus>1</itemStatus>
      <LastUpdateDate />
      <LastUpdateTime />
    </Product>
    <Product>
      <PriceUpdateDate>2020/10/18 12:22</PriceUpdateDate>
      <ItemCode>5010677551397</ItemCode>
      <ItemType>1</ItemType>
      <ItemName>בקרדי בריזר בטעם לימון ליים 275 מ"ל</ItemName>
      <ManufactureName>טמפו משקאות בע`מ</ManufactureName>
      <ManufactureCountry />
      <ManufactureItemDescription />
      <UnitQty>'יח</UnitQty>
      <Quantity>2.75</Quantity>
      <UnitMeasure>ל-100 מ"ל</UnitMeasure>
      <BisWeighted>0</BisWeighted>
      <QtyInPackage>24</QtyInPackage>
      <ItemPrice>13.90</ItemPrice>
      <UnitOfMeasurePrice>4.95</UnitOfMeasurePrice>
      <AllowDiscount>1</AllowDiscount>
      <itemStatus>1</itemStatus>
      <LastUpdateDate />
      <LastUpdateTime />
    </Product>
    <Product>
      <PriceUpdateDate>2020/10/18 12:22</PriceUpdateDate>
      <ItemCode>5010677552387</ItemCode>
      <ItemType>1</ItemType>
      <ItemName>בקרדי בריזר בטעם אננס 275 מל</ItemName>
      <ManufactureName>טמפו משקאות בע`מ</ManufactureName>
      <ManufactureCountry />
      <ManufactureItemDescription />
      <UnitQty>'יח</UnitQty>
      <Quantity>2.75</Quantity>
      <UnitMeasure>ל-100 מ"ל</UnitMeasure>
      <BisWeighted>0</BisWeighted>
      <QtyInPackage>24</QtyInPackage>
      <ItemPrice>13.90</ItemPrice>
      <UnitOfMeasurePrice>4.95</UnitOfMeasurePrice>
      <AllowDiscount>1</AllowDiscount>
      <itemStatus>1</itemStatus>
      <LastUpdateDate />
      <LastUpdateTime />
    </Product>
    <Product>
      <PriceUpdateDate>2020/10/18 12:22</PriceUpdateDate>
      <ItemCode>5010677554398</ItemCode>
      <ItemType>1</ItemType>
      <ItemName>בקרדי בריזר אבטיח 275 מל</ItemName>
      <ManufactureName>טמפו משקאות בע`מ</ManufactureName>
      <ManufactureCountry />
      <ManufactureItemDescription />
      <UnitQty>'יח</UnitQty>
      <Quantity>2.75</Quantity>
      <UnitMeasure>ל-100 מ"ל</UnitMeasure>
      <BisWeighted>0</BisWeighted>
      <QtyInPackage>24</QtyInPackage>
      <ItemPrice>13.90</ItemPrice>
      <UnitOfMeasurePrice>4.95</UnitOfMeasurePrice>
      <AllowDiscount>1</AllowDiscount>
      <itemStatus>1</itemStatus>
      <LastUpdateDate />
      <LastUpdateTime />
    </Product>
    <Product>
      <PriceUpdateDate>2022/07/14 11:08</PriceUpdateDate>
      <ItemCode>5014271400426</ItemCode>
      <ItemType>1</ItemType>
      <ItemName>מעדן תות שדה ללא סוכר 284 גרם</ItemName>
      <ManufactureName>א.סיימן סחר בעמ</ManufactureName>
      <ManufactureCountry />
      <ManufactureItemDescription />
      <UnitQty>'יח</UnitQty>
      <Quantity>2.84</Quantity>
      <UnitMeasure>ל-100 גרם</UnitMeasure>
      <BisWeighted>0</BisWeighted>
      <QtyInPackage>6</QtyInPackage>
      <ItemPrice>20.90</ItemPrice>
      <UnitOfMeasurePrice>7.36</UnitOfMeasurePrice>
      <AllowDiscount>1</AllowDiscount>
      <itemStatus>1</itemStatus>
      <LastUpdateDate />
      <LastUpdateTime />
    </Product>
    <Product>
      <PriceUpdateDate>2022/01/19 11:03</PriceUpdateDate>
      <ItemCode>5029053032658</ItemCode>
      <ItemType>1</ItemType>
      <ItemName>ממחטות אף קלינקס שמינייה</ItemName>
      <ManufactureName>חוגלה קימברלי שיווק בע`מ</ManufactureName>
      <ManufactureCountry />
      <ManufactureItemDescription />
      <UnitQty>'יח</UnitQty>
      <Quantity>1</Quantity>
      <UnitMeasure>ל-100 גרם</UnitMeasure>
      <BisWeighted>0</BisWeighted>
      <QtyInPackage>10</QtyInPackage>
      <ItemPrice>7.90</ItemPrice>
      <UnitOfMeasurePrice>7.90</UnitOfMeasurePrice>
      <AllowDiscount>0</AllowDiscount>
      <itemStatus>1</itemStatus>
      <LastUpdateDate />
      <LastUpdateTime />
    </Product>
    <Product>
      <PriceUpdateDate>2022/01/19 11:03</PriceUpdateDate>
      <ItemCode>5029053510811</ItemCode>
      <ItemType>1</ItemType>
      <ItemName>קוטקסS Dתחבושות נורמל פלוס עם כנפיים</ItemName>
      <ManufactureName>חוגלה קימברלי שיווק בע`מ</ManufactureName>
      <ManufactureCountry />
      <ManufactureItemDescription />
      <UnitQty>'יח</UnitQty>
      <Quantity>0</Quantity>
      <UnitMeasure>ל-100 גרם</UnitMeasure>
      <BisWeighted>0</BisWeighted>
      <QtyInPackage>16</QtyInPackage>
      <ItemPrice>15.90</ItemPrice>
      <UnitOfMeasurePrice>15.90</UnitOfMeasurePrice>
      <AllowDiscount>0</AllowDiscount>
      <itemStatus>1</itemStatus>
      <LastUpdateDate />
      <LastUpdateTime />
    </Product>
    <Product>
      <PriceUpdateDate>2022/01/19 11:03</PriceUpdateDate>
      <ItemCode>5029053510828</ItemCode>
      <ItemType>1</ItemType>
      <ItemName>קוטקסS Dתחבושות סופר פלוס עם כנפיים2</ItemName>
      <ManufactureName>חוגלה קימברלי שיווק בע`מ</ManufactureName>
      <ManufactureCountry />
      <ManufactureItemDescription />
      <UnitQty>'יח</UnitQty>
      <Quantity>0</Quantity>
      <UnitMeasure>ל-100 גרם</UnitMeasure>
      <BisWeighted>0</BisWeighted>
      <QtyInPackage>16</QtyInPackage>
      <ItemPrice>15.90</ItemPrice>
      <UnitOfMeasurePrice>15.90</UnitOfMeasurePrice>
      <AllowDiscount>0</AllowDiscount>
      <itemStatus>1</itemStatus>
      <LastUpdateDate />
      <LastUpdateTime />
    </Product>
    <Product>
      <PriceUpdateDate>2022/01/19 11:03</PriceUpdateDate>
      <ItemCode>5029053523446</ItemCode>
      <ItemType>1</ItemType>
      <ItemName>קוטקסS D תחבושות נייט עם כנפיים20יח</ItemName>
      <ManufactureName>חוגלה קימברלי שיווק בע`מ</ManufactureName>
      <ManufactureCountry />
      <ManufactureItemDescription />
      <UnitQty>'יח</UnitQty>
      <Quantity>0</Quantity>
      <UnitMeasure>ל-100 גרם</UnitMeasure>
      <BisWeighted>0</BisWeighted>
      <QtyInPackage>16</QtyInPackage>
      <ItemPrice>15.90</ItemPrice>
      <UnitOfMeasurePrice>15.90</UnitOfMeasurePrice>
      <AllowDiscount>0</AllowDiscount>
      <itemStatus>1</itemStatus>
      <LastUpdateDate />
      <LastUpdateTime />
    </Product>
    <Product>
      <PriceUpdateDate>2020/10/18 12:22</PriceUpdateDate>
      <ItemCode>5035766044673</ItemCode>
      <ItemType>1</ItemType>
      <ItemName>סיידר תפוחים סטרונגבאו 330 מ`ל</ItemName>
      <ManufactureName>טמפו משקאות בע`מ</ManufactureName>
      <ManufactureCountry />
      <ManufactureItemDescription />
      <UnitQty>'יח</UnitQty>
      <Quantity>3.30</Quantity>
      <UnitMeasure>ל-100 מ"ל</UnitMeasure>
      <BisWeighted>0</BisWeighted>
      <QtyInPackage>24</QtyInPackage>
      <ItemPrice>8.90</ItemPrice>
      <UnitOfMeasurePrice>2.61</UnitOfMeasurePrice>
      <AllowDiscount>0</AllowDiscount>
      <itemStatus>1</itemStatus>
      <LastUpdateDate />
      <LastUpdateTime />
    </Product>
    <Product>
      <PriceUpdateDate>2022/11/01 11:47</PriceUpdateDate>
      <ItemCode>5060255492154</ItemCode>
      <ItemType>1</ItemType>
      <ItemName>אברקלין 6 ליטר(תכלת  )</ItemName>
      <ManufactureName>שחורי אריה ואנסטסיה</ManufactureName>
      <ManufactureCountry />
      <ManufactureItemDescription />
      <UnitQty>'יח</UnitQty>
      <Quantity>60</Quantity>
      <UnitMeasure>ל-100 מ"ל</UnitMeasure>
      <BisWeighted>0</BisWeighted>
      <QtyInPackage>1</QtyInPackage>
      <ItemPrice>69.90</ItemPrice>
      <UnitOfMeasurePrice>1.17</UnitOfMeasurePrice>
      <AllowDiscount>0</AllowDiscount>
      <itemStatus>1</itemStatus>
      <LastUpdateDate />
      <LastUpdateTime />
    </Product>
    <Product>
      <PriceUpdateDate>2022/11/01 11:46</PriceUpdateDate>
      <ItemCode>5060255492185</ItemCode>
      <ItemType>1</ItemType>
      <ItemName>אברקלין עוצמה בניחוח מרענן 6 קג</ItemName>
      <ManufactureName>שחורי אריה ואנסטסיה</ManufactureName>
      <ManufactureCountry />
      <ManufactureItemDescription />
      <UnitQty>'יח</UnitQty>
      <Quantity>60</Quantity>
      <UnitMeasure>ל-100 גרם</UnitMeasure>
      <BisWeighted>0</BisWeighted>
      <QtyInPackage>1</QtyInPackage>
      <ItemPrice>69.90</ItemPrice>
      <UnitOfMeasurePrice>1.17</UnitOfMeasurePrice>
      <AllowDiscount>0</AllowDiscount>
      <itemStatus>1</itemStatus>
      <LastUpdateDate />
      <LastUpdateTime />
    </Product>
    <Product>
      <PriceUpdateDate>2022/11/01 11:47</PriceUpdateDate>
      <ItemCode>5060255492277</ItemCode>
      <ItemType>1</ItemType>
      <ItemName>אברקלין 6ל(אדום  )</ItemName>
      <ManufactureName>שחורי אריה ואנסטסיה</ManufactureName>
      <ManufactureCountry />
      <ManufactureItemDescription />
      <UnitQty>'יח</UnitQty>
      <Quantity>60</Quantity>
      <UnitMeasure>ל-100 מ"ל</UnitMeasure>
      <BisWeighted>0</BisWeighted>
      <QtyInPackage>1</QtyInPackage>
      <ItemPrice>69.90</ItemPrice>
      <UnitOfMeasurePrice>1.17</UnitOfMeasurePrice>
      <AllowDiscount>0</AllowDiscount>
      <itemStatus>1</itemStatus>
      <LastUpdateDate />
      <LastUpdateTime />
    </Product>
    <Product>
      <PriceUpdateDate>2022/11/01 11:46</PriceUpdateDate>
      <ItemCode>5060255492284</ItemCode>
      <ItemType>1</ItemType>
      <ItemName>חול אברקלין 5 קג</ItemName>
      <ManufactureName>שחורי אריה ואנסטסיה</ManufactureName>
      <ManufactureCountry />
      <ManufactureItemDescription />
      <UnitQty>'יח</UnitQty>
      <Quantity>60</Quantity>
      <UnitMeasure>ל-100 גרם</UnitMeasure>
      <BisWeighted>0</BisWeighted>
      <QtyInPackage>1</QtyInPackage>
      <ItemPrice>69.90</ItemPrice>
      <UnitOfMeasurePrice>1.17</UnitOfMeasurePrice>
      <AllowDiscount>0</AllowDiscount>
      <itemStatus>1</itemStatus>
      <LastUpdateDate />
      <LastUpdateTime />
    </Product>
    <Product>
      <PriceUpdateDate>2022/11/01 11:47</PriceUpdateDate>
      <ItemCode>5060412212496</ItemCode>
      <ItemType>1</ItemType>
      <ItemName>אברקלין פעולה מהירה 6 ל(כתום  )</ItemName>
      <ManufactureName>שחורי אריה ואנסטסיה</ManufactureName>
      <ManufactureCountry />
      <ManufactureItemDescription />
      <UnitQty>'יח</UnitQty>
      <Quantity>60</Quantity>
      <UnitMeasure>ל-100 מ"ל</UnitMeasure>
      <BisWeighted>0</BisWeighted>
      <QtyInPackage>1</QtyInPackage>
      <ItemPrice>69.90</ItemPrice>
      <UnitOfMeasurePrice>1.17</UnitOfMeasurePrice>
      <AllowDiscount>0</AllowDiscount>
      <itemStatus>1</itemStatus>
      <LastUpdateDate />
      <LastUpdateTime />
    </Product>
    <Product>
      <PriceUpdateDate>2022/11/01 11:47</PriceUpdateDate>
      <ItemCode>5060412213097</ItemCode>
      <ItemType>1</ItemType>
      <ItemName>אברקלין טוטאל קאבר 6 ל(אפור  )</ItemName>
      <ManufactureName>שחורי אריה ואנסטסיה</ManufactureName>
      <ManufactureCountry />
      <ManufactureItemDescription />
      <UnitQty>'יח</UnitQty>
      <Quantity>60</Quantity>
      <UnitMeasure>ל-100 מ"ל</UnitMeasure>
      <BisWeighted>0</BisWeighted>
      <QtyInPackage>1</QtyInPackage>
      <ItemPrice>69.90</ItemPrice>
      <UnitOfMeasurePrice>1.17</UnitOfMeasurePrice>
      <AllowDiscount>0</AllowDiscount>
      <itemStatus>1</itemStatus>
      <LastUpdateDate />
      <LastUpdateTime />
    </Product>
    <Product>
      <PriceUpdateDate>2022/11/01 11:46</PriceUpdateDate>
      <ItemCode>5060412214124</ItemCode>
      <ItemType>1</ItemType>
      <ItemName>אוור קלין צהוב חדש 6 ליטר</ItemName>
      <ManufactureName>שחורי אריה ואנסטסיה</ManufactureName>
      <ManufactureCountry />
      <ManufactureItemDescription />
      <UnitQty>'יח</UnitQty>
      <Quantity>60</Quantity>
      <UnitMeasure>ל-100 מ"ל</UnitMeasure>
      <BisWeighted>0</BisWeighted>
      <QtyInPackage>1</QtyInPackage>
      <ItemPrice>69.90</ItemPrice>
      <UnitOfMeasurePrice>1.17</UnitOfMeasurePrice>
      <AllowDiscount>0</AllowDiscount>
      <itemStatus>1</itemStatus>
      <LastUpdateDate />
      <LastUpdateTime />
    </Product>
    <Product>
      <PriceUpdateDate>2022/11/01 11:47</PriceUpdateDate>
      <ItemCode>5060412214155</ItemCode>
      <ItemType>1</ItemType>
      <ItemName>אברקלין ספרינג גארדן 6 לי</ItemName>
      <ManufactureName>שחורי אריה ואנסטסיה</ManufactureName>
      <ManufactureCountry />
      <ManufactureItemDescription />
      <UnitQty>'יח</UnitQty>
      <Quantity>60</Quantity>
      <UnitMeasure>ל-100 גרם</UnitMeasure>
      <BisWeighted>0</BisWeighted>
      <QtyInPackage>1</QtyInPackage>
      <ItemPrice>69.90</ItemPrice>
      <UnitOfMeasurePrice>1.17</UnitOfMeasurePrice>
      <AllowDiscount>0</AllowDiscount>
      <itemStatus>1</itemStatus>
      <LastUpdateDate />
      <LastUpdateTime />
    </Product>
    <Product>
      <PriceUpdateDate>2022/07/13 17:15</PriceUpdateDate>
      <ItemCode>5060639128051</ItemCode>
      <ItemType>1</ItemType>
      <ItemName>מונסטר אנרג`י פח 500 אולטרה  מ"ל</ItemName>
      <ManufactureName>החברה המרכזית להפצת משקאות בע`</ManufactureName>
      <ManufactureCountry />
      <ManufactureItemDescription />
      <UnitQty>'יח</UnitQty>
      <Quantity>5</Quantity>
      <UnitMeasure>ל-100 מ"ל</UnitMeasure>
      <BisWeighted>0</BisWeighted>
      <QtyInPackage>1</QtyInPackage>
      <ItemPrice>6.90</ItemPrice>
      <UnitOfMeasurePrice>1.32</UnitOfMeasurePrice>
      <AllowDiscount>1</AllowDiscount>
      <itemStatus>1</itemStatus>
      <LastUpdateDate />
      <LastUpdateTime />
    </Product>
    <Product>
      <PriceUpdateDate>2021/01/24 12:30</PriceUpdateDate>
      <ItemCode>5060639129102</ItemCode>
      <ItemType>1</ItemType>
      <ItemName>מונסטר אנרג`י מנגו לוקו פחית 500 מ"ל</ItemName>
      <ManufactureName>החברה המרכזית להפצת משקאות בע`</ManufactureName>
      <ManufactureCountry />
      <ManufactureItemDescription />
      <UnitQty>'יח</UnitQty>
      <Quantity>5</Quantity>
      <UnitMeasure>ל-100 מ"ל</UnitMeasure>
      <BisWeighted>0</BisWeighted>
      <QtyInPackage>1</QtyInPackage>
      <ItemPrice>6.90</ItemPrice>
      <UnitOfMeasurePrice>1.32</UnitOfMeasurePrice>
      <AllowDiscount>1</AllowDiscount>
      <itemStatus>1</itemStatus>
      <LastUpdateDate />
      <LastUpdateTime />
    </Product>
    <Product>
      <PriceUpdateDate>2022/07/13 17:15</PriceUpdateDate>
      <ItemCode>5060751218173</ItemCode>
      <ItemType>1</ItemType>
      <ItemName>מונסטר אנרג`י פח Pipline punch 500 מ"ל</ItemName>
      <ManufactureName>החברה המרכזית להפצת משקאות בע`</ManufactureName>
      <ManufactureCountry />
      <ManufactureItemDescription />
      <UnitQty>'יח</UnitQty>
      <Quantity>5</Quantity>
      <UnitMeasure>ל-100 מ"ל</UnitMeasure>
      <BisWeighted>0</BisWeighted>
      <QtyInPackage>1</QtyInPackage>
      <ItemPrice>6.90</ItemPrice>
      <UnitOfMeasurePrice>1.32</UnitOfMeasurePrice>
      <AllowDiscount>1</AllowDiscount>
      <itemStatus>1</itemStatus>
      <LastUpdateDate />
      <LastUpdateTime />
    </Product>
    <Product>
      <PriceUpdateDate>2022/09/13 21:53</PriceUpdateDate>
      <ItemCode>5201085540084</ItemCode>
      <ItemType>1</ItemType>
      <ItemName>סוכריות ג`ל מיקס 700 גרם</ItemName>
      <ManufactureName>בני פאוזי שמשום</ManufactureName>
      <ManufactureCountry />
      <ManufactureItemDescription />
      <UnitQty>'יח</UnitQty>
      <Quantity>7</Quantity>
      <UnitMeasure>ל-100 גרם</UnitMeasure>
      <BisWeighted>0</BisWeighted>
      <QtyInPackage>1</QtyInPackage>
      <ItemPrice>14.90</ItemPrice>
      <UnitOfMeasurePrice>2.13</UnitOfMeasurePrice>
      <AllowDiscount>1</AllowDiscount>
      <itemStatus>1</itemStatus>
      <LastUpdateDate />
      <LastUpdateTime />
    </Product>
    <Product>
      <PriceUpdateDate>2022/10/12 17:15</PriceUpdateDate>
      <ItemCode>5201246002215</ItemCode>
      <ItemType>1</ItemType>
      <ItemName>בירה פילס היילס 500 מל`</ItemName>
      <ManufactureName>ג. וילי-פוד אינטרנשיונל בע`מ</ManufactureName>
      <ManufactureCountry />
      <ManufactureItemDescription />
      <UnitQty>'יח</UnitQty>
      <Quantity>5</Quantity>
      <UnitMeasure>ל-100 מ"ל</UnitMeasure>
      <BisWeighted>0</BisWeighted>
      <QtyInPackage>1</QtyInPackage>
      <ItemPrice>4.90</ItemPrice>
      <UnitOfMeasurePrice>0.92</UnitOfMeasurePrice>
      <AllowDiscount>1</AllowDiscount>
      <itemStatus>1</itemStatus>
      <LastUpdateDate />
      <LastUpdateTime />
    </Product>
    <Product>
      <PriceUpdateDate>2022/05/15 11:18</PriceUpdateDate>
      <ItemCode>5201360797097</ItemCode>
      <ItemType>1</ItemType>
      <ItemName>עוגת ספוג מצופה וניל*8יח*32גר</ItemName>
      <ManufactureName>דיפלומט מפיצים (1968) בע`מ</ManufactureName>
      <ManufactureCountry />
      <ManufactureItemDescription />
      <UnitQty>'יח</UnitQty>
      <Quantity>0.32</Quantity>
      <UnitMeasure>ל-100 גרם</UnitMeasure>
      <BisWeighted>0</BisWeighted>
      <QtyInPackage>1</QtyInPackage>
      <ItemPrice>11.90</ItemPrice>
      <UnitOfMeasurePrice>37.19</UnitOfMeasurePrice>
      <AllowDiscount>0</AllowDiscount>
      <itemStatus>1</itemStatus>
      <LastUpdateDate />
      <LastUpdateTime />
    </Product>
    <Product>
      <PriceUpdateDate>2022/04/25 13:53</PriceUpdateDate>
      <ItemCode>5201940010110</ItemCode>
      <ItemType>1</ItemType>
      <ItemName>זיתים שחורים קלמטה 454 גרם</ItemName>
      <ManufactureName>ג. וילי-פוד אינטרנשיונל בע`מ</ManufactureName>
      <ManufactureCountry />
      <ManufactureItemDescription />
      <UnitQty>'יח</UnitQty>
      <Quantity>4.54</Quantity>
      <UnitMeasure>ל-100 גרם</UnitMeasure>
      <BisWeighted>0</BisWeighted>
      <QtyInPackage>1</QtyInPackage>
      <ItemPrice>14.90</ItemPrice>
      <UnitOfMeasurePrice>3.28</UnitOfMeasurePrice>
      <AllowDiscount>0</AllowDiscount>
      <itemStatus>1</itemStatus>
      <LastUpdateDate />
      <LastUpdateTime />
    </Product>
    <Product>
      <PriceUpdateDate>2022/10/26 17:23</PriceUpdateDate>
      <ItemCode>5206759020503</ItemCode>
      <ItemType>1</ItemType>
      <ItemName>סוכריות ג`לי 500 גרם</ItemName>
      <ManufactureName>יעד ממתקים בעמ</ManufactureName>
      <ManufactureCountry />
      <ManufactureItemDescription />
      <UnitQty>'יח</UnitQty>
      <Quantity>5</Quantity>
      <UnitMeasure>ל-100 גרם</UnitMeasure>
      <BisWeighted>0</BisWeighted>
      <QtyInPackage>1</QtyInPackage>
      <ItemPrice>11.90</ItemPrice>
      <UnitOfMeasurePrice>2.38</UnitOfMeasurePrice>
      <AllowDiscount>1</AllowDiscount>
      <itemStatus>1</itemStatus>
      <LastUpdateDate />
      <LastUpdateTime />
    </Product>
    <Product>
      <PriceUpdateDate>2022/05/18 18:48</PriceUpdateDate>
      <ItemCode>5391523057929</ItemCode>
      <ItemType>1</ItemType>
      <ItemName>סימילאק גולד 700 גרם שלב 1</ItemName>
      <ManufactureName>אבוט -שקד תבל</ManufactureName>
      <ManufactureCountry />
      <ManufactureItemDescription />
      <UnitQty>'יח</UnitQty>
      <Quantity>7</Quantity>
      <UnitMeasure>ל-100 גרם</UnitMeasure>
      <BisWeighted>0</BisWeighted>
      <QtyInPackage>1</QtyInPackage>
      <ItemPrice>69.90</ItemPrice>
      <UnitOfMeasurePrice>9.99</UnitOfMeasurePrice>
      <AllowDiscount>0</AllowDiscount>
      <itemStatus>1</itemStatus>
      <LastUpdateDate />
      <LastUpdateTime />
    </Product>
    <Product>
      <PriceUpdateDate>2022/05/18 18:48</PriceUpdateDate>
      <ItemCode>5391523057943</ItemCode>
      <ItemType>1</ItemType>
      <ItemName>סימילאק גולד 700 גרם שלב 3</ItemName>
      <ManufactureName>אבוט -שקד תבל</ManufactureName>
      <ManufactureCountry />
      <ManufactureItemDescription />
      <UnitQty>'יח</UnitQty>
      <Quantity>7</Quantity>
      <UnitMeasure>ל-100 גרם</UnitMeasure>
      <BisWeighted>0</BisWeighted>
      <QtyInPackage>1</QtyInPackage>
      <ItemPrice>69.90</ItemPrice>
      <UnitOfMeasurePrice>9.99</UnitOfMeasurePrice>
      <AllowDiscount>0</AllowDiscount>
      <itemStatus>1</itemStatus>
      <LastUpdateDate />
      <LastUpdateTime />
    </Product>
    <Product>
      <PriceUpdateDate>2019/07/03 08:47</PriceUpdateDate>
      <ItemCode>5410076933129</ItemCode>
      <ItemType>1</ItemType>
      <ItemName>אבקת כביסה אריאל אלפין 3 ק`ג</ItemName>
      <ManufactureName>דיפלומט מפיצים (1986) בע`מ</ManufactureName>
      <ManufactureCountry />
      <ManufactureItemDescription />
      <UnitQty>'יח</UnitQty>
      <Quantity>2.47</Quantity>
      <UnitMeasure>ל-100 מ"ל</UnitMeasure>
      <BisWeighted>0</BisWeighted>
      <QtyInPackage>1</QtyInPackage>
      <ItemPrice>34.90</ItemPrice>
      <UnitOfMeasurePrice>14.13</UnitOfMeasurePrice>
      <AllowDiscount>0</AllowDiscount>
      <itemStatus>1</itemStatus>
      <LastUpdateDate />
      <LastUpdateTime />
    </Product>
    <Product>
      <PriceUpdateDate>2020/03/25 10:04</PriceUpdateDate>
      <ItemCode>5410126006087</ItemCode>
      <ItemType>1</ItemType>
      <ItemName>ביסקויט ביסקפה לוטוס בטעם קרמל 700גר`ב</ItemName>
      <ManufactureName>דיפלומט מפיצים (1968) בע`מ</ManufactureName>
      <ManufactureCountry />
      <ManufactureItemDescription />
      <UnitQty>'יח</UnitQty>
      <Quantity>7</Quantity>
      <UnitMeasure>ל-100 גרם</UnitMeasure>
      <BisWeighted>0</BisWeighted>
      <QtyInPackage>7</QtyInPackage>
      <ItemPrice>26.90</ItemPrice>
      <UnitOfMeasurePrice>3.84</UnitOfMeasurePrice>
      <AllowDiscount>0</AllowDiscount>
      <itemStatus>1</itemStatus>
      <LastUpdateDate />
      <LastUpdateTime />
    </Product>
    <Product>
      <PriceUpdateDate>2020/08/30 10:19</PriceUpdateDate>
      <ItemCode>5410126106022</ItemCode>
      <ItemType>1</ItemType>
      <ItemName>מארז עוגיות לוטוס 250*2</ItemName>
      <ManufactureName>דיפלומט מפיצים (1968) בע`מ</ManufactureName>
      <ManufactureCountry />
      <ManufactureItemDescription />
      <UnitQty>'יח</UnitQty>
      <Quantity>5</Quantity>
      <UnitMeasure>ל-100 גרם</UnitMeasure>
      <BisWeighted>0</BisWeighted>
      <QtyInPackage>1</QtyInPackage>
      <ItemPrice>15.90</ItemPrice>
      <UnitOfMeasurePrice>3.18</UnitOfMeasurePrice>
      <AllowDiscount>1</AllowDiscount>
      <itemStatus>1</itemStatus>
      <LastUpdateDate />
      <LastUpdateTime />
    </Product>
    <Product>
      <PriceUpdateDate>2021/11/11 22:05</PriceUpdateDate>
      <ItemCode>5410126106183</ItemCode>
      <ItemType>1</ItemType>
      <ItemName>ביסקויט ביסקפה לוטוס בטעם קרמל 312 ג</ItemName>
      <ManufactureName>דיפלומט מפיצים (1968) בע`מ</ManufactureName>
      <ManufactureCountry />
      <ManufactureItemDescription />
      <UnitQty>'יח</UnitQty>
      <Quantity>3.12</Quantity>
      <UnitMeasure>ל-100 גרם</UnitMeasure>
      <BisWeighted>0</BisWeighted>
      <QtyInPackage>6</QtyInPackage>
      <ItemPrice>16.90</ItemPrice>
      <UnitOfMeasurePrice>5.42</UnitOfMeasurePrice>
      <AllowDiscount>0</AllowDiscount>
      <itemStatus>1</itemStatus>
      <LastUpdateDate />
      <LastUpdateTime />
    </Product>
    <Product>
      <PriceUpdateDate>2019/01/16 14:47</PriceUpdateDate>
      <ItemCode>5410126116953</ItemCode>
      <ItemType>1</ItemType>
      <ItemName>ממרח עוגיות לוטוס קרמל 400 גרם</ItemName>
      <ManufactureName>דיפלומט מפיצים (1968) בע`מ</ManufactureName>
      <ManufactureCountry />
      <ManufactureItemDescription />
      <UnitQty>'יח</UnitQty>
      <Quantity>4</Quantity>
      <UnitMeasure>ל-100 גרם</UnitMeasure>
      <BisWeighted>0</BisWeighted>
      <QtyInPackage>12</QtyInPackage>
      <ItemPrice>21.90</ItemPrice>
      <UnitOfMeasurePrice>5.48</UnitOfMeasurePrice>
      <AllowDiscount>1</AllowDiscount>
      <itemStatus>1</itemStatus>
      <LastUpdateDate />
      <LastUpdateTime />
    </Product>
    <Product>
      <PriceUpdateDate>2019/01/16 14:47</PriceUpdateDate>
      <ItemCode>5410126666038</ItemCode>
      <ItemType>1</ItemType>
      <ItemName>לוטוס עוגיות 279 גר`</ItemName>
      <ManufactureName>דיפלומט מפיצים (1968) בע`מ</ManufactureName>
      <ManufactureCountry />
      <ManufactureItemDescription />
      <UnitQty>'יח</UnitQty>
      <Quantity>0.2790</Quantity>
      <UnitMeasure>ל-100 גרם</UnitMeasure>
      <BisWeighted>0</BisWeighted>
      <QtyInPackage>10</QtyInPackage>
      <ItemPrice>12.90</ItemPrice>
      <UnitOfMeasurePrice>46.24</UnitOfMeasurePrice>
      <AllowDiscount>0</AllowDiscount>
      <itemStatus>1</itemStatus>
      <LastUpdateDate />
      <LastUpdateTime />
    </Product>
    <Product>
      <PriceUpdateDate>2020/07/20 18:05</PriceUpdateDate>
      <ItemCode>5410126716016</ItemCode>
      <ItemType>1</ItemType>
      <ItemName>ביסקויט ביסקפה לוטוס בטעם קרמל 250</ItemName>
      <ManufactureName>דיפלומט מפיצים (1968) בע`מ</ManufactureName>
      <ManufactureCountry />
      <ManufactureItemDescription />
      <UnitQty>'יח</UnitQty>
      <Quantity>2.50</Quantity>
      <UnitMeasure>ל-100 גרם</UnitMeasure>
      <BisWeighted>0</BisWeighted>
      <QtyInPackage>10</QtyInPackage>
      <ItemPrice>11.90</ItemPrice>
      <UnitOfMeasurePrice>4.76</UnitOfMeasurePrice>
      <AllowDiscount>0</AllowDiscount>
      <itemStatus>1</itemStatus>
      <LastUpdateDate />
      <LastUpdateTime />
    </Product>
    <Product>
      <PriceUpdateDate>2022/07/18 16:26</PriceUpdateDate>
      <ItemCode>5410291021991</ItemCode>
      <ItemType>1</ItemType>
      <ItemName>צ`וקטה ממרח אגוזי לוז עם קקאו 700 גר`</ItemName>
      <ManufactureName>ש. שסטוביץ בע`מ</ManufactureName>
      <ManufactureCountry />
      <ManufactureItemDescription />
      <UnitQty>'יח</UnitQty>
      <Quantity>7</Quantity>
      <UnitMeasure>ל-100 גרם</UnitMeasure>
      <BisWeighted>0</BisWeighted>
      <QtyInPackage>6</QtyInPackage>
      <ItemPrice>18.90</ItemPrice>
      <UnitOfMeasurePrice>2.70</UnitOfMeasurePrice>
      <AllowDiscount>0</AllowDiscount>
      <itemStatus>1</itemStatus>
      <LastUpdateDate />
      <LastUpdateTime />
    </Product>
    <Product>
      <PriceUpdateDate>2021/06/02 07:10</PriceUpdateDate>
      <ItemCode>5410291022011</ItemCode>
      <ItemType>1</ItemType>
      <ItemName>צ`וקטה ממרח אגוזי לוז עם קקאו 350 גר`</ItemName>
      <ManufactureName>ש. שסטוביץ בע`מ</ManufactureName>
      <ManufactureCountry />
      <ManufactureItemDescription />
      <UnitQty>'יח</UnitQty>
      <Quantity>3.50</Quantity>
      <UnitMeasure>ל-100 גרם</UnitMeasure>
      <BisWeighted>0</BisWeighted>
      <QtyInPackage>12</QtyInPackage>
      <ItemPrice>10.90</ItemPrice>
      <UnitOfMeasurePrice>3.11</UnitOfMeasurePrice>
      <AllowDiscount>0</AllowDiscount>
      <itemStatus>1</itemStatus>
      <LastUpdateDate />
      <LastUpdateTime />
    </Product>
    <Product>
      <PriceUpdateDate>2021/06/02 07:10</PriceUpdateDate>
      <ItemCode>5410291022738</ItemCode>
      <ItemType>1</ItemType>
      <ItemName>צ`וקטה ממרח חום לבן 350 גר`</ItemName>
      <ManufactureName>ש. שסטוביץ בע`מ</ManufactureName>
      <ManufactureCountry />
      <ManufactureItemDescription />
      <UnitQty>'יח</UnitQty>
      <Quantity>3.50</Quantity>
      <UnitMeasure>ל-100 גרם</UnitMeasure>
      <BisWeighted>0</BisWeighted>
      <QtyInPackage>12</QtyInPackage>
      <ItemPrice>10.90</ItemPrice>
      <UnitOfMeasurePrice>3.11</UnitOfMeasurePrice>
      <AllowDiscount>0</AllowDiscount>
      <itemStatus>1</itemStatus>
      <LastUpdateDate />
      <LastUpdateTime />
    </Product>
    <Product>
      <PriceUpdateDate>2021/06/02 07:10</PriceUpdateDate>
      <ItemCode>5410291022752</ItemCode>
      <ItemType>1</ItemType>
      <ItemName>צ`וקטה ממרח אגוזי לוז עם קקאו 350 גר`</ItemName>
      <ManufactureName>ש. שסטוביץ בע`מ</ManufactureName>
      <ManufactureCountry />
      <ManufactureItemDescription />
      <UnitQty>'יח</UnitQty>
      <Quantity>3.50</Quantity>
      <UnitMeasure>ל-100 גרם</UnitMeasure>
      <BisWeighted>0</BisWeighted>
      <QtyInPackage>12</QtyInPackage>
      <ItemPrice>10.90</ItemPrice>
      <UnitOfMeasurePrice>3.11</UnitOfMeasurePrice>
      <AllowDiscount>0</AllowDiscount>
      <itemStatus>1</itemStatus>
      <LastUpdateDate />
      <LastUpdateTime />
    </Product>
    <Product>
      <PriceUpdateDate>2022/07/18 16:26</PriceUpdateDate>
      <ItemCode>5410291022776</ItemCode>
      <ItemType>1</ItemType>
      <ItemName>צ`וקטה ממרח אגוזי לוז עם קקאו 700 גר`</ItemName>
      <ManufactureName>ש. שסטוביץ בע`מ</ManufactureName>
      <ManufactureCountry />
      <ManufactureItemDescription />
      <UnitQty>'יח</UnitQty>
      <Quantity>7</Quantity>
      <UnitMeasure>ל-100 גרם</UnitMeasure>
      <BisWeighted>0</BisWeighted>
      <QtyInPackage>6</QtyInPackage>
      <ItemPrice>18.90</ItemPrice>
      <UnitOfMeasurePrice>2.70</UnitOfMeasurePrice>
      <AllowDiscount>0</AllowDiscount>
      <itemStatus>1</itemStatus>
      <LastUpdateDate />
      <LastUpdateTime />
    </Product>
    <Product>
      <PriceUpdateDate>2019/07/03 08:47</PriceUpdateDate>
      <ItemCode>5411188094159</ItemCode>
      <ItemType>1</ItemType>
      <ItemName>אלפרו מעדן סויה בטעם שוקולד בלגי 4*125</ItemName>
      <ManufactureName>שטראוס גרופ בע`מ</ManufactureName>
      <ManufactureCountry />
      <ManufactureItemDescription />
      <UnitQty>'יח</UnitQty>
      <Quantity>5</Quantity>
      <UnitMeasure>ל-100 גרם</UnitMeasure>
      <BisWeighted>0</BisWeighted>
      <QtyInPackage>1</QtyInPackage>
      <ItemPrice>17.90</ItemPrice>
      <UnitOfMeasurePrice>3.58</UnitOfMeasurePrice>
      <AllowDiscount>0</AllowDiscount>
      <itemStatus>1</itemStatus>
      <LastUpdateDate />
      <LastUpdateTime />
    </Product>
    <Product>
      <PriceUpdateDate>2019/01/16 14:47</PriceUpdateDate>
      <ItemCode>5411188110835</ItemCode>
      <ItemType>1</ItemType>
      <ItemName>אלפרו חלב שקדים 1ל`</ItemName>
      <ManufactureName>שטראוס גרופ בע`מ</ManufactureName>
      <ManufactureCountry />
      <ManufactureItemDescription />
      <UnitQty>'יח</UnitQty>
      <Quantity>10</Quantity>
      <UnitMeasure>ל-100 מ"ל</UnitMeasure>
      <BisWeighted>0</BisWeighted>
      <QtyInPackage>1</QtyInPackage>
      <ItemPrice>14.90</ItemPrice>
      <UnitOfMeasurePrice>1.49</UnitOfMeasurePrice>
      <AllowDiscount>0</AllowDiscount>
      <itemStatus>1</itemStatus>
      <LastUpdateDate />
      <LastUpdateTime />
    </Product>
    <Product>
      <PriceUpdateDate>2019/01/16 14:47</PriceUpdateDate>
      <ItemCode>5411188112709</ItemCode>
      <ItemType>1</ItemType>
      <ItemName>אלפרו משקה שקדים ללא סוכר 1ל`</ItemName>
      <ManufactureName>שטראוס גרופ בע`מ</ManufactureName>
      <ManufactureCountry />
      <ManufactureItemDescription />
      <UnitQty>'יח</UnitQty>
      <Quantity>10</Quantity>
      <UnitMeasure>ל-100 מ"ל</UnitMeasure>
      <BisWeighted>0</BisWeighted>
      <QtyInPackage>1</QtyInPackage>
      <ItemPrice>14.90</ItemPrice>
      <UnitOfMeasurePrice>1.49</UnitOfMeasurePrice>
      <AllowDiscount>1</AllowDiscount>
      <itemStatus>1</itemStatus>
      <LastUpdateDate />
      <LastUpdateTime />
    </Product>
    <Product>
      <PriceUpdateDate>2020/09/02 18:43</PriceUpdateDate>
      <ItemCode>5411188115472</ItemCode>
      <ItemType>1</ItemType>
      <ItemName>אלפרו משקה סויה  1 ליטר</ItemName>
      <ManufactureName>שטראוס גרופ בע`מ</ManufactureName>
      <ManufactureCountry />
      <ManufactureItemDescription />
      <UnitQty>'יח</UnitQty>
      <Quantity>10</Quantity>
      <UnitMeasure>ל-100 מ"ל</UnitMeasure>
      <BisWeighted>0</BisWeighted>
      <QtyInPackage>1</QtyInPackage>
      <ItemPrice>15.90</ItemPrice>
      <UnitOfMeasurePrice>1.59</UnitOfMeasurePrice>
      <AllowDiscount>1</AllowDiscount>
      <itemStatus>1</itemStatus>
      <LastUpdateDate />
      <LastUpdateTime />
    </Product>
    <Product>
      <PriceUpdateDate>2022/03/24 11:57</PriceUpdateDate>
      <ItemCode>5411188116905</ItemCode>
      <ItemType>1</ItemType>
      <ItemName>משקה סויה אלפרו בטעם בננה 1 ליטר</ItemName>
      <ManufactureName>שטראוס גרופ בע`מ</ManufactureName>
      <ManufactureCountry />
      <ManufactureItemDescription />
      <UnitQty>'יח</UnitQty>
      <Quantity>10</Quantity>
      <UnitMeasure>ל-100 מ"ל</UnitMeasure>
      <BisWeighted>0</BisWeighted>
      <QtyInPackage>1</QtyInPackage>
      <ItemPrice>13.90</ItemPrice>
      <UnitOfMeasurePrice>1.39</UnitOfMeasurePrice>
      <AllowDiscount>0</AllowDiscount>
      <itemStatus>1</itemStatus>
      <LastUpdateDate />
      <LastUpdateTime />
    </Product>
    <Product>
      <PriceUpdateDate>2020/09/22 21:58</PriceUpdateDate>
      <ItemCode>5411188124689</ItemCode>
      <ItemType>1</ItemType>
      <ItemName>אלפרו משקה שיבולת שועל לל"ס 1 ליטר</ItemName>
      <ManufactureName>שטראוס גרופ בע`מ</ManufactureName>
      <ManufactureCountry />
      <ManufactureItemDescription />
      <UnitQty>'יח</UnitQty>
      <Quantity>10</Quantity>
      <UnitMeasure>ל-100 מ"ל</UnitMeasure>
      <BisWeighted>0</BisWeighted>
      <QtyInPackage>1</QtyInPackage>
      <ItemPrice>14.90</ItemPrice>
      <UnitOfMeasurePrice>1.49</UnitOfMeasurePrice>
      <AllowDiscount>1</AllowDiscount>
      <itemStatus>1</itemStatus>
      <LastUpdateDate />
      <LastUpdateTime />
    </Product>
    <Product>
      <PriceUpdateDate>2021/07/28 16:53</PriceUpdateDate>
      <ItemCode>5411188134985</ItemCode>
      <ItemType>1</ItemType>
      <ItemName>אלפרו 3.5% שומן שיבולת שועל ליטר</ItemName>
      <ManufactureName>שטראוס גרופ בע`מ</ManufactureName>
      <ManufactureCountry />
      <ManufactureItemDescription />
      <UnitQty>'יח</UnitQty>
      <Quantity>10</Quantity>
      <UnitMeasure>ל-100 מ"ל</UnitMeasure>
      <BisWeighted>0</BisWeighted>
      <QtyInPackage>1</QtyInPackage>
      <ItemPrice>13.90</ItemPrice>
      <UnitOfMeasurePrice>1.39</UnitOfMeasurePrice>
      <AllowDiscount>1</AllowDiscount>
      <itemStatus>1</itemStatus>
      <LastUpdateDate />
      <LastUpdateTime />
    </Product>
    <Product>
      <PriceUpdateDate>2021/07/28 16:53</PriceUpdateDate>
      <ItemCode>5411188135005</ItemCode>
      <ItemType>1</ItemType>
      <ItemName>אלפרו 1.8% שומן שיבולת שועל ליטר</ItemName>
      <ManufactureName>שטראוס גרופ בע`מ</ManufactureName>
      <ManufactureCountry />
      <ManufactureItemDescription />
      <UnitQty>'יח</UnitQty>
      <Quantity>10</Quantity>
      <UnitMeasure>ל-100 מ"ל</UnitMeasure>
      <BisWeighted>0</BisWeighted>
      <QtyInPackage>1</QtyInPackage>
      <ItemPrice>13.90</ItemPrice>
      <UnitOfMeasurePrice>1.39</UnitOfMeasurePrice>
      <AllowDiscount>1</AllowDiscount>
      <itemStatus>1</itemStatus>
      <LastUpdateDate />
      <LastUpdateTime />
    </Product>
    <Product>
      <PriceUpdateDate>2020/09/02 18:43</PriceUpdateDate>
      <ItemCode>5411188543398</ItemCode>
      <ItemType>1</ItemType>
      <ItemName>אלפרו משקה סויה ללא סוכר   1 ליטר</ItemName>
      <ManufactureName>שטראוס גרופ בע`מ</ManufactureName>
      <ManufactureCountry />
      <ManufactureItemDescription />
      <UnitQty>'יח</UnitQty>
      <Quantity>10</Quantity>
      <UnitMeasure>ל-100 מ"ל</UnitMeasure>
      <BisWeighted>0</BisWeighted>
      <QtyInPackage>1</QtyInPackage>
      <ItemPrice>15.90</ItemPrice>
      <UnitOfMeasurePrice>1.59</UnitOfMeasurePrice>
      <AllowDiscount>1</AllowDiscount>
      <itemStatus>1</itemStatus>
      <LastUpdateDate />
      <LastUpdateTime />
    </Product>
    <Product>
      <PriceUpdateDate>2020/06/21 21:03</PriceUpdateDate>
      <ItemCode>5413149655522</ItemCode>
      <ItemType>1</ItemType>
      <ItemName>אריאל שושן צחור 1.25 ק"ג</ItemName>
      <ManufactureName>דיפלומט מפיצים (1986) בע`מ</ManufactureName>
      <ManufactureCountry />
      <ManufactureItemDescription />
      <UnitQty>'יח</UnitQty>
      <Quantity>15</Quantity>
      <UnitMeasure>ל-100 גרם</UnitMeasure>
      <BisWeighted>0</BisWeighted>
      <QtyInPackage>10</QtyInPackage>
      <ItemPrice>17.90</ItemPrice>
      <UnitOfMeasurePrice>1.19</UnitOfMeasurePrice>
      <AllowDiscount>0</AllowDiscount>
      <itemStatus>1</itemStatus>
      <LastUpdateDate />
      <LastUpdateTime />
    </Product>
    <Product>
      <PriceUpdateDate>2020/06/23 17:46</PriceUpdateDate>
      <ItemCode>5566774569129</ItemCode>
      <ItemType>1</ItemType>
      <ItemName>מברשת סיליקון איכותי</ItemName>
      <ManufactureName>ד.ג.ש ייבוא ושיווק בעמ</ManufactureName>
      <ManufactureCountry />
      <ManufactureItemDescription />
      <UnitQty>'יח</UnitQty>
      <Quantity>1</Quantity>
      <UnitMeasure />
      <BisWeighted>0</BisWeighted>
      <QtyInPackage>1</QtyInPackage>
      <ItemPrice>9.90</ItemPrice>
      <UnitOfMeasurePrice>9.90</UnitOfMeasurePrice>
      <AllowDiscount>0</AllowDiscount>
      <itemStatus>1</itemStatus>
      <LastUpdateDate />
      <LastUpdateTime />
    </Product>
    <Product>
      <PriceUpdateDate>2020/06/23 17:46</PriceUpdateDate>
      <ItemCode>5566774569136</ItemCode>
      <ItemType>1</ItemType>
      <ItemName>לקקן סיליקון איכותי</ItemName>
      <ManufactureName>ד.ג.ש ייבוא ושיווק בעמ</ManufactureName>
      <ManufactureCountry />
      <ManufactureItemDescription />
      <UnitQty>'יח</UnitQty>
      <Quantity>1</Quantity>
      <UnitMeasure />
      <BisWeighted>0</BisWeighted>
      <QtyInPackage>1</QtyInPackage>
      <ItemPrice>9.90</ItemPrice>
      <UnitOfMeasurePrice>9.90</UnitOfMeasurePrice>
      <AllowDiscount>0</AllowDiscount>
      <itemStatus>1</itemStatus>
      <LastUpdateDate />
      <LastUpdateTime />
    </Product>
    <Product>
      <PriceUpdateDate>2019/05/26 21:38</PriceUpdateDate>
      <ItemCode>5566774569693</ItemCode>
      <ItemType>1</ItemType>
      <ItemName>סכין שף סנטוקטו</ItemName>
      <ManufactureName>ד.ג.ש ייבוא ושיווק בעמ</ManufactureName>
      <ManufactureCountry />
      <ManufactureItemDescription />
      <UnitQty>'יח</UnitQty>
      <Quantity>1</Quantity>
      <UnitMeasure />
      <BisWeighted>0</BisWeighted>
      <QtyInPackage>1</QtyInPackage>
      <ItemPrice>19.90</ItemPrice>
      <UnitOfMeasurePrice>19.90</UnitOfMeasurePrice>
      <AllowDiscount>0</AllowDiscount>
      <itemStatus>1</itemStatus>
      <LastUpdateDate />
      <LastUpdateTime />
    </Product>
    <Product>
      <PriceUpdateDate>2020/05/04 14:22</PriceUpdateDate>
      <ItemCode>5566774570385</ItemCode>
      <ItemType>1</ItemType>
      <ItemName>מסננת רב שימושית איכותית</ItemName>
      <ManufactureName>ד.ג.ש ייבוא ושיווק בעמ</ManufactureName>
      <ManufactureCountry />
      <ManufactureItemDescription />
      <UnitQty>'יח</UnitQty>
      <Quantity>1</Quantity>
      <UnitMeasure />
      <BisWeighted>0</BisWeighted>
      <QtyInPackage>1</QtyInPackage>
      <ItemPrice>12.90</ItemPrice>
      <UnitOfMeasurePrice>12.90</UnitOfMeasurePrice>
      <AllowDiscount>0</AllowDiscount>
      <itemStatus>1</itemStatus>
      <LastUpdateDate />
      <LastUpdateTime />
    </Product>
    <Product>
      <PriceUpdateDate>2022/02/23 11:39</PriceUpdateDate>
      <ItemCode>5566774572976</ItemCode>
      <ItemType>1</ItemType>
      <ItemName>סט 4 כוסות פינוק סטייל</ItemName>
      <ManufactureName>ד.ג.ש ייבוא ושיווק בעמ</ManufactureName>
      <ManufactureCountry />
      <ManufactureItemDescription />
      <UnitQty>'יח</UnitQty>
      <Quantity>0</Quantity>
      <UnitMeasure>'יח</UnitMeasure>
      <BisWeighted>0</BisWeighted>
      <QtyInPackage>1</QtyInPackage>
      <ItemPrice>39.90</ItemPrice>
      <UnitOfMeasurePrice>39.90</UnitOfMeasurePrice>
      <AllowDiscount>0</AllowDiscount>
      <itemStatus>1</itemStatus>
      <LastUpdateDate />
      <LastUpdateTime />
    </Product>
    <Product>
      <PriceUpdateDate>2021/12/29 20:00</PriceUpdateDate>
      <ItemCode>5566774574116</ItemCode>
      <ItemType>1</ItemType>
      <ItemName>אלמוגית רב שימושית קטנה</ItemName>
      <ManufactureName>ד.ג.ש ייבוא ושיווק בעמ</ManufactureName>
      <ManufactureCountry />
      <ManufactureItemDescription />
      <UnitQty>'יח</UnitQty>
      <Quantity>0</Quantity>
      <UnitMeasure>'יח</UnitMeasure>
      <BisWeighted>0</BisWeighted>
      <QtyInPackage>1</QtyInPackage>
      <ItemPrice>14.90</ItemPrice>
      <UnitOfMeasurePrice>14.90</UnitOfMeasurePrice>
      <AllowDiscount>0</AllowDiscount>
      <itemStatus>1</itemStatus>
      <LastUpdateDate />
      <LastUpdateTime />
    </Product>
    <Product>
      <PriceUpdateDate>2022/01/13 09:38</PriceUpdateDate>
      <ItemCode>5566774574222</ItemCode>
      <ItemType>1</ItemType>
      <ItemName>שישיית כוסות קלאסיק</ItemName>
      <ManufactureName>ד.ג.ש ייבוא ושיווק בעמ</ManufactureName>
      <ManufactureCountry />
      <ManufactureItemDescription />
      <UnitQty>'יח</UnitQty>
      <Quantity>1</Quantity>
      <UnitMeasure />
      <BisWeighted>0</BisWeighted>
      <QtyInPackage>1</QtyInPackage>
      <ItemPrice>17.90</ItemPrice>
      <UnitOfMeasurePrice>17.90</UnitOfMeasurePrice>
      <AllowDiscount>0</AllowDiscount>
      <itemStatus>1</itemStatus>
      <LastUpdateDate />
      <LastUpdateTime />
    </Product>
    <Product>
      <PriceUpdateDate>2021/12/22 20:11</PriceUpdateDate>
      <ItemCode>5601008200468</ItemCode>
      <ItemType>1</ItemType>
      <ItemName>עוגיות גודיס מצופה שוקולד לבן 150גר`</ItemName>
      <ManufactureName>ש. שסטוביץ בע`מ</ManufactureName>
      <ManufactureCountry />
      <ManufactureItemDescription />
      <UnitQty>'יח</UnitQty>
      <Quantity>1.50</Quantity>
      <UnitMeasure>ל-100 גרם</UnitMeasure>
      <BisWeighted>0</BisWeighted>
      <QtyInPackage>1</QtyInPackage>
      <ItemPrice>7.90</ItemPrice>
      <UnitOfMeasurePrice>5.27</UnitOfMeasurePrice>
      <AllowDiscount>1</AllowDiscount>
      <itemStatus>1</itemStatus>
      <LastUpdateDate />
      <LastUpdateTime />
    </Product>
    <Product>
      <PriceUpdateDate>2019/10/16 13:11</PriceUpdateDate>
      <ItemCode>5701932026964</ItemCode>
      <ItemType>1</ItemType>
      <ItemName>פופקורן למיקרו בתוספת מלח 6*100</ItemName>
      <ManufactureName>ליימן שליסל בע`מ</ManufactureName>
      <ManufactureCountry />
      <ManufactureItemDescription />
      <UnitQty>'יח</UnitQty>
      <Quantity>6</Quantity>
      <UnitMeasure>ל-100 גרם</UnitMeasure>
      <BisWeighted>0</BisWeighted>
      <QtyInPackage>12</QtyInPackage>
      <ItemPrice>14.90</ItemPrice>
      <UnitOfMeasurePrice>2.48</UnitOfMeasurePrice>
      <AllowDiscount>1</AllowDiscount>
      <itemStatus>1</itemStatus>
      <LastUpdateDate />
      <LastUpdateTime />
    </Product>
    <Product>
      <PriceUpdateDate>2019/11/06 07:46</PriceUpdateDate>
      <ItemCode>5701932026971</ItemCode>
      <ItemType>1</ItemType>
      <ItemName>פופקורן למיקרו בטעם חמאה 6*100 ג</ItemName>
      <ManufactureName>ליימן שליסל בע`מ</ManufactureName>
      <ManufactureCountry />
      <ManufactureItemDescription />
      <UnitQty>'יח</UnitQty>
      <Quantity>6</Quantity>
      <UnitMeasure>ל-100 גרם</UnitMeasure>
      <BisWeighted>0</BisWeighted>
      <QtyInPackage>12</QtyInPackage>
      <ItemPrice>14.90</ItemPrice>
      <UnitOfMeasurePrice>2.48</UnitOfMeasurePrice>
      <AllowDiscount>1</AllowDiscount>
      <itemStatus>1</itemStatus>
      <LastUpdateDate />
      <LastUpdateTime />
    </Product>
    <Product>
      <PriceUpdateDate>2022/01/19 14:23</PriceUpdateDate>
      <ItemCode>5701932026995</ItemCode>
      <ItemType>1</ItemType>
      <ItemName>פופקורן למיקרו טבעי לייט 6*85 גר כשלפ</ItemName>
      <ManufactureName>ליימן שליסל בע`מ</ManufactureName>
      <ManufactureCountry />
      <ManufactureItemDescription />
      <UnitQty>'יח</UnitQty>
      <Quantity>5.10</Quantity>
      <UnitMeasure>ל-100 גרם</UnitMeasure>
      <BisWeighted>0</BisWeighted>
      <QtyInPackage>12</QtyInPackage>
      <ItemPrice>14.90</ItemPrice>
      <UnitOfMeasurePrice>2.92</UnitOfMeasurePrice>
      <AllowDiscount>1</AllowDiscount>
      <itemStatus>1</itemStatus>
      <LastUpdateDate />
      <LastUpdateTime />
    </Product>
    <Product>
      <PriceUpdateDate>2022/10/26 16:37</PriceUpdateDate>
      <ItemCode>5706516031358</ItemCode>
      <ItemType>1</ItemType>
      <ItemName>פופקורן למיקרו בתוספת מלח 510גר כשלפ</ItemName>
      <ManufactureName>ליימן שליסל בע`מ</ManufactureName>
      <ManufactureCountry />
      <ManufactureItemDescription />
      <UnitQty>'יח</UnitQty>
      <Quantity>5.10</Quantity>
      <UnitMeasure>ל-100 גרם</UnitMeasure>
      <BisWeighted>0</BisWeighted>
      <QtyInPackage>12</QtyInPackage>
      <ItemPrice>14.90</ItemPrice>
      <UnitOfMeasurePrice>2.92</UnitOfMeasurePrice>
      <AllowDiscount>1</AllowDiscount>
      <itemStatus>1</itemStatus>
      <LastUpdateDate />
      <LastUpdateTime />
    </Product>
    <Product>
      <PriceUpdateDate>2022/04/25 11:22</PriceUpdateDate>
      <ItemCode>5711953106590</ItemCode>
      <ItemType>1</ItemType>
      <ItemName>ארלה גבינת שמנת שום</ItemName>
      <ManufactureName>שטראוס גרופ בע`מ</ManufactureName>
      <ManufactureCountry />
      <ManufactureItemDescription />
      <UnitQty>'יח</UnitQty>
      <Quantity>2</Quantity>
      <UnitMeasure>ל-100 גרם</UnitMeasure>
      <BisWeighted>0</BisWeighted>
      <QtyInPackage>1</QtyInPackage>
      <ItemPrice>15.90</ItemPrice>
      <UnitOfMeasurePrice>7.95</UnitOfMeasurePrice>
      <AllowDiscount>0</AllowDiscount>
      <itemStatus>1</itemStatus>
      <LastUpdateDate />
      <LastUpdateTime />
    </Product>
    <Product>
      <PriceUpdateDate>2019/01/16 14:47</PriceUpdateDate>
      <ItemCode>5740900403215</ItemCode>
      <ItemType>1</ItemType>
      <ItemName>ממרח חמאה דנית לורפק עם מלח 250 גרם</ItemName>
      <ManufactureName>שטראוס גרופ בע`מ</ManufactureName>
      <ManufactureCountry />
      <ManufactureItemDescription />
      <UnitQty>'יח</UnitQty>
      <Quantity>2.50</Quantity>
      <UnitMeasure>ל-100 גרם</UnitMeasure>
      <BisWeighted>0</BisWeighted>
      <QtyInPackage>1</QtyInPackage>
      <ItemPrice>16.90</ItemPrice>
      <UnitOfMeasurePrice>6.76</UnitOfMeasurePrice>
      <AllowDiscount>1</AllowDiscount>
      <itemStatus>1</itemStatus>
      <LastUpdateDate />
      <LastUpdateTime />
    </Product>
    <Product>
      <PriceUpdateDate>2019/01/16 14:47</PriceUpdateDate>
      <ItemCode>5740900403222</ItemCode>
      <ItemType>1</ItemType>
      <ItemName>ממרח חמאה לורפק עם מלח%27</ItemName>
      <ManufactureName>שטראוס גרופ בע`מ</ManufactureName>
      <ManufactureCountry />
      <ManufactureItemDescription />
      <UnitQty>'יח</UnitQty>
      <Quantity>2.80</Quantity>
      <UnitMeasure>ל-100 גרם</UnitMeasure>
      <BisWeighted>0</BisWeighted>
      <QtyInPackage>1</QtyInPackage>
      <ItemPrice>16.90</ItemPrice>
      <UnitOfMeasurePrice>6.04</UnitOfMeasurePrice>
      <AllowDiscount>1</AllowDiscount>
      <itemStatus>1</itemStatus>
      <LastUpdateDate />
      <LastUpdateTime />
    </Product>
    <Product>
      <PriceUpdateDate>2019/01/16 14:47</PriceUpdateDate>
      <ItemCode>5740900403239</ItemCode>
      <ItemType>1</ItemType>
      <ItemName>ממרח חמאה דנית לורפק ללא מלח 250 גרם</ItemName>
      <ManufactureName>שטראוס גרופ בע`מ</ManufactureName>
      <ManufactureCountry />
      <ManufactureItemDescription />
      <UnitQty>'יח</UnitQty>
      <Quantity>2.50</Quantity>
      <UnitMeasure>ל-100 גרם</UnitMeasure>
      <BisWeighted>0</BisWeighted>
      <QtyInPackage>1</QtyInPackage>
      <ItemPrice>16.90</ItemPrice>
      <UnitOfMeasurePrice>6.76</UnitOfMeasurePrice>
      <AllowDiscount>1</AllowDiscount>
      <itemStatus>1</itemStatus>
      <LastUpdateDate />
      <LastUpdateTime />
    </Product>
    <Product>
      <PriceUpdateDate>2019/01/16 14:47</PriceUpdateDate>
      <ItemCode>5740900403260</ItemCode>
      <ItemType>1</ItemType>
      <ItemName>ממרח חמאה לורפק ללא מלח%27</ItemName>
      <ManufactureName>שטראוס גרופ בע`מ</ManufactureName>
      <ManufactureCountry />
      <ManufactureItemDescription />
      <UnitQty>'יח</UnitQty>
      <Quantity>2.50</Quantity>
      <UnitMeasure>ל-100 גרם</UnitMeasure>
      <BisWeighted>0</BisWeighted>
      <QtyInPackage>1</QtyInPackage>
      <ItemPrice>16.90</ItemPrice>
      <UnitOfMeasurePrice>6.76</UnitOfMeasurePrice>
      <AllowDiscount>1</AllowDiscount>
      <itemStatus>1</itemStatus>
      <LastUpdateDate />
      <LastUpdateTime />
    </Product>
    <Product>
      <PriceUpdateDate>2020/08/04 16:07</PriceUpdateDate>
      <ItemCode>5740900403284</ItemCode>
      <ItemType>1</ItemType>
      <ItemName>חמאה לורפק 200 גר` ללא מלח</ItemName>
      <ManufactureName>שטראוס גרופ בע`מ</ManufactureName>
      <ManufactureCountry />
      <ManufactureItemDescription />
      <UnitQty>'יח</UnitQty>
      <Quantity>2</Quantity>
      <UnitMeasure>ל-100 גרם</UnitMeasure>
      <BisWeighted>0</BisWeighted>
      <QtyInPackage>1</QtyInPackage>
      <ItemPrice>11.90</ItemPrice>
      <UnitOfMeasurePrice>5.95</UnitOfMeasurePrice>
      <AllowDiscount>1</AllowDiscount>
      <itemStatus>1</itemStatus>
      <LastUpdateDate />
      <LastUpdateTime />
    </Product>
    <Product>
      <PriceUpdateDate>2022/07/24 18:01</PriceUpdateDate>
      <ItemCode>5900020012814</ItemCode>
      <ItemType>1</ItemType>
      <ItemName>נסקוויק עידן הקרח 500גר</ItemName>
      <ManufactureName>קבוצת אסם סחר</ManufactureName>
      <ManufactureCountry />
      <ManufactureItemDescription />
      <UnitQty>'יח</UnitQty>
      <Quantity>5</Quantity>
      <UnitMeasure>ל-100 גרם</UnitMeasure>
      <BisWeighted>0</BisWeighted>
      <QtyInPackage>1</QtyInPackage>
      <ItemPrice>19.90</ItemPrice>
      <UnitOfMeasurePrice>3.98</UnitOfMeasurePrice>
      <AllowDiscount>1</AllowDiscount>
      <itemStatus>1</itemStatus>
      <LastUpdateDate />
      <LastUpdateTime />
    </Product>
    <Product>
      <PriceUpdateDate>2022/07/24 18:01</PriceUpdateDate>
      <ItemCode>5900020026552</ItemCode>
      <ItemType>1</ItemType>
      <ItemName>האני נאט עידן הקרח 625גר אבקת חלב נכרי</ItemName>
      <ManufactureName>קבוצת אסם סחר</ManufactureName>
      <ManufactureCountry />
      <ManufactureItemDescription />
      <UnitQty>'יח</UnitQty>
      <Quantity>6.25</Quantity>
      <UnitMeasure>ל-100 גרם</UnitMeasure>
      <BisWeighted>0</BisWeighted>
      <QtyInPackage>1</QtyInPackage>
      <ItemPrice>19.90</ItemPrice>
      <UnitOfMeasurePrice>3.18</UnitOfMeasurePrice>
      <AllowDiscount>1</AllowDiscount>
      <itemStatus>1</itemStatus>
      <LastUpdateDate />
      <LastUpdateTime />
    </Product>
    <Product>
      <PriceUpdateDate>2021/08/09 16:47</PriceUpdateDate>
      <ItemCode>5900020032539</ItemCode>
      <ItemType>1</ItemType>
      <ItemName>פיטנס בר דליס שוקולד</ItemName>
      <ManufactureName>קבוצת אסם סחר</ManufactureName>
      <ManufactureCountry />
      <ManufactureItemDescription />
      <UnitQty>'יח</UnitQty>
      <Quantity>1.35</Quantity>
      <UnitMeasure>ל-100 גרם</UnitMeasure>
      <BisWeighted>0</BisWeighted>
      <QtyInPackage>1</QtyInPackage>
      <ItemPrice>14.90</ItemPrice>
      <UnitOfMeasurePrice>11.04</UnitOfMeasurePrice>
      <AllowDiscount>1</AllowDiscount>
      <itemStatus>1</itemStatus>
      <LastUpdateDate />
      <LastUpdateTime />
    </Product>
    <Product>
      <PriceUpdateDate>2022/07/24 18:01</PriceUpdateDate>
      <ItemCode>5900020036407</ItemCode>
      <ItemType>1</ItemType>
      <ItemName>ליון דגני בוקר שוקולד וקרמל 480 גר`</ItemName>
      <ManufactureName>קבוצת אסם סחר</ManufactureName>
      <ManufactureCountry />
      <ManufactureItemDescription />
      <UnitQty>'יח</UnitQty>
      <Quantity>4.80</Quantity>
      <UnitMeasure>ל-100 גרם</UnitMeasure>
      <BisWeighted>0</BisWeighted>
      <QtyInPackage>1</QtyInPackage>
      <ItemPrice>19.90</ItemPrice>
      <UnitOfMeasurePrice>4.15</UnitOfMeasurePrice>
      <AllowDiscount>1</AllowDiscount>
      <itemStatus>1</itemStatus>
      <LastUpdateDate />
      <LastUpdateTime />
    </Product>
    <Product>
      <PriceUpdateDate>2022/06/07 07:36</PriceUpdateDate>
      <ItemCode>5900130034157</ItemCode>
      <ItemType>1</ItemType>
      <ItemName>מאגדת מילקה יוגורט וניל 4 יח`</ItemName>
      <ManufactureName>אייס דילר בי.אמ.די בעמ</ManufactureName>
      <ManufactureCountry />
      <ManufactureItemDescription />
      <UnitQty>'יח</UnitQty>
      <Quantity>1</Quantity>
      <UnitMeasure>ל-100 גרם</UnitMeasure>
      <BisWeighted>0</BisWeighted>
      <QtyInPackage>1</QtyInPackage>
      <ItemPrice>31.90</ItemPrice>
      <UnitOfMeasurePrice>31.90</UnitOfMeasurePrice>
      <AllowDiscount>0</AllowDiscount>
      <itemStatus>1</itemStatus>
      <LastUpdateDate />
      <LastUpdateTime />
    </Product>
    <Product>
      <PriceUpdateDate>2022/10/26 17:23</PriceUpdateDate>
      <ItemCode>5900352000770</ItemCode>
      <ItemType>1</ItemType>
      <ItemName>ממתק ג`לי דובדבן מצופה שוקולד 190 גרם</ItemName>
      <ManufactureName>יעד ממתקים בעמ</ManufactureName>
      <ManufactureCountry />
      <ManufactureItemDescription />
      <UnitQty>'יח</UnitQty>
      <Quantity>1.90</Quantity>
      <UnitMeasure>ל-100 גרם</UnitMeasure>
      <BisWeighted>0</BisWeighted>
      <QtyInPackage>1</QtyInPackage>
      <ItemPrice>7.90</ItemPrice>
      <UnitOfMeasurePrice>4.16</UnitOfMeasurePrice>
      <AllowDiscount>1</AllowDiscount>
      <itemStatus>1</itemStatus>
      <LastUpdateDate />
      <LastUpdateTime />
    </Product>
    <Product>
      <PriceUpdateDate>2022/10/26 17:23</PriceUpdateDate>
      <ItemCode>5900352001814</ItemCode>
      <ItemType>1</ItemType>
      <ItemName>ממתק ג`לי תפוז מצופה שוקולד 190 גרם</ItemName>
      <ManufactureName>יעד ממתקים בעמ</ManufactureName>
      <ManufactureCountry />
      <ManufactureItemDescription />
      <UnitQty>'יח</UnitQty>
      <Quantity>1.90</Quantity>
      <UnitMeasure>ל-100 גרם</UnitMeasure>
      <BisWeighted>0</BisWeighted>
      <QtyInPackage>1</QtyInPackage>
      <ItemPrice>7.90</ItemPrice>
      <UnitOfMeasurePrice>4.16</UnitOfMeasurePrice>
      <AllowDiscount>1</AllowDiscount>
      <itemStatus>1</itemStatus>
      <LastUpdateDate />
      <LastUpdateTime />
    </Product>
    <Product>
      <PriceUpdateDate>2022/10/26 17:23</PriceUpdateDate>
      <ItemCode>5900352001821</ItemCode>
      <ItemType>1</ItemType>
      <ItemName>ממתק ג`לי לימון מצופה שוקולד 190 גרם</ItemName>
      <ManufactureName>יעד ממתקים בעמ</ManufactureName>
      <ManufactureCountry />
      <ManufactureItemDescription />
      <UnitQty>'יח</UnitQty>
      <Quantity>1.90</Quantity>
      <UnitMeasure>ל-100 גרם</UnitMeasure>
      <BisWeighted>0</BisWeighted>
      <QtyInPackage>1</QtyInPackage>
      <ItemPrice>7.90</ItemPrice>
      <UnitOfMeasurePrice>4.16</UnitOfMeasurePrice>
      <AllowDiscount>1</AllowDiscount>
      <itemStatus>1</itemStatus>
      <LastUpdateDate />
      <LastUpdateTime />
    </Product>
    <Product>
      <PriceUpdateDate>2022/10/26 17:23</PriceUpdateDate>
      <ItemCode>5900352002361</ItemCode>
      <ItemType>1</ItemType>
      <ItemName>עוגיות יזיקי קלאסיק 140 גרם</ItemName>
      <ManufactureName>יעד ממתקים בעמ</ManufactureName>
      <ManufactureCountry />
      <ManufactureItemDescription />
      <UnitQty>'יח</UnitQty>
      <Quantity>1.40</Quantity>
      <UnitMeasure>ל-100 גרם</UnitMeasure>
      <BisWeighted>0</BisWeighted>
      <QtyInPackage>1</QtyInPackage>
      <ItemPrice>6.90</ItemPrice>
      <UnitOfMeasurePrice>4.93</UnitOfMeasurePrice>
      <AllowDiscount>1</AllowDiscount>
      <itemStatus>1</itemStatus>
      <LastUpdateDate />
      <LastUpdateTime />
    </Product>
    <Product>
      <PriceUpdateDate>2022/10/26 17:23</PriceUpdateDate>
      <ItemCode>5900352002576</ItemCode>
      <ItemType>1</ItemType>
      <ItemName>ממתק ג`לי אוכמניות מצופה שוקולד190 גרם</ItemName>
      <ManufactureName>יעד ממתקים בעמ</ManufactureName>
      <ManufactureCountry />
      <ManufactureItemDescription />
      <UnitQty>'יח</UnitQty>
      <Quantity>1.90</Quantity>
      <UnitMeasure>ל-100 גרם</UnitMeasure>
      <BisWeighted>0</BisWeighted>
      <QtyInPackage>1</QtyInPackage>
      <ItemPrice>7.90</ItemPrice>
      <UnitOfMeasurePrice>4.16</UnitOfMeasurePrice>
      <AllowDiscount>1</AllowDiscount>
      <itemStatus>1</itemStatus>
      <LastUpdateDate />
      <LastUpdateTime />
    </Product>
    <Product>
      <PriceUpdateDate>2022/10/26 17:23</PriceUpdateDate>
      <ItemCode>5900352002866</ItemCode>
      <ItemType>1</ItemType>
      <ItemName>חטיף אליבי שוקולד וקרמל 49 גרם</ItemName>
      <ManufactureName>יעד ממתקים בעמ</ManufactureName>
      <ManufactureCountry />
      <ManufactureItemDescription />
      <UnitQty>'יח</UnitQty>
      <Quantity>4.90</Quantity>
      <UnitMeasure>ל-100 גרם</UnitMeasure>
      <BisWeighted>0</BisWeighted>
      <QtyInPackage>1</QtyInPackage>
      <ItemPrice>2.50</ItemPrice>
      <UnitOfMeasurePrice>0.51</UnitOfMeasurePrice>
      <AllowDiscount>1</AllowDiscount>
      <itemStatus>1</itemStatus>
      <LastUpdateDate />
      <LastUpdateTime />
    </Product>
    <Product>
      <PriceUpdateDate>2022/10/26 17:23</PriceUpdateDate>
      <ItemCode>5900352004044</ItemCode>
      <ItemType>1</ItemType>
      <ItemName>עוגיות יזיקי קוקוס 140 גרם</ItemName>
      <ManufactureName>יעד ממתקים בעמ</ManufactureName>
      <ManufactureCountry />
      <ManufactureItemDescription />
      <UnitQty>'יח</UnitQty>
      <Quantity>1.40</Quantity>
      <UnitMeasure>ל-100 גרם</UnitMeasure>
      <BisWeighted>0</BisWeighted>
      <QtyInPackage>1</QtyInPackage>
      <ItemPrice>6.90</ItemPrice>
      <UnitOfMeasurePrice>4.93</UnitOfMeasurePrice>
      <AllowDiscount>1</AllowDiscount>
      <itemStatus>1</itemStatus>
      <LastUpdateDate />
      <LastUpdateTime />
    </Product>
    <Product>
      <PriceUpdateDate>2022/10/26 17:23</PriceUpdateDate>
      <ItemCode>5900352004457</ItemCode>
      <ItemType>1</ItemType>
      <ItemName>עוגיות יזיקי קפה 140 גרם</ItemName>
      <ManufactureName>יעד ממתקים בעמ</ManufactureName>
      <ManufactureCountry />
      <ManufactureItemDescription />
      <UnitQty>'יח</UnitQty>
      <Quantity>1.40</Quantity>
      <UnitMeasure>ל-100 גרם</UnitMeasure>
      <BisWeighted>0</BisWeighted>
      <QtyInPackage>1</QtyInPackage>
      <ItemPrice>6.90</ItemPrice>
      <UnitOfMeasurePrice>4.93</UnitOfMeasurePrice>
      <AllowDiscount>1</AllowDiscount>
      <itemStatus>1</itemStatus>
      <LastUpdateDate />
      <LastUpdateTime />
    </Product>
    <Product>
      <PriceUpdateDate>2022/10/26 17:23</PriceUpdateDate>
      <ItemCode>5900352006468</ItemCode>
      <ItemType>1</ItemType>
      <ItemName>עוגיות יזיקי שרי 140 גרם</ItemName>
      <ManufactureName>יעד ממתקים בעמ</ManufactureName>
      <ManufactureCountry />
      <ManufactureItemDescription />
      <UnitQty>'יח</UnitQty>
      <Quantity>1.40</Quantity>
      <UnitMeasure>ל-100 גרם</UnitMeasure>
      <BisWeighted>0</BisWeighted>
      <QtyInPackage>1</QtyInPackage>
      <ItemPrice>6.90</ItemPrice>
      <UnitOfMeasurePrice>4.93</UnitOfMeasurePrice>
      <AllowDiscount>1</AllowDiscount>
      <itemStatus>1</itemStatus>
      <LastUpdateDate />
      <LastUpdateTime />
    </Product>
    <Product>
      <PriceUpdateDate>2022/10/26 17:23</PriceUpdateDate>
      <ItemCode>5900352008509</ItemCode>
      <ItemType>1</ItemType>
      <ItemName>עוגיות יזיקי אדווקט 140 גרם</ItemName>
      <ManufactureName>יעד ממתקים בעמ</ManufactureName>
      <ManufactureCountry />
      <ManufactureItemDescription />
      <UnitQty>'יח</UnitQty>
      <Quantity>1.40</Quantity>
      <UnitMeasure>ל-100 גרם</UnitMeasure>
      <BisWeighted>0</BisWeighted>
      <QtyInPackage>1</QtyInPackage>
      <ItemPrice>6.90</ItemPrice>
      <UnitOfMeasurePrice>4.93</UnitOfMeasurePrice>
      <AllowDiscount>1</AllowDiscount>
      <itemStatus>1</itemStatus>
      <LastUpdateDate />
      <LastUpdateTime />
    </Product>
    <Product>
      <PriceUpdateDate>2022/10/26 17:23</PriceUpdateDate>
      <ItemCode>5900352011349</ItemCode>
      <ItemType>1</ItemType>
      <ItemName>עוגיות יזיקי קקאו 140 גרם</ItemName>
      <ManufactureName>יעד ממתקים בעמ</ManufactureName>
      <ManufactureCountry />
      <ManufactureItemDescription />
      <UnitQty>'יח</UnitQty>
      <Quantity>1.40</Quantity>
      <UnitMeasure>ל-100 גרם</UnitMeasure>
      <BisWeighted>0</BisWeighted>
      <QtyInPackage>1</QtyInPackage>
      <ItemPrice>6.90</ItemPrice>
      <UnitOfMeasurePrice>4.93</UnitOfMeasurePrice>
      <AllowDiscount>1</AllowDiscount>
      <itemStatus>1</itemStatus>
      <LastUpdateDate />
      <LastUpdateTime />
    </Product>
    <Product>
      <PriceUpdateDate>2022/10/26 17:23</PriceUpdateDate>
      <ItemCode>5900352011356</ItemCode>
      <ItemType>1</ItemType>
      <ItemName>עוגיות מריר יזיקי שרי 140 גרם</ItemName>
      <ManufactureName>יעד ממתקים בעמ</ManufactureName>
      <ManufactureCountry />
      <ManufactureItemDescription />
      <UnitQty>'יח</UnitQty>
      <Quantity>1.40</Quantity>
      <UnitMeasure>ל-100 גרם</UnitMeasure>
      <BisWeighted>0</BisWeighted>
      <QtyInPackage>1</QtyInPackage>
      <ItemPrice>6.90</ItemPrice>
      <UnitOfMeasurePrice>4.93</UnitOfMeasurePrice>
      <AllowDiscount>1</AllowDiscount>
      <itemStatus>1</itemStatus>
      <LastUpdateDate />
      <LastUpdateTime />
    </Product>
    <Product>
      <PriceUpdateDate>2022/10/26 17:23</PriceUpdateDate>
      <ItemCode>5900352012605</ItemCode>
      <ItemType>1</ItemType>
      <ItemName>חטיף אליבי קוקוס 49 גרם</ItemName>
      <ManufactureName>יעד ממתקים בעמ</ManufactureName>
      <ManufactureCountry />
      <ManufactureItemDescription />
      <UnitQty>'יח</UnitQty>
      <Quantity>4.90</Quantity>
      <UnitMeasure>ל-100 גרם</UnitMeasure>
      <BisWeighted>0</BisWeighted>
      <QtyInPackage>1</QtyInPackage>
      <ItemPrice>2.50</ItemPrice>
      <UnitOfMeasurePrice>0.51</UnitOfMeasurePrice>
      <AllowDiscount>1</AllowDiscount>
      <itemStatus>1</itemStatus>
      <LastUpdateDate />
      <LastUpdateTime />
    </Product>
    <Product>
      <PriceUpdateDate>2022/10/26 17:23</PriceUpdateDate>
      <ItemCode>5900352014449</ItemCode>
      <ItemType>1</ItemType>
      <ItemName>וופל בלגי וניל 130 גרם</ItemName>
      <ManufactureName>יעד ממתקים בעמ</ManufactureName>
      <ManufactureCountry />
      <ManufactureItemDescription />
      <UnitQty>'יח</UnitQty>
      <Quantity>1.30</Quantity>
      <UnitMeasure>ל-100 גרם</UnitMeasure>
      <BisWeighted>0</BisWeighted>
      <QtyInPackage>1</QtyInPackage>
      <ItemPrice>3.90</ItemPrice>
      <UnitOfMeasurePrice>3</UnitOfMeasurePrice>
      <AllowDiscount>1</AllowDiscount>
      <itemStatus>1</itemStatus>
      <LastUpdateDate />
      <LastUpdateTime />
    </Product>
    <Product>
      <PriceUpdateDate>2022/10/26 17:23</PriceUpdateDate>
      <ItemCode>5900352014456</ItemCode>
      <ItemType>1</ItemType>
      <ItemName>וופל בלגי שוקולד 130 גרם</ItemName>
      <ManufactureName>יעד ממתקים בעמ</ManufactureName>
      <ManufactureCountry />
      <ManufactureItemDescription />
      <UnitQty>'יח</UnitQty>
      <Quantity>1.30</Quantity>
      <UnitMeasure>ל-100 גרם</UnitMeasure>
      <BisWeighted>0</BisWeighted>
      <QtyInPackage>1</QtyInPackage>
      <ItemPrice>3.90</ItemPrice>
      <UnitOfMeasurePrice>3</UnitOfMeasurePrice>
      <AllowDiscount>1</AllowDiscount>
      <itemStatus>1</itemStatus>
      <LastUpdateDate />
      <LastUpdateTime />
    </Product>
    <Product>
      <PriceUpdateDate>2022/10/26 17:23</PriceUpdateDate>
      <ItemCode>5900352014470</ItemCode>
      <ItemType>1</ItemType>
      <ItemName>וופל בלגי קרמל 140 גרם</ItemName>
      <ManufactureName>יעד ממתקים בעמ</ManufactureName>
      <ManufactureCountry />
      <ManufactureItemDescription />
      <UnitQty>'יח</UnitQty>
      <Quantity>1.40</Quantity>
      <UnitMeasure>ל-100 גרם</UnitMeasure>
      <BisWeighted>0</BisWeighted>
      <QtyInPackage>1</QtyInPackage>
      <ItemPrice>3.90</ItemPrice>
      <UnitOfMeasurePrice>2.79</UnitOfMeasurePrice>
      <AllowDiscount>1</AllowDiscount>
      <itemStatus>1</itemStatus>
      <LastUpdateDate />
      <LastUpdateTime />
    </Product>
    <Product>
      <PriceUpdateDate>2022/10/26 17:23</PriceUpdateDate>
      <ItemCode>5900352014890</ItemCode>
      <ItemType>1</ItemType>
      <ItemName>עוגיות יזיקי מריר תפוז 140 גרם</ItemName>
      <ManufactureName>יעד ממתקים בעמ</ManufactureName>
      <ManufactureCountry />
      <ManufactureItemDescription />
      <UnitQty>'יח</UnitQty>
      <Quantity>1.40</Quantity>
      <UnitMeasure>ל-100 גרם</UnitMeasure>
      <BisWeighted>0</BisWeighted>
      <QtyInPackage>1</QtyInPackage>
      <ItemPrice>6.90</ItemPrice>
      <UnitOfMeasurePrice>4.93</UnitOfMeasurePrice>
      <AllowDiscount>1</AllowDiscount>
      <itemStatus>1</itemStatus>
      <LastUpdateDate />
      <LastUpdateTime />
    </Product>
    <Product>
      <PriceUpdateDate>2022/10/26 17:23</PriceUpdateDate>
      <ItemCode>5900352015125</ItemCode>
      <ItemType>1</ItemType>
      <ItemName>עוגיות יזיקי קרמל מלוח 140 גרם</ItemName>
      <ManufactureName>יעד ממתקים בעמ</ManufactureName>
      <ManufactureCountry />
      <ManufactureItemDescription />
      <UnitQty>'יח</UnitQty>
      <Quantity>1.40</Quantity>
      <UnitMeasure>ל-100 גרם</UnitMeasure>
      <BisWeighted>0</BisWeighted>
      <QtyInPackage>1</QtyInPackage>
      <ItemPrice>6.90</ItemPrice>
      <UnitOfMeasurePrice>4.93</UnitOfMeasurePrice>
      <AllowDiscount>1</AllowDiscount>
      <itemStatus>1</itemStatus>
      <LastUpdateDate />
      <LastUpdateTime />
    </Product>
    <Product>
      <PriceUpdateDate>2022/10/26 17:23</PriceUpdateDate>
      <ItemCode>5900352015576</ItemCode>
      <ItemType>1</ItemType>
      <ItemName>וופל בלגי קרם קוקוס 130 גרם</ItemName>
      <ManufactureName>יעד ממתקים בעמ</ManufactureName>
      <ManufactureCountry />
      <ManufactureItemDescription />
      <UnitQty>'יח</UnitQty>
      <Quantity>1.30</Quantity>
      <UnitMeasure>ל-100 גרם</UnitMeasure>
      <BisWeighted>0</BisWeighted>
      <QtyInPackage>1</QtyInPackage>
      <ItemPrice>3.90</ItemPrice>
      <UnitOfMeasurePrice>3</UnitOfMeasurePrice>
      <AllowDiscount>1</AllowDiscount>
      <itemStatus>1</itemStatus>
      <LastUpdateDate />
      <LastUpdateTime />
    </Product>
    <Product>
      <PriceUpdateDate>2022/10/26 17:23</PriceUpdateDate>
      <ItemCode>5900394009762</ItemCode>
      <ItemType>1</ItemType>
      <ItemName>וופל אידיליה 47 גרם</ItemName>
      <ManufactureName>יעד ממתקים בעמ</ManufactureName>
      <ManufactureCountry />
      <ManufactureItemDescription />
      <UnitQty>'יח</UnitQty>
      <Quantity>4.70</Quantity>
      <UnitMeasure>ל-100 גרם</UnitMeasure>
      <BisWeighted>0</BisWeighted>
      <QtyInPackage>1</QtyInPackage>
      <ItemPrice>2.50</ItemPrice>
      <UnitOfMeasurePrice>0.53</UnitOfMeasurePrice>
      <AllowDiscount>1</AllowDiscount>
      <itemStatus>1</itemStatus>
      <LastUpdateDate />
      <LastUpdateTime />
    </Product>
    <Product>
      <PriceUpdateDate>2022/11/01 11:47</PriceUpdateDate>
      <ItemCode>5900951017261</ItemCode>
      <ItemType>1</ItemType>
      <ItemName>פדיגרי פאוצ ביף 100 גרם</ItemName>
      <ManufactureName>שחורי אריה ואנסטסיה</ManufactureName>
      <ManufactureCountry />
      <ManufactureItemDescription />
      <UnitQty>'יח</UnitQty>
      <Quantity>1</Quantity>
      <UnitMeasure>ל-100 גרם</UnitMeasure>
      <BisWeighted>0</BisWeighted>
      <QtyInPackage>1</QtyInPackage>
      <ItemPrice>6.90</ItemPrice>
      <UnitOfMeasurePrice>6.90</UnitOfMeasurePrice>
      <AllowDiscount>0</AllowDiscount>
      <itemStatus>1</itemStatus>
      <LastUpdateDate />
      <LastUpdateTime />
    </Product>
    <Product>
      <PriceUpdateDate>2022/11/01 11:46</PriceUpdateDate>
      <ItemCode>5900951020889</ItemCode>
      <ItemType>1</ItemType>
      <ItemName>ויסקס ציקן 400 גר</ItemName>
      <ManufactureName>שחורי אריה ואנסטסיה</ManufactureName>
      <ManufactureCountry />
      <ManufactureItemDescription />
      <UnitQty>'יח</UnitQty>
      <Quantity>4</Quantity>
      <UnitMeasure>ל-100 גרם</UnitMeasure>
      <BisWeighted>0</BisWeighted>
      <QtyInPackage>1</QtyInPackage>
      <ItemPrice>9.90</ItemPrice>
      <UnitOfMeasurePrice>2.48</UnitOfMeasurePrice>
      <AllowDiscount>0</AllowDiscount>
      <itemStatus>1</itemStatus>
      <LastUpdateDate />
      <LastUpdateTime />
    </Product>
    <Product>
      <PriceUpdateDate>2022/11/01 11:46</PriceUpdateDate>
      <ItemCode>5900951259180</ItemCode>
      <ItemType>1</ItemType>
      <ItemName>ויסקס סטרייל אד.ציקן 1.4קילו</ItemName>
      <ManufactureName>שחורי אריה ואנסטסיה</ManufactureName>
      <ManufactureCountry />
      <ManufactureItemDescription />
      <UnitQty>'יח</UnitQty>
      <Quantity>14</Quantity>
      <UnitMeasure>ל-100 גרם</UnitMeasure>
      <BisWeighted>0</BisWeighted>
      <QtyInPackage>1</QtyInPackage>
      <ItemPrice>49.90</ItemPrice>
      <UnitOfMeasurePrice>3.56</UnitOfMeasurePrice>
      <AllowDiscount>0</AllowDiscount>
      <itemStatus>1</itemStatus>
      <LastUpdateDate />
      <LastUpdateTime />
    </Product>
    <Product>
      <PriceUpdateDate>2022/11/01 11:47</PriceUpdateDate>
      <ItemCode>5900951259227</ItemCode>
      <ItemType>1</ItemType>
      <ItemName>ויסקס עוף 7 קג</ItemName>
      <ManufactureName>שחורי אריה ואנסטסיה</ManufactureName>
      <ManufactureCountry />
      <ManufactureItemDescription />
      <UnitQty>'יח</UnitQty>
      <Quantity>70</Quantity>
      <UnitMeasure>ל-100 גרם</UnitMeasure>
      <BisWeighted>0</BisWeighted>
      <QtyInPackage>1</QtyInPackage>
      <ItemPrice>109.90</ItemPrice>
      <UnitOfMeasurePrice>1.57</UnitOfMeasurePrice>
      <AllowDiscount>0</AllowDiscount>
      <itemStatus>1</itemStatus>
      <LastUpdateDate />
      <LastUpdateTime />
    </Product>
    <Product>
      <PriceUpdateDate>2022/11/01 11:47</PriceUpdateDate>
      <ItemCode>5900951284571</ItemCode>
      <ItemType>1</ItemType>
      <ItemName>פדיגרי בקר 400 גרם(החדש)</ItemName>
      <ManufactureName>שחורי אריה ואנסטסיה</ManufactureName>
      <ManufactureCountry />
      <ManufactureItemDescription />
      <UnitQty>'יח</UnitQty>
      <Quantity>4</Quantity>
      <UnitMeasure>ל-100 גרם</UnitMeasure>
      <BisWeighted>0</BisWeighted>
      <QtyInPackage>1</QtyInPackage>
      <ItemPrice>9.90</ItemPrice>
      <UnitOfMeasurePrice>2.48</UnitOfMeasurePrice>
      <AllowDiscount>0</AllowDiscount>
      <itemStatus>1</itemStatus>
      <LastUpdateDate />
      <LastUpdateTime />
    </Product>
    <Product>
      <PriceUpdateDate>2022/01/03 13:00</PriceUpdateDate>
      <ItemCode>5902198160403</ItemCode>
      <ItemType>1</ItemType>
      <ItemName>משקה אנרגיה XL מוגז פחית 250 מל</ItemName>
      <ManufactureName>טמפו משקאות בע`מ</ManufactureName>
      <ManufactureCountry />
      <ManufactureItemDescription />
      <UnitQty>'יח</UnitQty>
      <Quantity>2.50</Quantity>
      <UnitMeasure>ל-100 מ"ל</UnitMeasure>
      <BisWeighted>0</BisWeighted>
      <QtyInPackage>24</QtyInPackage>
      <ItemPrice>4.90</ItemPrice>
      <UnitOfMeasurePrice>1.84</UnitOfMeasurePrice>
      <AllowDiscount>1</AllowDiscount>
      <itemStatus>1</itemStatus>
      <LastUpdateDate />
      <LastUpdateTime />
    </Product>
    <Product>
      <PriceUpdateDate>2019/07/03 08:47</PriceUpdateDate>
      <ItemCode>5904941750312</ItemCode>
      <ItemType>1</ItemType>
      <ItemName>משקה אנרגיה Blu דיי מוחיטו 250מל</ItemName>
      <ManufactureName>בני פאוזי שמשום</ManufactureName>
      <ManufactureCountry />
      <ManufactureItemDescription />
      <UnitQty>'יח</UnitQty>
      <Quantity>2.50</Quantity>
      <UnitMeasure>ל-100 מ"ל</UnitMeasure>
      <BisWeighted>0</BisWeighted>
      <QtyInPackage>1</QtyInPackage>
      <ItemPrice>3.90</ItemPrice>
      <UnitOfMeasurePrice>1.44</UnitOfMeasurePrice>
      <AllowDiscount>1</AllowDiscount>
      <itemStatus>1</itemStatus>
      <LastUpdateDate />
      <LastUpdateTime />
    </Product>
    <Product>
      <PriceUpdateDate>2022/02/16 07:18</PriceUpdateDate>
      <ItemCode>5904941751302</ItemCode>
      <ItemType>1</ItemType>
      <ItemName>משקה אנרגיה Blu פחית 250 מ"ל</ItemName>
      <ManufactureName>בני פאוזי שמשום</ManufactureName>
      <ManufactureCountry />
      <ManufactureItemDescription />
      <UnitQty>'יח</UnitQty>
      <Quantity>2.50</Quantity>
      <UnitMeasure>ל-100 מ"ל</UnitMeasure>
      <BisWeighted>0</BisWeighted>
      <QtyInPackage>1</QtyInPackage>
      <ItemPrice>3.90</ItemPrice>
      <UnitOfMeasurePrice>1.44</UnitOfMeasurePrice>
      <AllowDiscount>1</AllowDiscount>
      <itemStatus>1</itemStatus>
      <LastUpdateDate />
      <LastUpdateTime />
    </Product>
    <Product>
      <PriceUpdateDate>2019/07/03 08:47</PriceUpdateDate>
      <ItemCode>5904941751524</ItemCode>
      <ItemType>1</ItemType>
      <ItemName>משקה אנרגיה Blu דיי אבטיח 250מל</ItemName>
      <ManufactureName>בני פאוזי שמשום</ManufactureName>
      <ManufactureCountry />
      <ManufactureItemDescription />
      <UnitQty>'יח</UnitQty>
      <Quantity>2.50</Quantity>
      <UnitMeasure>ל-100 מ"ל</UnitMeasure>
      <BisWeighted>0</BisWeighted>
      <QtyInPackage>1</QtyInPackage>
      <ItemPrice>3.90</ItemPrice>
      <UnitOfMeasurePrice>1.44</UnitOfMeasurePrice>
      <AllowDiscount>1</AllowDiscount>
      <itemStatus>1</itemStatus>
      <LastUpdateDate />
      <LastUpdateTime />
    </Product>
    <Product>
      <PriceUpdateDate>2019/07/03 08:47</PriceUpdateDate>
      <ItemCode>5904941751920</ItemCode>
      <ItemType>1</ItemType>
      <ItemName>משקה אנרגיה Blu דיי פחית 250 מל</ItemName>
      <ManufactureName>בני פאוזי שמשום</ManufactureName>
      <ManufactureCountry />
      <ManufactureItemDescription />
      <UnitQty>'יח</UnitQty>
      <Quantity>2.50</Quantity>
      <UnitMeasure>ל-100 מ"ל</UnitMeasure>
      <BisWeighted>0</BisWeighted>
      <QtyInPackage>1</QtyInPackage>
      <ItemPrice>3.90</ItemPrice>
      <UnitOfMeasurePrice>1.44</UnitOfMeasurePrice>
      <AllowDiscount>1</AllowDiscount>
      <itemStatus>1</itemStatus>
      <LastUpdateDate />
      <LastUpdateTime />
    </Product>
    <Product>
      <PriceUpdateDate>2022/04/21 08:34</PriceUpdateDate>
      <ItemCode>5904941752262</ItemCode>
      <ItemType>1</ItemType>
      <ItemName>משקה אנרגיה Blu לימון פחיתללא סוכר250מ</ItemName>
      <ManufactureName>בני פאוזי שמשום</ManufactureName>
      <ManufactureCountry />
      <ManufactureItemDescription />
      <UnitQty>'יח</UnitQty>
      <Quantity>2.50</Quantity>
      <UnitMeasure>ל-100 מ"ל</UnitMeasure>
      <BisWeighted>0</BisWeighted>
      <QtyInPackage>1</QtyInPackage>
      <ItemPrice>3.90</ItemPrice>
      <UnitOfMeasurePrice>1.44</UnitOfMeasurePrice>
      <AllowDiscount>1</AllowDiscount>
      <itemStatus>1</itemStatus>
      <LastUpdateDate />
      <LastUpdateTime />
    </Product>
    <Product>
      <PriceUpdateDate>2022/01/03 13:00</PriceUpdateDate>
      <ItemCode>5906485301012</ItemCode>
      <ItemType>1</ItemType>
      <ItemName>משקה אנרגיה XL מוגז פחית 250 מל</ItemName>
      <ManufactureName>טמפו משקאות בע`מ</ManufactureName>
      <ManufactureCountry />
      <ManufactureItemDescription />
      <UnitQty>'יח</UnitQty>
      <Quantity>2.50</Quantity>
      <UnitMeasure>ל-100 מ"ל</UnitMeasure>
      <BisWeighted>0</BisWeighted>
      <QtyInPackage>24</QtyInPackage>
      <ItemPrice>4.90</ItemPrice>
      <UnitOfMeasurePrice>1.84</UnitOfMeasurePrice>
      <AllowDiscount>1</AllowDiscount>
      <itemStatus>1</itemStatus>
      <LastUpdateDate />
      <LastUpdateTime />
    </Product>
    <Product>
      <PriceUpdateDate>2022/11/01 11:46</PriceUpdateDate>
      <ItemCode>5998749104392</ItemCode>
      <ItemType>1</ItemType>
      <ItemName>1X18X77G פדיגרי דנטהסטיקס</ItemName>
      <ManufactureName>שחורי אריה ואנסטסיה</ManufactureName>
      <ManufactureCountry />
      <ManufactureItemDescription />
      <UnitQty>'יח</UnitQty>
      <Quantity>0.77</Quantity>
      <UnitMeasure>ל-100 גרם</UnitMeasure>
      <BisWeighted>0</BisWeighted>
      <QtyInPackage>1</QtyInPackage>
      <ItemPrice>9.90</ItemPrice>
      <UnitOfMeasurePrice>12.86</UnitOfMeasurePrice>
      <AllowDiscount>0</AllowDiscount>
      <itemStatus>1</itemStatus>
      <LastUpdateDate />
      <LastUpdateTime />
    </Product>
    <Product>
      <PriceUpdateDate>2022/11/01 11:46</PriceUpdateDate>
      <ItemCode>5998749106877</ItemCode>
      <ItemType>1</ItemType>
      <ItemName>1*18*45 פדיגרי דנטה סמ</ItemName>
      <ManufactureName>שחורי אריה ואנסטסיה</ManufactureName>
      <ManufactureCountry />
      <ManufactureItemDescription />
      <UnitQty>'יח</UnitQty>
      <Quantity>0.45</Quantity>
      <UnitMeasure>ל-100 גרם</UnitMeasure>
      <BisWeighted>0</BisWeighted>
      <QtyInPackage>1</QtyInPackage>
      <ItemPrice>5.90</ItemPrice>
      <UnitOfMeasurePrice>13.11</UnitOfMeasurePrice>
      <AllowDiscount>0</AllowDiscount>
      <itemStatus>1</itemStatus>
      <LastUpdateDate />
      <LastUpdateTime />
    </Product>
    <Product>
      <PriceUpdateDate>2022/11/01 11:46</PriceUpdateDate>
      <ItemCode>5998749109113</ItemCode>
      <ItemType>1</ItemType>
      <ItemName>פדיגרי דנטה לארג 270 ג</ItemName>
      <ManufactureName>שחורי אריה ואנסטסיה</ManufactureName>
      <ManufactureCountry />
      <ManufactureItemDescription />
      <UnitQty>'יח</UnitQty>
      <Quantity>2.70</Quantity>
      <UnitMeasure>ל-100 גרם</UnitMeasure>
      <BisWeighted>0</BisWeighted>
      <QtyInPackage>1</QtyInPackage>
      <ItemPrice>19.90</ItemPrice>
      <UnitOfMeasurePrice>7.37</UnitOfMeasurePrice>
      <AllowDiscount>0</AllowDiscount>
      <itemStatus>1</itemStatus>
      <LastUpdateDate />
      <LastUpdateTime />
    </Product>
    <Product>
      <PriceUpdateDate>2022/11/01 11:46</PriceUpdateDate>
      <ItemCode>5998749109786</ItemCode>
      <ItemType>1</ItemType>
      <ItemName>פדיגרי אדולט ציקן ווגט 3 קג</ItemName>
      <ManufactureName>שחורי אריה ואנסטסיה</ManufactureName>
      <ManufactureCountry />
      <ManufactureItemDescription />
      <UnitQty>'יח</UnitQty>
      <Quantity>30</Quantity>
      <UnitMeasure>ל-100 גרם</UnitMeasure>
      <BisWeighted>0</BisWeighted>
      <QtyInPackage>1</QtyInPackage>
      <ItemPrice>49.90</ItemPrice>
      <UnitOfMeasurePrice>1.66</UnitOfMeasurePrice>
      <AllowDiscount>0</AllowDiscount>
      <itemStatus>1</itemStatus>
      <LastUpdateDate />
      <LastUpdateTime />
    </Product>
    <Product>
      <PriceUpdateDate>2022/11/01 11:46</PriceUpdateDate>
      <ItemCode>5998749109809</ItemCode>
      <ItemType>1</ItemType>
      <ItemName>פדיגרי אדולט ביף ווגט 3 קג</ItemName>
      <ManufactureName>שחורי אריה ואנסטסיה</ManufactureName>
      <ManufactureCountry />
      <ManufactureItemDescription />
      <UnitQty>'יח</UnitQty>
      <Quantity>30</Quantity>
      <UnitMeasure>ל-100 גרם</UnitMeasure>
      <BisWeighted>0</BisWeighted>
      <QtyInPackage>1</QtyInPackage>
      <ItemPrice>49.90</ItemPrice>
      <UnitOfMeasurePrice>1.66</UnitOfMeasurePrice>
      <AllowDiscount>0</AllowDiscount>
      <itemStatus>1</itemStatus>
      <LastUpdateDate />
      <LastUpdateTime />
    </Product>
    <Product>
      <PriceUpdateDate>2022/11/01 11:46</PriceUpdateDate>
      <ItemCode>5998749120927</ItemCode>
      <ItemType>1</ItemType>
      <ItemName>פדיגרי סמול דוג 2 קג</ItemName>
      <ManufactureName>שחורי אריה ואנסטסיה</ManufactureName>
      <ManufactureCountry />
      <ManufactureItemDescription />
      <UnitQty>'יח</UnitQty>
      <Quantity>20</Quantity>
      <UnitMeasure>ל-100 גרם</UnitMeasure>
      <BisWeighted>0</BisWeighted>
      <QtyInPackage>1</QtyInPackage>
      <ItemPrice>49.90</ItemPrice>
      <UnitOfMeasurePrice>2.50</UnitOfMeasurePrice>
      <AllowDiscount>0</AllowDiscount>
      <itemStatus>1</itemStatus>
      <LastUpdateDate />
      <LastUpdateTime />
    </Product>
    <Product>
      <PriceUpdateDate>2022/11/01 11:46</PriceUpdateDate>
      <ItemCode>5998749129029</ItemCode>
      <ItemType>1</ItemType>
      <ItemName>ויסקס לגורי חתולים בטעם עוף 1.75 קג</ItemName>
      <ManufactureName>שחורי אריה ואנסטסיה</ManufactureName>
      <ManufactureCountry />
      <ManufactureItemDescription />
      <UnitQty>'יח</UnitQty>
      <Quantity>17.50</Quantity>
      <UnitMeasure>ל-100 גרם</UnitMeasure>
      <BisWeighted>0</BisWeighted>
      <QtyInPackage>1</QtyInPackage>
      <ItemPrice>49.90</ItemPrice>
      <UnitOfMeasurePrice>2.85</UnitOfMeasurePrice>
      <AllowDiscount>0</AllowDiscount>
      <itemStatus>1</itemStatus>
      <LastUpdateDate />
      <LastUpdateTime />
    </Product>
    <Product>
      <PriceUpdateDate>2022/11/01 11:46</PriceUpdateDate>
      <ItemCode>5998749132340</ItemCode>
      <ItemType>1</ItemType>
      <ItemName>פדיגרי מזון לגורי כלבים עוף ואורז 2.2 קג</ItemName>
      <ManufactureName>שחורי אריה ואנסטסיה</ManufactureName>
      <ManufactureCountry />
      <ManufactureItemDescription />
      <UnitQty>'יח</UnitQty>
      <Quantity>22</Quantity>
      <UnitMeasure>ל-100 גרם</UnitMeasure>
      <BisWeighted>0</BisWeighted>
      <QtyInPackage>1</QtyInPackage>
      <ItemPrice>49.90</ItemPrice>
      <UnitOfMeasurePrice>2.27</UnitOfMeasurePrice>
      <AllowDiscount>0</AllowDiscount>
      <itemStatus>1</itemStatus>
      <LastUpdateDate />
      <LastUpdateTime />
    </Product>
    <Product>
      <PriceUpdateDate>2022/11/01 11:47</PriceUpdateDate>
      <ItemCode>6010204577554</ItemCode>
      <ItemType>1</ItemType>
      <ItemName>חבל קשר תורכי</ItemName>
      <ManufactureName>שחורי אריה ואנסטסיה</ManufactureName>
      <ManufactureCountry />
      <ManufactureItemDescription />
      <UnitQty>'יח</UnitQty>
      <Quantity>1</Quantity>
      <UnitMeasure />
      <BisWeighted>0</BisWeighted>
      <QtyInPackage>1</QtyInPackage>
      <ItemPrice>19.90</ItemPrice>
      <UnitOfMeasurePrice>19.90</UnitOfMeasurePrice>
      <AllowDiscount>0</AllowDiscount>
      <itemStatus>1</itemStatus>
      <LastUpdateDate />
      <LastUpdateTime />
    </Product>
    <Product>
      <PriceUpdateDate>2022/11/01 11:47</PriceUpdateDate>
      <ItemCode>6010206751792</ItemCode>
      <ItemType>1</ItemType>
      <ItemName>כדור טניס מצפצף</ItemName>
      <ManufactureName>שחורי אריה ואנסטסיה</ManufactureName>
      <ManufactureCountry />
      <ManufactureItemDescription />
      <UnitQty>'יח</UnitQty>
      <Quantity>1</Quantity>
      <UnitMeasure />
      <BisWeighted>0</BisWeighted>
      <QtyInPackage>1</QtyInPackage>
      <ItemPrice>6.90</ItemPrice>
      <UnitOfMeasurePrice>6.90</UnitOfMeasurePrice>
      <AllowDiscount>0</AllowDiscount>
      <itemStatus>1</itemStatus>
      <LastUpdateDate />
      <LastUpdateTime />
    </Product>
    <Product>
      <PriceUpdateDate>2022/11/01 11:47</PriceUpdateDate>
      <ItemCode>6010219926903</ItemCode>
      <ItemType>1</ItemType>
      <ItemName>צעצוע קטניפ לחתול</ItemName>
      <ManufactureName>שחורי אריה ואנסטסיה</ManufactureName>
      <ManufactureCountry />
      <ManufactureItemDescription />
      <UnitQty>'יח</UnitQty>
      <Quantity>1</Quantity>
      <UnitMeasure />
      <BisWeighted>0</BisWeighted>
      <QtyInPackage>1</QtyInPackage>
      <ItemPrice>12.90</ItemPrice>
      <UnitOfMeasurePrice>12.90</UnitOfMeasurePrice>
      <AllowDiscount>0</AllowDiscount>
      <itemStatus>1</itemStatus>
      <LastUpdateDate />
      <LastUpdateTime />
    </Product>
    <Product>
      <PriceUpdateDate>2022/11/01 11:47</PriceUpdateDate>
      <ItemCode>6010228691694</ItemCode>
      <ItemType>1</ItemType>
      <ItemName>רוגבי ירוק מצפצף</ItemName>
      <ManufactureName>שחורי אריה ואנסטסיה</ManufactureName>
      <ManufactureCountry />
      <ManufactureItemDescription />
      <UnitQty>'יח</UnitQty>
      <Quantity>1</Quantity>
      <UnitMeasure />
      <BisWeighted>0</BisWeighted>
      <QtyInPackage>1</QtyInPackage>
      <ItemPrice>12.90</ItemPrice>
      <UnitOfMeasurePrice>12.90</UnitOfMeasurePrice>
      <AllowDiscount>0</AllowDiscount>
      <itemStatus>1</itemStatus>
      <LastUpdateDate />
      <LastUpdateTime />
    </Product>
    <Product>
      <PriceUpdateDate>2022/08/25 18:19</PriceUpdateDate>
      <ItemCode>6102017501939</ItemCode>
      <ItemType>1</ItemType>
      <ItemName>מצית להבה</ItemName>
      <ManufactureName>ד.ג.ש ייבוא ושיווק בעמ</ManufactureName>
      <ManufactureCountry />
      <ManufactureItemDescription />
      <UnitQty>'יח</UnitQty>
      <Quantity>1</Quantity>
      <UnitMeasure />
      <BisWeighted>0</BisWeighted>
      <QtyInPackage>1</QtyInPackage>
      <ItemPrice>9.90</ItemPrice>
      <UnitOfMeasurePrice>9.90</UnitOfMeasurePrice>
      <AllowDiscount>0</AllowDiscount>
      <itemStatus>1</itemStatus>
      <LastUpdateDate />
      <LastUpdateTime />
    </Product>
    <Product>
      <PriceUpdateDate>2022/07/14 11:08</PriceUpdateDate>
      <ItemCode>6111094000013</ItemCode>
      <ItemType>1</ItemType>
      <ItemName>קוסקוס דארי בינוני 1 קג</ItemName>
      <ManufactureName>תומר ייבוא ושיווק מוצרי מזון [</ManufactureName>
      <ManufactureCountry />
      <ManufactureItemDescription />
      <UnitQty>'יח</UnitQty>
      <Quantity>10</Quantity>
      <UnitMeasure>ל-100 גרם</UnitMeasure>
      <BisWeighted>0</BisWeighted>
      <QtyInPackage>12</QtyInPackage>
      <ItemPrice>17.90</ItemPrice>
      <UnitOfMeasurePrice>1.79</UnitOfMeasurePrice>
      <AllowDiscount>0</AllowDiscount>
      <itemStatus>1</itemStatus>
      <LastUpdateDate />
      <LastUpdateTime />
    </Product>
    <Product>
      <PriceUpdateDate>2019/01/16 14:47</PriceUpdateDate>
      <ItemCode>6111094000242</ItemCode>
      <ItemType>1</ItemType>
      <ItemName>קוסקוס דארי דק 500 גר`</ItemName>
      <ManufactureName>תומר ייבוא ושיווק מוצרי מזון [</ManufactureName>
      <ManufactureCountry />
      <ManufactureItemDescription />
      <UnitQty>'יח</UnitQty>
      <Quantity>5</Quantity>
      <UnitMeasure>ל-100 גרם</UnitMeasure>
      <BisWeighted>0</BisWeighted>
      <QtyInPackage>1</QtyInPackage>
      <ItemPrice>9.60</ItemPrice>
      <UnitOfMeasurePrice>1.92</UnitOfMeasurePrice>
      <AllowDiscount>0</AllowDiscount>
      <itemStatus>1</itemStatus>
      <LastUpdateDate />
      <LastUpdateTime />
    </Product>
    <Product>
      <PriceUpdateDate>2022/01/12 19:00</PriceUpdateDate>
      <ItemCode>6111094000259</ItemCode>
      <ItemType>1</ItemType>
      <ItemName>קוסקוס דארי בינוני 500 גר`</ItemName>
      <ManufactureName>תומר ייבוא ושיווק מוצרי מזון [</ManufactureName>
      <ManufactureCountry />
      <ManufactureItemDescription />
      <UnitQty>'יח</UnitQty>
      <Quantity>5</Quantity>
      <UnitMeasure>ל-100 גרם</UnitMeasure>
      <BisWeighted>0</BisWeighted>
      <QtyInPackage>18</QtyInPackage>
      <ItemPrice>9.90</ItemPrice>
      <UnitOfMeasurePrice>1.98</UnitOfMeasurePrice>
      <AllowDiscount>0</AllowDiscount>
      <itemStatus>1</itemStatus>
      <LastUpdateDate />
      <LastUpdateTime />
    </Product>
    <Product>
      <PriceUpdateDate>2022/07/14 11:08</PriceUpdateDate>
      <ItemCode>6111094000808</ItemCode>
      <ItemType>1</ItemType>
      <ItemName>קוסקוס דארי בינוני 1 ק`ג</ItemName>
      <ManufactureName>תומר ייבוא ושיווק מוצרי מזון [</ManufactureName>
      <ManufactureCountry />
      <ManufactureItemDescription />
      <UnitQty>'יח</UnitQty>
      <Quantity>10</Quantity>
      <UnitMeasure>ל-100 גרם</UnitMeasure>
      <BisWeighted>0</BisWeighted>
      <QtyInPackage>1</QtyInPackage>
      <ItemPrice>17.90</ItemPrice>
      <UnitOfMeasurePrice>1.79</UnitOfMeasurePrice>
      <AllowDiscount>0</AllowDiscount>
      <itemStatus>1</itemStatus>
      <LastUpdateDate />
      <LastUpdateTime />
    </Product>
    <Product>
      <PriceUpdateDate>2022/11/01 11:47</PriceUpdateDate>
      <ItemCode>6921499711564</ItemCode>
      <ItemType>1</ItemType>
      <ItemName>Cat  -fest חטיף מקלוני בשר לחתולים בטעם</ItemName>
      <ManufactureName>שחורי אריה ואנסטסיה</ManufactureName>
      <ManufactureCountry />
      <ManufactureItemDescription />
      <UnitQty>'יח</UnitQty>
      <Quantity>0.45</Quantity>
      <UnitMeasure>ל-100 גרם</UnitMeasure>
      <BisWeighted>0</BisWeighted>
      <QtyInPackage>1</QtyInPackage>
      <ItemPrice>9.90</ItemPrice>
      <UnitOfMeasurePrice>22</UnitOfMeasurePrice>
      <AllowDiscount>0</AllowDiscount>
      <itemStatus>1</itemStatus>
      <LastUpdateDate />
      <LastUpdateTime />
    </Product>
    <Product>
      <PriceUpdateDate>2022/11/01 11:47</PriceUpdateDate>
      <ItemCode>6921499711571</ItemCode>
      <ItemType>1</ItemType>
      <ItemName>Cat  -fest חטיף מקלוני בשר לחתולים בטעם</ItemName>
      <ManufactureName>שחורי אריה ואנסטסיה</ManufactureName>
      <ManufactureCountry />
      <ManufactureItemDescription />
      <UnitQty>'יח</UnitQty>
      <Quantity>0.45</Quantity>
      <UnitMeasure>ל-100 גרם</UnitMeasure>
      <BisWeighted>0</BisWeighted>
      <QtyInPackage>1</QtyInPackage>
      <ItemPrice>9.90</ItemPrice>
      <UnitOfMeasurePrice>22</UnitOfMeasurePrice>
      <AllowDiscount>0</AllowDiscount>
      <itemStatus>1</itemStatus>
      <LastUpdateDate />
      <LastUpdateTime />
    </Product>
    <Product>
      <PriceUpdateDate>2022/11/01 11:47</PriceUpdateDate>
      <ItemCode>6921499711588</ItemCode>
      <ItemType>1</ItemType>
      <ItemName>Cat  -fest חטיף מקלוני בשר לחתולים בטעם</ItemName>
      <ManufactureName>שחורי אריה ואנסטסיה</ManufactureName>
      <ManufactureCountry />
      <ManufactureItemDescription />
      <UnitQty>'יח</UnitQty>
      <Quantity>0.45</Quantity>
      <UnitMeasure>ל-100 גרם</UnitMeasure>
      <BisWeighted>0</BisWeighted>
      <QtyInPackage>1</QtyInPackage>
      <ItemPrice>9.90</ItemPrice>
      <UnitOfMeasurePrice>22</UnitOfMeasurePrice>
      <AllowDiscount>0</AllowDiscount>
      <itemStatus>1</itemStatus>
      <LastUpdateDate />
      <LastUpdateTime />
    </Product>
    <Product>
      <PriceUpdateDate>2022/11/01 11:47</PriceUpdateDate>
      <ItemCode>6921499711595</ItemCode>
      <ItemType>1</ItemType>
      <ItemName>Cat  -fest חטיף מקלוני בשר לחתולים בטעם</ItemName>
      <ManufactureName>שחורי אריה ואנסטסיה</ManufactureName>
      <ManufactureCountry />
      <ManufactureItemDescription />
      <UnitQty>'יח</UnitQty>
      <Quantity>0.45</Quantity>
      <UnitMeasure>ל-100 גרם</UnitMeasure>
      <BisWeighted>0</BisWeighted>
      <QtyInPackage>1</QtyInPackage>
      <ItemPrice>9.90</ItemPrice>
      <UnitOfMeasurePrice>22</UnitOfMeasurePrice>
      <AllowDiscount>0</AllowDiscount>
      <itemStatus>1</itemStatus>
      <LastUpdateDate />
      <LastUpdateTime />
    </Product>
    <Product>
      <PriceUpdateDate>2022/11/01 11:47</PriceUpdateDate>
      <ItemCode>6921959207767</ItemCode>
      <ItemType>1</ItemType>
      <ItemName>Cat  -fest חטיף כריות לחתולים בטעם סלמון</ItemName>
      <ManufactureName>שחורי אריה ואנסטסיה</ManufactureName>
      <ManufactureCountry />
      <ManufactureItemDescription />
      <UnitQty>'יח</UnitQty>
      <Quantity>0.45</Quantity>
      <UnitMeasure>ל-100 גרם</UnitMeasure>
      <BisWeighted>0</BisWeighted>
      <QtyInPackage>1</QtyInPackage>
      <ItemPrice>9.90</ItemPrice>
      <UnitOfMeasurePrice>22</UnitOfMeasurePrice>
      <AllowDiscount>0</AllowDiscount>
      <itemStatus>1</itemStatus>
      <LastUpdateDate />
      <LastUpdateTime />
    </Product>
    <Product>
      <PriceUpdateDate>2022/11/01 11:47</PriceUpdateDate>
      <ItemCode>6921959207774</ItemCode>
      <ItemType>1</ItemType>
      <ItemName>Cat  -fest חטיף כריות לחתולים בטעם עוף</ItemName>
      <ManufactureName>שחורי אריה ואנסטסיה</ManufactureName>
      <ManufactureCountry />
      <ManufactureItemDescription />
      <UnitQty>'יח</UnitQty>
      <Quantity>0.45</Quantity>
      <UnitMeasure>ל-100 גרם</UnitMeasure>
      <BisWeighted>0</BisWeighted>
      <QtyInPackage>1</QtyInPackage>
      <ItemPrice>9.90</ItemPrice>
      <UnitOfMeasurePrice>22</UnitOfMeasurePrice>
      <AllowDiscount>0</AllowDiscount>
      <itemStatus>1</itemStatus>
      <LastUpdateDate />
      <LastUpdateTime />
    </Product>
    <Product>
      <PriceUpdateDate>2022/11/01 11:47</PriceUpdateDate>
      <ItemCode>6921959207781</ItemCode>
      <ItemType>1</ItemType>
      <ItemName>Cat  -fest חטיף כריות לחתולים בטעם שרימפ</ItemName>
      <ManufactureName>שחורי אריה ואנסטסיה</ManufactureName>
      <ManufactureCountry />
      <ManufactureItemDescription />
      <UnitQty>'יח</UnitQty>
      <Quantity>0.45</Quantity>
      <UnitMeasure>ל-100 גרם</UnitMeasure>
      <BisWeighted>0</BisWeighted>
      <QtyInPackage>1</QtyInPackage>
      <ItemPrice>9.90</ItemPrice>
      <UnitOfMeasurePrice>22</UnitOfMeasurePrice>
      <AllowDiscount>0</AllowDiscount>
      <itemStatus>1</itemStatus>
      <LastUpdateDate />
      <LastUpdateTime />
    </Product>
    <Product>
      <PriceUpdateDate>2022/11/01 11:47</PriceUpdateDate>
      <ItemCode>6921959207798</ItemCode>
      <ItemType>1</ItemType>
      <ItemName>Cat  -fest חטיף כריות לחתולים בטעם סרטני</ItemName>
      <ManufactureName>שחורי אריה ואנסטסיה</ManufactureName>
      <ManufactureCountry />
      <ManufactureItemDescription />
      <UnitQty>'יח</UnitQty>
      <Quantity>0.45</Quantity>
      <UnitMeasure>ל-100 גרם</UnitMeasure>
      <BisWeighted>0</BisWeighted>
      <QtyInPackage>1</QtyInPackage>
      <ItemPrice>9.90</ItemPrice>
      <UnitOfMeasurePrice>22</UnitOfMeasurePrice>
      <AllowDiscount>0</AllowDiscount>
      <itemStatus>1</itemStatus>
      <LastUpdateDate />
      <LastUpdateTime />
    </Product>
    <Product>
      <PriceUpdateDate>2022/11/01 11:47</PriceUpdateDate>
      <ItemCode>6923553200304</ItemCode>
      <ItemType>1</ItemType>
      <ItemName>צאנקיז אריזת חיסכון עוף 500 ג</ItemName>
      <ManufactureName>שחורי אריה ואנסטסיה</ManufactureName>
      <ManufactureCountry />
      <ManufactureItemDescription />
      <UnitQty>'יח</UnitQty>
      <Quantity>5</Quantity>
      <UnitMeasure>ל-100 גרם</UnitMeasure>
      <BisWeighted>0</BisWeighted>
      <QtyInPackage>1</QtyInPackage>
      <ItemPrice>59.90</ItemPrice>
      <UnitOfMeasurePrice>11.98</UnitOfMeasurePrice>
      <AllowDiscount>0</AllowDiscount>
      <itemStatus>1</itemStatus>
      <LastUpdateDate />
      <LastUpdateTime />
    </Product>
    <Product>
      <PriceUpdateDate>2022/11/01 11:47</PriceUpdateDate>
      <ItemCode>6923553200311</ItemCode>
      <ItemType>1</ItemType>
      <ItemName>צאנקיז פילה עוף</ItemName>
      <ManufactureName>שחורי אריה ואנסטסיה</ManufactureName>
      <ManufactureCountry />
      <ManufactureItemDescription />
      <UnitQty>'יח</UnitQty>
      <Quantity>0.80</Quantity>
      <UnitMeasure>ל-100 גרם</UnitMeasure>
      <BisWeighted>0</BisWeighted>
      <QtyInPackage>1</QtyInPackage>
      <ItemPrice>11.90</ItemPrice>
      <UnitOfMeasurePrice>14.88</UnitOfMeasurePrice>
      <AllowDiscount>0</AllowDiscount>
      <itemStatus>1</itemStatus>
      <LastUpdateDate />
      <LastUpdateTime />
    </Product>
    <Product>
      <PriceUpdateDate>2022/11/01 11:47</PriceUpdateDate>
      <ItemCode>6923553200359</ItemCode>
      <ItemType>1</ItemType>
      <ItemName>צאנקיז פילה ברווז</ItemName>
      <ManufactureName>שחורי אריה ואנסטסיה</ManufactureName>
      <ManufactureCountry />
      <ManufactureItemDescription />
      <UnitQty>'יח</UnitQty>
      <Quantity>0.80</Quantity>
      <UnitMeasure>ל-100 גרם</UnitMeasure>
      <BisWeighted>0</BisWeighted>
      <QtyInPackage>1</QtyInPackage>
      <ItemPrice>11.90</ItemPrice>
      <UnitOfMeasurePrice>14.88</UnitOfMeasurePrice>
      <AllowDiscount>0</AllowDiscount>
      <itemStatus>1</itemStatus>
      <LastUpdateDate />
      <LastUpdateTime />
    </Product>
    <Product>
      <PriceUpdateDate>2022/11/01 11:47</PriceUpdateDate>
      <ItemCode>6923553200366</ItemCode>
      <ItemType>1</ItemType>
      <ItemName>צאנקיז אריזת חיסכון 500 ג</ItemName>
      <ManufactureName>שחורי אריה ואנסטסיה</ManufactureName>
      <ManufactureCountry />
      <ManufactureItemDescription />
      <UnitQty>'יח</UnitQty>
      <Quantity>5</Quantity>
      <UnitMeasure>ל-100 גרם</UnitMeasure>
      <BisWeighted>0</BisWeighted>
      <QtyInPackage>1</QtyInPackage>
      <ItemPrice>59.90</ItemPrice>
      <UnitOfMeasurePrice>11.98</UnitOfMeasurePrice>
      <AllowDiscount>0</AllowDiscount>
      <itemStatus>1</itemStatus>
      <LastUpdateDate />
      <LastUpdateTime />
    </Product>
    <Product>
      <PriceUpdateDate>2022/11/01 11:47</PriceUpdateDate>
      <ItemCode>6923553200472</ItemCode>
      <ItemType>1</ItemType>
      <ItemName>צאנקיז עצם דנטלית</ItemName>
      <ManufactureName>שחורי אריה ואנסטסיה</ManufactureName>
      <ManufactureCountry />
      <ManufactureItemDescription />
      <UnitQty>'יח</UnitQty>
      <Quantity>0.80</Quantity>
      <UnitMeasure>ל-100 גרם</UnitMeasure>
      <BisWeighted>0</BisWeighted>
      <QtyInPackage>1</QtyInPackage>
      <ItemPrice>11.90</ItemPrice>
      <UnitOfMeasurePrice>14.88</UnitOfMeasurePrice>
      <AllowDiscount>0</AllowDiscount>
      <itemStatus>1</itemStatus>
      <LastUpdateDate />
      <LastUpdateTime />
    </Product>
    <Product>
      <PriceUpdateDate>2022/11/01 11:47</PriceUpdateDate>
      <ItemCode>6923553200526</ItemCode>
      <ItemType>1</ItemType>
      <ItemName>צאנקיז מיני נקניקיות</ItemName>
      <ManufactureName>שחורי אריה ואנסטסיה</ManufactureName>
      <ManufactureCountry />
      <ManufactureItemDescription />
      <UnitQty>'יח</UnitQty>
      <Quantity>0.80</Quantity>
      <UnitMeasure>ל-100 גרם</UnitMeasure>
      <BisWeighted>0</BisWeighted>
      <QtyInPackage>1</QtyInPackage>
      <ItemPrice>11.90</ItemPrice>
      <UnitOfMeasurePrice>14.88</UnitOfMeasurePrice>
      <AllowDiscount>0</AllowDiscount>
      <itemStatus>1</itemStatus>
      <LastUpdateDate />
      <LastUpdateTime />
    </Product>
    <Product>
      <PriceUpdateDate>2022/11/01 11:47</PriceUpdateDate>
      <ItemCode>6923553200533</ItemCode>
      <ItemType>1</ItemType>
      <ItemName>צאנקיז ביסקוויט עטוף</ItemName>
      <ManufactureName>שחורי אריה ואנסטסיה</ManufactureName>
      <ManufactureCountry />
      <ManufactureItemDescription />
      <UnitQty>'יח</UnitQty>
      <Quantity>0.80</Quantity>
      <UnitMeasure>ל-100 גרם</UnitMeasure>
      <BisWeighted>0</BisWeighted>
      <QtyInPackage>1</QtyInPackage>
      <ItemPrice>11.90</ItemPrice>
      <UnitOfMeasurePrice>14.88</UnitOfMeasurePrice>
      <AllowDiscount>0</AllowDiscount>
      <itemStatus>1</itemStatus>
      <LastUpdateDate />
      <LastUpdateTime />
    </Product>
    <Product>
      <PriceUpdateDate>2022/11/01 11:47</PriceUpdateDate>
      <ItemCode>6923553200571</ItemCode>
      <ItemType>1</ItemType>
      <ItemName>צאנקיז סושי עוף וסלמון</ItemName>
      <ManufactureName>שחורי אריה ואנסטסיה</ManufactureName>
      <ManufactureCountry />
      <ManufactureItemDescription />
      <UnitQty>'יח</UnitQty>
      <Quantity>0.80</Quantity>
      <UnitMeasure>ל-100 גרם</UnitMeasure>
      <BisWeighted>0</BisWeighted>
      <QtyInPackage>1</QtyInPackage>
      <ItemPrice>11.90</ItemPrice>
      <UnitOfMeasurePrice>14.88</UnitOfMeasurePrice>
      <AllowDiscount>0</AllowDiscount>
      <itemStatus>1</itemStatus>
      <LastUpdateDate />
      <LastUpdateTime />
    </Product>
    <Product>
      <PriceUpdateDate>2022/11/01 11:47</PriceUpdateDate>
      <ItemCode>6923553200595</ItemCode>
      <ItemType>1</ItemType>
      <ItemName>צאנקיז נגיסי סלמון</ItemName>
      <ManufactureName>שחורי אריה ואנסטסיה</ManufactureName>
      <ManufactureCountry />
      <ManufactureItemDescription />
      <UnitQty>'יח</UnitQty>
      <Quantity>0.80</Quantity>
      <UnitMeasure>ל-100 גרם</UnitMeasure>
      <BisWeighted>0</BisWeighted>
      <QtyInPackage>1</QtyInPackage>
      <ItemPrice>11.90</ItemPrice>
      <UnitOfMeasurePrice>14.88</UnitOfMeasurePrice>
      <AllowDiscount>0</AllowDiscount>
      <itemStatus>1</itemStatus>
      <LastUpdateDate />
      <LastUpdateTime />
    </Product>
    <Product>
      <PriceUpdateDate>2022/11/01 11:47</PriceUpdateDate>
      <ItemCode>6923553200601</ItemCode>
      <ItemType>1</ItemType>
      <ItemName>צאנקיז מקלות עוף וגבינה</ItemName>
      <ManufactureName>שחורי אריה ואנסטסיה</ManufactureName>
      <ManufactureCountry />
      <ManufactureItemDescription />
      <UnitQty>'יח</UnitQty>
      <Quantity>0.80</Quantity>
      <UnitMeasure>ל-100 גרם</UnitMeasure>
      <BisWeighted>0</BisWeighted>
      <QtyInPackage>1</QtyInPackage>
      <ItemPrice>11.90</ItemPrice>
      <UnitOfMeasurePrice>14.88</UnitOfMeasurePrice>
      <AllowDiscount>0</AllowDiscount>
      <itemStatus>1</itemStatus>
      <LastUpdateDate />
      <LastUpdateTime />
    </Product>
    <Product>
      <PriceUpdateDate>2022/11/01 11:47</PriceUpdateDate>
      <ItemCode>6923553200625</ItemCode>
      <ItemType>1</ItemType>
      <ItemName>צאנקיז כריכוני דגים ועוף</ItemName>
      <ManufactureName>שחורי אריה ואנסטסיה</ManufactureName>
      <ManufactureCountry />
      <ManufactureItemDescription />
      <UnitQty>'יח</UnitQty>
      <Quantity>0.80</Quantity>
      <UnitMeasure>ל-100 גרם</UnitMeasure>
      <BisWeighted>0</BisWeighted>
      <QtyInPackage>1</QtyInPackage>
      <ItemPrice>11.90</ItemPrice>
      <UnitOfMeasurePrice>14.88</UnitOfMeasurePrice>
      <AllowDiscount>0</AllowDiscount>
      <itemStatus>1</itemStatus>
      <LastUpdateDate />
      <LastUpdateTime />
    </Product>
    <Product>
      <PriceUpdateDate>2022/11/01 11:47</PriceUpdateDate>
      <ItemCode>6923553200632</ItemCode>
      <ItemType>1</ItemType>
      <ItemName>צאנקיז מיני סושי רך</ItemName>
      <ManufactureName>שחורי אריה ואנסטסיה</ManufactureName>
      <ManufactureCountry />
      <ManufactureItemDescription />
      <UnitQty>'יח</UnitQty>
      <Quantity>0.80</Quantity>
      <UnitMeasure>ל-100 גרם</UnitMeasure>
      <BisWeighted>0</BisWeighted>
      <QtyInPackage>1</QtyInPackage>
      <ItemPrice>11.90</ItemPrice>
      <UnitOfMeasurePrice>14.88</UnitOfMeasurePrice>
      <AllowDiscount>0</AllowDiscount>
      <itemStatus>1</itemStatus>
      <LastUpdateDate />
      <LastUpdateTime />
    </Product>
    <Product>
      <PriceUpdateDate>2022/11/01 11:47</PriceUpdateDate>
      <ItemCode>6923553200649</ItemCode>
      <ItemType>1</ItemType>
      <ItemName>צאנקיז מקלות עוף</ItemName>
      <ManufactureName>שחורי אריה ואנסטסיה</ManufactureName>
      <ManufactureCountry />
      <ManufactureItemDescription />
      <UnitQty>'יח</UnitQty>
      <Quantity>0.80</Quantity>
      <UnitMeasure>ל-100 גרם</UnitMeasure>
      <BisWeighted>0</BisWeighted>
      <QtyInPackage>1</QtyInPackage>
      <ItemPrice>11.90</ItemPrice>
      <UnitOfMeasurePrice>14.88</UnitOfMeasurePrice>
      <AllowDiscount>0</AllowDiscount>
      <itemStatus>1</itemStatus>
      <LastUpdateDate />
      <LastUpdateTime />
    </Product>
    <Product>
      <PriceUpdateDate>2019/01/16 14:47</PriceUpdateDate>
      <ItemCode>6935673035612</ItemCode>
      <ItemType>1</ItemType>
      <ItemName>כפפות אלוורה S</ItemName>
      <ManufactureName>מ.א. יצור ויבוא מטליות בעמ`</ManufactureName>
      <ManufactureCountry />
      <ManufactureItemDescription />
      <UnitQty>'יח</UnitQty>
      <Quantity>1</Quantity>
      <UnitMeasure />
      <BisWeighted>0</BisWeighted>
      <QtyInPackage>12</QtyInPackage>
      <ItemPrice>8.50</ItemPrice>
      <UnitOfMeasurePrice>8.50</UnitOfMeasurePrice>
      <AllowDiscount>0</AllowDiscount>
      <itemStatus>1</itemStatus>
      <LastUpdateDate />
      <LastUpdateTime />
    </Product>
    <Product>
      <PriceUpdateDate>2022/11/01 11:47</PriceUpdateDate>
      <ItemCode>6942133304706</ItemCode>
      <ItemType>1</ItemType>
      <ItemName>Twist  -stix בטעם אוכמניות וחלב עיזים 80</ItemName>
      <ManufactureName>שחורי אריה ואנסטסיה</ManufactureName>
      <ManufactureCountry />
      <ManufactureItemDescription />
      <UnitQty>'יח</UnitQty>
      <Quantity>0.80</Quantity>
      <UnitMeasure>ל-100 גרם</UnitMeasure>
      <BisWeighted>0</BisWeighted>
      <QtyInPackage>1</QtyInPackage>
      <ItemPrice>11.90</ItemPrice>
      <UnitOfMeasurePrice>14.88</UnitOfMeasurePrice>
      <AllowDiscount>0</AllowDiscount>
      <itemStatus>1</itemStatus>
      <LastUpdateDate />
      <LastUpdateTime />
    </Product>
    <Product>
      <PriceUpdateDate>2022/11/01 11:47</PriceUpdateDate>
      <ItemCode>6942133304713</ItemCode>
      <ItemType>1</ItemType>
      <ItemName>Twist  -stix בטעם דלעת וחלב עיזים 80 גרם</ItemName>
      <ManufactureName>שחורי אריה ואנסטסיה</ManufactureName>
      <ManufactureCountry />
      <ManufactureItemDescription />
      <UnitQty>'יח</UnitQty>
      <Quantity>0.80</Quantity>
      <UnitMeasure>ל-100 גרם</UnitMeasure>
      <BisWeighted>0</BisWeighted>
      <QtyInPackage>1</QtyInPackage>
      <ItemPrice>11.90</ItemPrice>
      <UnitOfMeasurePrice>14.88</UnitOfMeasurePrice>
      <AllowDiscount>0</AllowDiscount>
      <itemStatus>1</itemStatus>
      <LastUpdateDate />
      <LastUpdateTime />
    </Product>
    <Product>
      <PriceUpdateDate>2022/11/01 11:47</PriceUpdateDate>
      <ItemCode>6942133304720</ItemCode>
      <ItemType>1</ItemType>
      <ItemName>Twist  -stix בטעם תפוח אדמה מתוק וחלב עי</ItemName>
      <ManufactureName>שחורי אריה ואנסטסיה</ManufactureName>
      <ManufactureCountry />
      <ManufactureItemDescription />
      <UnitQty>'יח</UnitQty>
      <Quantity>0.80</Quantity>
      <UnitMeasure>ל-100 גרם</UnitMeasure>
      <BisWeighted>0</BisWeighted>
      <QtyInPackage>1</QtyInPackage>
      <ItemPrice>11.90</ItemPrice>
      <UnitOfMeasurePrice>14.88</UnitOfMeasurePrice>
      <AllowDiscount>0</AllowDiscount>
      <itemStatus>1</itemStatus>
      <LastUpdateDate />
      <LastUpdateTime />
    </Product>
    <Product>
      <PriceUpdateDate>2022/11/01 11:47</PriceUpdateDate>
      <ItemCode>6942133304737</ItemCode>
      <ItemType>1</ItemType>
      <ItemName>Twist  -stix בטעם גזר וחלב עיזים 80 גרם</ItemName>
      <ManufactureName>שחורי אריה ואנסטסיה</ManufactureName>
      <ManufactureCountry />
      <ManufactureItemDescription />
      <UnitQty>'יח</UnitQty>
      <Quantity>0.80</Quantity>
      <UnitMeasure>ל-100 גרם</UnitMeasure>
      <BisWeighted>0</BisWeighted>
      <QtyInPackage>1</QtyInPackage>
      <ItemPrice>11.90</ItemPrice>
      <UnitOfMeasurePrice>14.88</UnitOfMeasurePrice>
      <AllowDiscount>0</AllowDiscount>
      <itemStatus>1</itemStatus>
      <LastUpdateDate />
      <LastUpdateTime />
    </Product>
    <Product>
      <PriceUpdateDate>2022/11/01 11:47</PriceUpdateDate>
      <ItemCode>6942133306397</ItemCode>
      <ItemType>1</ItemType>
      <ItemName>Just  -pure חטיף כוכבים קטנים במגוון טעמ</ItemName>
      <ManufactureName>שחורי אריה ואנסטסיה</ManufactureName>
      <ManufactureCountry />
      <ManufactureItemDescription />
      <UnitQty>'יח</UnitQty>
      <Quantity>0.75</Quantity>
      <UnitMeasure>ל-100 גרם</UnitMeasure>
      <BisWeighted>0</BisWeighted>
      <QtyInPackage>1</QtyInPackage>
      <ItemPrice>11.90</ItemPrice>
      <UnitOfMeasurePrice>15.87</UnitOfMeasurePrice>
      <AllowDiscount>0</AllowDiscount>
      <itemStatus>1</itemStatus>
      <LastUpdateDate />
      <LastUpdateTime />
    </Product>
    <Product>
      <PriceUpdateDate>2022/11/01 11:47</PriceUpdateDate>
      <ItemCode>6942133306410</ItemCode>
      <ItemType>1</ItemType>
      <ItemName>Just  -pure חטיף מקלות כוכב בטעם עוף (75</ItemName>
      <ManufactureName>שחורי אריה ואנסטסיה</ManufactureName>
      <ManufactureCountry />
      <ManufactureItemDescription />
      <UnitQty>'יח</UnitQty>
      <Quantity>0.75</Quantity>
      <UnitMeasure>ל-100 גרם</UnitMeasure>
      <BisWeighted>0</BisWeighted>
      <QtyInPackage>1</QtyInPackage>
      <ItemPrice>11.90</ItemPrice>
      <UnitOfMeasurePrice>15.87</UnitOfMeasurePrice>
      <AllowDiscount>0</AllowDiscount>
      <itemStatus>1</itemStatus>
      <LastUpdateDate />
      <LastUpdateTime />
    </Product>
    <Product>
      <PriceUpdateDate>2022/11/01 11:47</PriceUpdateDate>
      <ItemCode>6942133307837</ItemCode>
      <ItemType>1</ItemType>
      <ItemName>עצם ללא דגנים בטעם סלמון  ולימון(מדיום)</ItemName>
      <ManufactureName>שחורי אריה ואנסטסיה</ManufactureName>
      <ManufactureCountry />
      <ManufactureItemDescription />
      <UnitQty>'יח</UnitQty>
      <Quantity>1</Quantity>
      <UnitMeasure />
      <BisWeighted>0</BisWeighted>
      <QtyInPackage>1</QtyInPackage>
      <ItemPrice>5.90</ItemPrice>
      <UnitOfMeasurePrice>5.90</UnitOfMeasurePrice>
      <AllowDiscount>0</AllowDiscount>
      <itemStatus>1</itemStatus>
      <LastUpdateDate />
      <LastUpdateTime />
    </Product>
    <Product>
      <PriceUpdateDate>2022/11/01 11:47</PriceUpdateDate>
      <ItemCode>6942133307844</ItemCode>
      <ItemType>1</ItemType>
      <ItemName>עצם ללא דגנים בטעם הודו ופטרוזיליה(מדיו </ItemName>
      <ManufactureName>שחורי אריה ואנסטסיה</ManufactureName>
      <ManufactureCountry />
      <ManufactureItemDescription />
      <UnitQty>'יח</UnitQty>
      <Quantity>1</Quantity>
      <UnitMeasure />
      <BisWeighted>0</BisWeighted>
      <QtyInPackage>1</QtyInPackage>
      <ItemPrice>5.90</ItemPrice>
      <UnitOfMeasurePrice>5.90</UnitOfMeasurePrice>
      <AllowDiscount>0</AllowDiscount>
      <itemStatus>1</itemStatus>
      <LastUpdateDate />
      <LastUpdateTime />
    </Product>
    <Product>
      <PriceUpdateDate>2022/11/01 11:47</PriceUpdateDate>
      <ItemCode>6942133307851</ItemCode>
      <ItemType>1</ItemType>
      <ItemName>עצם ללא דגנים בטעם צבי  ורוזמרין(מדיום)</ItemName>
      <ManufactureName>שחורי אריה ואנסטסיה</ManufactureName>
      <ManufactureCountry />
      <ManufactureItemDescription />
      <UnitQty>'יח</UnitQty>
      <Quantity>1</Quantity>
      <UnitMeasure />
      <BisWeighted>0</BisWeighted>
      <QtyInPackage>1</QtyInPackage>
      <ItemPrice>5.90</ItemPrice>
      <UnitOfMeasurePrice>5.90</UnitOfMeasurePrice>
      <AllowDiscount>0</AllowDiscount>
      <itemStatus>1</itemStatus>
      <LastUpdateDate />
      <LastUpdateTime />
    </Product>
    <Product>
      <PriceUpdateDate>2022/11/01 11:47</PriceUpdateDate>
      <ItemCode>6942133310332</ItemCode>
      <ItemType>1</ItemType>
      <ItemName>Just  -pure חטיף טוויסט בטעמי פירות (75</ItemName>
      <ManufactureName>שחורי אריה ואנסטסיה</ManufactureName>
      <ManufactureCountry />
      <ManufactureItemDescription />
      <UnitQty>'יח</UnitQty>
      <Quantity>0.75</Quantity>
      <UnitMeasure>ל-100 גרם</UnitMeasure>
      <BisWeighted>0</BisWeighted>
      <QtyInPackage>1</QtyInPackage>
      <ItemPrice>11.90</ItemPrice>
      <UnitOfMeasurePrice>15.87</UnitOfMeasurePrice>
      <AllowDiscount>0</AllowDiscount>
      <itemStatus>1</itemStatus>
      <LastUpdateDate />
      <LastUpdateTime />
    </Product>
    <Product>
      <PriceUpdateDate>2022/11/01 11:47</PriceUpdateDate>
      <ItemCode>6942133310349</ItemCode>
      <ItemType>1</ItemType>
      <ItemName>Just  -pure חטיף לכלב בטעם בשר בתוספת חל</ItemName>
      <ManufactureName>שחורי אריה ואנסטסיה</ManufactureName>
      <ManufactureCountry />
      <ManufactureItemDescription />
      <UnitQty>'יח</UnitQty>
      <Quantity>0.75</Quantity>
      <UnitMeasure>ל-100 גרם</UnitMeasure>
      <BisWeighted>0</BisWeighted>
      <QtyInPackage>1</QtyInPackage>
      <ItemPrice>11.90</ItemPrice>
      <UnitOfMeasurePrice>15.87</UnitOfMeasurePrice>
      <AllowDiscount>0</AllowDiscount>
      <itemStatus>1</itemStatus>
      <LastUpdateDate />
      <LastUpdateTime />
    </Product>
    <Product>
      <PriceUpdateDate>2022/11/01 11:47</PriceUpdateDate>
      <ItemCode>6942133310738</ItemCode>
      <ItemType>1</ItemType>
      <ItemName>חטיף קרם נוזלי לחתול בטעם סלמון (60 גרם)</ItemName>
      <ManufactureName>שחורי אריה ואנסטסיה</ManufactureName>
      <ManufactureCountry />
      <ManufactureItemDescription />
      <UnitQty>'יח</UnitQty>
      <Quantity>0.60</Quantity>
      <UnitMeasure>ל-100 גרם</UnitMeasure>
      <BisWeighted>0</BisWeighted>
      <QtyInPackage>1</QtyInPackage>
      <ItemPrice>9.90</ItemPrice>
      <UnitOfMeasurePrice>16.50</UnitOfMeasurePrice>
      <AllowDiscount>0</AllowDiscount>
      <itemStatus>1</itemStatus>
      <LastUpdateDate />
      <LastUpdateTime />
    </Product>
    <Product>
      <PriceUpdateDate>2022/11/01 11:47</PriceUpdateDate>
      <ItemCode>6942133310745</ItemCode>
      <ItemType>1</ItemType>
      <ItemName>חטיף קרם נוזלי לחתול בטעם סרטני ים (60 ג</ItemName>
      <ManufactureName>שחורי אריה ואנסטסיה</ManufactureName>
      <ManufactureCountry />
      <ManufactureItemDescription />
      <UnitQty>'יח</UnitQty>
      <Quantity>0.60</Quantity>
      <UnitMeasure>ל-100 גרם</UnitMeasure>
      <BisWeighted>0</BisWeighted>
      <QtyInPackage>1</QtyInPackage>
      <ItemPrice>9.90</ItemPrice>
      <UnitOfMeasurePrice>16.50</UnitOfMeasurePrice>
      <AllowDiscount>0</AllowDiscount>
      <itemStatus>1</itemStatus>
      <LastUpdateDate />
      <LastUpdateTime />
    </Product>
    <Product>
      <PriceUpdateDate>2022/11/01 11:47</PriceUpdateDate>
      <ItemCode>6942133310752</ItemCode>
      <ItemType>1</ItemType>
      <ItemName>חטיף קרם נוזלי לחתול בטעם צדפות (60 גרם)</ItemName>
      <ManufactureName>שחורי אריה ואנסטסיה</ManufactureName>
      <ManufactureCountry />
      <ManufactureItemDescription />
      <UnitQty>'יח</UnitQty>
      <Quantity>0.60</Quantity>
      <UnitMeasure>ל-100 גרם</UnitMeasure>
      <BisWeighted>0</BisWeighted>
      <QtyInPackage>1</QtyInPackage>
      <ItemPrice>9.90</ItemPrice>
      <UnitOfMeasurePrice>16.50</UnitOfMeasurePrice>
      <AllowDiscount>0</AllowDiscount>
      <itemStatus>1</itemStatus>
      <LastUpdateDate />
      <LastUpdateTime />
    </Product>
    <Product>
      <PriceUpdateDate>2022/11/01 11:47</PriceUpdateDate>
      <ItemCode>6942133310769</ItemCode>
      <ItemType>1</ItemType>
      <ItemName>חטיף קרם נוזלי לחתול בטעם עוף וכבד (60 ג</ItemName>
      <ManufactureName>שחורי אריה ואנסטסיה</ManufactureName>
      <ManufactureCountry />
      <ManufactureItemDescription />
      <UnitQty>'יח</UnitQty>
      <Quantity>0.60</Quantity>
      <UnitMeasure>ל-100 גרם</UnitMeasure>
      <BisWeighted>0</BisWeighted>
      <QtyInPackage>1</QtyInPackage>
      <ItemPrice>9.90</ItemPrice>
      <UnitOfMeasurePrice>16.50</UnitOfMeasurePrice>
      <AllowDiscount>0</AllowDiscount>
      <itemStatus>1</itemStatus>
      <LastUpdateDate />
      <LastUpdateTime />
    </Product>
    <Product>
      <PriceUpdateDate>2022/11/01 11:47</PriceUpdateDate>
      <ItemCode>6946362221599</ItemCode>
      <ItemType>1</ItemType>
      <ItemName>מיטה מפנקת לבן</ItemName>
      <ManufactureName>שחורי אריה ואנסטסיה</ManufactureName>
      <ManufactureCountry />
      <ManufactureItemDescription />
      <UnitQty>'יח</UnitQty>
      <Quantity>1</Quantity>
      <UnitMeasure />
      <BisWeighted>0</BisWeighted>
      <QtyInPackage>1</QtyInPackage>
      <ItemPrice>99.90</ItemPrice>
      <UnitOfMeasurePrice>99.90</UnitOfMeasurePrice>
      <AllowDiscount>0</AllowDiscount>
      <itemStatus>1</itemStatus>
      <LastUpdateDate />
      <LastUpdateTime />
    </Product>
    <Product>
      <PriceUpdateDate>2022/11/01 11:47</PriceUpdateDate>
      <ItemCode>6954722204694</ItemCode>
      <ItemType>1</ItemType>
      <ItemName>שמפו MILK קוקוס וחלב לפרווה לבנה 400מל</ItemName>
      <ManufactureName>שחורי אריה ואנסטסיה</ManufactureName>
      <ManufactureCountry />
      <ManufactureItemDescription />
      <UnitQty>'יח</UnitQty>
      <Quantity>4</Quantity>
      <UnitMeasure>ל-100 מ"ל</UnitMeasure>
      <BisWeighted>0</BisWeighted>
      <QtyInPackage>1</QtyInPackage>
      <ItemPrice>29.90</ItemPrice>
      <UnitOfMeasurePrice>7.48</UnitOfMeasurePrice>
      <AllowDiscount>0</AllowDiscount>
      <itemStatus>1</itemStatus>
      <LastUpdateDate />
      <LastUpdateTime />
    </Product>
    <Product>
      <PriceUpdateDate>2022/11/01 11:47</PriceUpdateDate>
      <ItemCode>6957919905732</ItemCode>
      <ItemType>1</ItemType>
      <ItemName>חטיף לכלבים גרקי רצועות עוף 80 גרם</ItemName>
      <ManufactureName>שחורי אריה ואנסטסיה</ManufactureName>
      <ManufactureCountry />
      <ManufactureItemDescription />
      <UnitQty>'יח</UnitQty>
      <Quantity>0.80</Quantity>
      <UnitMeasure>ל-100 גרם</UnitMeasure>
      <BisWeighted>0</BisWeighted>
      <QtyInPackage>1</QtyInPackage>
      <ItemPrice>12.90</ItemPrice>
      <UnitOfMeasurePrice>16.13</UnitOfMeasurePrice>
      <AllowDiscount>0</AllowDiscount>
      <itemStatus>1</itemStatus>
      <LastUpdateDate />
      <LastUpdateTime />
    </Product>
    <Product>
      <PriceUpdateDate>2022/08/19 09:21</PriceUpdateDate>
      <ItemCode>7108327921008</ItemCode>
      <ItemType>1</ItemType>
      <ItemName>מגבות גוף סופר</ItemName>
      <ManufactureName>הום פרפקט ק.ד.מ בעמ</ManufactureName>
      <ManufactureCountry />
      <ManufactureItemDescription />
      <UnitQty>'יח</UnitQty>
      <Quantity>1</Quantity>
      <UnitMeasure />
      <BisWeighted>0</BisWeighted>
      <QtyInPackage>1</QtyInPackage>
      <ItemPrice>34.90</ItemPrice>
      <UnitOfMeasurePrice>34.90</UnitOfMeasurePrice>
      <AllowDiscount>1</AllowDiscount>
      <itemStatus>1</itemStatus>
      <LastUpdateDate />
      <LastUpdateTime />
    </Product>
    <Product>
      <PriceUpdateDate>2021/06/06 15:03</PriceUpdateDate>
      <ItemCode>7271730901261</ItemCode>
      <ItemType>1</ItemType>
      <ItemName>ווקי מאק ארוחת אטריות עם גבינה 156 גר`</ItemName>
      <ManufactureName>מור ים מרקטינג בעמ</ManufactureName>
      <ManufactureCountry />
      <ManufactureItemDescription />
      <UnitQty>'יח</UnitQty>
      <Quantity>1.56</Quantity>
      <UnitMeasure>ל-100 גרם</UnitMeasure>
      <BisWeighted>0</BisWeighted>
      <QtyInPackage>1</QtyInPackage>
      <ItemPrice>10.90</ItemPrice>
      <UnitOfMeasurePrice>6.99</UnitOfMeasurePrice>
      <AllowDiscount>0</AllowDiscount>
      <itemStatus>1</itemStatus>
      <LastUpdateDate />
      <LastUpdateTime />
    </Product>
    <Product>
      <PriceUpdateDate>2022/01/03 13:00</PriceUpdateDate>
      <ItemCode>7290000136141</ItemCode>
      <ItemType>1</ItemType>
      <ItemName>פפסי קולה 1.5 ליטר פיקדון</ItemName>
      <ManufactureName>טמפו משקאות בע`מ</ManufactureName>
      <ManufactureCountry />
      <ManufactureItemDescription />
      <UnitQty>'יח</UnitQty>
      <Quantity>15</Quantity>
      <UnitMeasure>ל-100 מ"ל</UnitMeasure>
      <BisWeighted>0</BisWeighted>
      <QtyInPackage>12</QtyInPackage>
      <ItemPrice>8.20</ItemPrice>
      <UnitOfMeasurePrice>0.53</UnitOfMeasurePrice>
      <AllowDiscount>1</AllowDiscount>
      <itemStatus>1</itemStatus>
      <LastUpdateDate />
      <LastUpdateTime />
    </Product>
    <Product>
      <PriceUpdateDate>2022/01/09 15:44</PriceUpdateDate>
      <ItemCode>7290000136165</ItemCode>
      <ItemType>1</ItemType>
      <ItemName>מירינדה אורנג` 1.5 ליטר פיקדון</ItemName>
      <ManufactureName>טמפו משקאות בע`מ</ManufactureName>
      <ManufactureCountry />
      <ManufactureItemDescription />
      <UnitQty>'יח</UnitQty>
      <Quantity>15</Quantity>
      <UnitMeasure>ל-100 מ"ל</UnitMeasure>
      <BisWeighted>0</BisWeighted>
      <QtyInPackage>12</QtyInPackage>
      <ItemPrice>7.90</ItemPrice>
      <UnitOfMeasurePrice>0.51</UnitOfMeasurePrice>
      <AllowDiscount>1</AllowDiscount>
      <itemStatus>1</itemStatus>
      <LastUpdateDate />
      <LastUpdateTime />
    </Product>
    <Product>
      <PriceUpdateDate>2022/01/09 15:44</PriceUpdateDate>
      <ItemCode>7290000136189</ItemCode>
      <ItemType>1</ItemType>
      <ItemName>משקה דיאט 7UP בקבוק 1.5 ליטר פיקדון</ItemName>
      <ManufactureName>טמפו משקאות בע`מ</ManufactureName>
      <ManufactureCountry />
      <ManufactureItemDescription />
      <UnitQty>'יח</UnitQty>
      <Quantity>15</Quantity>
      <UnitMeasure>ל-100 מ"ל</UnitMeasure>
      <BisWeighted>0</BisWeighted>
      <QtyInPackage>12</QtyInPackage>
      <ItemPrice>7.20</ItemPrice>
      <UnitOfMeasurePrice>0.46</UnitOfMeasurePrice>
      <AllowDiscount>1</AllowDiscount>
      <itemStatus>1</itemStatus>
      <LastUpdateDate />
      <LastUpdateTime />
    </Product>
    <Product>
      <PriceUpdateDate>2022/07/28 15:12</PriceUpdateDate>
      <ItemCode>7290000136240</ItemCode>
      <ItemType>1</ItemType>
      <ItemName>טמפו סודה 1.5 ליטר</ItemName>
      <ManufactureName>טמפו משקאות בע`מ</ManufactureName>
      <ManufactureCountry />
      <ManufactureItemDescription />
      <UnitQty>'יח</UnitQty>
      <Quantity>15</Quantity>
      <UnitMeasure>ל-100 מ"ל</UnitMeasure>
      <BisWeighted>0</BisWeighted>
      <QtyInPackage>1</QtyInPackage>
      <ItemPrice>4.90</ItemPrice>
      <UnitOfMeasurePrice>0.31</UnitOfMeasurePrice>
      <AllowDiscount>0</AllowDiscount>
      <itemStatus>1</itemStatus>
      <LastUpdateDate />
      <LastUpdateTime />
    </Product>
    <Product>
      <PriceUpdateDate>2022/01/09 15:44</PriceUpdateDate>
      <ItemCode>7290000136516</ItemCode>
      <ItemType>1</ItemType>
      <ItemName>ג`אמפ משקה קל מנגו 1.5 ליטר פיקדון</ItemName>
      <ManufactureName>טמפו משקאות בע`מ</ManufactureName>
      <ManufactureCountry />
      <ManufactureItemDescription />
      <UnitQty>'יח</UnitQty>
      <Quantity>15</Quantity>
      <UnitMeasure>ל-100 מ"ל</UnitMeasure>
      <BisWeighted>0</BisWeighted>
      <QtyInPackage>12</QtyInPackage>
      <ItemPrice>7.50</ItemPrice>
      <UnitOfMeasurePrice>0.48</UnitOfMeasurePrice>
      <AllowDiscount>1</AllowDiscount>
      <itemStatus>1</itemStatus>
      <LastUpdateDate />
      <LastUpdateTime />
    </Product>
    <Product>
      <PriceUpdateDate>2022/01/09 15:44</PriceUpdateDate>
      <ItemCode>7290000136561</ItemCode>
      <ItemType>1</ItemType>
      <ItemName>ג`אמפ משקה תות בננה 1.5 ליטר פיקדון</ItemName>
      <ManufactureName>טמפו משקאות בע`מ</ManufactureName>
      <ManufactureCountry />
      <ManufactureItemDescription />
      <UnitQty>'יח</UnitQty>
      <Quantity>15</Quantity>
      <UnitMeasure>ל-100 מ"ל</UnitMeasure>
      <BisWeighted>0</BisWeighted>
      <QtyInPackage>12</QtyInPackage>
      <ItemPrice>7.50</ItemPrice>
      <UnitOfMeasurePrice>0.48</UnitOfMeasurePrice>
      <AllowDiscount>1</AllowDiscount>
      <itemStatus>1</itemStatus>
      <LastUpdateDate />
      <LastUpdateTime />
    </Product>
    <Product>
      <PriceUpdateDate>2022/01/09 15:44</PriceUpdateDate>
      <ItemCode>7290000136585</ItemCode>
      <ItemType>1</ItemType>
      <ItemName>ג`אמפ משקה תפוזים 1.5 ליטר פיקדון</ItemName>
      <ManufactureName>טמפו משקאות בע`מ</ManufactureName>
      <ManufactureCountry />
      <ManufactureItemDescription />
      <UnitQty>'יח</UnitQty>
      <Quantity>15</Quantity>
      <UnitMeasure>ל-100 מ"ל</UnitMeasure>
      <BisWeighted>0</BisWeighted>
      <QtyInPackage>12</QtyInPackage>
      <ItemPrice>7.50</ItemPrice>
      <UnitOfMeasurePrice>0.48</UnitOfMeasurePrice>
      <AllowDiscount>1</AllowDiscount>
      <itemStatus>1</itemStatus>
      <LastUpdateDate />
      <LastUpdateTime />
    </Product>
    <Product>
      <PriceUpdateDate>2022/07/07 19:37</PriceUpdateDate>
      <ItemCode>7290000136646</ItemCode>
      <ItemType>1</ItemType>
      <ItemName>בירה שחורה נשר מאלט בקבוק 1.5 ליטר</ItemName>
      <ManufactureName>טמפו משקאות בע`מ</ManufactureName>
      <ManufactureCountry />
      <ManufactureItemDescription />
      <UnitQty>'יח</UnitQty>
      <Quantity>15</Quantity>
      <UnitMeasure>ל-100 מ"ל</UnitMeasure>
      <BisWeighted>0</BisWeighted>
      <QtyInPackage>12</QtyInPackage>
      <ItemPrice>8.90</ItemPrice>
      <UnitOfMeasurePrice>0.57</UnitOfMeasurePrice>
      <AllowDiscount>1</AllowDiscount>
      <itemStatus>1</itemStatus>
      <LastUpdateDate />
      <LastUpdateTime />
    </Product>
    <Product>
      <PriceUpdateDate>2022/07/07 19:37</PriceUpdateDate>
      <ItemCode>7290000136653</ItemCode>
      <ItemType>1</ItemType>
      <ItemName>בירה שחורה נשר מאלט דיאט בקבוק 1.5ל`</ItemName>
      <ManufactureName>טמפו משקאות בע`מ</ManufactureName>
      <ManufactureCountry />
      <ManufactureItemDescription />
      <UnitQty>'יח</UnitQty>
      <Quantity>15</Quantity>
      <UnitMeasure>ל-100 מ"ל</UnitMeasure>
      <BisWeighted>0</BisWeighted>
      <QtyInPackage>12</QtyInPackage>
      <ItemPrice>8.90</ItemPrice>
      <UnitOfMeasurePrice>0.57</UnitOfMeasurePrice>
      <AllowDiscount>1</AllowDiscount>
      <itemStatus>1</itemStatus>
      <LastUpdateDate />
      <LastUpdateTime />
    </Product>
    <Product>
      <PriceUpdateDate>2022/01/09 15:44</PriceUpdateDate>
      <ItemCode>7290000136684</ItemCode>
      <ItemType>1</ItemType>
      <ItemName>פפסי מקס 1.5 ליטר פיקדון</ItemName>
      <ManufactureName>טמפו משקאות בע`מ</ManufactureName>
      <ManufactureCountry />
      <ManufactureItemDescription />
      <UnitQty>'יח</UnitQty>
      <Quantity>15</Quantity>
      <UnitMeasure>ל-100 מ"ל</UnitMeasure>
      <BisWeighted>0</BisWeighted>
      <QtyInPackage>12</QtyInPackage>
      <ItemPrice>7.80</ItemPrice>
      <UnitOfMeasurePrice>0.50</UnitOfMeasurePrice>
      <AllowDiscount>0</AllowDiscount>
      <itemStatus>1</itemStatus>
      <LastUpdateDate />
      <LastUpdateTime />
    </Product>
    <Product>
      <PriceUpdateDate>2022/02/14 14:00</PriceUpdateDate>
      <ItemCode>7290000136776</ItemCode>
      <ItemType>1</ItemType>
      <ItemName>פפסי מקס 1.5ל`*6יח פיקדון</ItemName>
      <ManufactureName>טמפו משקאות בע`מ</ManufactureName>
      <ManufactureCountry />
      <ManufactureItemDescription />
      <UnitQty>'יח</UnitQty>
      <Quantity>90</Quantity>
      <UnitMeasure>ל-100 מ"ל</UnitMeasure>
      <BisWeighted>0</BisWeighted>
      <QtyInPackage>1</QtyInPackage>
      <ItemPrice>39.90</ItemPrice>
      <UnitOfMeasurePrice>0.42</UnitOfMeasurePrice>
      <AllowDiscount>0</AllowDiscount>
      <itemStatus>1</itemStatus>
      <LastUpdateDate />
      <LastUpdateTime />
    </Product>
    <Product>
      <PriceUpdateDate>2022/06/22 12:57</PriceUpdateDate>
      <ItemCode>7290000136790</ItemCode>
      <ItemType>1</ItemType>
      <ItemName>טמפו מי סודה 6*1.5 ליטר פיקדון</ItemName>
      <ManufactureName>טמפו משקאות בע`מ</ManufactureName>
      <ManufactureCountry />
      <ManufactureItemDescription />
      <UnitQty>'יח</UnitQty>
      <Quantity>90</Quantity>
      <UnitMeasure>ל-100 מ"ל</UnitMeasure>
      <BisWeighted>0</BisWeighted>
      <QtyInPackage>1</QtyInPackage>
      <ItemPrice>17.90</ItemPrice>
      <UnitOfMeasurePrice>0.18</UnitOfMeasurePrice>
      <AllowDiscount>0</AllowDiscount>
      <itemStatus>1</itemStatus>
      <LastUpdateDate />
      <LastUpdateTime />
    </Product>
    <Product>
      <PriceUpdateDate>2022/07/18 20:29</PriceUpdateDate>
      <ItemCode>7290000136844</ItemCode>
      <ItemType>1</ItemType>
      <ItemName>אקווה נובה מים מזוככים 6*2ל</ItemName>
      <ManufactureName>טמפו משקאות בע`מ</ManufactureName>
      <ManufactureCountry />
      <ManufactureItemDescription />
      <UnitQty>'יח</UnitQty>
      <Quantity>120</Quantity>
      <UnitMeasure>ל-100 מ"ל</UnitMeasure>
      <BisWeighted>0</BisWeighted>
      <QtyInPackage>1</QtyInPackage>
      <ItemPrice>12.90</ItemPrice>
      <UnitOfMeasurePrice>0.09</UnitOfMeasurePrice>
      <AllowDiscount>0</AllowDiscount>
      <itemStatus>1</itemStatus>
      <LastUpdateDate />
      <LastUpdateTime />
    </Product>
    <Product>
      <PriceUpdateDate>2022/01/09 15:44</PriceUpdateDate>
      <ItemCode>7290000136851</ItemCode>
      <ItemType>1</ItemType>
      <ItemName>משקה 7UP בקבוק 1.5 ליטר</ItemName>
      <ManufactureName>טמפו משקאות בע`מ</ManufactureName>
      <ManufactureCountry />
      <ManufactureItemDescription />
      <UnitQty>'יח</UnitQty>
      <Quantity>15</Quantity>
      <UnitMeasure>ל-100 מ"ל</UnitMeasure>
      <BisWeighted>0</BisWeighted>
      <QtyInPackage>12</QtyInPackage>
      <ItemPrice>7.60</ItemPrice>
      <UnitOfMeasurePrice>0.49</UnitOfMeasurePrice>
      <AllowDiscount>0</AllowDiscount>
      <itemStatus>1</itemStatus>
      <LastUpdateDate />
      <LastUpdateTime />
    </Product>
    <Product>
      <PriceUpdateDate>2022/07/07 19:37</PriceUpdateDate>
      <ItemCode>7290000136868</ItemCode>
      <ItemType>1</ItemType>
      <ItemName>סאן בנדטו מים מינרלים שקט 6*1.5ל פיקדו</ItemName>
      <ManufactureName>טמפו משקאות בע`מ</ManufactureName>
      <ManufactureCountry />
      <ManufactureItemDescription />
      <UnitQty>'יח</UnitQty>
      <Quantity>90</Quantity>
      <UnitMeasure>ל-100 מ"ל</UnitMeasure>
      <BisWeighted>0</BisWeighted>
      <QtyInPackage>1</QtyInPackage>
      <ItemPrice>18.90</ItemPrice>
      <UnitOfMeasurePrice>0.19</UnitOfMeasurePrice>
      <AllowDiscount>0</AllowDiscount>
      <itemStatus>1</itemStatus>
      <LastUpdateDate />
      <LastUpdateTime />
    </Product>
    <Product>
      <PriceUpdateDate>2022/07/18 20:29</PriceUpdateDate>
      <ItemCode>7290000136875</ItemCode>
      <ItemType>1</ItemType>
      <ItemName>סאן בנדטו מים מינרלים מוגז 6*1.5ל פיקדון</ItemName>
      <ManufactureName>טמפו משקאות בע`מ</ManufactureName>
      <ManufactureCountry />
      <ManufactureItemDescription />
      <UnitQty>'יח</UnitQty>
      <Quantity>90</Quantity>
      <UnitMeasure>ל-100 מ"ל</UnitMeasure>
      <BisWeighted>0</BisWeighted>
      <QtyInPackage>1</QtyInPackage>
      <ItemPrice>19.90</ItemPrice>
      <UnitOfMeasurePrice>0.20</UnitOfMeasurePrice>
      <AllowDiscount>0</AllowDiscount>
      <itemStatus>1</itemStatus>
      <LastUpdateDate />
      <LastUpdateTime />
    </Product>
    <Product>
      <PriceUpdateDate>2022/01/09 15:44</PriceUpdateDate>
      <ItemCode>7290000136943</ItemCode>
      <ItemType>1</ItemType>
      <ItemName>פפסי מקס בקבוק שישייה  5+1 מתנה 1.5 ל`</ItemName>
      <ManufactureName>טמפו משקאות בע`מ</ManufactureName>
      <ManufactureCountry />
      <ManufactureItemDescription />
      <UnitQty>'יח</UnitQty>
      <Quantity>90</Quantity>
      <UnitMeasure>ל-100 מ"ל</UnitMeasure>
      <BisWeighted>0</BisWeighted>
      <QtyInPackage>1</QtyInPackage>
      <ItemPrice>44.90</ItemPrice>
      <UnitOfMeasurePrice>0.48</UnitOfMeasurePrice>
      <AllowDiscount>0</AllowDiscount>
      <itemStatus>1</itemStatus>
      <LastUpdateDate />
      <LastUpdateTime />
    </Product>
    <Product>
      <PriceUpdateDate>2022/09/08 09:28</PriceUpdateDate>
      <ItemCode>7290000318189</ItemCode>
      <ItemType>1</ItemType>
      <ItemName>פסטרמה ברביקיו על האש 300 גרם</ItemName>
      <ManufactureName>מעדני יחיעם ( 1993 ) בע`מ</ManufactureName>
      <ManufactureCountry />
      <ManufactureItemDescription />
      <UnitQty>'יח</UnitQty>
      <Quantity>3</Quantity>
      <UnitMeasure>ל-100 גרם</UnitMeasure>
      <BisWeighted>0</BisWeighted>
      <QtyInPackage>1</QtyInPackage>
      <ItemPrice>29.90</ItemPrice>
      <UnitOfMeasurePrice>9.97</UnitOfMeasurePrice>
      <AllowDiscount>1</AllowDiscount>
      <itemStatus>1</itemStatus>
      <LastUpdateDate />
      <LastUpdateTime />
    </Product>
    <Product>
      <PriceUpdateDate>2022/07/04 08:43</PriceUpdateDate>
      <ItemCode>7290000490625</ItemCode>
      <ItemType>1</ItemType>
      <ItemName>מצופים שלגון מצופה בטעם שוקו שמיניה</ItemName>
      <ManufactureName>פלקו בעמ חברה ישראלית</ManufactureName>
      <ManufactureCountry />
      <ManufactureItemDescription />
      <UnitQty>'יח</UnitQty>
      <Quantity>1</Quantity>
      <UnitMeasure>ל-100 גרם</UnitMeasure>
      <BisWeighted>0</BisWeighted>
      <QtyInPackage>1</QtyInPackage>
      <ItemPrice>22.90</ItemPrice>
      <UnitOfMeasurePrice>22.90</UnitOfMeasurePrice>
      <AllowDiscount>1</AllowDiscount>
      <itemStatus>1</itemStatus>
      <LastUpdateDate />
      <LastUpdateTime />
    </Product>
    <Product>
      <PriceUpdateDate>2022/11/01 11:47</PriceUpdateDate>
      <ItemCode>7290001053140</ItemCode>
      <ItemType>1</ItemType>
      <ItemName>קוד פילה בוואקום</ItemName>
      <ManufactureName>בלדי בע`מ</ManufactureName>
      <ManufactureCountry />
      <ManufactureItemDescription />
      <UnitQty>ק"ג</UnitQty>
      <Quantity>1</Quantity>
      <UnitMeasure>ק"ג</UnitMeasure>
      <BisWeighted>1</BisWeighted>
      <QtyInPackage>1</QtyInPackage>
      <ItemPrice>49.90</ItemPrice>
      <UnitOfMeasurePrice>49.90</UnitOfMeasurePrice>
      <AllowDiscount>0</AllowDiscount>
      <itemStatus>1</itemStatus>
      <LastUpdateDate />
      <LastUpdateTime />
    </Product>
    <Product>
      <PriceUpdateDate>2022/05/16 12:56</PriceUpdateDate>
      <ItemCode>7290001133088</ItemCode>
      <ItemType>1</ItemType>
      <ItemName>פילה אמנון 9-11 בוואקום</ItemName>
      <ManufactureName>בלדי בע`מ</ManufactureName>
      <ManufactureCountry />
      <ManufactureItemDescription />
      <UnitQty>ק"ג</UnitQty>
      <Quantity>1</Quantity>
      <UnitMeasure>ל-100 גרם</UnitMeasure>
      <BisWeighted>1</BisWeighted>
      <QtyInPackage>1</QtyInPackage>
      <ItemPrice>34.90</ItemPrice>
      <UnitOfMeasurePrice>34.90</UnitOfMeasurePrice>
      <AllowDiscount>0</AllowDiscount>
      <itemStatus>1</itemStatus>
      <LastUpdateDate />
      <LastUpdateTime />
    </Product>
    <Product>
      <PriceUpdateDate>2022/07/17 20:58</PriceUpdateDate>
      <ItemCode>7290001216040</ItemCode>
      <ItemType>1</ItemType>
      <ItemName>טחינה גולמית 500 גרם</ItemName>
      <ManufactureName>סוגת</ManufactureName>
      <ManufactureCountry />
      <ManufactureItemDescription />
      <UnitQty>'יח</UnitQty>
      <Quantity>1</Quantity>
      <UnitMeasure>'יח</UnitMeasure>
      <BisWeighted>0</BisWeighted>
      <QtyInPackage>1</QtyInPackage>
      <ItemPrice>15.90</ItemPrice>
      <UnitOfMeasurePrice>15.90</UnitOfMeasurePrice>
      <AllowDiscount>0</AllowDiscount>
      <itemStatus>1</itemStatus>
      <LastUpdateDate />
      <LastUpdateTime />
    </Product>
    <Product>
      <PriceUpdateDate>2022/07/04 08:43</PriceUpdateDate>
      <ItemCode>7290001274422</ItemCode>
      <ItemType>1</ItemType>
      <ItemName>מצופים שלגון מצופה בטעם בננה שמיניה</ItemName>
      <ManufactureName>פלקו בעמ חברה ישראלית</ManufactureName>
      <ManufactureCountry />
      <ManufactureItemDescription />
      <UnitQty>'יח</UnitQty>
      <Quantity>1</Quantity>
      <UnitMeasure>ל-100 גרם</UnitMeasure>
      <BisWeighted>0</BisWeighted>
      <QtyInPackage>1</QtyInPackage>
      <ItemPrice>22.90</ItemPrice>
      <UnitOfMeasurePrice>22.90</UnitOfMeasurePrice>
      <AllowDiscount>1</AllowDiscount>
      <itemStatus>1</itemStatus>
      <LastUpdateDate />
      <LastUpdateTime />
    </Product>
    <Product>
      <PriceUpdateDate>2022/11/01 11:47</PriceUpdateDate>
      <ItemCode>7290001436059</ItemCode>
      <ItemType>1</ItemType>
      <ItemName>אוסובוקו עם עצם פרוס ארוז</ItemName>
      <ManufactureName>בלדי בע`מ</ManufactureName>
      <ManufactureCountry />
      <ManufactureItemDescription />
      <UnitQty>ק"ג</UnitQty>
      <Quantity>1</Quantity>
      <UnitMeasure>ק"ג</UnitMeasure>
      <BisWeighted>1</BisWeighted>
      <QtyInPackage>1</QtyInPackage>
      <ItemPrice>49.90</ItemPrice>
      <UnitOfMeasurePrice>49.90</UnitOfMeasurePrice>
      <AllowDiscount>0</AllowDiscount>
      <itemStatus>1</itemStatus>
      <LastUpdateDate />
      <LastUpdateTime />
    </Product>
    <Product>
      <PriceUpdateDate>2022/09/22 11:00</PriceUpdateDate>
      <ItemCode>7290001460320</ItemCode>
      <ItemType>1</ItemType>
      <ItemName>בשר ראש עגל</ItemName>
      <ManufactureName>בלדי בע`מ</ManufactureName>
      <ManufactureCountry />
      <ManufactureItemDescription />
      <UnitQty>ק"ג</UnitQty>
      <Quantity>1</Quantity>
      <UnitMeasure />
      <BisWeighted>1</BisWeighted>
      <QtyInPackage>1</QtyInPackage>
      <ItemPrice>69.90</ItemPrice>
      <UnitOfMeasurePrice>69.90</UnitOfMeasurePrice>
      <AllowDiscount>0</AllowDiscount>
      <itemStatus>1</itemStatus>
      <LastUpdateDate />
      <LastUpdateTime />
    </Product>
    <Product>
      <PriceUpdateDate>2022/06/15 06:54</PriceUpdateDate>
      <ItemCode>7290001523506</ItemCode>
      <ItemType>1</ItemType>
      <ItemName>קטלן מוסקיטו 4W</ItemName>
      <ManufactureName>ד.ש.ש אלקטרוניקה בעמ`</ManufactureName>
      <ManufactureCountry />
      <ManufactureItemDescription />
      <UnitQty>'יח</UnitQty>
      <Quantity>1</Quantity>
      <UnitMeasure>'יח</UnitMeasure>
      <BisWeighted>0</BisWeighted>
      <QtyInPackage>1</QtyInPackage>
      <ItemPrice>59.90</ItemPrice>
      <UnitOfMeasurePrice>59.90</UnitOfMeasurePrice>
      <AllowDiscount>0</AllowDiscount>
      <itemStatus>1</itemStatus>
      <LastUpdateDate />
      <LastUpdateTime />
    </Product>
    <Product>
      <PriceUpdateDate>2022/06/27 14:44</PriceUpdateDate>
      <ItemCode>7290001532195</ItemCode>
      <ItemType>1</ItemType>
      <ItemName>מקרל מעושן בואקום שקיל</ItemName>
      <ManufactureName>ירין חזון שיווק ומזון</ManufactureName>
      <ManufactureCountry />
      <ManufactureItemDescription />
      <UnitQty>ק"ג</UnitQty>
      <Quantity>2</Quantity>
      <UnitMeasure>ל-100 גרם</UnitMeasure>
      <BisWeighted>1</BisWeighted>
      <QtyInPackage>1</QtyInPackage>
      <ItemPrice>69.90</ItemPrice>
      <UnitOfMeasurePrice>34.95</UnitOfMeasurePrice>
      <AllowDiscount>0</AllowDiscount>
      <itemStatus>1</itemStatus>
      <LastUpdateDate />
      <LastUpdateTime />
    </Product>
    <Product>
      <PriceUpdateDate>2022/06/27 14:44</PriceUpdateDate>
      <ItemCode>7290001532249</ItemCode>
      <ItemType>1</ItemType>
      <ItemName>מקרוסקה בואקום שקיל</ItemName>
      <ManufactureName>ירין חזון שיווק ומזון</ManufactureName>
      <ManufactureCountry />
      <ManufactureItemDescription />
      <UnitQty>ק"ג</UnitQty>
      <Quantity>2</Quantity>
      <UnitMeasure>ל-100 גרם</UnitMeasure>
      <BisWeighted>1</BisWeighted>
      <QtyInPackage>1</QtyInPackage>
      <ItemPrice>109.90</ItemPrice>
      <UnitOfMeasurePrice>54.95</UnitOfMeasurePrice>
      <AllowDiscount>0</AllowDiscount>
      <itemStatus>1</itemStatus>
      <LastUpdateDate />
      <LastUpdateTime />
    </Product>
    <Product>
      <PriceUpdateDate>2022/08/05 13:48</PriceUpdateDate>
      <ItemCode>7290001548110</ItemCode>
      <ItemType>1</ItemType>
      <ItemName>סלט חצילים סלוניקי 250 גרם</ItemName>
      <ManufactureName>ירין חזון שיווק ומזון</ManufactureName>
      <ManufactureCountry />
      <ManufactureItemDescription />
      <UnitQty>'יח</UnitQty>
      <Quantity>2.50</Quantity>
      <UnitMeasure>ל-100 גרם</UnitMeasure>
      <BisWeighted>0</BisWeighted>
      <QtyInPackage>1</QtyInPackage>
      <ItemPrice>14.90</ItemPrice>
      <UnitOfMeasurePrice>5.96</UnitOfMeasurePrice>
      <AllowDiscount>0</AllowDiscount>
      <itemStatus>1</itemStatus>
      <LastUpdateDate />
      <LastUpdateTime />
    </Product>
    <Product>
      <PriceUpdateDate>2022/08/05 13:48</PriceUpdateDate>
      <ItemCode>7290001548233</ItemCode>
      <ItemType>1</ItemType>
      <ItemName>סלט חצילים מחנה יהודה 250 גרם</ItemName>
      <ManufactureName>ירין חזון שיווק ומזון</ManufactureName>
      <ManufactureCountry />
      <ManufactureItemDescription />
      <UnitQty>'יח</UnitQty>
      <Quantity>2.50</Quantity>
      <UnitMeasure>ל-100 גרם</UnitMeasure>
      <BisWeighted>0</BisWeighted>
      <QtyInPackage>1</QtyInPackage>
      <ItemPrice>14.90</ItemPrice>
      <UnitOfMeasurePrice>5.96</UnitOfMeasurePrice>
      <AllowDiscount>0</AllowDiscount>
      <itemStatus>1</itemStatus>
      <LastUpdateDate />
      <LastUpdateTime />
    </Product>
    <Product>
      <PriceUpdateDate>2022/08/05 13:48</PriceUpdateDate>
      <ItemCode>7290001548356</ItemCode>
      <ItemType>1</ItemType>
      <ItemName>סלט חצילים במיונז בייתי 250 גרם</ItemName>
      <ManufactureName>ירין חזון שיווק ומזון</ManufactureName>
      <ManufactureCountry />
      <ManufactureItemDescription />
      <UnitQty>'יח</UnitQty>
      <Quantity>2.50</Quantity>
      <UnitMeasure>ל-100 גרם</UnitMeasure>
      <BisWeighted>0</BisWeighted>
      <QtyInPackage>1</QtyInPackage>
      <ItemPrice>14.90</ItemPrice>
      <UnitOfMeasurePrice>5.96</UnitOfMeasurePrice>
      <AllowDiscount>0</AllowDiscount>
      <itemStatus>1</itemStatus>
      <LastUpdateDate />
      <LastUpdateTime />
    </Product>
    <Product>
      <PriceUpdateDate>2022/08/05 13:48</PriceUpdateDate>
      <ItemCode>7290001548400</ItemCode>
      <ItemType>1</ItemType>
      <ItemName>חומוס זהב מונטה קרלו 250 גרם</ItemName>
      <ManufactureName>ירין חזון שיווק ומזון</ManufactureName>
      <ManufactureCountry />
      <ManufactureItemDescription />
      <UnitQty>'יח</UnitQty>
      <Quantity>2.50</Quantity>
      <UnitMeasure>ל-100 גרם</UnitMeasure>
      <BisWeighted>0</BisWeighted>
      <QtyInPackage>1</QtyInPackage>
      <ItemPrice>9.90</ItemPrice>
      <UnitOfMeasurePrice>3.96</UnitOfMeasurePrice>
      <AllowDiscount>0</AllowDiscount>
      <itemStatus>1</itemStatus>
      <LastUpdateDate />
      <LastUpdateTime />
    </Product>
    <Product>
      <PriceUpdateDate>2021/10/20 19:07</PriceUpdateDate>
      <ItemCode>7290001713242</ItemCode>
      <ItemType>1</ItemType>
      <ItemName>שקיות אשפה 25 יח 75*90 עם ידית</ItemName>
      <ManufactureName>קומפלקס כימקלים בעמ`</ManufactureName>
      <ManufactureCountry />
      <ManufactureItemDescription />
      <UnitQty>'יח</UnitQty>
      <Quantity>1</Quantity>
      <UnitMeasure />
      <BisWeighted>0</BisWeighted>
      <QtyInPackage>1</QtyInPackage>
      <ItemPrice>11.90</ItemPrice>
      <UnitOfMeasurePrice>11.90</UnitOfMeasurePrice>
      <AllowDiscount>1</AllowDiscount>
      <itemStatus>1</itemStatus>
      <LastUpdateDate />
      <LastUpdateTime />
    </Product>
    <Product>
      <PriceUpdateDate>2021/08/08 13:53</PriceUpdateDate>
      <ItemCode>7290001713815</ItemCode>
      <ItemType>1</ItemType>
      <ItemName>מרכך כביסה בניחוח מלון מפנק 1 ליטר</ItemName>
      <ManufactureName>קומפלקס כימקלים בעמ`</ManufactureName>
      <ManufactureCountry />
      <ManufactureItemDescription />
      <UnitQty>'יח</UnitQty>
      <Quantity>10</Quantity>
      <UnitMeasure>ל-100 מ"ל</UnitMeasure>
      <BisWeighted>0</BisWeighted>
      <QtyInPackage>1</QtyInPackage>
      <ItemPrice>11.90</ItemPrice>
      <UnitOfMeasurePrice>1.19</UnitOfMeasurePrice>
      <AllowDiscount>1</AllowDiscount>
      <itemStatus>1</itemStatus>
      <LastUpdateDate />
      <LastUpdateTime />
    </Product>
    <Product>
      <PriceUpdateDate>2022/10/18 14:59</PriceUpdateDate>
      <ItemCode>7290002103103</ItemCode>
      <ItemType>1</ItemType>
      <ItemName>בוקסר לגבר</ItemName>
      <ManufactureName>הום פרפקט ק.ד.מ בעמ</ManufactureName>
      <ManufactureCountry />
      <ManufactureItemDescription />
      <UnitQty>'יח</UnitQty>
      <Quantity>1</Quantity>
      <UnitMeasure />
      <BisWeighted>0</BisWeighted>
      <QtyInPackage>1</QtyInPackage>
      <ItemPrice>14.90</ItemPrice>
      <UnitOfMeasurePrice>14.90</UnitOfMeasurePrice>
      <AllowDiscount>1</AllowDiscount>
      <itemStatus>1</itemStatus>
      <LastUpdateDate />
      <LastUpdateTime />
    </Product>
    <Product>
      <PriceUpdateDate>2022/07/25 15:03</PriceUpdateDate>
      <ItemCode>7290002757757</ItemCode>
      <ItemType>1</ItemType>
      <ItemName>מלוואח 700 גרם</ItemName>
      <ManufactureName>נטו מלינדה סחר בע`מ</ManufactureName>
      <ManufactureCountry />
      <ManufactureItemDescription />
      <UnitQty>'יח</UnitQty>
      <Quantity>7</Quantity>
      <UnitMeasure>ל-100 גרם</UnitMeasure>
      <BisWeighted>0</BisWeighted>
      <QtyInPackage>1</QtyInPackage>
      <ItemPrice>13.90</ItemPrice>
      <UnitOfMeasurePrice>1.99</UnitOfMeasurePrice>
      <AllowDiscount>0</AllowDiscount>
      <itemStatus>1</itemStatus>
      <LastUpdateDate />
      <LastUpdateTime />
    </Product>
    <Product>
      <PriceUpdateDate>2021/10/20 19:07</PriceUpdateDate>
      <ItemCode>7290002814481</ItemCode>
      <ItemType>1</ItemType>
      <ItemName>שקיות מזון 150*3</ItemName>
      <ManufactureName>קומפלקס כימקלים בעמ`</ManufactureName>
      <ManufactureCountry />
      <ManufactureItemDescription />
      <UnitQty>'יח</UnitQty>
      <Quantity>1</Quantity>
      <UnitMeasure>'יח</UnitMeasure>
      <BisWeighted>0</BisWeighted>
      <QtyInPackage>1</QtyInPackage>
      <ItemPrice>11.90</ItemPrice>
      <UnitOfMeasurePrice>11.90</UnitOfMeasurePrice>
      <AllowDiscount>1</AllowDiscount>
      <itemStatus>1</itemStatus>
      <LastUpdateDate />
      <LastUpdateTime />
    </Product>
    <Product>
      <PriceUpdateDate>2022/08/21 20:33</PriceUpdateDate>
      <ItemCode>7290002814948</ItemCode>
      <ItemType>1</ItemType>
      <ItemName>מגבוני דלי לרצפה 50 יח סנט מוריץ</ItemName>
      <ManufactureName>קומפלקס כימקלים בעמ`</ManufactureName>
      <ManufactureCountry />
      <ManufactureItemDescription />
      <UnitQty>'יח</UnitQty>
      <Quantity>1</Quantity>
      <UnitMeasure>'יח</UnitMeasure>
      <BisWeighted>0</BisWeighted>
      <QtyInPackage>1</QtyInPackage>
      <ItemPrice>29.90</ItemPrice>
      <UnitOfMeasurePrice>29.90</UnitOfMeasurePrice>
      <AllowDiscount>1</AllowDiscount>
      <itemStatus>1</itemStatus>
      <LastUpdateDate />
      <LastUpdateTime />
    </Product>
    <Product>
      <PriceUpdateDate>2022/08/21 20:33</PriceUpdateDate>
      <ItemCode>7290002814986</ItemCode>
      <ItemType>1</ItemType>
      <ItemName>מגבונים לניקוי כללי בדלי סנט מוריץ</ItemName>
      <ManufactureName>קומפלקס כימקלים בעמ`</ManufactureName>
      <ManufactureCountry />
      <ManufactureItemDescription />
      <UnitQty>'יח</UnitQty>
      <Quantity>1</Quantity>
      <UnitMeasure>'יח</UnitMeasure>
      <BisWeighted>0</BisWeighted>
      <QtyInPackage>1</QtyInPackage>
      <ItemPrice>19.90</ItemPrice>
      <UnitOfMeasurePrice>19.90</UnitOfMeasurePrice>
      <AllowDiscount>0</AllowDiscount>
      <itemStatus>1</itemStatus>
      <LastUpdateDate />
      <LastUpdateTime />
    </Product>
    <Product>
      <PriceUpdateDate>2022/09/12 14:39</PriceUpdateDate>
      <ItemCode>7290002977155</ItemCode>
      <ItemType>1</ItemType>
      <ItemName>קמח מלא 100% ללא ניפוי 1 ק"ג</ItemName>
      <ManufactureName>הטחנות הגדולות של ארץ ישראל בע</ManufactureName>
      <ManufactureCountry />
      <ManufactureItemDescription />
      <UnitQty>'יח</UnitQty>
      <Quantity>1</Quantity>
      <UnitMeasure>'יח</UnitMeasure>
      <BisWeighted>0</BisWeighted>
      <QtyInPackage>1</QtyInPackage>
      <ItemPrice>6.90</ItemPrice>
      <UnitOfMeasurePrice>6.90</UnitOfMeasurePrice>
      <AllowDiscount>0</AllowDiscount>
      <itemStatus>1</itemStatus>
      <LastUpdateDate />
      <LastUpdateTime />
    </Product>
    <Product>
      <PriceUpdateDate>2022/09/12 14:39</PriceUpdateDate>
      <ItemCode>7290002977377</ItemCode>
      <ItemType>1</ItemType>
      <ItemName>קמח כוסמין לבן ללא ניפוי 1 ק"ג</ItemName>
      <ManufactureName>הטחנות הגדולות של ארץ ישראל בע</ManufactureName>
      <ManufactureCountry />
      <ManufactureItemDescription />
      <UnitQty>'יח</UnitQty>
      <Quantity>1</Quantity>
      <UnitMeasure>'יח</UnitMeasure>
      <BisWeighted>0</BisWeighted>
      <QtyInPackage>1</QtyInPackage>
      <ItemPrice>13.90</ItemPrice>
      <UnitOfMeasurePrice>13.90</UnitOfMeasurePrice>
      <AllowDiscount>0</AllowDiscount>
      <itemStatus>1</itemStatus>
      <LastUpdateDate />
      <LastUpdateTime />
    </Product>
    <Product>
      <PriceUpdateDate>2022/09/12 14:39</PriceUpdateDate>
      <ItemCode>7290002977407</ItemCode>
      <ItemType>1</ItemType>
      <ItemName>קמח חלה לבן מעושר ללא ניפוי 1 ק"ג</ItemName>
      <ManufactureName>הטחנות הגדולות של ארץ ישראל בע</ManufactureName>
      <ManufactureCountry />
      <ManufactureItemDescription />
      <UnitQty>'יח</UnitQty>
      <Quantity>1</Quantity>
      <UnitMeasure>'יח</UnitMeasure>
      <BisWeighted>0</BisWeighted>
      <QtyInPackage>1</QtyInPackage>
      <ItemPrice>7.90</ItemPrice>
      <UnitOfMeasurePrice>7.90</UnitOfMeasurePrice>
      <AllowDiscount>0</AllowDiscount>
      <itemStatus>1</itemStatus>
      <LastUpdateDate />
      <LastUpdateTime />
    </Product>
    <Product>
      <PriceUpdateDate>2022/09/12 14:39</PriceUpdateDate>
      <ItemCode>7290002977438</ItemCode>
      <ItemType>1</ItemType>
      <ItemName>קמח חיטה 70% ללא ניפוי 1 ק"ג</ItemName>
      <ManufactureName>הטחנות הגדולות של ארץ ישראל בע</ManufactureName>
      <ManufactureCountry />
      <ManufactureItemDescription />
      <UnitQty>'יח</UnitQty>
      <Quantity>1</Quantity>
      <UnitMeasure>'יח</UnitMeasure>
      <BisWeighted>0</BisWeighted>
      <QtyInPackage>1</QtyInPackage>
      <ItemPrice>6.90</ItemPrice>
      <UnitOfMeasurePrice>6.90</UnitOfMeasurePrice>
      <AllowDiscount>0</AllowDiscount>
      <itemStatus>1</itemStatus>
      <LastUpdateDate />
      <LastUpdateTime />
    </Product>
    <Product>
      <PriceUpdateDate>2022/10/12 14:24</PriceUpdateDate>
      <ItemCode>7290002977537</ItemCode>
      <ItemType>1</ItemType>
      <ItemName>קמח מניטובה לבן ללא צורך בניפוי</ItemName>
      <ManufactureName>הטחנות הגדולות של ארץ ישראל בע</ManufactureName>
      <ManufactureCountry />
      <ManufactureItemDescription />
      <UnitQty>'יח</UnitQty>
      <Quantity>1</Quantity>
      <UnitMeasure>ק"ג</UnitMeasure>
      <BisWeighted>0</BisWeighted>
      <QtyInPackage>1</QtyInPackage>
      <ItemPrice>10.90</ItemPrice>
      <UnitOfMeasurePrice>10.90</UnitOfMeasurePrice>
      <AllowDiscount>0</AllowDiscount>
      <itemStatus>1</itemStatus>
      <LastUpdateDate />
      <LastUpdateTime />
    </Product>
    <Product>
      <PriceUpdateDate>2022/07/18 16:24</PriceUpdateDate>
      <ItemCode>7290003035632</ItemCode>
      <ItemType>1</ItemType>
      <ItemName>פילה מושט ללא עור 7-9</ItemName>
      <ManufactureName>ג.ת שווק בן בקר בע`מ</ManufactureName>
      <ManufactureCountry />
      <ManufactureItemDescription />
      <UnitQty>ק"ג</UnitQty>
      <Quantity>1</Quantity>
      <UnitMeasure>ל-100 גרם</UnitMeasure>
      <BisWeighted>1</BisWeighted>
      <QtyInPackage>1</QtyInPackage>
      <ItemPrice>34.90</ItemPrice>
      <UnitOfMeasurePrice>34.90</UnitOfMeasurePrice>
      <AllowDiscount>1</AllowDiscount>
      <itemStatus>1</itemStatus>
      <LastUpdateDate />
      <LastUpdateTime />
    </Product>
    <Product>
      <PriceUpdateDate>2022/07/07 07:19</PriceUpdateDate>
      <ItemCode>7290003461677</ItemCode>
      <ItemType>1</ItemType>
      <ItemName>חומוס אסלי ק"ג</ItemName>
      <ManufactureName>סלטי שמיר</ManufactureName>
      <ManufactureCountry />
      <ManufactureItemDescription />
      <UnitQty>'יח</UnitQty>
      <Quantity>10</Quantity>
      <UnitMeasure>ל-100 גרם</UnitMeasure>
      <BisWeighted>0</BisWeighted>
      <QtyInPackage>1</QtyInPackage>
      <ItemPrice>14.90</ItemPrice>
      <UnitOfMeasurePrice>1.49</UnitOfMeasurePrice>
      <AllowDiscount>1</AllowDiscount>
      <itemStatus>1</itemStatus>
      <LastUpdateDate />
      <LastUpdateTime />
    </Product>
    <Product>
      <PriceUpdateDate>2022/07/07 07:19</PriceUpdateDate>
      <ItemCode>7290003461868</ItemCode>
      <ItemType>1</ItemType>
      <ItemName>חציל במיונז אסלי ק"ג</ItemName>
      <ManufactureName>סלטי שמיר</ManufactureName>
      <ManufactureCountry />
      <ManufactureItemDescription />
      <UnitQty>'יח</UnitQty>
      <Quantity>10</Quantity>
      <UnitMeasure>ל-100 גרם</UnitMeasure>
      <BisWeighted>0</BisWeighted>
      <QtyInPackage>1</QtyInPackage>
      <ItemPrice>14.90</ItemPrice>
      <UnitOfMeasurePrice>1.49</UnitOfMeasurePrice>
      <AllowDiscount>1</AllowDiscount>
      <itemStatus>1</itemStatus>
      <LastUpdateDate />
      <LastUpdateTime />
    </Product>
    <Product>
      <PriceUpdateDate>2021/06/08 15:01</PriceUpdateDate>
      <ItemCode>7290004228804</ItemCode>
      <ItemType>1</ItemType>
      <ItemName>עלי בצק  לסיגר[פסטליה]</ItemName>
      <ManufactureName>נטו מלינדה סחר בע`מ</ManufactureName>
      <ManufactureCountry />
      <ManufactureItemDescription />
      <UnitQty>'יח</UnitQty>
      <Quantity>9</Quantity>
      <UnitMeasure>ל-100 גרם</UnitMeasure>
      <BisWeighted>0</BisWeighted>
      <QtyInPackage>1</QtyInPackage>
      <ItemPrice>12.90</ItemPrice>
      <UnitOfMeasurePrice>1.43</UnitOfMeasurePrice>
      <AllowDiscount>0</AllowDiscount>
      <itemStatus>1</itemStatus>
      <LastUpdateDate />
      <LastUpdateTime />
    </Product>
    <Product>
      <PriceUpdateDate>2022/05/06 10:50</PriceUpdateDate>
      <ItemCode>7290004544102</ItemCode>
      <ItemType>1</ItemType>
      <ItemName>עוגיות תמר טבעות בטעם לימון 500 גר`</ItemName>
      <ManufactureName>מאפית אריאל שיווק והפצה</ManufactureName>
      <ManufactureCountry />
      <ManufactureItemDescription />
      <UnitQty>'יח</UnitQty>
      <Quantity>5</Quantity>
      <UnitMeasure>ל-100 גרם</UnitMeasure>
      <BisWeighted>0</BisWeighted>
      <QtyInPackage>1</QtyInPackage>
      <ItemPrice>12.90</ItemPrice>
      <UnitOfMeasurePrice>2.58</UnitOfMeasurePrice>
      <AllowDiscount>1</AllowDiscount>
      <itemStatus>1</itemStatus>
      <LastUpdateDate />
      <LastUpdateTime />
    </Product>
    <Product>
      <PriceUpdateDate>2022/05/06 10:50</PriceUpdateDate>
      <ItemCode>7290004544119</ItemCode>
      <ItemType>1</ItemType>
      <ItemName>עוגיות תמר טבעות עם שומשום 500 גר`</ItemName>
      <ManufactureName>מאפית אריאל שיווק והפצה</ManufactureName>
      <ManufactureCountry />
      <ManufactureItemDescription />
      <UnitQty>'יח</UnitQty>
      <Quantity>5</Quantity>
      <UnitMeasure>ל-100 גרם</UnitMeasure>
      <BisWeighted>0</BisWeighted>
      <QtyInPackage>1</QtyInPackage>
      <ItemPrice>12.90</ItemPrice>
      <UnitOfMeasurePrice>2.58</UnitOfMeasurePrice>
      <AllowDiscount>1</AllowDiscount>
      <itemStatus>1</itemStatus>
      <LastUpdateDate />
      <LastUpdateTime />
    </Product>
    <Product>
      <PriceUpdateDate>2022/06/08 10:57</PriceUpdateDate>
      <ItemCode>7290004685478</ItemCode>
      <ItemType>1</ItemType>
      <ItemName>פיתות כוסמין 10 יח בשקית 550 גרם</ItemName>
      <ManufactureName>מאפיית י.את א. ברמן בעמ</ManufactureName>
      <ManufactureCountry />
      <ManufactureItemDescription />
      <UnitQty>'יח</UnitQty>
      <Quantity>5.50</Quantity>
      <UnitMeasure>ל-100 גרם</UnitMeasure>
      <BisWeighted>0</BisWeighted>
      <QtyInPackage>1</QtyInPackage>
      <ItemPrice>16.90</ItemPrice>
      <UnitOfMeasurePrice>3.07</UnitOfMeasurePrice>
      <AllowDiscount>1</AllowDiscount>
      <itemStatus>1</itemStatus>
      <LastUpdateDate />
      <LastUpdateTime />
    </Product>
    <Product>
      <PriceUpdateDate>2022/05/18 18:31</PriceUpdateDate>
      <ItemCode>7290004846923</ItemCode>
      <ItemType>1</ItemType>
      <ItemName>קבב אסאדו 400 גרם</ItemName>
      <ManufactureName>זהר עופות ובשר בעמ</ManufactureName>
      <ManufactureCountry />
      <ManufactureItemDescription />
      <UnitQty>'יח</UnitQty>
      <Quantity>4</Quantity>
      <UnitMeasure>ל-100 גרם</UnitMeasure>
      <BisWeighted>0</BisWeighted>
      <QtyInPackage>1</QtyInPackage>
      <ItemPrice>24.90</ItemPrice>
      <UnitOfMeasurePrice>6.23</UnitOfMeasurePrice>
      <AllowDiscount>0</AllowDiscount>
      <itemStatus>1</itemStatus>
      <LastUpdateDate />
      <LastUpdateTime />
    </Product>
    <Product>
      <PriceUpdateDate>2022/02/16 07:18</PriceUpdateDate>
      <ItemCode>7290005617454</ItemCode>
      <ItemType>1</ItemType>
      <ItemName>אגוז מלך טחון 100 גר`</ItemName>
      <ManufactureName>בוטנת בעמ חברה לקלייה ואריזת פ</ManufactureName>
      <ManufactureCountry />
      <ManufactureItemDescription />
      <UnitQty>'יח</UnitQty>
      <Quantity>2.50</Quantity>
      <UnitMeasure>ל-100 גרם</UnitMeasure>
      <BisWeighted>0</BisWeighted>
      <QtyInPackage>1</QtyInPackage>
      <ItemPrice>10.90</ItemPrice>
      <UnitOfMeasurePrice>4.36</UnitOfMeasurePrice>
      <AllowDiscount>0</AllowDiscount>
      <itemStatus>1</itemStatus>
      <LastUpdateDate />
      <LastUpdateTime />
    </Product>
    <Product>
      <PriceUpdateDate>2021/07/19 16:59</PriceUpdateDate>
      <ItemCode>7290005684135</ItemCode>
      <ItemType>1</ItemType>
      <ItemName>לחם מחמצת שיפון עם אגוזים 650 גרם</ItemName>
      <ManufactureName>המאפיה של הרמן בעמ</ManufactureName>
      <ManufactureCountry />
      <ManufactureItemDescription />
      <UnitQty>'יח</UnitQty>
      <Quantity>6.50</Quantity>
      <UnitMeasure>ל-100 גרם</UnitMeasure>
      <BisWeighted>0</BisWeighted>
      <QtyInPackage>1</QtyInPackage>
      <ItemPrice>15.90</ItemPrice>
      <UnitOfMeasurePrice>2.45</UnitOfMeasurePrice>
      <AllowDiscount>0</AllowDiscount>
      <itemStatus>1</itemStatus>
      <LastUpdateDate />
      <LastUpdateTime />
    </Product>
    <Product>
      <PriceUpdateDate>2022/10/28 07:54</PriceUpdateDate>
      <ItemCode>7290005996979</ItemCode>
      <ItemType>1</ItemType>
      <ItemName>סלמי פרח 200 גרם</ItemName>
      <ManufactureName>מעדני יחיעם ( 1993 ) בע`מ</ManufactureName>
      <ManufactureCountry />
      <ManufactureItemDescription />
      <UnitQty>'יח</UnitQty>
      <Quantity>1.50</Quantity>
      <UnitMeasure>ל-100 גרם</UnitMeasure>
      <BisWeighted>0</BisWeighted>
      <QtyInPackage>1</QtyInPackage>
      <ItemPrice>23.90</ItemPrice>
      <UnitOfMeasurePrice>15.93</UnitOfMeasurePrice>
      <AllowDiscount>0</AllowDiscount>
      <itemStatus>1</itemStatus>
      <LastUpdateDate />
      <LastUpdateTime />
    </Product>
    <Product>
      <PriceUpdateDate>2022/08/05 13:48</PriceUpdateDate>
      <ItemCode>7290006346643</ItemCode>
      <ItemType>1</ItemType>
      <ItemName>חומוס זעתר 250 גרם</ItemName>
      <ManufactureName>ירין חזון שיווק ומזון</ManufactureName>
      <ManufactureCountry />
      <ManufactureItemDescription />
      <UnitQty>'יח</UnitQty>
      <Quantity>2.50</Quantity>
      <UnitMeasure>ל-100 גרם</UnitMeasure>
      <BisWeighted>0</BisWeighted>
      <QtyInPackage>1</QtyInPackage>
      <ItemPrice>9.90</ItemPrice>
      <UnitOfMeasurePrice>3.96</UnitOfMeasurePrice>
      <AllowDiscount>0</AllowDiscount>
      <itemStatus>1</itemStatus>
      <LastUpdateDate />
      <LastUpdateTime />
    </Product>
    <Product>
      <PriceUpdateDate>2022/08/25 18:19</PriceUpdateDate>
      <ItemCode>7290006666314</ItemCode>
      <ItemType>1</ItemType>
      <ItemName>טחינה 300 גרם</ItemName>
      <ManufactureName>כ.מ.מ שיווק סלטי משני בעמ</ManufactureName>
      <ManufactureCountry />
      <ManufactureItemDescription />
      <UnitQty>'יח</UnitQty>
      <Quantity>1.50</Quantity>
      <UnitMeasure>ל-100 גרם</UnitMeasure>
      <BisWeighted>0</BisWeighted>
      <QtyInPackage>1</QtyInPackage>
      <ItemPrice>12.90</ItemPrice>
      <UnitOfMeasurePrice>8.60</UnitOfMeasurePrice>
      <AllowDiscount>0</AllowDiscount>
      <itemStatus>1</itemStatus>
      <LastUpdateDate />
      <LastUpdateTime />
    </Product>
    <Product>
      <PriceUpdateDate>2022/02/07 12:59</PriceUpdateDate>
      <ItemCode>7290006666338</ItemCode>
      <ItemType>1</ItemType>
      <ItemName>טחינה ירוקה 300 גרם</ItemName>
      <ManufactureName>כ.מ.מ שיווק סלטי משני בעמ</ManufactureName>
      <ManufactureCountry />
      <ManufactureItemDescription />
      <UnitQty>'יח</UnitQty>
      <Quantity>3</Quantity>
      <UnitMeasure>ל-100 גרם</UnitMeasure>
      <BisWeighted>0</BisWeighted>
      <QtyInPackage>1</QtyInPackage>
      <ItemPrice>13.90</ItemPrice>
      <UnitOfMeasurePrice>4.63</UnitOfMeasurePrice>
      <AllowDiscount>0</AllowDiscount>
      <itemStatus>1</itemStatus>
      <LastUpdateDate />
      <LastUpdateTime />
    </Product>
    <Product>
      <PriceUpdateDate>2022/08/25 18:19</PriceUpdateDate>
      <ItemCode>7290006666345</ItemCode>
      <ItemType>1</ItemType>
      <ItemName>חציל במיונז 300 גרם</ItemName>
      <ManufactureName>כ.מ.מ שיווק סלטי משני בעמ</ManufactureName>
      <ManufactureCountry />
      <ManufactureItemDescription />
      <UnitQty>'יח</UnitQty>
      <Quantity>3</Quantity>
      <UnitMeasure>ל-100 גרם</UnitMeasure>
      <BisWeighted>0</BisWeighted>
      <QtyInPackage>1</QtyInPackage>
      <ItemPrice>19.90</ItemPrice>
      <UnitOfMeasurePrice>6.63</UnitOfMeasurePrice>
      <AllowDiscount>0</AllowDiscount>
      <itemStatus>1</itemStatus>
      <LastUpdateDate />
      <LastUpdateTime />
    </Product>
    <Product>
      <PriceUpdateDate>2022/08/25 18:19</PriceUpdateDate>
      <ItemCode>7290006666413</ItemCode>
      <ItemType>1</ItemType>
      <ItemName>סלט כרוב אדום  300 גרם</ItemName>
      <ManufactureName>כ.מ.מ שיווק סלטי משני בעמ</ManufactureName>
      <ManufactureCountry />
      <ManufactureItemDescription />
      <UnitQty>'יח</UnitQty>
      <Quantity>3</Quantity>
      <UnitMeasure>ל-100 גרם</UnitMeasure>
      <BisWeighted>0</BisWeighted>
      <QtyInPackage>1</QtyInPackage>
      <ItemPrice>15.90</ItemPrice>
      <UnitOfMeasurePrice>5.30</UnitOfMeasurePrice>
      <AllowDiscount>0</AllowDiscount>
      <itemStatus>1</itemStatus>
      <LastUpdateDate />
      <LastUpdateTime />
    </Product>
    <Product>
      <PriceUpdateDate>2022/08/25 18:19</PriceUpdateDate>
      <ItemCode>7290006666437</ItemCode>
      <ItemType>1</ItemType>
      <ItemName>סלט טורקי 300 גרם</ItemName>
      <ManufactureName>כ.מ.מ שיווק סלטי משני בעמ</ManufactureName>
      <ManufactureCountry />
      <ManufactureItemDescription />
      <UnitQty>'יח</UnitQty>
      <Quantity>3</Quantity>
      <UnitMeasure>ל-100 גרם</UnitMeasure>
      <BisWeighted>0</BisWeighted>
      <QtyInPackage>1</QtyInPackage>
      <ItemPrice>15.90</ItemPrice>
      <UnitOfMeasurePrice>5.30</UnitOfMeasurePrice>
      <AllowDiscount>0</AllowDiscount>
      <itemStatus>1</itemStatus>
      <LastUpdateDate />
      <LastUpdateTime />
    </Product>
    <Product>
      <PriceUpdateDate>2022/08/25 18:19</PriceUpdateDate>
      <ItemCode>7290006666468</ItemCode>
      <ItemType>1</ItemType>
      <ItemName>סלט גזר בלימון 300 גרם</ItemName>
      <ManufactureName>כ.מ.מ שיווק סלטי משני בעמ</ManufactureName>
      <ManufactureCountry />
      <ManufactureItemDescription />
      <UnitQty>'יח</UnitQty>
      <Quantity>3</Quantity>
      <UnitMeasure>ל-100 גרם</UnitMeasure>
      <BisWeighted>0</BisWeighted>
      <QtyInPackage>1</QtyInPackage>
      <ItemPrice>19.90</ItemPrice>
      <UnitOfMeasurePrice>6.63</UnitOfMeasurePrice>
      <AllowDiscount>0</AllowDiscount>
      <itemStatus>1</itemStatus>
      <LastUpdateDate />
      <LastUpdateTime />
    </Product>
    <Product>
      <PriceUpdateDate>2022/08/25 18:19</PriceUpdateDate>
      <ItemCode>7290006666628</ItemCode>
      <ItemType>1</ItemType>
      <ItemName>סלט ביצים 300 גרם</ItemName>
      <ManufactureName>כ.מ.מ שיווק סלטי משני בעמ</ManufactureName>
      <ManufactureCountry />
      <ManufactureItemDescription />
      <UnitQty>'יח</UnitQty>
      <Quantity>3</Quantity>
      <UnitMeasure>ל-100 גרם</UnitMeasure>
      <BisWeighted>0</BisWeighted>
      <QtyInPackage>1</QtyInPackage>
      <ItemPrice>29.90</ItemPrice>
      <UnitOfMeasurePrice>9.97</UnitOfMeasurePrice>
      <AllowDiscount>0</AllowDiscount>
      <itemStatus>1</itemStatus>
      <LastUpdateDate />
      <LastUpdateTime />
    </Product>
    <Product>
      <PriceUpdateDate>2022/04/14 09:35</PriceUpdateDate>
      <ItemCode>7290006784230</ItemCode>
      <ItemType>1</ItemType>
      <ItemName>כפפות ניטרל שחור ללא אבקה S</ItemName>
      <ManufactureName>קומפלקס כימקלים בעמ`</ManufactureName>
      <ManufactureCountry />
      <ManufactureItemDescription />
      <UnitQty>'יח</UnitQty>
      <Quantity>1</Quantity>
      <UnitMeasure>'יח</UnitMeasure>
      <BisWeighted>0</BisWeighted>
      <QtyInPackage>1</QtyInPackage>
      <ItemPrice>21.90</ItemPrice>
      <UnitOfMeasurePrice>21.90</UnitOfMeasurePrice>
      <AllowDiscount>1</AllowDiscount>
      <itemStatus>1</itemStatus>
      <LastUpdateDate />
      <LastUpdateTime />
    </Product>
    <Product>
      <PriceUpdateDate>2022/04/14 09:35</PriceUpdateDate>
      <ItemCode>7290006784414</ItemCode>
      <ItemType>1</ItemType>
      <ItemName>מתז מבשם כביסה ניחוח מלון ספא 500 מ"ל</ItemName>
      <ManufactureName>קומפלקס כימקלים בעמ`</ManufactureName>
      <ManufactureCountry />
      <ManufactureItemDescription />
      <UnitQty>'יח</UnitQty>
      <Quantity>5</Quantity>
      <UnitMeasure>ל-100 מ"ל</UnitMeasure>
      <BisWeighted>0</BisWeighted>
      <QtyInPackage>1</QtyInPackage>
      <ItemPrice>14.90</ItemPrice>
      <UnitOfMeasurePrice>2.98</UnitOfMeasurePrice>
      <AllowDiscount>1</AllowDiscount>
      <itemStatus>1</itemStatus>
      <LastUpdateDate />
      <LastUpdateTime />
    </Product>
    <Product>
      <PriceUpdateDate>2022/11/01 11:47</PriceUpdateDate>
      <ItemCode>7290008726610</ItemCode>
      <ItemType>1</ItemType>
      <ItemName>רולר 10 מטר</ItemName>
      <ManufactureName>שחורי אריה ואנסטסיה</ManufactureName>
      <ManufactureCountry />
      <ManufactureItemDescription />
      <UnitQty>'יח</UnitQty>
      <Quantity>1</Quantity>
      <UnitMeasure />
      <BisWeighted>0</BisWeighted>
      <QtyInPackage>1</QtyInPackage>
      <ItemPrice>19.90</ItemPrice>
      <UnitOfMeasurePrice>19.90</UnitOfMeasurePrice>
      <AllowDiscount>0</AllowDiscount>
      <itemStatus>1</itemStatus>
      <LastUpdateDate />
      <LastUpdateTime />
    </Product>
    <Product>
      <PriceUpdateDate>2022/03/27 10:38</PriceUpdateDate>
      <ItemCode>7290008835343</ItemCode>
      <ItemType>1</ItemType>
      <ItemName>לשון בקר ארגנטינה קפוא מוכשר</ItemName>
      <ManufactureName>בלדי בע`מ</ManufactureName>
      <ManufactureCountry />
      <ManufactureItemDescription />
      <UnitQty>ק"ג</UnitQty>
      <Quantity>1</Quantity>
      <UnitMeasure />
      <BisWeighted>1</BisWeighted>
      <QtyInPackage>1</QtyInPackage>
      <ItemPrice>32.90</ItemPrice>
      <UnitOfMeasurePrice>32.90</UnitOfMeasurePrice>
      <AllowDiscount>0</AllowDiscount>
      <itemStatus>1</itemStatus>
      <LastUpdateDate />
      <LastUpdateTime />
    </Product>
    <Product>
      <PriceUpdateDate>2022/02/13 15:07</PriceUpdateDate>
      <ItemCode>7290010154050</ItemCode>
      <ItemType>1</ItemType>
      <ItemName>ממרח שיפקה כבוש 250 גרם</ItemName>
      <ManufactureName>נטו מלינדה סחר בע`מ</ManufactureName>
      <ManufactureCountry />
      <ManufactureItemDescription />
      <UnitQty>'יח</UnitQty>
      <Quantity>2.50</Quantity>
      <UnitMeasure>ל-100 גרם</UnitMeasure>
      <BisWeighted>0</BisWeighted>
      <QtyInPackage>12</QtyInPackage>
      <ItemPrice>12.90</ItemPrice>
      <UnitOfMeasurePrice>5.16</UnitOfMeasurePrice>
      <AllowDiscount>0</AllowDiscount>
      <itemStatus>1</itemStatus>
      <LastUpdateDate />
      <LastUpdateTime />
    </Product>
    <Product>
      <PriceUpdateDate>2021/11/18 12:04</PriceUpdateDate>
      <ItemCode>7290010161669</ItemCode>
      <ItemType>1</ItemType>
      <ItemName>אדם פריימר דאורדורנט ספריי לגבר 200 מ"</ItemName>
      <ManufactureName>ש. שסטוביץ בע`מ</ManufactureName>
      <ManufactureCountry />
      <ManufactureItemDescription />
      <UnitQty>'יח</UnitQty>
      <Quantity>1</Quantity>
      <UnitMeasure>'יח</UnitMeasure>
      <BisWeighted>0</BisWeighted>
      <QtyInPackage>1</QtyInPackage>
      <ItemPrice>14.90</ItemPrice>
      <UnitOfMeasurePrice>14.90</UnitOfMeasurePrice>
      <AllowDiscount>0</AllowDiscount>
      <itemStatus>1</itemStatus>
      <LastUpdateDate />
      <LastUpdateTime />
    </Product>
    <Product>
      <PriceUpdateDate>2021/12/16 16:27</PriceUpdateDate>
      <ItemCode>7290010650828</ItemCode>
      <ItemType>1</ItemType>
      <ItemName>פטריות שי מג`י  לבן</ItemName>
      <ManufactureName>ביכורי השדה הצפון בעמ` 1964</ManufactureName>
      <ManufactureCountry />
      <ManufactureItemDescription />
      <UnitQty>'יח</UnitQty>
      <Quantity>1</Quantity>
      <UnitMeasure />
      <BisWeighted>0</BisWeighted>
      <QtyInPackage>1</QtyInPackage>
      <ItemPrice>11.90</ItemPrice>
      <UnitOfMeasurePrice>11.90</UnitOfMeasurePrice>
      <AllowDiscount>0</AllowDiscount>
      <itemStatus>1</itemStatus>
      <LastUpdateDate />
      <LastUpdateTime />
    </Product>
    <Product>
      <PriceUpdateDate>2022/01/20 14:36</PriceUpdateDate>
      <ItemCode>7290010757930</ItemCode>
      <ItemType>1</ItemType>
      <ItemName>מלוואח ללא גלוטן 500 גרם</ItemName>
      <ManufactureName>מאפית אריאל שיווק והפצה</ManufactureName>
      <ManufactureCountry />
      <ManufactureItemDescription />
      <UnitQty>'יח</UnitQty>
      <Quantity>5</Quantity>
      <UnitMeasure>ל-100 גרם</UnitMeasure>
      <BisWeighted>0</BisWeighted>
      <QtyInPackage>1</QtyInPackage>
      <ItemPrice>19.90</ItemPrice>
      <UnitOfMeasurePrice>3.98</UnitOfMeasurePrice>
      <AllowDiscount>0</AllowDiscount>
      <itemStatus>1</itemStatus>
      <LastUpdateDate />
      <LastUpdateTime />
    </Product>
    <Product>
      <PriceUpdateDate>2022/08/22 17:21</PriceUpdateDate>
      <ItemCode>7290010922017</ItemCode>
      <ItemType>1</ItemType>
      <ItemName>אננס קפוא 250 גר` shake i</ItemName>
      <ManufactureName>בלדי בע`מ</ManufactureName>
      <ManufactureCountry />
      <ManufactureItemDescription />
      <UnitQty>'יח</UnitQty>
      <Quantity>2.50</Quantity>
      <UnitMeasure>ל-100 גרם</UnitMeasure>
      <BisWeighted>0</BisWeighted>
      <QtyInPackage>1</QtyInPackage>
      <ItemPrice>11.90</ItemPrice>
      <UnitOfMeasurePrice>4.76</UnitOfMeasurePrice>
      <AllowDiscount>1</AllowDiscount>
      <itemStatus>1</itemStatus>
      <LastUpdateDate />
      <LastUpdateTime />
    </Product>
    <Product>
      <PriceUpdateDate>2022/08/11 20:15</PriceUpdateDate>
      <ItemCode>7290010922857</ItemCode>
      <ItemType>1</ItemType>
      <ItemName>מנגו קפוא 250 גר` shake it</ItemName>
      <ManufactureName>בלדי בע`מ</ManufactureName>
      <ManufactureCountry />
      <ManufactureItemDescription />
      <UnitQty>'יח</UnitQty>
      <Quantity>2.50</Quantity>
      <UnitMeasure>ל-100 גרם</UnitMeasure>
      <BisWeighted>0</BisWeighted>
      <QtyInPackage>1</QtyInPackage>
      <ItemPrice>11.90</ItemPrice>
      <UnitOfMeasurePrice>4.76</UnitOfMeasurePrice>
      <AllowDiscount>1</AllowDiscount>
      <itemStatus>1</itemStatus>
      <LastUpdateDate />
      <LastUpdateTime />
    </Product>
    <Product>
      <PriceUpdateDate>2021/09/26 16:12</PriceUpdateDate>
      <ItemCode>7290011148362</ItemCode>
      <ItemType>1</ItemType>
      <ItemName>כרוב אדום מהדרין</ItemName>
      <ManufactureName>ביכורי השדה הצפון בעמ` 1964</ManufactureName>
      <ManufactureCountry />
      <ManufactureItemDescription />
      <UnitQty>'יח</UnitQty>
      <Quantity>1</Quantity>
      <UnitMeasure />
      <BisWeighted>1</BisWeighted>
      <QtyInPackage>1</QtyInPackage>
      <ItemPrice>14.90</ItemPrice>
      <UnitOfMeasurePrice>14.90</UnitOfMeasurePrice>
      <AllowDiscount>0</AllowDiscount>
      <itemStatus>1</itemStatus>
      <LastUpdateDate />
      <LastUpdateTime />
    </Product>
    <Product>
      <PriceUpdateDate>2022/10/28 08:07</PriceUpdateDate>
      <ItemCode>7290011148447</ItemCode>
      <ItemType>1</ItemType>
      <ItemName>מיקס בייבי</ItemName>
      <ManufactureName>ביכורי השדה הצפון בעמ` 1964</ManufactureName>
      <ManufactureCountry />
      <ManufactureItemDescription />
      <UnitQty>'יח</UnitQty>
      <Quantity>1</Quantity>
      <UnitMeasure>'יח</UnitMeasure>
      <BisWeighted>0</BisWeighted>
      <QtyInPackage>1</QtyInPackage>
      <ItemPrice>14.90</ItemPrice>
      <UnitOfMeasurePrice>14.90</UnitOfMeasurePrice>
      <AllowDiscount>0</AllowDiscount>
      <itemStatus>1</itemStatus>
      <LastUpdateDate />
      <LastUpdateTime />
    </Product>
    <Product>
      <PriceUpdateDate>2022/11/01 11:47</PriceUpdateDate>
      <ItemCode>7290011447748</ItemCode>
      <ItemType>1</ItemType>
      <ItemName>מזון לחתולים יבש עם דגי אוקיינוס וטונה ס</ItemName>
      <ManufactureName>שחורי אריה ואנסטסיה</ManufactureName>
      <ManufactureCountry />
      <ManufactureItemDescription />
      <UnitQty>'יח</UnitQty>
      <Quantity>1.56</Quantity>
      <UnitMeasure>ל-100 גרם</UnitMeasure>
      <BisWeighted>0</BisWeighted>
      <QtyInPackage>1</QtyInPackage>
      <ItemPrice>49.90</ItemPrice>
      <UnitOfMeasurePrice>31.99</UnitOfMeasurePrice>
      <AllowDiscount>0</AllowDiscount>
      <itemStatus>1</itemStatus>
      <LastUpdateDate />
      <LastUpdateTime />
    </Product>
    <Product>
      <PriceUpdateDate>2022/11/01 11:47</PriceUpdateDate>
      <ItemCode>7290011552022</ItemCode>
      <ItemType>1</ItemType>
      <ItemName>פטס מנטרל ריחות טבעי 500 מל</ItemName>
      <ManufactureName>שחורי אריה ואנסטסיה</ManufactureName>
      <ManufactureCountry />
      <ManufactureItemDescription />
      <UnitQty>'יח</UnitQty>
      <Quantity>5</Quantity>
      <UnitMeasure>ל-100 גרם</UnitMeasure>
      <BisWeighted>0</BisWeighted>
      <QtyInPackage>1</QtyInPackage>
      <ItemPrice>39.90</ItemPrice>
      <UnitOfMeasurePrice>7.98</UnitOfMeasurePrice>
      <AllowDiscount>0</AllowDiscount>
      <itemStatus>1</itemStatus>
      <LastUpdateDate />
      <LastUpdateTime />
    </Product>
    <Product>
      <PriceUpdateDate>2022/10/26 21:16</PriceUpdateDate>
      <ItemCode>7290011622817</ItemCode>
      <ItemType>1</ItemType>
      <ItemName>ביסונים בטעם שוקולד 70 גרם</ItemName>
      <ManufactureName>גורי מוצרי צריכה 1991 בע`מ</ManufactureName>
      <ManufactureCountry />
      <ManufactureItemDescription />
      <UnitQty>'יח</UnitQty>
      <Quantity>7</Quantity>
      <UnitMeasure>ל-100 גרם</UnitMeasure>
      <BisWeighted>0</BisWeighted>
      <QtyInPackage>1</QtyInPackage>
      <ItemPrice>16.90</ItemPrice>
      <UnitOfMeasurePrice>2.41</UnitOfMeasurePrice>
      <AllowDiscount>0</AllowDiscount>
      <itemStatus>1</itemStatus>
      <LastUpdateDate />
      <LastUpdateTime />
    </Product>
    <Product>
      <PriceUpdateDate>2022/10/26 21:16</PriceUpdateDate>
      <ItemCode>7290011622824</ItemCode>
      <ItemType>1</ItemType>
      <ItemName>ביסונים במילויקרם שקדים בטעם בננה70גר</ItemName>
      <ManufactureName>גורי מוצרי צריכה 1991 בע`מ</ManufactureName>
      <ManufactureCountry />
      <ManufactureItemDescription />
      <UnitQty>'יח</UnitQty>
      <Quantity>7</Quantity>
      <UnitMeasure>ל-100 גרם</UnitMeasure>
      <BisWeighted>0</BisWeighted>
      <QtyInPackage>1</QtyInPackage>
      <ItemPrice>16.90</ItemPrice>
      <UnitOfMeasurePrice>2.41</UnitOfMeasurePrice>
      <AllowDiscount>0</AllowDiscount>
      <itemStatus>1</itemStatus>
      <LastUpdateDate />
      <LastUpdateTime />
    </Product>
    <Product>
      <PriceUpdateDate>2022/07/07 07:19</PriceUpdateDate>
      <ItemCode>7290012025495</ItemCode>
      <ItemType>1</ItemType>
      <ItemName>טחינה אסלי ק"ג</ItemName>
      <ManufactureName>סלטי שמיר</ManufactureName>
      <ManufactureCountry />
      <ManufactureItemDescription />
      <UnitQty>'יח</UnitQty>
      <Quantity>10</Quantity>
      <UnitMeasure>ל-100 גרם</UnitMeasure>
      <BisWeighted>0</BisWeighted>
      <QtyInPackage>1</QtyInPackage>
      <ItemPrice>14.90</ItemPrice>
      <UnitOfMeasurePrice>1.49</UnitOfMeasurePrice>
      <AllowDiscount>1</AllowDiscount>
      <itemStatus>1</itemStatus>
      <LastUpdateDate />
      <LastUpdateTime />
    </Product>
    <Product>
      <PriceUpdateDate>2022/11/01 11:47</PriceUpdateDate>
      <ItemCode>7290012139598</ItemCode>
      <ItemType>1</ItemType>
      <ItemName>חול קיטי 10 קג</ItemName>
      <ManufactureName>שחורי אריה ואנסטסיה</ManufactureName>
      <ManufactureCountry />
      <ManufactureItemDescription />
      <UnitQty>'יח</UnitQty>
      <Quantity>100</Quantity>
      <UnitMeasure>ל-100 גרם</UnitMeasure>
      <BisWeighted>0</BisWeighted>
      <QtyInPackage>1</QtyInPackage>
      <ItemPrice>54.90</ItemPrice>
      <UnitOfMeasurePrice>0.55</UnitOfMeasurePrice>
      <AllowDiscount>0</AllowDiscount>
      <itemStatus>1</itemStatus>
      <LastUpdateDate />
      <LastUpdateTime />
    </Product>
    <Product>
      <PriceUpdateDate>2022/09/28 19:08</PriceUpdateDate>
      <ItemCode>7290012245312</ItemCode>
      <ItemType>1</ItemType>
      <ItemName>צ`יפס אמריקאי גולד 1.5 ק"ג</ItemName>
      <ManufactureName>קפוא זן תעשיות מזון בעמ</ManufactureName>
      <ManufactureCountry />
      <ManufactureItemDescription />
      <UnitQty>'יח</UnitQty>
      <Quantity>15</Quantity>
      <UnitMeasure>ל-100 גרם</UnitMeasure>
      <BisWeighted>0</BisWeighted>
      <QtyInPackage>1</QtyInPackage>
      <ItemPrice>19.90</ItemPrice>
      <UnitOfMeasurePrice>1.33</UnitOfMeasurePrice>
      <AllowDiscount>0</AllowDiscount>
      <itemStatus>1</itemStatus>
      <LastUpdateDate />
      <LastUpdateTime />
    </Product>
    <Product>
      <PriceUpdateDate>2022/09/28 19:08</PriceUpdateDate>
      <ItemCode>7290012245329</ItemCode>
      <ItemType>1</ItemType>
      <ItemName>צ`יפס קלאסי גולד 1.5 ק"ג</ItemName>
      <ManufactureName>קפוא זן תעשיות מזון בעמ</ManufactureName>
      <ManufactureCountry />
      <ManufactureItemDescription />
      <UnitQty>'יח</UnitQty>
      <Quantity>15</Quantity>
      <UnitMeasure>ל-100 גרם</UnitMeasure>
      <BisWeighted>0</BisWeighted>
      <QtyInPackage>1</QtyInPackage>
      <ItemPrice>19.90</ItemPrice>
      <UnitOfMeasurePrice>1.33</UnitOfMeasurePrice>
      <AllowDiscount>0</AllowDiscount>
      <itemStatus>1</itemStatus>
      <LastUpdateDate />
      <LastUpdateTime />
    </Product>
    <Product>
      <PriceUpdateDate>2022/09/28 19:08</PriceUpdateDate>
      <ItemCode>7290012245336</ItemCode>
      <ItemType>1</ItemType>
      <ItemName>צ`יפס סטייק גולד 1.5 ק"ג</ItemName>
      <ManufactureName>קפוא זן תעשיות מזון בעמ</ManufactureName>
      <ManufactureCountry />
      <ManufactureItemDescription />
      <UnitQty>'יח</UnitQty>
      <Quantity>15</Quantity>
      <UnitMeasure>ל-100 גרם</UnitMeasure>
      <BisWeighted>0</BisWeighted>
      <QtyInPackage>1</QtyInPackage>
      <ItemPrice>19.90</ItemPrice>
      <UnitOfMeasurePrice>1.33</UnitOfMeasurePrice>
      <AllowDiscount>0</AllowDiscount>
      <itemStatus>1</itemStatus>
      <LastUpdateDate />
      <LastUpdateTime />
    </Product>
    <Product>
      <PriceUpdateDate>2022/11/01 11:47</PriceUpdateDate>
      <ItemCode>7290012251610</ItemCode>
      <ItemType>1</ItemType>
      <ItemName>קבנוס לכלב טעם אווז 120 גר</ItemName>
      <ManufactureName>שחורי אריה ואנסטסיה</ManufactureName>
      <ManufactureCountry />
      <ManufactureItemDescription />
      <UnitQty>'יח</UnitQty>
      <Quantity>1.20</Quantity>
      <UnitMeasure>ל-100 גרם</UnitMeasure>
      <BisWeighted>0</BisWeighted>
      <QtyInPackage>1</QtyInPackage>
      <ItemPrice>15</ItemPrice>
      <UnitOfMeasurePrice>12.50</UnitOfMeasurePrice>
      <AllowDiscount>0</AllowDiscount>
      <itemStatus>1</itemStatus>
      <LastUpdateDate />
      <LastUpdateTime />
    </Product>
    <Product>
      <PriceUpdateDate>2022/11/01 11:47</PriceUpdateDate>
      <ItemCode>7290012251627</ItemCode>
      <ItemType>1</ItemType>
      <ItemName>קבנוס לכלב טעם בקר 120 גר</ItemName>
      <ManufactureName>שחורי אריה ואנסטסיה</ManufactureName>
      <ManufactureCountry />
      <ManufactureItemDescription />
      <UnitQty>'יח</UnitQty>
      <Quantity>1.20</Quantity>
      <UnitMeasure>ל-100 גרם</UnitMeasure>
      <BisWeighted>0</BisWeighted>
      <QtyInPackage>1</QtyInPackage>
      <ItemPrice>15</ItemPrice>
      <UnitOfMeasurePrice>12.50</UnitOfMeasurePrice>
      <AllowDiscount>0</AllowDiscount>
      <itemStatus>1</itemStatus>
      <LastUpdateDate />
      <LastUpdateTime />
    </Product>
    <Product>
      <PriceUpdateDate>2022/11/01 11:47</PriceUpdateDate>
      <ItemCode>7290012251634</ItemCode>
      <ItemType>1</ItemType>
      <ItemName>קבנוס לכלב טעם כבש 120 גר</ItemName>
      <ManufactureName>שחורי אריה ואנסטסיה</ManufactureName>
      <ManufactureCountry />
      <ManufactureItemDescription />
      <UnitQty>'יח</UnitQty>
      <Quantity>1.20</Quantity>
      <UnitMeasure>ל-100 גרם</UnitMeasure>
      <BisWeighted>0</BisWeighted>
      <QtyInPackage>1</QtyInPackage>
      <ItemPrice>15</ItemPrice>
      <UnitOfMeasurePrice>12.50</UnitOfMeasurePrice>
      <AllowDiscount>0</AllowDiscount>
      <itemStatus>1</itemStatus>
      <LastUpdateDate />
      <LastUpdateTime />
    </Product>
    <Product>
      <PriceUpdateDate>2022/11/01 11:47</PriceUpdateDate>
      <ItemCode>7290012251641</ItemCode>
      <ItemType>1</ItemType>
      <ItemName>קבנוס לכלב טעם עוף 120 גר</ItemName>
      <ManufactureName>שחורי אריה ואנסטסיה</ManufactureName>
      <ManufactureCountry />
      <ManufactureItemDescription />
      <UnitQty>'יח</UnitQty>
      <Quantity>1.20</Quantity>
      <UnitMeasure>ל-100 גרם</UnitMeasure>
      <BisWeighted>0</BisWeighted>
      <QtyInPackage>1</QtyInPackage>
      <ItemPrice>15</ItemPrice>
      <UnitOfMeasurePrice>12.50</UnitOfMeasurePrice>
      <AllowDiscount>0</AllowDiscount>
      <itemStatus>1</itemStatus>
      <LastUpdateDate />
      <LastUpdateTime />
    </Product>
    <Product>
      <PriceUpdateDate>2022/11/01 11:47</PriceUpdateDate>
      <ItemCode>7290013083944</ItemCode>
      <ItemType>1</ItemType>
      <ItemName>לה קט מיקס עוף וכבד 400 גר</ItemName>
      <ManufactureName>שחורי אריה ואנסטסיה</ManufactureName>
      <ManufactureCountry />
      <ManufactureItemDescription />
      <UnitQty>'יח</UnitQty>
      <Quantity>4</Quantity>
      <UnitMeasure>ל-100 גרם</UnitMeasure>
      <BisWeighted>0</BisWeighted>
      <QtyInPackage>1</QtyInPackage>
      <ItemPrice>7.90</ItemPrice>
      <UnitOfMeasurePrice>1.98</UnitOfMeasurePrice>
      <AllowDiscount>0</AllowDiscount>
      <itemStatus>1</itemStatus>
      <LastUpdateDate />
      <LastUpdateTime />
    </Product>
    <Product>
      <PriceUpdateDate>2022/11/01 11:47</PriceUpdateDate>
      <ItemCode>7290013083951</ItemCode>
      <ItemType>1</ItemType>
      <ItemName>לה קט מיקס סלמון ופורל 400 גר</ItemName>
      <ManufactureName>שחורי אריה ואנסטסיה</ManufactureName>
      <ManufactureCountry />
      <ManufactureItemDescription />
      <UnitQty>'יח</UnitQty>
      <Quantity>4</Quantity>
      <UnitMeasure>ל-100 גרם</UnitMeasure>
      <BisWeighted>0</BisWeighted>
      <QtyInPackage>1</QtyInPackage>
      <ItemPrice>7.90</ItemPrice>
      <UnitOfMeasurePrice>1.98</UnitOfMeasurePrice>
      <AllowDiscount>0</AllowDiscount>
      <itemStatus>1</itemStatus>
      <LastUpdateDate />
      <LastUpdateTime />
    </Product>
    <Product>
      <PriceUpdateDate>2021/07/13 19:32</PriceUpdateDate>
      <ItemCode>7290013146724</ItemCode>
      <ItemType>1</ItemType>
      <ItemName>אייס קפה 350 גרם מימונס</ItemName>
      <ManufactureName>א.ל. ייצור ושיווק תבלינים בע`מ</ManufactureName>
      <ManufactureCountry />
      <ManufactureItemDescription />
      <UnitQty>'יח</UnitQty>
      <Quantity>3.50</Quantity>
      <UnitMeasure>ל-100 גרם</UnitMeasure>
      <BisWeighted>0</BisWeighted>
      <QtyInPackage>1</QtyInPackage>
      <ItemPrice>17.90</ItemPrice>
      <UnitOfMeasurePrice>5.11</UnitOfMeasurePrice>
      <AllowDiscount>1</AllowDiscount>
      <itemStatus>1</itemStatus>
      <LastUpdateDate />
      <LastUpdateTime />
    </Product>
    <Product>
      <PriceUpdateDate>2021/03/01 09:33</PriceUpdateDate>
      <ItemCode>7290013215017</ItemCode>
      <ItemType>1</ItemType>
      <ItemName>פטריות דואט</ItemName>
      <ManufactureName>ביכורי השדה הצפון בעמ` 1964</ManufactureName>
      <ManufactureCountry />
      <ManufactureItemDescription />
      <UnitQty>'יח</UnitQty>
      <Quantity>1</Quantity>
      <UnitMeasure />
      <BisWeighted>0</BisWeighted>
      <QtyInPackage>1</QtyInPackage>
      <ItemPrice>16.90</ItemPrice>
      <UnitOfMeasurePrice>16.90</UnitOfMeasurePrice>
      <AllowDiscount>0</AllowDiscount>
      <itemStatus>1</itemStatus>
      <LastUpdateDate />
      <LastUpdateTime />
    </Product>
    <Product>
      <PriceUpdateDate>2021/07/28 16:53</PriceUpdateDate>
      <ItemCode>7290013215086</ItemCode>
      <ItemType>1</ItemType>
      <ItemName>פטריות שיטאקי טריות</ItemName>
      <ManufactureName>ביכורי השדה הצפון בעמ` 1964</ManufactureName>
      <ManufactureCountry />
      <ManufactureItemDescription />
      <UnitQty>'יח</UnitQty>
      <Quantity>0</Quantity>
      <UnitMeasure>'יח</UnitMeasure>
      <BisWeighted>0</BisWeighted>
      <QtyInPackage>1</QtyInPackage>
      <ItemPrice>14.90</ItemPrice>
      <UnitOfMeasurePrice>14.90</UnitOfMeasurePrice>
      <AllowDiscount>0</AllowDiscount>
      <itemStatus>1</itemStatus>
      <LastUpdateDate />
      <LastUpdateTime />
    </Product>
    <Product>
      <PriceUpdateDate>2022/10/24 12:33</PriceUpdateDate>
      <ItemCode>7290013366665</ItemCode>
      <ItemType>1</ItemType>
      <ItemName>חסה גמביט</ItemName>
      <ManufactureName>ביכורי השדה הצפון בעמ` 1964</ManufactureName>
      <ManufactureCountry />
      <ManufactureItemDescription />
      <UnitQty>'יח</UnitQty>
      <Quantity>1</Quantity>
      <UnitMeasure />
      <BisWeighted>0</BisWeighted>
      <QtyInPackage>1</QtyInPackage>
      <ItemPrice>10.90</ItemPrice>
      <UnitOfMeasurePrice>10.90</UnitOfMeasurePrice>
      <AllowDiscount>0</AllowDiscount>
      <itemStatus>1</itemStatus>
      <LastUpdateDate />
      <LastUpdateTime />
    </Product>
    <Product>
      <PriceUpdateDate>2022/08/22 17:21</PriceUpdateDate>
      <ItemCode>7290013579508</ItemCode>
      <ItemType>1</ItemType>
      <ItemName>קוקוס קפוא 250 גר` shake it</ItemName>
      <ManufactureName>בלדי בע`מ</ManufactureName>
      <ManufactureCountry />
      <ManufactureItemDescription />
      <UnitQty>'יח</UnitQty>
      <Quantity>2.50</Quantity>
      <UnitMeasure>ל-100 גרם</UnitMeasure>
      <BisWeighted>0</BisWeighted>
      <QtyInPackage>1</QtyInPackage>
      <ItemPrice>11.90</ItemPrice>
      <UnitOfMeasurePrice>4.76</UnitOfMeasurePrice>
      <AllowDiscount>1</AllowDiscount>
      <itemStatus>1</itemStatus>
      <LastUpdateDate />
      <LastUpdateTime />
    </Product>
    <Product>
      <PriceUpdateDate>2022/05/16 12:56</PriceUpdateDate>
      <ItemCode>7290013579867</ItemCode>
      <ItemType>1</ItemType>
      <ItemName>סינטה מוכשר</ItemName>
      <ManufactureName>בלדי בע`מ</ManufactureName>
      <ManufactureCountry />
      <ManufactureItemDescription />
      <UnitQty>ק"ג</UnitQty>
      <Quantity>1</Quantity>
      <UnitMeasure>ק"ג</UnitMeasure>
      <BisWeighted>1</BisWeighted>
      <QtyInPackage>1</QtyInPackage>
      <ItemPrice>49.90</ItemPrice>
      <UnitOfMeasurePrice>49.90</UnitOfMeasurePrice>
      <AllowDiscount>0</AllowDiscount>
      <itemStatus>1</itemStatus>
      <LastUpdateDate />
      <LastUpdateTime />
    </Product>
    <Product>
      <PriceUpdateDate>2022/05/09 20:24</PriceUpdateDate>
      <ItemCode>7290013724809</ItemCode>
      <ItemType>1</ItemType>
      <ItemName>חטיף דגנים בתוספת אגוזים ושקדים</ItemName>
      <ManufactureName>דין שיווק וקליה 2021 בעמ</ManufactureName>
      <ManufactureCountry />
      <ManufactureItemDescription />
      <UnitQty>'יח</UnitQty>
      <Quantity>1.25</Quantity>
      <UnitMeasure>ל-100 גרם</UnitMeasure>
      <BisWeighted>0</BisWeighted>
      <QtyInPackage>1</QtyInPackage>
      <ItemPrice>9.90</ItemPrice>
      <UnitOfMeasurePrice>7.92</UnitOfMeasurePrice>
      <AllowDiscount>0</AllowDiscount>
      <itemStatus>1</itemStatus>
      <LastUpdateDate />
      <LastUpdateTime />
    </Product>
    <Product>
      <PriceUpdateDate>2022/02/02 12:34</PriceUpdateDate>
      <ItemCode>7290013906694</ItemCode>
      <ItemType>1</ItemType>
      <ItemName>נקניקיות עוף טרי 1.5 ק"ג</ItemName>
      <ManufactureName>תנובה מרכז שיתופי לשיווק תוצרת</ManufactureName>
      <ManufactureCountry />
      <ManufactureItemDescription />
      <UnitQty>'יח</UnitQty>
      <Quantity>15</Quantity>
      <UnitMeasure>ל-100 גרם</UnitMeasure>
      <BisWeighted>0</BisWeighted>
      <QtyInPackage>1</QtyInPackage>
      <ItemPrice>36.90</ItemPrice>
      <UnitOfMeasurePrice>2.46</UnitOfMeasurePrice>
      <AllowDiscount>0</AllowDiscount>
      <itemStatus>1</itemStatus>
      <LastUpdateDate />
      <LastUpdateTime />
    </Product>
    <Product>
      <PriceUpdateDate>2021/12/29 20:01</PriceUpdateDate>
      <ItemCode>7290013906700</ItemCode>
      <ItemType>1</ItemType>
      <ItemName>נקנקיות הודו 1.5 ק"ג</ItemName>
      <ManufactureName>תנובה מרכז שיתופי לשיווק תוצרת</ManufactureName>
      <ManufactureCountry />
      <ManufactureItemDescription />
      <UnitQty>'יח</UnitQty>
      <Quantity>15</Quantity>
      <UnitMeasure>ל-100 גרם</UnitMeasure>
      <BisWeighted>0</BisWeighted>
      <QtyInPackage>1</QtyInPackage>
      <ItemPrice>38.90</ItemPrice>
      <UnitOfMeasurePrice>2.59</UnitOfMeasurePrice>
      <AllowDiscount>0</AllowDiscount>
      <itemStatus>1</itemStatus>
      <LastUpdateDate />
      <LastUpdateTime />
    </Product>
    <Product>
      <PriceUpdateDate>2021/11/03 09:50</PriceUpdateDate>
      <ItemCode>7290014206953</ItemCode>
      <ItemType>1</ItemType>
      <ItemName>צלחת גדולה שקוף 20  יח`"שווה"</ItemName>
      <ManufactureName>ח.כהן סוכנות מזון ומשקאות</ManufactureName>
      <ManufactureCountry />
      <ManufactureItemDescription />
      <UnitQty>'יח</UnitQty>
      <Quantity>1</Quantity>
      <UnitMeasure>'יח</UnitMeasure>
      <BisWeighted>0</BisWeighted>
      <QtyInPackage>1</QtyInPackage>
      <ItemPrice>13.90</ItemPrice>
      <UnitOfMeasurePrice>13.90</UnitOfMeasurePrice>
      <AllowDiscount>0</AllowDiscount>
      <itemStatus>1</itemStatus>
      <LastUpdateDate />
      <LastUpdateTime />
    </Product>
    <Product>
      <PriceUpdateDate>2022/05/16 09:45</PriceUpdateDate>
      <ItemCode>7290014288379</ItemCode>
      <ItemType>1</ItemType>
      <ItemName>ערמונים 100 גר` "שווה"</ItemName>
      <ManufactureName>ח.כהן סוכנות מזון ומשקאות</ManufactureName>
      <ManufactureCountry />
      <ManufactureItemDescription />
      <UnitQty>'יח</UnitQty>
      <Quantity>5.65</Quantity>
      <UnitMeasure>ל-100 גרם</UnitMeasure>
      <BisWeighted>0</BisWeighted>
      <QtyInPackage>1</QtyInPackage>
      <ItemPrice>5.90</ItemPrice>
      <UnitOfMeasurePrice>1.04</UnitOfMeasurePrice>
      <AllowDiscount>1</AllowDiscount>
      <itemStatus>1</itemStatus>
      <LastUpdateDate />
      <LastUpdateTime />
    </Product>
    <Product>
      <PriceUpdateDate>2022/05/09 20:19</PriceUpdateDate>
      <ItemCode>7290014673038</ItemCode>
      <ItemType>1</ItemType>
      <ItemName>תערובת תיבול טוסקנה 120 גרם</ItemName>
      <ManufactureName>א.ל. ייצור ושיווק תבלינים בע`מ</ManufactureName>
      <ManufactureCountry />
      <ManufactureItemDescription />
      <UnitQty>'יח</UnitQty>
      <Quantity>1.20</Quantity>
      <UnitMeasure>ל-100 גרם</UnitMeasure>
      <BisWeighted>0</BisWeighted>
      <QtyInPackage>1</QtyInPackage>
      <ItemPrice>11.90</ItemPrice>
      <UnitOfMeasurePrice>9.92</UnitOfMeasurePrice>
      <AllowDiscount>1</AllowDiscount>
      <itemStatus>1</itemStatus>
      <LastUpdateDate />
      <LastUpdateTime />
    </Product>
    <Product>
      <PriceUpdateDate>2022/06/27 14:44</PriceUpdateDate>
      <ItemCode>7290014973329</ItemCode>
      <ItemType>1</ItemType>
      <ItemName>פילה הרינג אדום צנצנת 200 גרם</ItemName>
      <ManufactureName>ירין חזון שיווק ומזון</ManufactureName>
      <ManufactureCountry />
      <ManufactureItemDescription />
      <UnitQty>'יח</UnitQty>
      <Quantity>2</Quantity>
      <UnitMeasure>ל-100 גרם</UnitMeasure>
      <BisWeighted>0</BisWeighted>
      <QtyInPackage>1</QtyInPackage>
      <ItemPrice>16.90</ItemPrice>
      <UnitOfMeasurePrice>8.45</UnitOfMeasurePrice>
      <AllowDiscount>0</AllowDiscount>
      <itemStatus>1</itemStatus>
      <LastUpdateDate />
      <LastUpdateTime />
    </Product>
    <Product>
      <PriceUpdateDate>2022/04/06 15:46</PriceUpdateDate>
      <ItemCode>7290014973336</ItemCode>
      <ItemType>1</ItemType>
      <ItemName>פילה הרינג כבוש צנצנת 200 גרם</ItemName>
      <ManufactureName>מוסרי פלוס</ManufactureName>
      <ManufactureCountry />
      <ManufactureItemDescription />
      <UnitQty>'יח</UnitQty>
      <Quantity>2</Quantity>
      <UnitMeasure>ל-100 גרם</UnitMeasure>
      <BisWeighted>0</BisWeighted>
      <QtyInPackage>1</QtyInPackage>
      <ItemPrice>17.90</ItemPrice>
      <UnitOfMeasurePrice>8.95</UnitOfMeasurePrice>
      <AllowDiscount>0</AllowDiscount>
      <itemStatus>1</itemStatus>
      <LastUpdateDate />
      <LastUpdateTime />
    </Product>
    <Product>
      <PriceUpdateDate>2022/06/27 14:44</PriceUpdateDate>
      <ItemCode>7290014973374</ItemCode>
      <ItemType>1</ItemType>
      <ItemName>פילה מקרל בשמן צנצנת 200 גרם</ItemName>
      <ManufactureName>ירין חזון שיווק ומזון</ManufactureName>
      <ManufactureCountry />
      <ManufactureItemDescription />
      <UnitQty>'יח</UnitQty>
      <Quantity>2</Quantity>
      <UnitMeasure>ל-100 גרם</UnitMeasure>
      <BisWeighted>0</BisWeighted>
      <QtyInPackage>1</QtyInPackage>
      <ItemPrice>24.90</ItemPrice>
      <UnitOfMeasurePrice>12.45</UnitOfMeasurePrice>
      <AllowDiscount>0</AllowDiscount>
      <itemStatus>1</itemStatus>
      <LastUpdateDate />
      <LastUpdateTime />
    </Product>
    <Product>
      <PriceUpdateDate>2022/05/31 10:17</PriceUpdateDate>
      <ItemCode>7290014973411</ItemCode>
      <ItemType>1</ItemType>
      <ItemName>פילה דג סלמון טרי מעושן 100 גר`</ItemName>
      <ManufactureName>ירין חזון שיווק ומזון</ManufactureName>
      <ManufactureCountry />
      <ManufactureItemDescription />
      <UnitQty>'יח</UnitQty>
      <Quantity>1</Quantity>
      <UnitMeasure>ל-100 גרם</UnitMeasure>
      <BisWeighted>0</BisWeighted>
      <QtyInPackage>1</QtyInPackage>
      <ItemPrice>19.90</ItemPrice>
      <UnitOfMeasurePrice>19.90</UnitOfMeasurePrice>
      <AllowDiscount>0</AllowDiscount>
      <itemStatus>1</itemStatus>
      <LastUpdateDate />
      <LastUpdateTime />
    </Product>
    <Product>
      <PriceUpdateDate>2022/06/27 14:44</PriceUpdateDate>
      <ItemCode>7290014973664</ItemCode>
      <ItemType>1</ItemType>
      <ItemName>איקרה אדומה 250 גרם</ItemName>
      <ManufactureName>ירין חזון שיווק ומזון</ManufactureName>
      <ManufactureCountry />
      <ManufactureItemDescription />
      <UnitQty>'יח</UnitQty>
      <Quantity>2.50</Quantity>
      <UnitMeasure>ל-100 גרם</UnitMeasure>
      <BisWeighted>0</BisWeighted>
      <QtyInPackage>1</QtyInPackage>
      <ItemPrice>18.90</ItemPrice>
      <UnitOfMeasurePrice>7.56</UnitOfMeasurePrice>
      <AllowDiscount>0</AllowDiscount>
      <itemStatus>1</itemStatus>
      <LastUpdateDate />
      <LastUpdateTime />
    </Product>
    <Product>
      <PriceUpdateDate>2022/11/01 11:47</PriceUpdateDate>
      <ItemCode>7290015155267</ItemCode>
      <ItemType>1</ItemType>
      <ItemName>פרמיו כריות קטניפ לחתול 60ג</ItemName>
      <ManufactureName>שחורי אריה ואנסטסיה</ManufactureName>
      <ManufactureCountry />
      <ManufactureItemDescription />
      <UnitQty>'יח</UnitQty>
      <Quantity>0.60</Quantity>
      <UnitMeasure>ל-100 גרם</UnitMeasure>
      <BisWeighted>0</BisWeighted>
      <QtyInPackage>1</QtyInPackage>
      <ItemPrice>14.90</ItemPrice>
      <UnitOfMeasurePrice>24.83</UnitOfMeasurePrice>
      <AllowDiscount>0</AllowDiscount>
      <itemStatus>1</itemStatus>
      <LastUpdateDate />
      <LastUpdateTime />
    </Product>
    <Product>
      <PriceUpdateDate>2022/11/01 11:47</PriceUpdateDate>
      <ItemCode>7290015155274</ItemCode>
      <ItemType>1</ItemType>
      <ItemName>פרמיו כריות ביוטי לחתול 60ג</ItemName>
      <ManufactureName>שחורי אריה ואנסטסיה</ManufactureName>
      <ManufactureCountry />
      <ManufactureItemDescription />
      <UnitQty>'יח</UnitQty>
      <Quantity>0.60</Quantity>
      <UnitMeasure>ל-100 גרם</UnitMeasure>
      <BisWeighted>0</BisWeighted>
      <QtyInPackage>1</QtyInPackage>
      <ItemPrice>14.90</ItemPrice>
      <UnitOfMeasurePrice>24.83</UnitOfMeasurePrice>
      <AllowDiscount>0</AllowDiscount>
      <itemStatus>1</itemStatus>
      <LastUpdateDate />
      <LastUpdateTime />
    </Product>
    <Product>
      <PriceUpdateDate>2022/11/01 11:47</PriceUpdateDate>
      <ItemCode>7290015155557</ItemCode>
      <ItemType>1</ItemType>
      <ItemName>פרמיו מקלוני ברווז מובחרים 100ג</ItemName>
      <ManufactureName>שחורי אריה ואנסטסיה</ManufactureName>
      <ManufactureCountry />
      <ManufactureItemDescription />
      <UnitQty>'יח</UnitQty>
      <Quantity>1</Quantity>
      <UnitMeasure>ל-100 גרם</UnitMeasure>
      <BisWeighted>0</BisWeighted>
      <QtyInPackage>1</QtyInPackage>
      <ItemPrice>16.90</ItemPrice>
      <UnitOfMeasurePrice>16.90</UnitOfMeasurePrice>
      <AllowDiscount>0</AllowDiscount>
      <itemStatus>1</itemStatus>
      <LastUpdateDate />
      <LastUpdateTime />
    </Product>
    <Product>
      <PriceUpdateDate>2022/11/01 11:47</PriceUpdateDate>
      <ItemCode>7290015155564</ItemCode>
      <ItemType>1</ItemType>
      <ItemName>פרמיו חטיפי עוף מובחרים 100ג</ItemName>
      <ManufactureName>שחורי אריה ואנסטסיה</ManufactureName>
      <ManufactureCountry />
      <ManufactureItemDescription />
      <UnitQty>'יח</UnitQty>
      <Quantity>1</Quantity>
      <UnitMeasure>ל-100 גרם</UnitMeasure>
      <BisWeighted>0</BisWeighted>
      <QtyInPackage>1</QtyInPackage>
      <ItemPrice>16.90</ItemPrice>
      <UnitOfMeasurePrice>16.90</UnitOfMeasurePrice>
      <AllowDiscount>0</AllowDiscount>
      <itemStatus>1</itemStatus>
      <LastUpdateDate />
      <LastUpdateTime />
    </Product>
    <Product>
      <PriceUpdateDate>2022/11/01 11:47</PriceUpdateDate>
      <ItemCode>7290015155793</ItemCode>
      <ItemType>1</ItemType>
      <ItemName>פרמיו כריות מיקס</ItemName>
      <ManufactureName>שחורי אריה ואנסטסיה</ManufactureName>
      <ManufactureCountry />
      <ManufactureItemDescription />
      <UnitQty>'יח</UnitQty>
      <Quantity>0.60</Quantity>
      <UnitMeasure>ל-100 גרם</UnitMeasure>
      <BisWeighted>0</BisWeighted>
      <QtyInPackage>1</QtyInPackage>
      <ItemPrice>14.90</ItemPrice>
      <UnitOfMeasurePrice>24.83</UnitOfMeasurePrice>
      <AllowDiscount>0</AllowDiscount>
      <itemStatus>1</itemStatus>
      <LastUpdateDate />
      <LastUpdateTime />
    </Product>
    <Product>
      <PriceUpdateDate>2022/11/01 11:47</PriceUpdateDate>
      <ItemCode>7290015155809</ItemCode>
      <ItemType>1</ItemType>
      <ItemName>פרמיו כריות עוף</ItemName>
      <ManufactureName>שחורי אריה ואנסטסיה</ManufactureName>
      <ManufactureCountry />
      <ManufactureItemDescription />
      <UnitQty>'יח</UnitQty>
      <Quantity>0.60</Quantity>
      <UnitMeasure>ל-100 גרם</UnitMeasure>
      <BisWeighted>0</BisWeighted>
      <QtyInPackage>1</QtyInPackage>
      <ItemPrice>14.90</ItemPrice>
      <UnitOfMeasurePrice>24.83</UnitOfMeasurePrice>
      <AllowDiscount>0</AllowDiscount>
      <itemStatus>1</itemStatus>
      <LastUpdateDate />
      <LastUpdateTime />
    </Product>
    <Product>
      <PriceUpdateDate>2022/11/01 11:47</PriceUpdateDate>
      <ItemCode>7290015155816</ItemCode>
      <ItemType>1</ItemType>
      <ItemName>פרמיו כריות לגור חתול</ItemName>
      <ManufactureName>שחורי אריה ואנסטסיה</ManufactureName>
      <ManufactureCountry />
      <ManufactureItemDescription />
      <UnitQty>'יח</UnitQty>
      <Quantity>0.60</Quantity>
      <UnitMeasure>ל-100 גרם</UnitMeasure>
      <BisWeighted>0</BisWeighted>
      <QtyInPackage>1</QtyInPackage>
      <ItemPrice>14.90</ItemPrice>
      <UnitOfMeasurePrice>24.83</UnitOfMeasurePrice>
      <AllowDiscount>0</AllowDiscount>
      <itemStatus>1</itemStatus>
      <LastUpdateDate />
      <LastUpdateTime />
    </Product>
    <Product>
      <PriceUpdateDate>2022/11/01 11:47</PriceUpdateDate>
      <ItemCode>7290015156202</ItemCode>
      <ItemType>1</ItemType>
      <ItemName>פרמיו דנטל קוקי 500 גרם</ItemName>
      <ManufactureName>שחורי אריה ואנסטסיה</ManufactureName>
      <ManufactureCountry />
      <ManufactureItemDescription />
      <UnitQty>'יח</UnitQty>
      <Quantity>5</Quantity>
      <UnitMeasure>ל-100 גרם</UnitMeasure>
      <BisWeighted>0</BisWeighted>
      <QtyInPackage>1</QtyInPackage>
      <ItemPrice>19.90</ItemPrice>
      <UnitOfMeasurePrice>3.98</UnitOfMeasurePrice>
      <AllowDiscount>0</AllowDiscount>
      <itemStatus>1</itemStatus>
      <LastUpdateDate />
      <LastUpdateTime />
    </Product>
    <Product>
      <PriceUpdateDate>2022/11/01 11:47</PriceUpdateDate>
      <ItemCode>7290015156455</ItemCode>
      <ItemType>1</ItemType>
      <ItemName>עוגיות פרמיו 500 גרם</ItemName>
      <ManufactureName>שחורי אריה ואנסטסיה</ManufactureName>
      <ManufactureCountry />
      <ManufactureItemDescription />
      <UnitQty>'יח</UnitQty>
      <Quantity>5</Quantity>
      <UnitMeasure>ל-100 גרם</UnitMeasure>
      <BisWeighted>0</BisWeighted>
      <QtyInPackage>1</QtyInPackage>
      <ItemPrice>19.90</ItemPrice>
      <UnitOfMeasurePrice>3.98</UnitOfMeasurePrice>
      <AllowDiscount>0</AllowDiscount>
      <itemStatus>1</itemStatus>
      <LastUpdateDate />
      <LastUpdateTime />
    </Product>
    <Product>
      <PriceUpdateDate>2022/11/01 11:47</PriceUpdateDate>
      <ItemCode>7290015156646</ItemCode>
      <ItemType>1</ItemType>
      <ItemName>חטיף פרמיו דמבל ברווז 100 גרם</ItemName>
      <ManufactureName>שחורי אריה ואנסטסיה</ManufactureName>
      <ManufactureCountry />
      <ManufactureItemDescription />
      <UnitQty>'יח</UnitQty>
      <Quantity>1</Quantity>
      <UnitMeasure>ל-100 גרם</UnitMeasure>
      <BisWeighted>0</BisWeighted>
      <QtyInPackage>1</QtyInPackage>
      <ItemPrice>16.90</ItemPrice>
      <UnitOfMeasurePrice>16.90</UnitOfMeasurePrice>
      <AllowDiscount>0</AllowDiscount>
      <itemStatus>1</itemStatus>
      <LastUpdateDate />
      <LastUpdateTime />
    </Product>
    <Product>
      <PriceUpdateDate>2022/11/01 11:47</PriceUpdateDate>
      <ItemCode>7290015156653</ItemCode>
      <ItemType>1</ItemType>
      <ItemName>חטיף פרמיו אוהבי ברווז 100 גרם</ItemName>
      <ManufactureName>שחורי אריה ואנסטסיה</ManufactureName>
      <ManufactureCountry />
      <ManufactureItemDescription />
      <UnitQty>'יח</UnitQty>
      <Quantity>1</Quantity>
      <UnitMeasure>ל-100 גרם</UnitMeasure>
      <BisWeighted>0</BisWeighted>
      <QtyInPackage>1</QtyInPackage>
      <ItemPrice>16.90</ItemPrice>
      <UnitOfMeasurePrice>16.90</UnitOfMeasurePrice>
      <AllowDiscount>0</AllowDiscount>
      <itemStatus>1</itemStatus>
      <LastUpdateDate />
      <LastUpdateTime />
    </Product>
    <Product>
      <PriceUpdateDate>2022/11/01 11:47</PriceUpdateDate>
      <ItemCode>7290015156660</ItemCode>
      <ItemType>1</ItemType>
      <ItemName>חטיף פרמיו סנדויץ סלמון 100 גרם</ItemName>
      <ManufactureName>שחורי אריה ואנסטסיה</ManufactureName>
      <ManufactureCountry />
      <ManufactureItemDescription />
      <UnitQty>'יח</UnitQty>
      <Quantity>1</Quantity>
      <UnitMeasure>ל-100 גרם</UnitMeasure>
      <BisWeighted>0</BisWeighted>
      <QtyInPackage>1</QtyInPackage>
      <ItemPrice>16.90</ItemPrice>
      <UnitOfMeasurePrice>16.90</UnitOfMeasurePrice>
      <AllowDiscount>0</AllowDiscount>
      <itemStatus>1</itemStatus>
      <LastUpdateDate />
      <LastUpdateTime />
    </Product>
    <Product>
      <PriceUpdateDate>2021/10/12 15:11</PriceUpdateDate>
      <ItemCode>7290015282581</ItemCode>
      <ItemType>1</ItemType>
      <ItemName>חומוס אבו גוש עם חריף 200 גר`</ItemName>
      <ManufactureName>סלטי שמיר</ManufactureName>
      <ManufactureCountry />
      <ManufactureItemDescription />
      <UnitQty>'יח</UnitQty>
      <Quantity>2</Quantity>
      <UnitMeasure>ל-100 גרם</UnitMeasure>
      <BisWeighted>0</BisWeighted>
      <QtyInPackage>1</QtyInPackage>
      <ItemPrice>10.90</ItemPrice>
      <UnitOfMeasurePrice>5.45</UnitOfMeasurePrice>
      <AllowDiscount>1</AllowDiscount>
      <itemStatus>1</itemStatus>
      <LastUpdateDate />
      <LastUpdateTime />
    </Product>
    <Product>
      <PriceUpdateDate>2021/10/12 15:11</PriceUpdateDate>
      <ItemCode>7290015282598</ItemCode>
      <ItemType>1</ItemType>
      <ItemName>חומוס מסעדות 200 גר`</ItemName>
      <ManufactureName>סלטי שמיר</ManufactureName>
      <ManufactureCountry />
      <ManufactureItemDescription />
      <UnitQty>'יח</UnitQty>
      <Quantity>2</Quantity>
      <UnitMeasure>ל-100 גרם</UnitMeasure>
      <BisWeighted>0</BisWeighted>
      <QtyInPackage>1</QtyInPackage>
      <ItemPrice>10.90</ItemPrice>
      <UnitOfMeasurePrice>5.45</UnitOfMeasurePrice>
      <AllowDiscount>1</AllowDiscount>
      <itemStatus>1</itemStatus>
      <LastUpdateDate />
      <LastUpdateTime />
    </Product>
    <Product>
      <PriceUpdateDate>2021/10/12 15:11</PriceUpdateDate>
      <ItemCode>7290015282604</ItemCode>
      <ItemType>1</ItemType>
      <ItemName>טחינה מיוחדת 200 גר`</ItemName>
      <ManufactureName>סלטי שמיר</ManufactureName>
      <ManufactureCountry />
      <ManufactureItemDescription />
      <UnitQty>'יח</UnitQty>
      <Quantity>2</Quantity>
      <UnitMeasure>ל-100 גרם</UnitMeasure>
      <BisWeighted>0</BisWeighted>
      <QtyInPackage>1</QtyInPackage>
      <ItemPrice>10.90</ItemPrice>
      <UnitOfMeasurePrice>5.45</UnitOfMeasurePrice>
      <AllowDiscount>1</AllowDiscount>
      <itemStatus>1</itemStatus>
      <LastUpdateDate />
      <LastUpdateTime />
    </Product>
    <Product>
      <PriceUpdateDate>2021/10/12 15:11</PriceUpdateDate>
      <ItemCode>7290015282635</ItemCode>
      <ItemType>1</ItemType>
      <ItemName>חומוס מסבחה 200 גר`</ItemName>
      <ManufactureName>סלטי שמיר</ManufactureName>
      <ManufactureCountry />
      <ManufactureItemDescription />
      <UnitQty>'יח</UnitQty>
      <Quantity>2</Quantity>
      <UnitMeasure>ל-100 גרם</UnitMeasure>
      <BisWeighted>0</BisWeighted>
      <QtyInPackage>1</QtyInPackage>
      <ItemPrice>10.90</ItemPrice>
      <UnitOfMeasurePrice>5.45</UnitOfMeasurePrice>
      <AllowDiscount>1</AllowDiscount>
      <itemStatus>1</itemStatus>
      <LastUpdateDate />
      <LastUpdateTime />
    </Product>
    <Product>
      <PriceUpdateDate>2021/10/12 15:11</PriceUpdateDate>
      <ItemCode>7290015282642</ItemCode>
      <ItemType>1</ItemType>
      <ItemName>חומוס אבו גוש 200 גר`</ItemName>
      <ManufactureName>סלטי שמיר</ManufactureName>
      <ManufactureCountry />
      <ManufactureItemDescription />
      <UnitQty>'יח</UnitQty>
      <Quantity>2</Quantity>
      <UnitMeasure>ל-100 גרם</UnitMeasure>
      <BisWeighted>0</BisWeighted>
      <QtyInPackage>1</QtyInPackage>
      <ItemPrice>10.90</ItemPrice>
      <UnitOfMeasurePrice>5.45</UnitOfMeasurePrice>
      <AllowDiscount>1</AllowDiscount>
      <itemStatus>1</itemStatus>
      <LastUpdateDate />
      <LastUpdateTime />
    </Product>
    <Product>
      <PriceUpdateDate>2021/10/12 15:11</PriceUpdateDate>
      <ItemCode>7290015282673</ItemCode>
      <ItemType>1</ItemType>
      <ItemName>חציל במיונז ביתי 200 גר`</ItemName>
      <ManufactureName>סלטי שמיר</ManufactureName>
      <ManufactureCountry />
      <ManufactureItemDescription />
      <UnitQty>'יח</UnitQty>
      <Quantity>2</Quantity>
      <UnitMeasure>ל-100 גרם</UnitMeasure>
      <BisWeighted>0</BisWeighted>
      <QtyInPackage>1</QtyInPackage>
      <ItemPrice>10.90</ItemPrice>
      <UnitOfMeasurePrice>5.45</UnitOfMeasurePrice>
      <AllowDiscount>1</AllowDiscount>
      <itemStatus>1</itemStatus>
      <LastUpdateDate />
      <LastUpdateTime />
    </Product>
    <Product>
      <PriceUpdateDate>2021/10/10 14:30</PriceUpdateDate>
      <ItemCode>7290015282697</ItemCode>
      <ItemType>1</ItemType>
      <ItemName>כרוב אדום גורמה 200 גר`</ItemName>
      <ManufactureName>סלטי שמיר</ManufactureName>
      <ManufactureCountry />
      <ManufactureItemDescription />
      <UnitQty>'יח</UnitQty>
      <Quantity>2</Quantity>
      <UnitMeasure>ל-100 גרם</UnitMeasure>
      <BisWeighted>0</BisWeighted>
      <QtyInPackage>1</QtyInPackage>
      <ItemPrice>10.90</ItemPrice>
      <UnitOfMeasurePrice>5.45</UnitOfMeasurePrice>
      <AllowDiscount>1</AllowDiscount>
      <itemStatus>1</itemStatus>
      <LastUpdateDate />
      <LastUpdateTime />
    </Product>
    <Product>
      <PriceUpdateDate>2022/05/30 15:39</PriceUpdateDate>
      <ItemCode>7290015320009</ItemCode>
      <ItemType>1</ItemType>
      <ItemName>שוקולד מריר שלישייה 3*100 גרם</ItemName>
      <ManufactureName>דין שיווק וקליה 2021 בעמ</ManufactureName>
      <ManufactureCountry />
      <ManufactureItemDescription />
      <UnitQty>'יח</UnitQty>
      <Quantity>1</Quantity>
      <UnitMeasure />
      <BisWeighted>0</BisWeighted>
      <QtyInPackage>1</QtyInPackage>
      <ItemPrice>10.90</ItemPrice>
      <UnitOfMeasurePrice>10.90</UnitOfMeasurePrice>
      <AllowDiscount>0</AllowDiscount>
      <itemStatus>1</itemStatus>
      <LastUpdateDate />
      <LastUpdateTime />
    </Product>
    <Product>
      <PriceUpdateDate>2022/10/26 17:23</PriceUpdateDate>
      <ItemCode>7290015320047</ItemCode>
      <ItemType>1</ItemType>
      <ItemName>עוגיות בטעם חמאה 114 גרם</ItemName>
      <ManufactureName>יעד ממתקים בעמ</ManufactureName>
      <ManufactureCountry />
      <ManufactureItemDescription />
      <UnitQty>'יח</UnitQty>
      <Quantity>1.14</Quantity>
      <UnitMeasure>ל-100 גרם</UnitMeasure>
      <BisWeighted>0</BisWeighted>
      <QtyInPackage>1</QtyInPackage>
      <ItemPrice>5.90</ItemPrice>
      <UnitOfMeasurePrice>5.18</UnitOfMeasurePrice>
      <AllowDiscount>0</AllowDiscount>
      <itemStatus>1</itemStatus>
      <LastUpdateDate />
      <LastUpdateTime />
    </Product>
    <Product>
      <PriceUpdateDate>2022/10/26 17:23</PriceUpdateDate>
      <ItemCode>7290015320054</ItemCode>
      <ItemType>1</ItemType>
      <ItemName>עוגיות בטעם חמאה 340 גרם</ItemName>
      <ManufactureName>יעד ממתקים בעמ</ManufactureName>
      <ManufactureCountry />
      <ManufactureItemDescription />
      <UnitQty>'יח</UnitQty>
      <Quantity>3.34</Quantity>
      <UnitMeasure>ל-100 גרם</UnitMeasure>
      <BisWeighted>0</BisWeighted>
      <QtyInPackage>1</QtyInPackage>
      <ItemPrice>11.90</ItemPrice>
      <UnitOfMeasurePrice>3.56</UnitOfMeasurePrice>
      <AllowDiscount>0</AllowDiscount>
      <itemStatus>1</itemStatus>
      <LastUpdateDate />
      <LastUpdateTime />
    </Product>
    <Product>
      <PriceUpdateDate>2022/10/26 17:23</PriceUpdateDate>
      <ItemCode>7290015320481</ItemCode>
      <ItemType>1</ItemType>
      <ItemName>שוקולד מריר 60% קקאו 100 גרם</ItemName>
      <ManufactureName>יעד ממתקים בעמ</ManufactureName>
      <ManufactureCountry />
      <ManufactureItemDescription />
      <UnitQty>'יח</UnitQty>
      <Quantity>1</Quantity>
      <UnitMeasure>ל-100 גרם</UnitMeasure>
      <BisWeighted>0</BisWeighted>
      <QtyInPackage>1</QtyInPackage>
      <ItemPrice>4.90</ItemPrice>
      <UnitOfMeasurePrice>4.90</UnitOfMeasurePrice>
      <AllowDiscount>0</AllowDiscount>
      <itemStatus>1</itemStatus>
      <LastUpdateDate />
      <LastUpdateTime />
    </Product>
    <Product>
      <PriceUpdateDate>2022/02/23 09:21</PriceUpdateDate>
      <ItemCode>7290015324687</ItemCode>
      <ItemType>1</ItemType>
      <ItemName>מטחנת לקט פלפל 50 גרם</ItemName>
      <ManufactureName>תבליני טעם וריח</ManufactureName>
      <ManufactureCountry />
      <ManufactureItemDescription />
      <UnitQty>'יח</UnitQty>
      <Quantity>5</Quantity>
      <UnitMeasure>ל-100 גרם</UnitMeasure>
      <BisWeighted>0</BisWeighted>
      <QtyInPackage>1</QtyInPackage>
      <ItemPrice>10.90</ItemPrice>
      <UnitOfMeasurePrice>2.18</UnitOfMeasurePrice>
      <AllowDiscount>0</AllowDiscount>
      <itemStatus>1</itemStatus>
      <LastUpdateDate />
      <LastUpdateTime />
    </Product>
    <Product>
      <PriceUpdateDate>2022/02/23 09:21</PriceUpdateDate>
      <ItemCode>7290015324700</ItemCode>
      <ItemType>1</ItemType>
      <ItemName>מטחנת מלח הימלאיה 100 גרם</ItemName>
      <ManufactureName>תבליני טעם וריח</ManufactureName>
      <ManufactureCountry />
      <ManufactureItemDescription />
      <UnitQty>'יח</UnitQty>
      <Quantity>1</Quantity>
      <UnitMeasure>ל-100 גרם</UnitMeasure>
      <BisWeighted>0</BisWeighted>
      <QtyInPackage>1</QtyInPackage>
      <ItemPrice>9.90</ItemPrice>
      <UnitOfMeasurePrice>9.90</UnitOfMeasurePrice>
      <AllowDiscount>0</AllowDiscount>
      <itemStatus>1</itemStatus>
      <LastUpdateDate />
      <LastUpdateTime />
    </Product>
    <Product>
      <PriceUpdateDate>2022/07/12 14:37</PriceUpdateDate>
      <ItemCode>7290016132137</ItemCode>
      <ItemType>1</ItemType>
      <ItemName>דלי שטיפה איכותי</ItemName>
      <ManufactureName>ד.ג.ש ייבוא ושיווק בעמ</ManufactureName>
      <ManufactureCountry />
      <ManufactureItemDescription />
      <UnitQty>'יח</UnitQty>
      <Quantity>1</Quantity>
      <UnitMeasure />
      <BisWeighted>0</BisWeighted>
      <QtyInPackage>1</QtyInPackage>
      <ItemPrice>13.90</ItemPrice>
      <UnitOfMeasurePrice>13.90</UnitOfMeasurePrice>
      <AllowDiscount>0</AllowDiscount>
      <itemStatus>1</itemStatus>
      <LastUpdateDate />
      <LastUpdateTime />
    </Product>
    <Product>
      <PriceUpdateDate>2022/08/25 18:19</PriceUpdateDate>
      <ItemCode>7290016296020</ItemCode>
      <ItemType>1</ItemType>
      <ItemName>נפת קוסקוס</ItemName>
      <ManufactureName>ד.ג.ש ייבוא ושיווק בעמ</ManufactureName>
      <ManufactureCountry />
      <ManufactureItemDescription />
      <UnitQty>'יח</UnitQty>
      <Quantity>1</Quantity>
      <UnitMeasure />
      <BisWeighted>0</BisWeighted>
      <QtyInPackage>1</QtyInPackage>
      <ItemPrice>29.90</ItemPrice>
      <UnitOfMeasurePrice>29.90</UnitOfMeasurePrice>
      <AllowDiscount>0</AllowDiscount>
      <itemStatus>1</itemStatus>
      <LastUpdateDate />
      <LastUpdateTime />
    </Product>
    <Product>
      <PriceUpdateDate>2022/05/16 09:45</PriceUpdateDate>
      <ItemCode>7290016401387</ItemCode>
      <ItemType>1</ItemType>
      <ItemName>פטריות חתוך שלישייה 290 גר` "שווה"</ItemName>
      <ManufactureName>ח.כהן סוכנות מזון ומשקאות</ManufactureName>
      <ManufactureCountry />
      <ManufactureItemDescription />
      <UnitQty>'יח</UnitQty>
      <Quantity>2.90</Quantity>
      <UnitMeasure>ל-100 גרם</UnitMeasure>
      <BisWeighted>0</BisWeighted>
      <QtyInPackage>1</QtyInPackage>
      <ItemPrice>10.90</ItemPrice>
      <UnitOfMeasurePrice>3.76</UnitOfMeasurePrice>
      <AllowDiscount>1</AllowDiscount>
      <itemStatus>1</itemStatus>
      <LastUpdateDate />
      <LastUpdateTime />
    </Product>
    <Product>
      <PriceUpdateDate>2021/07/21 07:14</PriceUpdateDate>
      <ItemCode>7290016440652</ItemCode>
      <ItemType>1</ItemType>
      <ItemName>מעדני עופר תערובת פרוסות ירקות חמוצים</ItemName>
      <ManufactureName>קפוא זן תעשיות מזון בעמ</ManufactureName>
      <ManufactureCountry />
      <ManufactureItemDescription />
      <UnitQty>'יח</UnitQty>
      <Quantity>2</Quantity>
      <UnitMeasure>ל-100 גרם</UnitMeasure>
      <BisWeighted>0</BisWeighted>
      <QtyInPackage>1</QtyInPackage>
      <ItemPrice>19.90</ItemPrice>
      <UnitOfMeasurePrice>9.95</UnitOfMeasurePrice>
      <AllowDiscount>0</AllowDiscount>
      <itemStatus>1</itemStatus>
      <LastUpdateDate />
      <LastUpdateTime />
    </Product>
    <Product>
      <PriceUpdateDate>2021/08/03 16:24</PriceUpdateDate>
      <ItemCode>7290016440911</ItemCode>
      <ItemType>1</ItemType>
      <ItemName>מעדני עופר מלפפונים ביתיים כבושים</ItemName>
      <ManufactureName>קפוא זן תעשיות מזון בעמ</ManufactureName>
      <ManufactureCountry />
      <ManufactureItemDescription />
      <UnitQty>'יח</UnitQty>
      <Quantity>0</Quantity>
      <UnitMeasure>ל-100 גרם</UnitMeasure>
      <BisWeighted>0</BisWeighted>
      <QtyInPackage>1</QtyInPackage>
      <ItemPrice>19.90</ItemPrice>
      <UnitOfMeasurePrice>19.90</UnitOfMeasurePrice>
      <AllowDiscount>0</AllowDiscount>
      <itemStatus>1</itemStatus>
      <LastUpdateDate />
      <LastUpdateTime />
    </Product>
    <Product>
      <PriceUpdateDate>2022/11/01 11:47</PriceUpdateDate>
      <ItemCode>7290016508185</ItemCode>
      <ItemType>1</ItemType>
      <ItemName>אולטרה קט שימורים לחתול עוף הודו וירקות</ItemName>
      <ManufactureName>שחורי אריה ואנסטסיה</ManufactureName>
      <ManufactureCountry />
      <ManufactureItemDescription />
      <UnitQty>'יח</UnitQty>
      <Quantity>4.15</Quantity>
      <UnitMeasure>ל-100 גרם</UnitMeasure>
      <BisWeighted>0</BisWeighted>
      <QtyInPackage>1</QtyInPackage>
      <ItemPrice>4</ItemPrice>
      <UnitOfMeasurePrice>0.96</UnitOfMeasurePrice>
      <AllowDiscount>0</AllowDiscount>
      <itemStatus>1</itemStatus>
      <LastUpdateDate />
      <LastUpdateTime />
    </Product>
    <Product>
      <PriceUpdateDate>2022/11/01 11:47</PriceUpdateDate>
      <ItemCode>7290016508192</ItemCode>
      <ItemType>1</ItemType>
      <ItemName>אולטרה קט שימורים לחתול בקר וירקות 415גר</ItemName>
      <ManufactureName>שחורי אריה ואנסטסיה</ManufactureName>
      <ManufactureCountry />
      <ManufactureItemDescription />
      <UnitQty>'יח</UnitQty>
      <Quantity>4.15</Quantity>
      <UnitMeasure>ל-100 גרם</UnitMeasure>
      <BisWeighted>0</BisWeighted>
      <QtyInPackage>1</QtyInPackage>
      <ItemPrice>4</ItemPrice>
      <UnitOfMeasurePrice>0.96</UnitOfMeasurePrice>
      <AllowDiscount>0</AllowDiscount>
      <itemStatus>1</itemStatus>
      <LastUpdateDate />
      <LastUpdateTime />
    </Product>
    <Product>
      <PriceUpdateDate>2022/11/01 11:47</PriceUpdateDate>
      <ItemCode>7290016508246</ItemCode>
      <ItemType>1</ItemType>
      <ItemName>פרמייר שימורים לכלב בקר 415גר</ItemName>
      <ManufactureName>שחורי אריה ואנסטסיה</ManufactureName>
      <ManufactureCountry />
      <ManufactureItemDescription />
      <UnitQty>'יח</UnitQty>
      <Quantity>4.15</Quantity>
      <UnitMeasure>ל-100 גרם</UnitMeasure>
      <BisWeighted>0</BisWeighted>
      <QtyInPackage>1</QtyInPackage>
      <ItemPrice>4</ItemPrice>
      <UnitOfMeasurePrice>0.96</UnitOfMeasurePrice>
      <AllowDiscount>0</AllowDiscount>
      <itemStatus>1</itemStatus>
      <LastUpdateDate />
      <LastUpdateTime />
    </Product>
    <Product>
      <PriceUpdateDate>2022/11/01 11:47</PriceUpdateDate>
      <ItemCode>7290016508253</ItemCode>
      <ItemType>1</ItemType>
      <ItemName>פרמייר שימורים לכלב סלמון 415גר</ItemName>
      <ManufactureName>שחורי אריה ואנסטסיה</ManufactureName>
      <ManufactureCountry />
      <ManufactureItemDescription />
      <UnitQty>'יח</UnitQty>
      <Quantity>4.15</Quantity>
      <UnitMeasure>ל-100 גרם</UnitMeasure>
      <BisWeighted>0</BisWeighted>
      <QtyInPackage>1</QtyInPackage>
      <ItemPrice>4</ItemPrice>
      <UnitOfMeasurePrice>0.96</UnitOfMeasurePrice>
      <AllowDiscount>0</AllowDiscount>
      <itemStatus>1</itemStatus>
      <LastUpdateDate />
      <LastUpdateTime />
    </Product>
    <Product>
      <PriceUpdateDate>2022/11/01 11:47</PriceUpdateDate>
      <ItemCode>7290016508260</ItemCode>
      <ItemType>1</ItemType>
      <ItemName>פרמייר שימורים לכלב ברווז 415גר</ItemName>
      <ManufactureName>שחורי אריה ואנסטסיה</ManufactureName>
      <ManufactureCountry />
      <ManufactureItemDescription />
      <UnitQty>'יח</UnitQty>
      <Quantity>4.15</Quantity>
      <UnitMeasure>ל-100 גרם</UnitMeasure>
      <BisWeighted>0</BisWeighted>
      <QtyInPackage>1</QtyInPackage>
      <ItemPrice>4</ItemPrice>
      <UnitOfMeasurePrice>0.96</UnitOfMeasurePrice>
      <AllowDiscount>0</AllowDiscount>
      <itemStatus>1</itemStatus>
      <LastUpdateDate />
      <LastUpdateTime />
    </Product>
    <Product>
      <PriceUpdateDate>2022/11/01 11:47</PriceUpdateDate>
      <ItemCode>7290016508512</ItemCode>
      <ItemType>1</ItemType>
      <ItemName>אולטרה קט שימורים לחתול ברווז 415גר</ItemName>
      <ManufactureName>שחורי אריה ואנסטסיה</ManufactureName>
      <ManufactureCountry />
      <ManufactureItemDescription />
      <UnitQty>'יח</UnitQty>
      <Quantity>4.15</Quantity>
      <UnitMeasure>ל-100 גרם</UnitMeasure>
      <BisWeighted>0</BisWeighted>
      <QtyInPackage>1</QtyInPackage>
      <ItemPrice>4</ItemPrice>
      <UnitOfMeasurePrice>0.96</UnitOfMeasurePrice>
      <AllowDiscount>0</AllowDiscount>
      <itemStatus>1</itemStatus>
      <LastUpdateDate />
      <LastUpdateTime />
    </Product>
    <Product>
      <PriceUpdateDate>2022/11/01 11:47</PriceUpdateDate>
      <ItemCode>7290016508529</ItemCode>
      <ItemType>1</ItemType>
      <ItemName>אולטרה קט שימורים לחתול ארנבת 415גר</ItemName>
      <ManufactureName>שחורי אריה ואנסטסיה</ManufactureName>
      <ManufactureCountry />
      <ManufactureItemDescription />
      <UnitQty>'יח</UnitQty>
      <Quantity>4.15</Quantity>
      <UnitMeasure>ל-100 גרם</UnitMeasure>
      <BisWeighted>0</BisWeighted>
      <QtyInPackage>1</QtyInPackage>
      <ItemPrice>4</ItemPrice>
      <UnitOfMeasurePrice>0.96</UnitOfMeasurePrice>
      <AllowDiscount>0</AllowDiscount>
      <itemStatus>1</itemStatus>
      <LastUpdateDate />
      <LastUpdateTime />
    </Product>
    <Product>
      <PriceUpdateDate>2022/11/01 11:47</PriceUpdateDate>
      <ItemCode>7290016508536</ItemCode>
      <ItemType>1</ItemType>
      <ItemName>אולטרה קט שימורים לחתול טונה 415גר</ItemName>
      <ManufactureName>שחורי אריה ואנסטסיה</ManufactureName>
      <ManufactureCountry />
      <ManufactureItemDescription />
      <UnitQty>'יח</UnitQty>
      <Quantity>4.15</Quantity>
      <UnitMeasure>ל-100 גרם</UnitMeasure>
      <BisWeighted>0</BisWeighted>
      <QtyInPackage>1</QtyInPackage>
      <ItemPrice>4</ItemPrice>
      <UnitOfMeasurePrice>0.96</UnitOfMeasurePrice>
      <AllowDiscount>0</AllowDiscount>
      <itemStatus>1</itemStatus>
      <LastUpdateDate />
      <LastUpdateTime />
    </Product>
    <Product>
      <PriceUpdateDate>2022/11/01 11:47</PriceUpdateDate>
      <ItemCode>7290016508543</ItemCode>
      <ItemType>1</ItemType>
      <ItemName>אולטרה קט שימורים לחתול סלמון 415גר</ItemName>
      <ManufactureName>שחורי אריה ואנסטסיה</ManufactureName>
      <ManufactureCountry />
      <ManufactureItemDescription />
      <UnitQty>'יח</UnitQty>
      <Quantity>4.15</Quantity>
      <UnitMeasure>ל-100 גרם</UnitMeasure>
      <BisWeighted>0</BisWeighted>
      <QtyInPackage>1</QtyInPackage>
      <ItemPrice>4</ItemPrice>
      <UnitOfMeasurePrice>0.96</UnitOfMeasurePrice>
      <AllowDiscount>0</AllowDiscount>
      <itemStatus>1</itemStatus>
      <LastUpdateDate />
      <LastUpdateTime />
    </Product>
    <Product>
      <PriceUpdateDate>2022/11/01 11:47</PriceUpdateDate>
      <ItemCode>7290016508789</ItemCode>
      <ItemType>1</ItemType>
      <ItemName>פרמייר שימורים לכלב עוף 415גר</ItemName>
      <ManufactureName>שחורי אריה ואנסטסיה</ManufactureName>
      <ManufactureCountry />
      <ManufactureItemDescription />
      <UnitQty>'יח</UnitQty>
      <Quantity>4.15</Quantity>
      <UnitMeasure>ל-100 גרם</UnitMeasure>
      <BisWeighted>0</BisWeighted>
      <QtyInPackage>1</QtyInPackage>
      <ItemPrice>4</ItemPrice>
      <UnitOfMeasurePrice>0.96</UnitOfMeasurePrice>
      <AllowDiscount>0</AllowDiscount>
      <itemStatus>1</itemStatus>
      <LastUpdateDate />
      <LastUpdateTime />
    </Product>
    <Product>
      <PriceUpdateDate>2021/09/19 17:38</PriceUpdateDate>
      <ItemCode>7290016867053</ItemCode>
      <ItemType>1</ItemType>
      <ItemName>לחם קל כוסמין בתוספת מחמצת 450 גרם</ItemName>
      <ManufactureName>המאפה של דר מארק</ManufactureName>
      <ManufactureCountry />
      <ManufactureItemDescription />
      <UnitQty>'יח</UnitQty>
      <Quantity>4.50</Quantity>
      <UnitMeasure>ל-100 גרם</UnitMeasure>
      <BisWeighted>0</BisWeighted>
      <QtyInPackage>1</QtyInPackage>
      <ItemPrice>18.90</ItemPrice>
      <UnitOfMeasurePrice>4.20</UnitOfMeasurePrice>
      <AllowDiscount>0</AllowDiscount>
      <itemStatus>1</itemStatus>
      <LastUpdateDate />
      <LastUpdateTime />
    </Product>
    <Product>
      <PriceUpdateDate>2022/02/08 15:18</PriceUpdateDate>
      <ItemCode>7290016867084</ItemCode>
      <ItemType>1</ItemType>
      <ItemName>לחמניות כוסמין בתוספת סיביים 450 גרם</ItemName>
      <ManufactureName>המאפה של דר מארק</ManufactureName>
      <ManufactureCountry />
      <ManufactureItemDescription />
      <UnitQty>'יח</UnitQty>
      <Quantity>4.50</Quantity>
      <UnitMeasure>ל-100 גרם</UnitMeasure>
      <BisWeighted>0</BisWeighted>
      <QtyInPackage>1</QtyInPackage>
      <ItemPrice>18.90</ItemPrice>
      <UnitOfMeasurePrice>4.20</UnitOfMeasurePrice>
      <AllowDiscount>0</AllowDiscount>
      <itemStatus>1</itemStatus>
      <LastUpdateDate />
      <LastUpdateTime />
    </Product>
    <Product>
      <PriceUpdateDate>2022/02/08 15:18</PriceUpdateDate>
      <ItemCode>7290016867091</ItemCode>
      <ItemType>1</ItemType>
      <ItemName>פיתות כוסמין בתוספת סיביים 300 גרם</ItemName>
      <ManufactureName>המאפה של דר מארק</ManufactureName>
      <ManufactureCountry />
      <ManufactureItemDescription />
      <UnitQty>'יח</UnitQty>
      <Quantity>3</Quantity>
      <UnitMeasure>ל-100 גרם</UnitMeasure>
      <BisWeighted>0</BisWeighted>
      <QtyInPackage>1</QtyInPackage>
      <ItemPrice>15.90</ItemPrice>
      <UnitOfMeasurePrice>5.30</UnitOfMeasurePrice>
      <AllowDiscount>0</AllowDiscount>
      <itemStatus>1</itemStatus>
      <LastUpdateDate />
      <LastUpdateTime />
    </Product>
    <Product>
      <PriceUpdateDate>2022/04/04 10:35</PriceUpdateDate>
      <ItemCode>7290016867114</ItemCode>
      <ItemType>1</ItemType>
      <ItemName>לחם קל כוסמין 500 גרם</ItemName>
      <ManufactureName>המאפה של דר מארק</ManufactureName>
      <ManufactureCountry />
      <ManufactureItemDescription />
      <UnitQty>'יח</UnitQty>
      <Quantity>5</Quantity>
      <UnitMeasure>ל-100 גרם</UnitMeasure>
      <BisWeighted>0</BisWeighted>
      <QtyInPackage>1</QtyInPackage>
      <ItemPrice>18.90</ItemPrice>
      <UnitOfMeasurePrice>3.78</UnitOfMeasurePrice>
      <AllowDiscount>0</AllowDiscount>
      <itemStatus>1</itemStatus>
      <LastUpdateDate />
      <LastUpdateTime />
    </Product>
    <Product>
      <PriceUpdateDate>2022/04/04 10:35</PriceUpdateDate>
      <ItemCode>7290016867152</ItemCode>
      <ItemType>1</ItemType>
      <ItemName>פיתות קלות כוסמין 292 גרם</ItemName>
      <ManufactureName>המאפה של דר מארק</ManufactureName>
      <ManufactureCountry />
      <ManufactureItemDescription />
      <UnitQty>'יח</UnitQty>
      <Quantity>2.92</Quantity>
      <UnitMeasure>ל-100 גרם</UnitMeasure>
      <BisWeighted>0</BisWeighted>
      <QtyInPackage>1</QtyInPackage>
      <ItemPrice>14.90</ItemPrice>
      <UnitOfMeasurePrice>5.10</UnitOfMeasurePrice>
      <AllowDiscount>0</AllowDiscount>
      <itemStatus>1</itemStatus>
      <LastUpdateDate />
      <LastUpdateTime />
    </Product>
    <Product>
      <PriceUpdateDate>2022/04/04 10:35</PriceUpdateDate>
      <ItemCode>7290016867176</ItemCode>
      <ItemType>1</ItemType>
      <ItemName>לחמניות קלות כוסמין שומשום 300 גרם</ItemName>
      <ManufactureName>המאפה של דר מארק</ManufactureName>
      <ManufactureCountry />
      <ManufactureItemDescription />
      <UnitQty>'יח</UnitQty>
      <Quantity>3</Quantity>
      <UnitMeasure>ל-100 גרם</UnitMeasure>
      <BisWeighted>0</BisWeighted>
      <QtyInPackage>1</QtyInPackage>
      <ItemPrice>14.90</ItemPrice>
      <UnitOfMeasurePrice>4.97</UnitOfMeasurePrice>
      <AllowDiscount>0</AllowDiscount>
      <itemStatus>1</itemStatus>
      <LastUpdateDate />
      <LastUpdateTime />
    </Product>
    <Product>
      <PriceUpdateDate>2021/09/19 17:38</PriceUpdateDate>
      <ItemCode>7290016867237</ItemCode>
      <ItemType>1</ItemType>
      <ItemName>לחם קל כוסמין במתיקות מעודנת 400 גרם</ItemName>
      <ManufactureName>המאפה של דר מארק</ManufactureName>
      <ManufactureCountry />
      <ManufactureItemDescription />
      <UnitQty>'יח</UnitQty>
      <Quantity>4</Quantity>
      <UnitMeasure>ל-100 גרם</UnitMeasure>
      <BisWeighted>0</BisWeighted>
      <QtyInPackage>1</QtyInPackage>
      <ItemPrice>18.90</ItemPrice>
      <UnitOfMeasurePrice>4.73</UnitOfMeasurePrice>
      <AllowDiscount>0</AllowDiscount>
      <itemStatus>1</itemStatus>
      <LastUpdateDate />
      <LastUpdateTime />
    </Product>
    <Product>
      <PriceUpdateDate>2021/12/23 16:10</PriceUpdateDate>
      <ItemCode>7290017275345</ItemCode>
      <ItemType>1</ItemType>
      <ItemName>טחינה גולמית בבקבוק לחיץ 350 גרם</ItemName>
      <ManufactureName>אחדות ביתחרושת לטחינה חלבה</ManufactureName>
      <ManufactureCountry />
      <ManufactureItemDescription />
      <UnitQty>'יח</UnitQty>
      <Quantity>3.50</Quantity>
      <UnitMeasure>ל-100 גרם</UnitMeasure>
      <BisWeighted>0</BisWeighted>
      <QtyInPackage>1</QtyInPackage>
      <ItemPrice>8.90</ItemPrice>
      <UnitOfMeasurePrice>2.54</UnitOfMeasurePrice>
      <AllowDiscount>1</AllowDiscount>
      <itemStatus>1</itemStatus>
      <LastUpdateDate />
      <LastUpdateTime />
    </Product>
    <Product>
      <PriceUpdateDate>2021/12/23 16:10</PriceUpdateDate>
      <ItemCode>7290017275420</ItemCode>
      <ItemType>1</ItemType>
      <ItemName>מיני קצפיות בטעם תות 140 גרם</ItemName>
      <ManufactureName>אחדות ביתחרושת לטחינה חלבה</ManufactureName>
      <ManufactureCountry />
      <ManufactureItemDescription />
      <UnitQty>'יח</UnitQty>
      <Quantity>1.40</Quantity>
      <UnitMeasure>ל-100 גרם</UnitMeasure>
      <BisWeighted>0</BisWeighted>
      <QtyInPackage>1</QtyInPackage>
      <ItemPrice>8.90</ItemPrice>
      <UnitOfMeasurePrice>6.36</UnitOfMeasurePrice>
      <AllowDiscount>1</AllowDiscount>
      <itemStatus>1</itemStatus>
      <LastUpdateDate />
      <LastUpdateTime />
    </Product>
    <Product>
      <PriceUpdateDate>2022/02/17 15:31</PriceUpdateDate>
      <ItemCode>7290017275499</ItemCode>
      <ItemType>1</ItemType>
      <ItemName>סירופ לשתיה בטעם אננס 900 מל</ItemName>
      <ManufactureName>אחדות ביתחרושת לטחינה חלבה</ManufactureName>
      <ManufactureCountry />
      <ManufactureItemDescription />
      <UnitQty>'יח</UnitQty>
      <Quantity>40</Quantity>
      <UnitMeasure>ל-100 מ"ל</UnitMeasure>
      <BisWeighted>0</BisWeighted>
      <QtyInPackage>1</QtyInPackage>
      <ItemPrice>16.90</ItemPrice>
      <UnitOfMeasurePrice>0.42</UnitOfMeasurePrice>
      <AllowDiscount>0</AllowDiscount>
      <itemStatus>1</itemStatus>
      <LastUpdateDate />
      <LastUpdateTime />
    </Product>
    <Product>
      <PriceUpdateDate>2022/02/17 15:31</PriceUpdateDate>
      <ItemCode>7290017275505</ItemCode>
      <ItemType>1</ItemType>
      <ItemName>סירופ לשתיה בטעם פטל 900 מל</ItemName>
      <ManufactureName>אחדות ביתחרושת לטחינה חלבה</ManufactureName>
      <ManufactureCountry />
      <ManufactureItemDescription />
      <UnitQty>'יח</UnitQty>
      <Quantity>40</Quantity>
      <UnitMeasure>ל-100 מ"ל</UnitMeasure>
      <BisWeighted>0</BisWeighted>
      <QtyInPackage>1</QtyInPackage>
      <ItemPrice>16.90</ItemPrice>
      <UnitOfMeasurePrice>0.42</UnitOfMeasurePrice>
      <AllowDiscount>0</AllowDiscount>
      <itemStatus>1</itemStatus>
      <LastUpdateDate />
      <LastUpdateTime />
    </Product>
    <Product>
      <PriceUpdateDate>2021/10/12 15:11</PriceUpdateDate>
      <ItemCode>7290017291338</ItemCode>
      <ItemType>1</ItemType>
      <ItemName>שום סולו</ItemName>
      <ManufactureName>ביכורי השדה הצפון בעמ` 1964</ManufactureName>
      <ManufactureCountry />
      <ManufactureItemDescription />
      <UnitQty>'יח</UnitQty>
      <Quantity>1</Quantity>
      <UnitMeasure />
      <BisWeighted>0</BisWeighted>
      <QtyInPackage>1</QtyInPackage>
      <ItemPrice>10.90</ItemPrice>
      <UnitOfMeasurePrice>10.90</UnitOfMeasurePrice>
      <AllowDiscount>0</AllowDiscount>
      <itemStatus>1</itemStatus>
      <LastUpdateDate />
      <LastUpdateTime />
    </Product>
    <Product>
      <PriceUpdateDate>2022/10/23 20:00</PriceUpdateDate>
      <ItemCode>7290017297323</ItemCode>
      <ItemType>1</ItemType>
      <ItemName>רסק עגבניות 22BX 100 גרם</ItemName>
      <ManufactureName>ויטה פרי גליל (החדשה) בע`מ</ManufactureName>
      <ManufactureCountry />
      <ManufactureItemDescription />
      <UnitQty>'יח</UnitQty>
      <Quantity>1</Quantity>
      <UnitMeasure>ל-100 גרם</UnitMeasure>
      <BisWeighted>0</BisWeighted>
      <QtyInPackage>1</QtyInPackage>
      <ItemPrice>1.90</ItemPrice>
      <UnitOfMeasurePrice>1.90</UnitOfMeasurePrice>
      <AllowDiscount>1</AllowDiscount>
      <itemStatus>1</itemStatus>
      <LastUpdateDate />
      <LastUpdateTime />
    </Product>
    <Product>
      <PriceUpdateDate>2021/11/17 10:34</PriceUpdateDate>
      <ItemCode>7290017297644</ItemCode>
      <ItemType>1</ItemType>
      <ItemName>ברוקלי 800 גר`</ItemName>
      <ManufactureName>ויטה פרי גליל (החדשה) בע`מ</ManufactureName>
      <ManufactureCountry />
      <ManufactureItemDescription />
      <UnitQty>'יח</UnitQty>
      <Quantity>8</Quantity>
      <UnitMeasure>ל-100 גרם</UnitMeasure>
      <BisWeighted>0</BisWeighted>
      <QtyInPackage>12</QtyInPackage>
      <ItemPrice>14.90</ItemPrice>
      <UnitOfMeasurePrice>1.86</UnitOfMeasurePrice>
      <AllowDiscount>0</AllowDiscount>
      <itemStatus>1</itemStatus>
      <LastUpdateDate />
      <LastUpdateTime />
    </Product>
    <Product>
      <PriceUpdateDate>2021/11/17 10:34</PriceUpdateDate>
      <ItemCode>7290017297682</ItemCode>
      <ItemType>1</ItemType>
      <ItemName>כרובית מוקפאת 800 גרם</ItemName>
      <ManufactureName>ויטה פרי גליל (החדשה) בע`מ</ManufactureName>
      <ManufactureCountry />
      <ManufactureItemDescription />
      <UnitQty>'יח</UnitQty>
      <Quantity>8</Quantity>
      <UnitMeasure>ל-100 גרם</UnitMeasure>
      <BisWeighted>0</BisWeighted>
      <QtyInPackage>12</QtyInPackage>
      <ItemPrice>10.90</ItemPrice>
      <UnitOfMeasurePrice>1.36</UnitOfMeasurePrice>
      <AllowDiscount>0</AllowDiscount>
      <itemStatus>1</itemStatus>
      <LastUpdateDate />
      <LastUpdateTime />
    </Product>
    <Product>
      <PriceUpdateDate>2022/02/02 09:07</PriceUpdateDate>
      <ItemCode>7290017599229</ItemCode>
      <ItemType>1</ItemType>
      <ItemName>סוכרלוז 200 טבליות</ItemName>
      <ManufactureName>שטראוס גרופ בע`מ</ManufactureName>
      <ManufactureCountry />
      <ManufactureItemDescription />
      <UnitQty>'יח</UnitQty>
      <Quantity>1</Quantity>
      <UnitMeasure />
      <BisWeighted>0</BisWeighted>
      <QtyInPackage>1</QtyInPackage>
      <ItemPrice>19.90</ItemPrice>
      <UnitOfMeasurePrice>19.90</UnitOfMeasurePrice>
      <AllowDiscount>0</AllowDiscount>
      <itemStatus>1</itemStatus>
      <LastUpdateDate />
      <LastUpdateTime />
    </Product>
    <Product>
      <PriceUpdateDate>2022/11/01 11:47</PriceUpdateDate>
      <ItemCode>7290017712000</ItemCode>
      <ItemType>1</ItemType>
      <ItemName>פרמיו סלמון 100 ג</ItemName>
      <ManufactureName>שחורי אריה ואנסטסיה</ManufactureName>
      <ManufactureCountry />
      <ManufactureItemDescription />
      <UnitQty>'יח</UnitQty>
      <Quantity>1</Quantity>
      <UnitMeasure>ל-100 גרם</UnitMeasure>
      <BisWeighted>0</BisWeighted>
      <QtyInPackage>1</QtyInPackage>
      <ItemPrice>4.90</ItemPrice>
      <UnitOfMeasurePrice>4.90</UnitOfMeasurePrice>
      <AllowDiscount>0</AllowDiscount>
      <itemStatus>1</itemStatus>
      <LastUpdateDate />
      <LastUpdateTime />
    </Product>
    <Product>
      <PriceUpdateDate>2022/11/01 11:47</PriceUpdateDate>
      <ItemCode>7290017712017</ItemCode>
      <ItemType>1</ItemType>
      <ItemName>פרמיו סלמון ופורל 100 ג</ItemName>
      <ManufactureName>שחורי אריה ואנסטסיה</ManufactureName>
      <ManufactureCountry />
      <ManufactureItemDescription />
      <UnitQty>'יח</UnitQty>
      <Quantity>1</Quantity>
      <UnitMeasure>ל-100 גרם</UnitMeasure>
      <BisWeighted>0</BisWeighted>
      <QtyInPackage>1</QtyInPackage>
      <ItemPrice>4.90</ItemPrice>
      <UnitOfMeasurePrice>4.90</UnitOfMeasurePrice>
      <AllowDiscount>0</AllowDiscount>
      <itemStatus>1</itemStatus>
      <LastUpdateDate />
      <LastUpdateTime />
    </Product>
    <Product>
      <PriceUpdateDate>2022/11/01 11:47</PriceUpdateDate>
      <ItemCode>7290017712024</ItemCode>
      <ItemType>1</ItemType>
      <ItemName>פרמיו סטירליז עוף 100 ג</ItemName>
      <ManufactureName>שחורי אריה ואנסטסיה</ManufactureName>
      <ManufactureCountry />
      <ManufactureItemDescription />
      <UnitQty>'יח</UnitQty>
      <Quantity>1</Quantity>
      <UnitMeasure>ל-100 גרם</UnitMeasure>
      <BisWeighted>0</BisWeighted>
      <QtyInPackage>1</QtyInPackage>
      <ItemPrice>4.90</ItemPrice>
      <UnitOfMeasurePrice>4.90</UnitOfMeasurePrice>
      <AllowDiscount>0</AllowDiscount>
      <itemStatus>1</itemStatus>
      <LastUpdateDate />
      <LastUpdateTime />
    </Product>
    <Product>
      <PriceUpdateDate>2022/11/01 11:47</PriceUpdateDate>
      <ItemCode>7290017712031</ItemCode>
      <ItemType>1</ItemType>
      <ItemName>פרמיו בקר וכבד 100 ג</ItemName>
      <ManufactureName>שחורי אריה ואנסטסיה</ManufactureName>
      <ManufactureCountry />
      <ManufactureItemDescription />
      <UnitQty>'יח</UnitQty>
      <Quantity>1</Quantity>
      <UnitMeasure>ל-100 גרם</UnitMeasure>
      <BisWeighted>0</BisWeighted>
      <QtyInPackage>1</QtyInPackage>
      <ItemPrice>4.90</ItemPrice>
      <UnitOfMeasurePrice>4.90</UnitOfMeasurePrice>
      <AllowDiscount>0</AllowDiscount>
      <itemStatus>1</itemStatus>
      <LastUpdateDate />
      <LastUpdateTime />
    </Product>
    <Product>
      <PriceUpdateDate>2022/11/01 11:47</PriceUpdateDate>
      <ItemCode>7290017712048</ItemCode>
      <ItemType>1</ItemType>
      <ItemName>פרמיו כבש 100 ג</ItemName>
      <ManufactureName>שחורי אריה ואנסטסיה</ManufactureName>
      <ManufactureCountry />
      <ManufactureItemDescription />
      <UnitQty>'יח</UnitQty>
      <Quantity>1</Quantity>
      <UnitMeasure>ל-100 גרם</UnitMeasure>
      <BisWeighted>0</BisWeighted>
      <QtyInPackage>1</QtyInPackage>
      <ItemPrice>4.90</ItemPrice>
      <UnitOfMeasurePrice>4.90</UnitOfMeasurePrice>
      <AllowDiscount>0</AllowDiscount>
      <itemStatus>1</itemStatus>
      <LastUpdateDate />
      <LastUpdateTime />
    </Product>
    <Product>
      <PriceUpdateDate>2022/11/01 11:47</PriceUpdateDate>
      <ItemCode>7290017712055</ItemCode>
      <ItemType>1</ItemType>
      <ItemName>פרמיו גור עוף וכבד 100 ג</ItemName>
      <ManufactureName>שחורי אריה ואנסטסיה</ManufactureName>
      <ManufactureCountry />
      <ManufactureItemDescription />
      <UnitQty>'יח</UnitQty>
      <Quantity>1</Quantity>
      <UnitMeasure>ל-100 גרם</UnitMeasure>
      <BisWeighted>0</BisWeighted>
      <QtyInPackage>1</QtyInPackage>
      <ItemPrice>4.90</ItemPrice>
      <UnitOfMeasurePrice>4.90</UnitOfMeasurePrice>
      <AllowDiscount>0</AllowDiscount>
      <itemStatus>1</itemStatus>
      <LastUpdateDate />
      <LastUpdateTime />
    </Product>
    <Product>
      <PriceUpdateDate>2022/11/01 11:47</PriceUpdateDate>
      <ItemCode>7290017712062</ItemCode>
      <ItemType>1</ItemType>
      <ItemName>פרמיו גור בקר וכבד 100 ג</ItemName>
      <ManufactureName>שחורי אריה ואנסטסיה</ManufactureName>
      <ManufactureCountry />
      <ManufactureItemDescription />
      <UnitQty>'יח</UnitQty>
      <Quantity>1</Quantity>
      <UnitMeasure>ל-100 גרם</UnitMeasure>
      <BisWeighted>0</BisWeighted>
      <QtyInPackage>1</QtyInPackage>
      <ItemPrice>4.90</ItemPrice>
      <UnitOfMeasurePrice>4.90</UnitOfMeasurePrice>
      <AllowDiscount>0</AllowDiscount>
      <itemStatus>1</itemStatus>
      <LastUpdateDate />
      <LastUpdateTime />
    </Product>
    <Product>
      <PriceUpdateDate>2022/11/01 11:47</PriceUpdateDate>
      <ItemCode>7290017712079</ItemCode>
      <ItemType>1</ItemType>
      <ItemName>פרמיו מיני סניור 2קג</ItemName>
      <ManufactureName>שחורי אריה ואנסטסיה</ManufactureName>
      <ManufactureCountry />
      <ManufactureItemDescription />
      <UnitQty>'יח</UnitQty>
      <Quantity>20</Quantity>
      <UnitMeasure>ל-100 גרם</UnitMeasure>
      <BisWeighted>0</BisWeighted>
      <QtyInPackage>1</QtyInPackage>
      <ItemPrice>49.90</ItemPrice>
      <UnitOfMeasurePrice>2.50</UnitOfMeasurePrice>
      <AllowDiscount>0</AllowDiscount>
      <itemStatus>1</itemStatus>
      <LastUpdateDate />
      <LastUpdateTime />
    </Product>
    <Product>
      <PriceUpdateDate>2022/11/01 11:47</PriceUpdateDate>
      <ItemCode>7290017712093</ItemCode>
      <ItemType>1</ItemType>
      <ItemName>פרמיו מיני סנסיטיב 2 קג</ItemName>
      <ManufactureName>שחורי אריה ואנסטסיה</ManufactureName>
      <ManufactureCountry />
      <ManufactureItemDescription />
      <UnitQty>'יח</UnitQty>
      <Quantity>20</Quantity>
      <UnitMeasure>ל-100 גרם</UnitMeasure>
      <BisWeighted>0</BisWeighted>
      <QtyInPackage>1</QtyInPackage>
      <ItemPrice>49.90</ItemPrice>
      <UnitOfMeasurePrice>2.50</UnitOfMeasurePrice>
      <AllowDiscount>0</AllowDiscount>
      <itemStatus>1</itemStatus>
      <LastUpdateDate />
      <LastUpdateTime />
    </Product>
    <Product>
      <PriceUpdateDate>2022/11/01 11:47</PriceUpdateDate>
      <ItemCode>7290017712116</ItemCode>
      <ItemType>1</ItemType>
      <ItemName>פרמיו מיני עוף 2 קג</ItemName>
      <ManufactureName>שחורי אריה ואנסטסיה</ManufactureName>
      <ManufactureCountry />
      <ManufactureItemDescription />
      <UnitQty>'יח</UnitQty>
      <Quantity>20</Quantity>
      <UnitMeasure>ל-100 גרם</UnitMeasure>
      <BisWeighted>0</BisWeighted>
      <QtyInPackage>1</QtyInPackage>
      <ItemPrice>49.90</ItemPrice>
      <UnitOfMeasurePrice>2.50</UnitOfMeasurePrice>
      <AllowDiscount>0</AllowDiscount>
      <itemStatus>1</itemStatus>
      <LastUpdateDate />
      <LastUpdateTime />
    </Product>
    <Product>
      <PriceUpdateDate>2022/11/01 11:47</PriceUpdateDate>
      <ItemCode>7290017712130</ItemCode>
      <ItemType>1</ItemType>
      <ItemName>פרמיו מזון מלא פאוץ עם סלמון ברוטב לחתל</ItemName>
      <ManufactureName>שחורי אריה ואנסטסיה</ManufactureName>
      <ManufactureCountry />
      <ManufactureItemDescription />
      <UnitQty>'יח</UnitQty>
      <Quantity>0.85</Quantity>
      <UnitMeasure>ל-100 גרם</UnitMeasure>
      <BisWeighted>0</BisWeighted>
      <QtyInPackage>1</QtyInPackage>
      <ItemPrice>4.90</ItemPrice>
      <UnitOfMeasurePrice>5.76</UnitOfMeasurePrice>
      <AllowDiscount>0</AllowDiscount>
      <itemStatus>1</itemStatus>
      <LastUpdateDate />
      <LastUpdateTime />
    </Product>
    <Product>
      <PriceUpdateDate>2022/11/01 11:47</PriceUpdateDate>
      <ItemCode>7290017712147</ItemCode>
      <ItemType>1</ItemType>
      <ItemName>פרמיו מזון מלא פאוץ עם עוף ברוטב לחתלתו</ItemName>
      <ManufactureName>שחורי אריה ואנסטסיה</ManufactureName>
      <ManufactureCountry />
      <ManufactureItemDescription />
      <UnitQty>'יח</UnitQty>
      <Quantity>0.85</Quantity>
      <UnitMeasure>ל-100 גרם</UnitMeasure>
      <BisWeighted>0</BisWeighted>
      <QtyInPackage>1</QtyInPackage>
      <ItemPrice>4.90</ItemPrice>
      <UnitOfMeasurePrice>5.76</UnitOfMeasurePrice>
      <AllowDiscount>0</AllowDiscount>
      <itemStatus>1</itemStatus>
      <LastUpdateDate />
      <LastUpdateTime />
    </Product>
    <Product>
      <PriceUpdateDate>2022/11/01 11:47</PriceUpdateDate>
      <ItemCode>7290017712154</ItemCode>
      <ItemType>1</ItemType>
      <ItemName>פרמיו מזון מלא פאוץ עם עוף בגלי לחתול 8</ItemName>
      <ManufactureName>שחורי אריה ואנסטסיה</ManufactureName>
      <ManufactureCountry />
      <ManufactureItemDescription />
      <UnitQty>'יח</UnitQty>
      <Quantity>0.85</Quantity>
      <UnitMeasure>ל-100 גרם</UnitMeasure>
      <BisWeighted>0</BisWeighted>
      <QtyInPackage>1</QtyInPackage>
      <ItemPrice>4.90</ItemPrice>
      <UnitOfMeasurePrice>5.76</UnitOfMeasurePrice>
      <AllowDiscount>0</AllowDiscount>
      <itemStatus>1</itemStatus>
      <LastUpdateDate />
      <LastUpdateTime />
    </Product>
    <Product>
      <PriceUpdateDate>2022/11/01 11:47</PriceUpdateDate>
      <ItemCode>7290017712161</ItemCode>
      <ItemType>1</ItemType>
      <ItemName>פרמיו מזון מלא פאוץ עם סלמון בגלי לחתול</ItemName>
      <ManufactureName>שחורי אריה ואנסטסיה</ManufactureName>
      <ManufactureCountry />
      <ManufactureItemDescription />
      <UnitQty>'יח</UnitQty>
      <Quantity>1</Quantity>
      <UnitMeasure>ל-100 גרם</UnitMeasure>
      <BisWeighted>0</BisWeighted>
      <QtyInPackage>1</QtyInPackage>
      <ItemPrice>4.90</ItemPrice>
      <UnitOfMeasurePrice>4.90</UnitOfMeasurePrice>
      <AllowDiscount>0</AllowDiscount>
      <itemStatus>1</itemStatus>
      <LastUpdateDate />
      <LastUpdateTime />
    </Product>
    <Product>
      <PriceUpdateDate>2022/11/01 11:47</PriceUpdateDate>
      <ItemCode>7290017712178</ItemCode>
      <ItemType>1</ItemType>
      <ItemName>פרמיו מזון מלא פאוץ עם בקר ברוטב לחתול 8</ItemName>
      <ManufactureName>שחורי אריה ואנסטסיה</ManufactureName>
      <ManufactureCountry />
      <ManufactureItemDescription />
      <UnitQty>'יח</UnitQty>
      <Quantity>0.85</Quantity>
      <UnitMeasure>ל-100 גרם</UnitMeasure>
      <BisWeighted>0</BisWeighted>
      <QtyInPackage>1</QtyInPackage>
      <ItemPrice>4.90</ItemPrice>
      <UnitOfMeasurePrice>5.76</UnitOfMeasurePrice>
      <AllowDiscount>0</AllowDiscount>
      <itemStatus>1</itemStatus>
      <LastUpdateDate />
      <LastUpdateTime />
    </Product>
    <Product>
      <PriceUpdateDate>2022/11/01 11:47</PriceUpdateDate>
      <ItemCode>7290017712185</ItemCode>
      <ItemType>1</ItemType>
      <ItemName>פרמיו מזון מלא פאוץ עם כבד ברוטב לחתול</ItemName>
      <ManufactureName>שחורי אריה ואנסטסיה</ManufactureName>
      <ManufactureCountry />
      <ManufactureItemDescription />
      <UnitQty>'יח</UnitQty>
      <Quantity>0.85</Quantity>
      <UnitMeasure>ל-100 גרם</UnitMeasure>
      <BisWeighted>0</BisWeighted>
      <QtyInPackage>1</QtyInPackage>
      <ItemPrice>4.90</ItemPrice>
      <UnitOfMeasurePrice>5.76</UnitOfMeasurePrice>
      <AllowDiscount>0</AllowDiscount>
      <itemStatus>1</itemStatus>
      <LastUpdateDate />
      <LastUpdateTime />
    </Product>
    <Product>
      <PriceUpdateDate>2022/11/01 11:47</PriceUpdateDate>
      <ItemCode>7290017712192</ItemCode>
      <ItemType>1</ItemType>
      <ItemName>פרמיו שימורי מזון מלא עם נתחי פילה עוף</ItemName>
      <ManufactureName>שחורי אריה ואנסטסיה</ManufactureName>
      <ManufactureCountry />
      <ManufactureItemDescription />
      <UnitQty>'יח</UnitQty>
      <Quantity>1</Quantity>
      <UnitMeasure>ל-100 גרם</UnitMeasure>
      <BisWeighted>0</BisWeighted>
      <QtyInPackage>1</QtyInPackage>
      <ItemPrice>4.90</ItemPrice>
      <UnitOfMeasurePrice>4.90</UnitOfMeasurePrice>
      <AllowDiscount>0</AllowDiscount>
      <itemStatus>1</itemStatus>
      <LastUpdateDate />
      <LastUpdateTime />
    </Product>
    <Product>
      <PriceUpdateDate>2022/11/01 11:47</PriceUpdateDate>
      <ItemCode>7290017712208</ItemCode>
      <ItemType>1</ItemType>
      <ItemName>פרמיו נתחי פילה עוף וברווז ברוטב לחתול</ItemName>
      <ManufactureName>שחורי אריה ואנסטסיה</ManufactureName>
      <ManufactureCountry />
      <ManufactureItemDescription />
      <UnitQty>'יח</UnitQty>
      <Quantity>1</Quantity>
      <UnitMeasure>ל-100 גרם</UnitMeasure>
      <BisWeighted>0</BisWeighted>
      <QtyInPackage>1</QtyInPackage>
      <ItemPrice>4.90</ItemPrice>
      <UnitOfMeasurePrice>4.90</UnitOfMeasurePrice>
      <AllowDiscount>0</AllowDiscount>
      <itemStatus>1</itemStatus>
      <LastUpdateDate />
      <LastUpdateTime />
    </Product>
    <Product>
      <PriceUpdateDate>2022/11/01 11:47</PriceUpdateDate>
      <ItemCode>7290017712215</ItemCode>
      <ItemType>1</ItemType>
      <ItemName>פרמיו שימורי מזון מלא עם עוף לחתלתול ב</ItemName>
      <ManufactureName>שחורי אריה ואנסטסיה</ManufactureName>
      <ManufactureCountry />
      <ManufactureItemDescription />
      <UnitQty>'יח</UnitQty>
      <Quantity>1</Quantity>
      <UnitMeasure>ל-100 גרם</UnitMeasure>
      <BisWeighted>0</BisWeighted>
      <QtyInPackage>1</QtyInPackage>
      <ItemPrice>4.90</ItemPrice>
      <UnitOfMeasurePrice>4.90</UnitOfMeasurePrice>
      <AllowDiscount>0</AllowDiscount>
      <itemStatus>1</itemStatus>
      <LastUpdateDate />
      <LastUpdateTime />
    </Product>
    <Product>
      <PriceUpdateDate>2022/11/01 11:47</PriceUpdateDate>
      <ItemCode>7290017712222</ItemCode>
      <ItemType>1</ItemType>
      <ItemName>פרמיו שימורי מזון מלא עם דגי ים ברוטב</ItemName>
      <ManufactureName>שחורי אריה ואנסטסיה</ManufactureName>
      <ManufactureCountry />
      <ManufactureItemDescription />
      <UnitQty>'יח</UnitQty>
      <Quantity>1</Quantity>
      <UnitMeasure>ל-100 גרם</UnitMeasure>
      <BisWeighted>0</BisWeighted>
      <QtyInPackage>1</QtyInPackage>
      <ItemPrice>4.90</ItemPrice>
      <UnitOfMeasurePrice>4.90</UnitOfMeasurePrice>
      <AllowDiscount>0</AllowDiscount>
      <itemStatus>1</itemStatus>
      <LastUpdateDate />
      <LastUpdateTime />
    </Product>
    <Product>
      <PriceUpdateDate>2022/11/01 11:47</PriceUpdateDate>
      <ItemCode>7290017712239</ItemCode>
      <ItemType>1</ItemType>
      <ItemName>פרמיו שימורי מזון מלא עם עוף לכלב במרק</ItemName>
      <ManufactureName>שחורי אריה ואנסטסיה</ManufactureName>
      <ManufactureCountry />
      <ManufactureItemDescription />
      <UnitQty>'יח</UnitQty>
      <Quantity>1</Quantity>
      <UnitMeasure>ל-100 גרם</UnitMeasure>
      <BisWeighted>0</BisWeighted>
      <QtyInPackage>1</QtyInPackage>
      <ItemPrice>5.90</ItemPrice>
      <UnitOfMeasurePrice>5.90</UnitOfMeasurePrice>
      <AllowDiscount>0</AllowDiscount>
      <itemStatus>1</itemStatus>
      <LastUpdateDate />
      <LastUpdateTime />
    </Product>
    <Product>
      <PriceUpdateDate>2022/11/01 11:47</PriceUpdateDate>
      <ItemCode>7290017712246</ItemCode>
      <ItemType>1</ItemType>
      <ItemName>פרמיו שימורי מזון מלא עם בקר ולבבות לכ</ItemName>
      <ManufactureName>שחורי אריה ואנסטסיה</ManufactureName>
      <ManufactureCountry />
      <ManufactureItemDescription />
      <UnitQty>'יח</UnitQty>
      <Quantity>1</Quantity>
      <UnitMeasure>ל-100 גרם</UnitMeasure>
      <BisWeighted>0</BisWeighted>
      <QtyInPackage>1</QtyInPackage>
      <ItemPrice>5.90</ItemPrice>
      <UnitOfMeasurePrice>5.90</UnitOfMeasurePrice>
      <AllowDiscount>0</AllowDiscount>
      <itemStatus>1</itemStatus>
      <LastUpdateDate />
      <LastUpdateTime />
    </Product>
    <Product>
      <PriceUpdateDate>2022/11/01 11:47</PriceUpdateDate>
      <ItemCode>7290017712260</ItemCode>
      <ItemType>1</ItemType>
      <ItemName>פרמיו פטה סלמון לכלב 150 ג</ItemName>
      <ManufactureName>שחורי אריה ואנסטסיה</ManufactureName>
      <ManufactureCountry />
      <ManufactureItemDescription />
      <UnitQty>'יח</UnitQty>
      <Quantity>1.50</Quantity>
      <UnitMeasure>ל-100 גרם</UnitMeasure>
      <BisWeighted>0</BisWeighted>
      <QtyInPackage>1</QtyInPackage>
      <ItemPrice>5.90</ItemPrice>
      <UnitOfMeasurePrice>3.93</UnitOfMeasurePrice>
      <AllowDiscount>0</AllowDiscount>
      <itemStatus>1</itemStatus>
      <LastUpdateDate />
      <LastUpdateTime />
    </Product>
    <Product>
      <PriceUpdateDate>2022/11/01 11:47</PriceUpdateDate>
      <ItemCode>7290017712277</ItemCode>
      <ItemType>1</ItemType>
      <ItemName>פרמיו שימורי מזון מלא עם כבש במרקם פטה</ItemName>
      <ManufactureName>שחורי אריה ואנסטסיה</ManufactureName>
      <ManufactureCountry />
      <ManufactureItemDescription />
      <UnitQty>'יח</UnitQty>
      <Quantity>1</Quantity>
      <UnitMeasure>ל-100 גרם</UnitMeasure>
      <BisWeighted>0</BisWeighted>
      <QtyInPackage>1</QtyInPackage>
      <ItemPrice>5.90</ItemPrice>
      <UnitOfMeasurePrice>5.90</UnitOfMeasurePrice>
      <AllowDiscount>0</AllowDiscount>
      <itemStatus>1</itemStatus>
      <LastUpdateDate />
      <LastUpdateTime />
    </Product>
    <Product>
      <PriceUpdateDate>2022/11/01 11:47</PriceUpdateDate>
      <ItemCode>7290017712284</ItemCode>
      <ItemType>1</ItemType>
      <ItemName>חטיף פרמיו 150ג בקביקיו</ItemName>
      <ManufactureName>שחורי אריה ואנסטסיה</ManufactureName>
      <ManufactureCountry />
      <ManufactureItemDescription />
      <UnitQty>'יח</UnitQty>
      <Quantity>1.50</Quantity>
      <UnitMeasure>ל-100 גרם</UnitMeasure>
      <BisWeighted>0</BisWeighted>
      <QtyInPackage>1</QtyInPackage>
      <ItemPrice>12.90</ItemPrice>
      <UnitOfMeasurePrice>8.60</UnitOfMeasurePrice>
      <AllowDiscount>0</AllowDiscount>
      <itemStatus>1</itemStatus>
      <LastUpdateDate />
      <LastUpdateTime />
    </Product>
    <Product>
      <PriceUpdateDate>2022/11/01 11:47</PriceUpdateDate>
      <ItemCode>7290017712291</ItemCode>
      <ItemType>1</ItemType>
      <ItemName>חטיף פרמיו 150ג מעושן</ItemName>
      <ManufactureName>שחורי אריה ואנסטסיה</ManufactureName>
      <ManufactureCountry />
      <ManufactureItemDescription />
      <UnitQty>'יח</UnitQty>
      <Quantity>1.50</Quantity>
      <UnitMeasure>ל-100 גרם</UnitMeasure>
      <BisWeighted>0</BisWeighted>
      <QtyInPackage>1</QtyInPackage>
      <ItemPrice>12.90</ItemPrice>
      <UnitOfMeasurePrice>8.60</UnitOfMeasurePrice>
      <AllowDiscount>0</AllowDiscount>
      <itemStatus>1</itemStatus>
      <LastUpdateDate />
      <LastUpdateTime />
    </Product>
    <Product>
      <PriceUpdateDate>2022/11/01 11:47</PriceUpdateDate>
      <ItemCode>7290017712307</ItemCode>
      <ItemType>1</ItemType>
      <ItemName>חטיף פרמיו 150ג מיני</ItemName>
      <ManufactureName>שחורי אריה ואנסטסיה</ManufactureName>
      <ManufactureCountry />
      <ManufactureItemDescription />
      <UnitQty>'יח</UnitQty>
      <Quantity>1.50</Quantity>
      <UnitMeasure>ל-100 גרם</UnitMeasure>
      <BisWeighted>0</BisWeighted>
      <QtyInPackage>1</QtyInPackage>
      <ItemPrice>12.90</ItemPrice>
      <UnitOfMeasurePrice>8.60</UnitOfMeasurePrice>
      <AllowDiscount>0</AllowDiscount>
      <itemStatus>1</itemStatus>
      <LastUpdateDate />
      <LastUpdateTime />
    </Product>
    <Product>
      <PriceUpdateDate>2022/11/01 11:47</PriceUpdateDate>
      <ItemCode>7290017712390</ItemCode>
      <ItemType>1</ItemType>
      <ItemName>חטיף פרמיו סושי סלמון 100 גר</ItemName>
      <ManufactureName>שחורי אריה ואנסטסיה</ManufactureName>
      <ManufactureCountry />
      <ManufactureItemDescription />
      <UnitQty>'יח</UnitQty>
      <Quantity>1</Quantity>
      <UnitMeasure>ל-100 גרם</UnitMeasure>
      <BisWeighted>0</BisWeighted>
      <QtyInPackage>1</QtyInPackage>
      <ItemPrice>16.90</ItemPrice>
      <UnitOfMeasurePrice>16.90</UnitOfMeasurePrice>
      <AllowDiscount>0</AllowDiscount>
      <itemStatus>1</itemStatus>
      <LastUpdateDate />
      <LastUpdateTime />
    </Product>
    <Product>
      <PriceUpdateDate>2022/11/01 11:47</PriceUpdateDate>
      <ItemCode>7290017712406</ItemCode>
      <ItemType>1</ItemType>
      <ItemName>חטיף פרמיו סלמון טנדרס 100 גר</ItemName>
      <ManufactureName>שחורי אריה ואנסטסיה</ManufactureName>
      <ManufactureCountry />
      <ManufactureItemDescription />
      <UnitQty>'יח</UnitQty>
      <Quantity>1</Quantity>
      <UnitMeasure>ל-100 גרם</UnitMeasure>
      <BisWeighted>0</BisWeighted>
      <QtyInPackage>1</QtyInPackage>
      <ItemPrice>16.90</ItemPrice>
      <UnitOfMeasurePrice>16.90</UnitOfMeasurePrice>
      <AllowDiscount>0</AllowDiscount>
      <itemStatus>1</itemStatus>
      <LastUpdateDate />
      <LastUpdateTime />
    </Product>
    <Product>
      <PriceUpdateDate>2022/11/01 11:47</PriceUpdateDate>
      <ItemCode>7290017712413</ItemCode>
      <ItemType>1</ItemType>
      <ItemName>חטיף פרמיו רול סלמון 100 גר</ItemName>
      <ManufactureName>שחורי אריה ואנסטסיה</ManufactureName>
      <ManufactureCountry />
      <ManufactureItemDescription />
      <UnitQty>'יח</UnitQty>
      <Quantity>1</Quantity>
      <UnitMeasure>ל-100 גרם</UnitMeasure>
      <BisWeighted>0</BisWeighted>
      <QtyInPackage>1</QtyInPackage>
      <ItemPrice>16.90</ItemPrice>
      <UnitOfMeasurePrice>16.90</UnitOfMeasurePrice>
      <AllowDiscount>0</AllowDiscount>
      <itemStatus>1</itemStatus>
      <LastUpdateDate />
      <LastUpdateTime />
    </Product>
    <Product>
      <PriceUpdateDate>2022/11/01 11:47</PriceUpdateDate>
      <ItemCode>7290017712468</ItemCode>
      <ItemType>1</ItemType>
      <ItemName>פרמיו מיקס 9 קג לחתול</ItemName>
      <ManufactureName>שחורי אריה ואנסטסיה</ManufactureName>
      <ManufactureCountry />
      <ManufactureItemDescription />
      <UnitQty>'יח</UnitQty>
      <Quantity>90</Quantity>
      <UnitMeasure>ל-100 גרם</UnitMeasure>
      <BisWeighted>0</BisWeighted>
      <QtyInPackage>1</QtyInPackage>
      <ItemPrice>139.90</ItemPrice>
      <UnitOfMeasurePrice>1.55</UnitOfMeasurePrice>
      <AllowDiscount>0</AllowDiscount>
      <itemStatus>1</itemStatus>
      <LastUpdateDate />
      <LastUpdateTime />
    </Product>
    <Product>
      <PriceUpdateDate>2022/11/01 11:47</PriceUpdateDate>
      <ItemCode>7290017712574</ItemCode>
      <ItemType>1</ItemType>
      <ItemName>הוריזן עוף לחתלתול 85 ג</ItemName>
      <ManufactureName>שחורי אריה ואנסטסיה</ManufactureName>
      <ManufactureCountry />
      <ManufactureItemDescription />
      <UnitQty>'יח</UnitQty>
      <Quantity>0.85</Quantity>
      <UnitMeasure>ל-100 גרם</UnitMeasure>
      <BisWeighted>0</BisWeighted>
      <QtyInPackage>1</QtyInPackage>
      <ItemPrice>5.90</ItemPrice>
      <UnitOfMeasurePrice>6.94</UnitOfMeasurePrice>
      <AllowDiscount>0</AllowDiscount>
      <itemStatus>1</itemStatus>
      <LastUpdateDate />
      <LastUpdateTime />
    </Product>
    <Product>
      <PriceUpdateDate>2022/11/01 11:47</PriceUpdateDate>
      <ItemCode>7290017712581</ItemCode>
      <ItemType>1</ItemType>
      <ItemName>הוריזן עוף לחתול 85 ג</ItemName>
      <ManufactureName>שחורי אריה ואנסטסיה</ManufactureName>
      <ManufactureCountry />
      <ManufactureItemDescription />
      <UnitQty>'יח</UnitQty>
      <Quantity>1</Quantity>
      <UnitMeasure>ל-100 גרם</UnitMeasure>
      <BisWeighted>0</BisWeighted>
      <QtyInPackage>1</QtyInPackage>
      <ItemPrice>5.90</ItemPrice>
      <UnitOfMeasurePrice>5.90</UnitOfMeasurePrice>
      <AllowDiscount>0</AllowDiscount>
      <itemStatus>1</itemStatus>
      <LastUpdateDate />
      <LastUpdateTime />
    </Product>
    <Product>
      <PriceUpdateDate>2022/11/01 11:47</PriceUpdateDate>
      <ItemCode>7290017712598</ItemCode>
      <ItemType>1</ItemType>
      <ItemName>הוריזן סלמון לחתול 85 ג</ItemName>
      <ManufactureName>שחורי אריה ואנסטסיה</ManufactureName>
      <ManufactureCountry />
      <ManufactureItemDescription />
      <UnitQty>'יח</UnitQty>
      <Quantity>0.85</Quantity>
      <UnitMeasure>ל-100 גרם</UnitMeasure>
      <BisWeighted>0</BisWeighted>
      <QtyInPackage>1</QtyInPackage>
      <ItemPrice>5.90</ItemPrice>
      <UnitOfMeasurePrice>6.94</UnitOfMeasurePrice>
      <AllowDiscount>0</AllowDiscount>
      <itemStatus>1</itemStatus>
      <LastUpdateDate />
      <LastUpdateTime />
    </Product>
    <Product>
      <PriceUpdateDate>2022/11/01 11:47</PriceUpdateDate>
      <ItemCode>7290017712604</ItemCode>
      <ItemType>1</ItemType>
      <ItemName>הוריזן בקר לחתול 85 ג</ItemName>
      <ManufactureName>שחורי אריה ואנסטסיה</ManufactureName>
      <ManufactureCountry />
      <ManufactureItemDescription />
      <UnitQty>'יח</UnitQty>
      <Quantity>0.85</Quantity>
      <UnitMeasure>ל-100 גרם</UnitMeasure>
      <BisWeighted>0</BisWeighted>
      <QtyInPackage>1</QtyInPackage>
      <ItemPrice>5.90</ItemPrice>
      <UnitOfMeasurePrice>6.94</UnitOfMeasurePrice>
      <AllowDiscount>0</AllowDiscount>
      <itemStatus>1</itemStatus>
      <LastUpdateDate />
      <LastUpdateTime />
    </Product>
    <Product>
      <PriceUpdateDate>2022/11/01 11:47</PriceUpdateDate>
      <ItemCode>7290017712611</ItemCode>
      <ItemType>1</ItemType>
      <ItemName>הוריזן פאוץ עוף לחתול 85 ג</ItemName>
      <ManufactureName>שחורי אריה ואנסטסיה</ManufactureName>
      <ManufactureCountry />
      <ManufactureItemDescription />
      <UnitQty>'יח</UnitQty>
      <Quantity>0.85</Quantity>
      <UnitMeasure>ל-100 גרם</UnitMeasure>
      <BisWeighted>0</BisWeighted>
      <QtyInPackage>1</QtyInPackage>
      <ItemPrice>4.90</ItemPrice>
      <UnitOfMeasurePrice>5.76</UnitOfMeasurePrice>
      <AllowDiscount>0</AllowDiscount>
      <itemStatus>1</itemStatus>
      <LastUpdateDate />
      <LastUpdateTime />
    </Product>
    <Product>
      <PriceUpdateDate>2022/11/01 11:47</PriceUpdateDate>
      <ItemCode>7290017712628</ItemCode>
      <ItemType>1</ItemType>
      <ItemName>הוריזן פאוץ סלמון לחתול 85 ג</ItemName>
      <ManufactureName>שחורי אריה ואנסטסיה</ManufactureName>
      <ManufactureCountry />
      <ManufactureItemDescription />
      <UnitQty>'יח</UnitQty>
      <Quantity>0.85</Quantity>
      <UnitMeasure>ל-100 גרם</UnitMeasure>
      <BisWeighted>0</BisWeighted>
      <QtyInPackage>1</QtyInPackage>
      <ItemPrice>4.90</ItemPrice>
      <UnitOfMeasurePrice>5.76</UnitOfMeasurePrice>
      <AllowDiscount>0</AllowDiscount>
      <itemStatus>1</itemStatus>
      <LastUpdateDate />
      <LastUpdateTime />
    </Product>
    <Product>
      <PriceUpdateDate>2022/11/01 11:47</PriceUpdateDate>
      <ItemCode>7290017712635</ItemCode>
      <ItemType>1</ItemType>
      <ItemName>הוריזן פאוץ בקר ברוטב לחתול 85 ג</ItemName>
      <ManufactureName>שחורי אריה ואנסטסיה</ManufactureName>
      <ManufactureCountry />
      <ManufactureItemDescription />
      <UnitQty>'יח</UnitQty>
      <Quantity>0.85</Quantity>
      <UnitMeasure>ל-100 גרם</UnitMeasure>
      <BisWeighted>0</BisWeighted>
      <QtyInPackage>1</QtyInPackage>
      <ItemPrice>4.90</ItemPrice>
      <UnitOfMeasurePrice>5.76</UnitOfMeasurePrice>
      <AllowDiscount>0</AllowDiscount>
      <itemStatus>1</itemStatus>
      <LastUpdateDate />
      <LastUpdateTime />
    </Product>
    <Product>
      <PriceUpdateDate>2022/11/01 11:47</PriceUpdateDate>
      <ItemCode>7290017712642</ItemCode>
      <ItemType>1</ItemType>
      <ItemName>הוריז פאוץ ן עוף ברוטב לחתלתול 85 ג</ItemName>
      <ManufactureName>שחורי אריה ואנסטסיה</ManufactureName>
      <ManufactureCountry />
      <ManufactureItemDescription />
      <UnitQty>'יח</UnitQty>
      <Quantity>0.85</Quantity>
      <UnitMeasure>ל-100 גרם</UnitMeasure>
      <BisWeighted>0</BisWeighted>
      <QtyInPackage>1</QtyInPackage>
      <ItemPrice>4.90</ItemPrice>
      <UnitOfMeasurePrice>5.76</UnitOfMeasurePrice>
      <AllowDiscount>0</AllowDiscount>
      <itemStatus>1</itemStatus>
      <LastUpdateDate />
      <LastUpdateTime />
    </Product>
    <Product>
      <PriceUpdateDate>2022/11/01 11:47</PriceUpdateDate>
      <ItemCode>7290017712659</ItemCode>
      <ItemType>1</ItemType>
      <ItemName>הוריזן עוף לגור כלבים ננסי 100 ג</ItemName>
      <ManufactureName>שחורי אריה ואנסטסיה</ManufactureName>
      <ManufactureCountry />
      <ManufactureItemDescription />
      <UnitQty>'יח</UnitQty>
      <Quantity>1</Quantity>
      <UnitMeasure>ל-100 גרם</UnitMeasure>
      <BisWeighted>0</BisWeighted>
      <QtyInPackage>1</QtyInPackage>
      <ItemPrice>4.90</ItemPrice>
      <UnitOfMeasurePrice>4.90</UnitOfMeasurePrice>
      <AllowDiscount>0</AllowDiscount>
      <itemStatus>1</itemStatus>
      <LastUpdateDate />
      <LastUpdateTime />
    </Product>
    <Product>
      <PriceUpdateDate>2022/11/01 11:47</PriceUpdateDate>
      <ItemCode>7290017712666</ItemCode>
      <ItemType>1</ItemType>
      <ItemName>הוריזן בקר לכלב ננסי 100 ג</ItemName>
      <ManufactureName>שחורי אריה ואנסטסיה</ManufactureName>
      <ManufactureCountry />
      <ManufactureItemDescription />
      <UnitQty>'יח</UnitQty>
      <Quantity>1</Quantity>
      <UnitMeasure>ל-100 גרם</UnitMeasure>
      <BisWeighted>0</BisWeighted>
      <QtyInPackage>1</QtyInPackage>
      <ItemPrice>4.90</ItemPrice>
      <UnitOfMeasurePrice>4.90</UnitOfMeasurePrice>
      <AllowDiscount>0</AllowDiscount>
      <itemStatus>1</itemStatus>
      <LastUpdateDate />
      <LastUpdateTime />
    </Product>
    <Product>
      <PriceUpdateDate>2022/11/01 11:47</PriceUpdateDate>
      <ItemCode>7290017712673</ItemCode>
      <ItemType>1</ItemType>
      <ItemName>הוריזן בקר וכבד לכלב ננסי 100 ג</ItemName>
      <ManufactureName>שחורי אריה ואנסטסיה</ManufactureName>
      <ManufactureCountry />
      <ManufactureItemDescription />
      <UnitQty>'יח</UnitQty>
      <Quantity>1</Quantity>
      <UnitMeasure>ל-100 גרם</UnitMeasure>
      <BisWeighted>0</BisWeighted>
      <QtyInPackage>1</QtyInPackage>
      <ItemPrice>4.90</ItemPrice>
      <UnitOfMeasurePrice>4.90</UnitOfMeasurePrice>
      <AllowDiscount>0</AllowDiscount>
      <itemStatus>1</itemStatus>
      <LastUpdateDate />
      <LastUpdateTime />
    </Product>
    <Product>
      <PriceUpdateDate>2022/11/01 11:47</PriceUpdateDate>
      <ItemCode>7290017712680</ItemCode>
      <ItemType>1</ItemType>
      <ItemName>הוריזן עוף לכלב ננסי 100 ג</ItemName>
      <ManufactureName>שחורי אריה ואנסטסיה</ManufactureName>
      <ManufactureCountry />
      <ManufactureItemDescription />
      <UnitQty>'יח</UnitQty>
      <Quantity>1</Quantity>
      <UnitMeasure>ל-100 גרם</UnitMeasure>
      <BisWeighted>0</BisWeighted>
      <QtyInPackage>1</QtyInPackage>
      <ItemPrice>4.90</ItemPrice>
      <UnitOfMeasurePrice>4.90</UnitOfMeasurePrice>
      <AllowDiscount>0</AllowDiscount>
      <itemStatus>1</itemStatus>
      <LastUpdateDate />
      <LastUpdateTime />
    </Product>
    <Product>
      <PriceUpdateDate>2022/11/01 11:47</PriceUpdateDate>
      <ItemCode>7290017712697</ItemCode>
      <ItemType>1</ItemType>
      <ItemName>הוריזן בקר ולבבות לכלב בוגר 150 ג</ItemName>
      <ManufactureName>שחורי אריה ואנסטסיה</ManufactureName>
      <ManufactureCountry />
      <ManufactureItemDescription />
      <UnitQty>'יח</UnitQty>
      <Quantity>1.50</Quantity>
      <UnitMeasure>ל-100 גרם</UnitMeasure>
      <BisWeighted>0</BisWeighted>
      <QtyInPackage>1</QtyInPackage>
      <ItemPrice>6.90</ItemPrice>
      <UnitOfMeasurePrice>4.60</UnitOfMeasurePrice>
      <AllowDiscount>0</AllowDiscount>
      <itemStatus>1</itemStatus>
      <LastUpdateDate />
      <LastUpdateTime />
    </Product>
    <Product>
      <PriceUpdateDate>2022/11/01 11:47</PriceUpdateDate>
      <ItemCode>7290017712703</ItemCode>
      <ItemType>1</ItemType>
      <ItemName>הוריזן עוף לכלב בוגר 150 ג</ItemName>
      <ManufactureName>שחורי אריה ואנסטסיה</ManufactureName>
      <ManufactureCountry />
      <ManufactureItemDescription />
      <UnitQty>'יח</UnitQty>
      <Quantity>0.85</Quantity>
      <UnitMeasure>ל-100 גרם</UnitMeasure>
      <BisWeighted>0</BisWeighted>
      <QtyInPackage>1</QtyInPackage>
      <ItemPrice>6.90</ItemPrice>
      <UnitOfMeasurePrice>8.12</UnitOfMeasurePrice>
      <AllowDiscount>0</AllowDiscount>
      <itemStatus>1</itemStatus>
      <LastUpdateDate />
      <LastUpdateTime />
    </Product>
    <Product>
      <PriceUpdateDate>2022/11/01 11:47</PriceUpdateDate>
      <ItemCode>7290017712710</ItemCode>
      <ItemType>1</ItemType>
      <ItemName>הוריזן סלמון לכלב בוגר 150 ג</ItemName>
      <ManufactureName>שחורי אריה ואנסטסיה</ManufactureName>
      <ManufactureCountry />
      <ManufactureItemDescription />
      <UnitQty>'יח</UnitQty>
      <Quantity>1.50</Quantity>
      <UnitMeasure>ל-100 גרם</UnitMeasure>
      <BisWeighted>0</BisWeighted>
      <QtyInPackage>1</QtyInPackage>
      <ItemPrice>6.90</ItemPrice>
      <UnitOfMeasurePrice>4.60</UnitOfMeasurePrice>
      <AllowDiscount>0</AllowDiscount>
      <itemStatus>1</itemStatus>
      <LastUpdateDate />
      <LastUpdateTime />
    </Product>
    <Product>
      <PriceUpdateDate>2022/11/01 11:47</PriceUpdateDate>
      <ItemCode>7290017712796</ItemCode>
      <ItemType>1</ItemType>
      <ItemName>פרמיו סטריליז דג קוד 100 ג</ItemName>
      <ManufactureName>שחורי אריה ואנסטסיה</ManufactureName>
      <ManufactureCountry />
      <ManufactureItemDescription />
      <UnitQty>'יח</UnitQty>
      <Quantity>1</Quantity>
      <UnitMeasure>ל-100 גרם</UnitMeasure>
      <BisWeighted>0</BisWeighted>
      <QtyInPackage>1</QtyInPackage>
      <ItemPrice>4.90</ItemPrice>
      <UnitOfMeasurePrice>4.90</UnitOfMeasurePrice>
      <AllowDiscount>0</AllowDiscount>
      <itemStatus>1</itemStatus>
      <LastUpdateDate />
      <LastUpdateTime />
    </Product>
    <Product>
      <PriceUpdateDate>2022/11/01 11:47</PriceUpdateDate>
      <ItemCode>7290017712871</ItemCode>
      <ItemType>1</ItemType>
      <ItemName>פרמיו קוביות סלמון ועוף 100ג</ItemName>
      <ManufactureName>שחורי אריה ואנסטסיה</ManufactureName>
      <ManufactureCountry />
      <ManufactureItemDescription />
      <UnitQty>'יח</UnitQty>
      <Quantity>1</Quantity>
      <UnitMeasure>ל-100 גרם</UnitMeasure>
      <BisWeighted>0</BisWeighted>
      <QtyInPackage>1</QtyInPackage>
      <ItemPrice>16.90</ItemPrice>
      <UnitOfMeasurePrice>16.90</UnitOfMeasurePrice>
      <AllowDiscount>0</AllowDiscount>
      <itemStatus>1</itemStatus>
      <LastUpdateDate />
      <LastUpdateTime />
    </Product>
    <Product>
      <PriceUpdateDate>2022/11/01 11:47</PriceUpdateDate>
      <ItemCode>7290017712932</ItemCode>
      <ItemType>1</ItemType>
      <ItemName>פרמיו כריות בקר 60 ג</ItemName>
      <ManufactureName>שחורי אריה ואנסטסיה</ManufactureName>
      <ManufactureCountry />
      <ManufactureItemDescription />
      <UnitQty>'יח</UnitQty>
      <Quantity>0.60</Quantity>
      <UnitMeasure>ל-100 גרם</UnitMeasure>
      <BisWeighted>0</BisWeighted>
      <QtyInPackage>1</QtyInPackage>
      <ItemPrice>14.90</ItemPrice>
      <UnitOfMeasurePrice>24.83</UnitOfMeasurePrice>
      <AllowDiscount>0</AllowDiscount>
      <itemStatus>1</itemStatus>
      <LastUpdateDate />
      <LastUpdateTime />
    </Product>
    <Product>
      <PriceUpdateDate>2022/11/01 11:47</PriceUpdateDate>
      <ItemCode>7290017712949</ItemCode>
      <ItemType>1</ItemType>
      <ItemName>פרמיו כריות סטרילייז 60 ג</ItemName>
      <ManufactureName>שחורי אריה ואנסטסיה</ManufactureName>
      <ManufactureCountry />
      <ManufactureItemDescription />
      <UnitQty>'יח</UnitQty>
      <Quantity>0.60</Quantity>
      <UnitMeasure>ל-100 גרם</UnitMeasure>
      <BisWeighted>0</BisWeighted>
      <QtyInPackage>1</QtyInPackage>
      <ItemPrice>14.90</ItemPrice>
      <UnitOfMeasurePrice>24.83</UnitOfMeasurePrice>
      <AllowDiscount>0</AllowDiscount>
      <itemStatus>1</itemStatus>
      <LastUpdateDate />
      <LastUpdateTime />
    </Product>
    <Product>
      <PriceUpdateDate>2022/11/01 11:47</PriceUpdateDate>
      <ItemCode>7290017712956</ItemCode>
      <ItemType>1</ItemType>
      <ItemName>פרמיו כריות עוף וגבינה 60 ג</ItemName>
      <ManufactureName>שחורי אריה ואנסטסיה</ManufactureName>
      <ManufactureCountry />
      <ManufactureItemDescription />
      <UnitQty>'יח</UnitQty>
      <Quantity>0.60</Quantity>
      <UnitMeasure>ל-100 גרם</UnitMeasure>
      <BisWeighted>0</BisWeighted>
      <QtyInPackage>1</QtyInPackage>
      <ItemPrice>14.90</ItemPrice>
      <UnitOfMeasurePrice>24.83</UnitOfMeasurePrice>
      <AllowDiscount>0</AllowDiscount>
      <itemStatus>1</itemStatus>
      <LastUpdateDate />
      <LastUpdateTime />
    </Product>
    <Product>
      <PriceUpdateDate>2021/11/01 14:04</PriceUpdateDate>
      <ItemCode>7290017724034</ItemCode>
      <ItemType>1</ItemType>
      <ItemName>עוגיות סנדוויץ ריבה אקלר</ItemName>
      <ManufactureName>אקלר</ManufactureName>
      <ManufactureCountry />
      <ManufactureItemDescription />
      <UnitQty>'יח</UnitQty>
      <Quantity>3</Quantity>
      <UnitMeasure>ל-100 גרם</UnitMeasure>
      <BisWeighted>0</BisWeighted>
      <QtyInPackage>1</QtyInPackage>
      <ItemPrice>22.90</ItemPrice>
      <UnitOfMeasurePrice>7.63</UnitOfMeasurePrice>
      <AllowDiscount>0</AllowDiscount>
      <itemStatus>1</itemStatus>
      <LastUpdateDate />
      <LastUpdateTime />
    </Product>
    <Product>
      <PriceUpdateDate>2021/11/01 14:04</PriceUpdateDate>
      <ItemCode>7290017724041</ItemCode>
      <ItemType>1</ItemType>
      <ItemName>עוגיות תותי פרוטי אקלר</ItemName>
      <ManufactureName>אקלר</ManufactureName>
      <ManufactureCountry />
      <ManufactureItemDescription />
      <UnitQty>'יח</UnitQty>
      <Quantity>3</Quantity>
      <UnitMeasure>ל-100 גרם</UnitMeasure>
      <BisWeighted>0</BisWeighted>
      <QtyInPackage>1</QtyInPackage>
      <ItemPrice>22.90</ItemPrice>
      <UnitOfMeasurePrice>7.63</UnitOfMeasurePrice>
      <AllowDiscount>0</AllowDiscount>
      <itemStatus>1</itemStatus>
      <LastUpdateDate />
      <LastUpdateTime />
    </Product>
    <Product>
      <PriceUpdateDate>2021/11/01 14:04</PriceUpdateDate>
      <ItemCode>7290017724058</ItemCode>
      <ItemType>1</ItemType>
      <ItemName>עוגיות מעדן תמר אגוז אקלר</ItemName>
      <ManufactureName>אקלר</ManufactureName>
      <ManufactureCountry />
      <ManufactureItemDescription />
      <UnitQty>'יח</UnitQty>
      <Quantity>3</Quantity>
      <UnitMeasure>ל-100 גרם</UnitMeasure>
      <BisWeighted>0</BisWeighted>
      <QtyInPackage>1</QtyInPackage>
      <ItemPrice>22.90</ItemPrice>
      <UnitOfMeasurePrice>7.63</UnitOfMeasurePrice>
      <AllowDiscount>0</AllowDiscount>
      <itemStatus>1</itemStatus>
      <LastUpdateDate />
      <LastUpdateTime />
    </Product>
    <Product>
      <PriceUpdateDate>2021/11/01 14:04</PriceUpdateDate>
      <ItemCode>7290017724089</ItemCode>
      <ItemType>1</ItemType>
      <ItemName>עוגיות ואן גוך אקלר</ItemName>
      <ManufactureName>אקלר</ManufactureName>
      <ManufactureCountry />
      <ManufactureItemDescription />
      <UnitQty>'יח</UnitQty>
      <Quantity>3</Quantity>
      <UnitMeasure>ל-100 גרם</UnitMeasure>
      <BisWeighted>0</BisWeighted>
      <QtyInPackage>1</QtyInPackage>
      <ItemPrice>22.90</ItemPrice>
      <UnitOfMeasurePrice>7.63</UnitOfMeasurePrice>
      <AllowDiscount>0</AllowDiscount>
      <itemStatus>1</itemStatus>
      <LastUpdateDate />
      <LastUpdateTime />
    </Product>
    <Product>
      <PriceUpdateDate>2021/11/01 14:04</PriceUpdateDate>
      <ItemCode>7290017724119</ItemCode>
      <ItemType>1</ItemType>
      <ItemName>עוגיות אוזניים אקלר</ItemName>
      <ManufactureName>אקלר</ManufactureName>
      <ManufactureCountry />
      <ManufactureItemDescription />
      <UnitQty>'יח</UnitQty>
      <Quantity>3</Quantity>
      <UnitMeasure>ל-100 גרם</UnitMeasure>
      <BisWeighted>0</BisWeighted>
      <QtyInPackage>1</QtyInPackage>
      <ItemPrice>22.90</ItemPrice>
      <UnitOfMeasurePrice>7.63</UnitOfMeasurePrice>
      <AllowDiscount>0</AllowDiscount>
      <itemStatus>1</itemStatus>
      <LastUpdateDate />
      <LastUpdateTime />
    </Product>
    <Product>
      <PriceUpdateDate>2021/11/01 14:04</PriceUpdateDate>
      <ItemCode>7290017724126</ItemCode>
      <ItemType>1</ItemType>
      <ItemName>עוגיות טחינה אקלר</ItemName>
      <ManufactureName>אקלר</ManufactureName>
      <ManufactureCountry />
      <ManufactureItemDescription />
      <UnitQty>'יח</UnitQty>
      <Quantity>3</Quantity>
      <UnitMeasure>ל-100 גרם</UnitMeasure>
      <BisWeighted>0</BisWeighted>
      <QtyInPackage>1</QtyInPackage>
      <ItemPrice>22.90</ItemPrice>
      <UnitOfMeasurePrice>7.63</UnitOfMeasurePrice>
      <AllowDiscount>0</AllowDiscount>
      <itemStatus>1</itemStatus>
      <LastUpdateDate />
      <LastUpdateTime />
    </Product>
    <Product>
      <PriceUpdateDate>2021/11/01 14:04</PriceUpdateDate>
      <ItemCode>7290017724218</ItemCode>
      <ItemType>1</ItemType>
      <ItemName>עוגיות תמר אגוז ללא סוכר אקלר</ItemName>
      <ManufactureName>אקלר</ManufactureName>
      <ManufactureCountry />
      <ManufactureItemDescription />
      <UnitQty>'יח</UnitQty>
      <Quantity>3</Quantity>
      <UnitMeasure>ל-100 גרם</UnitMeasure>
      <BisWeighted>0</BisWeighted>
      <QtyInPackage>1</QtyInPackage>
      <ItemPrice>22.90</ItemPrice>
      <UnitOfMeasurePrice>7.63</UnitOfMeasurePrice>
      <AllowDiscount>0</AllowDiscount>
      <itemStatus>1</itemStatus>
      <LastUpdateDate />
      <LastUpdateTime />
    </Product>
    <Product>
      <PriceUpdateDate>2021/11/01 14:04</PriceUpdateDate>
      <ItemCode>7290017724270</ItemCode>
      <ItemType>1</ItemType>
      <ItemName>עוגיות אשכול בריאות ללא סוכר אקלר</ItemName>
      <ManufactureName>אקלר</ManufactureName>
      <ManufactureCountry />
      <ManufactureItemDescription />
      <UnitQty>'יח</UnitQty>
      <Quantity>3</Quantity>
      <UnitMeasure>ל-100 גרם</UnitMeasure>
      <BisWeighted>0</BisWeighted>
      <QtyInPackage>1</QtyInPackage>
      <ItemPrice>22.90</ItemPrice>
      <UnitOfMeasurePrice>7.63</UnitOfMeasurePrice>
      <AllowDiscount>0</AllowDiscount>
      <itemStatus>1</itemStatus>
      <LastUpdateDate />
      <LastUpdateTime />
    </Product>
    <Product>
      <PriceUpdateDate>2021/11/01 14:04</PriceUpdateDate>
      <ItemCode>7290017724294</ItemCode>
      <ItemType>1</ItemType>
      <ItemName>עוגיות גרנולה חמוציות ללא סוכר אקלר</ItemName>
      <ManufactureName>אקלר</ManufactureName>
      <ManufactureCountry />
      <ManufactureItemDescription />
      <UnitQty>'יח</UnitQty>
      <Quantity>3</Quantity>
      <UnitMeasure>ל-100 גרם</UnitMeasure>
      <BisWeighted>0</BisWeighted>
      <QtyInPackage>1</QtyInPackage>
      <ItemPrice>22.90</ItemPrice>
      <UnitOfMeasurePrice>7.63</UnitOfMeasurePrice>
      <AllowDiscount>0</AllowDiscount>
      <itemStatus>1</itemStatus>
      <LastUpdateDate />
      <LastUpdateTime />
    </Product>
    <Product>
      <PriceUpdateDate>2022/06/07 10:33</PriceUpdateDate>
      <ItemCode>7290017842127</ItemCode>
      <ItemType>1</ItemType>
      <ItemName>ניירות סנדוויץ "שווה" 100 יח</ItemName>
      <ManufactureName>ח.כהן סוכנות מזון ומשקאות</ManufactureName>
      <ManufactureCountry />
      <ManufactureItemDescription />
      <UnitQty>'יח</UnitQty>
      <Quantity>1</Quantity>
      <UnitMeasure>'יח</UnitMeasure>
      <BisWeighted>0</BisWeighted>
      <QtyInPackage>1</QtyInPackage>
      <ItemPrice>9.90</ItemPrice>
      <UnitOfMeasurePrice>9.90</UnitOfMeasurePrice>
      <AllowDiscount>1</AllowDiscount>
      <itemStatus>1</itemStatus>
      <LastUpdateDate />
      <LastUpdateTime />
    </Product>
    <Product>
      <PriceUpdateDate>2022/01/05 17:49</PriceUpdateDate>
      <ItemCode>7290017842141</ItemCode>
      <ItemType>1</ItemType>
      <ItemName>נייר אפייה איכותי אקולוגי, 40 יח  "שווה</ItemName>
      <ManufactureName>ח.כהן סוכנות מזון ומשקאות</ManufactureName>
      <ManufactureCountry />
      <ManufactureItemDescription />
      <UnitQty>'יח</UnitQty>
      <Quantity>1</Quantity>
      <UnitMeasure>'יח</UnitMeasure>
      <BisWeighted>0</BisWeighted>
      <QtyInPackage>1</QtyInPackage>
      <ItemPrice>8.90</ItemPrice>
      <UnitOfMeasurePrice>8.90</UnitOfMeasurePrice>
      <AllowDiscount>1</AllowDiscount>
      <itemStatus>1</itemStatus>
      <LastUpdateDate />
      <LastUpdateTime />
    </Product>
    <Product>
      <PriceUpdateDate>2022/01/05 17:49</PriceUpdateDate>
      <ItemCode>7290017842530</ItemCode>
      <ItemType>1</ItemType>
      <ItemName>שקיות אוכל ריץ רץ קטנות שווה 15 יחידות</ItemName>
      <ManufactureName>ח.כהן סוכנות מזון ומשקאות</ManufactureName>
      <ManufactureCountry />
      <ManufactureItemDescription />
      <UnitQty>'יח</UnitQty>
      <Quantity>200</Quantity>
      <UnitMeasure>'יח</UnitMeasure>
      <BisWeighted>0</BisWeighted>
      <QtyInPackage>1</QtyInPackage>
      <ItemPrice>6.90</ItemPrice>
      <UnitOfMeasurePrice>0.03</UnitOfMeasurePrice>
      <AllowDiscount>1</AllowDiscount>
      <itemStatus>1</itemStatus>
      <LastUpdateDate />
      <LastUpdateTime />
    </Product>
    <Product>
      <PriceUpdateDate>2021/12/01 07:33</PriceUpdateDate>
      <ItemCode>7290017842615</ItemCode>
      <ItemType>1</ItemType>
      <ItemName>צלחת קטנה אריזת ענק 50 יח` מתכלה שווה</ItemName>
      <ManufactureName>ח.כהן סוכנות מזון ומשקאות</ManufactureName>
      <ManufactureCountry />
      <ManufactureItemDescription />
      <UnitQty>'יח</UnitQty>
      <Quantity>1</Quantity>
      <UnitMeasure />
      <BisWeighted>0</BisWeighted>
      <QtyInPackage>1</QtyInPackage>
      <ItemPrice>14.90</ItemPrice>
      <UnitOfMeasurePrice>14.90</UnitOfMeasurePrice>
      <AllowDiscount>1</AllowDiscount>
      <itemStatus>1</itemStatus>
      <LastUpdateDate />
      <LastUpdateTime />
    </Product>
    <Product>
      <PriceUpdateDate>2021/12/01 07:33</PriceUpdateDate>
      <ItemCode>7290017842622</ItemCode>
      <ItemType>1</ItemType>
      <ItemName>צלחת גדולה אריזת ענק 50  יח`מתכלה שווה</ItemName>
      <ManufactureName>ח.כהן סוכנות מזון ומשקאות</ManufactureName>
      <ManufactureCountry />
      <ManufactureItemDescription />
      <UnitQty>'יח</UnitQty>
      <Quantity>1</Quantity>
      <UnitMeasure />
      <BisWeighted>0</BisWeighted>
      <QtyInPackage>1</QtyInPackage>
      <ItemPrice>19.90</ItemPrice>
      <UnitOfMeasurePrice>19.90</UnitOfMeasurePrice>
      <AllowDiscount>0</AllowDiscount>
      <itemStatus>1</itemStatus>
      <LastUpdateDate />
      <LastUpdateTime />
    </Product>
    <Product>
      <PriceUpdateDate>2021/11/23 15:52</PriceUpdateDate>
      <ItemCode>7290017873183</ItemCode>
      <ItemType>1</ItemType>
      <ItemName>תחליב רחצה לידים אשכוליות 500 מ"ל</ItemName>
      <ManufactureName>דנאגיס בעמ</ManufactureName>
      <ManufactureCountry />
      <ManufactureItemDescription />
      <UnitQty>'יח</UnitQty>
      <Quantity>1</Quantity>
      <UnitMeasure>'יח</UnitMeasure>
      <BisWeighted>0</BisWeighted>
      <QtyInPackage>1</QtyInPackage>
      <ItemPrice>12.90</ItemPrice>
      <UnitOfMeasurePrice>12.90</UnitOfMeasurePrice>
      <AllowDiscount>0</AllowDiscount>
      <itemStatus>1</itemStatus>
      <LastUpdateDate />
      <LastUpdateTime />
    </Product>
    <Product>
      <PriceUpdateDate>2022/08/02 09:05</PriceUpdateDate>
      <ItemCode>7290017918143</ItemCode>
      <ItemType>1</ItemType>
      <ItemName>לבבות קיסר</ItemName>
      <ManufactureName>ביכורי השדה הצפון בעמ` 1964</ManufactureName>
      <ManufactureCountry />
      <ManufactureItemDescription />
      <UnitQty>'יח</UnitQty>
      <Quantity>1</Quantity>
      <UnitMeasure />
      <BisWeighted>0</BisWeighted>
      <QtyInPackage>1</QtyInPackage>
      <ItemPrice>8.90</ItemPrice>
      <UnitOfMeasurePrice>8.90</UnitOfMeasurePrice>
      <AllowDiscount>0</AllowDiscount>
      <itemStatus>1</itemStatus>
      <LastUpdateDate />
      <LastUpdateTime />
    </Product>
    <Product>
      <PriceUpdateDate>2021/08/10 15:40</PriceUpdateDate>
      <ItemCode>7290017928098</ItemCode>
      <ItemType>1</ItemType>
      <ItemName>מאיר בייגל שטוחלה מלח 300 גר`</ItemName>
      <ManufactureName>דנאגיס בעמ</ManufactureName>
      <ManufactureCountry />
      <ManufactureItemDescription />
      <UnitQty>'יח</UnitQty>
      <Quantity>3</Quantity>
      <UnitMeasure>ל-100 גרם</UnitMeasure>
      <BisWeighted>0</BisWeighted>
      <QtyInPackage>1</QtyInPackage>
      <ItemPrice>11.90</ItemPrice>
      <UnitOfMeasurePrice>3.97</UnitOfMeasurePrice>
      <AllowDiscount>1</AllowDiscount>
      <itemStatus>1</itemStatus>
      <LastUpdateDate />
      <LastUpdateTime />
    </Product>
    <Product>
      <PriceUpdateDate>2022/10/26 21:16</PriceUpdateDate>
      <ItemCode>7290018098486</ItemCode>
      <ItemType>1</ItemType>
      <ItemName>פיצה מרגריטה MILK FREE 350 גרם</ItemName>
      <ManufactureName>גורי מוצרי צריכה 1991 בע`מ</ManufactureName>
      <ManufactureCountry />
      <ManufactureItemDescription />
      <UnitQty>'יח</UnitQty>
      <Quantity>3.50</Quantity>
      <UnitMeasure>ל-100 גרם</UnitMeasure>
      <BisWeighted>0</BisWeighted>
      <QtyInPackage>1</QtyInPackage>
      <ItemPrice>19.90</ItemPrice>
      <UnitOfMeasurePrice>5.69</UnitOfMeasurePrice>
      <AllowDiscount>0</AllowDiscount>
      <itemStatus>1</itemStatus>
      <LastUpdateDate />
      <LastUpdateTime />
    </Product>
    <Product>
      <PriceUpdateDate>2022/10/26 21:16</PriceUpdateDate>
      <ItemCode>7290018098493</ItemCode>
      <ItemType>1</ItemType>
      <ItemName>פיצה זיתים MILK FREE 350 גרם</ItemName>
      <ManufactureName>גורי מוצרי צריכה 1991 בע`מ</ManufactureName>
      <ManufactureCountry />
      <ManufactureItemDescription />
      <UnitQty>'יח</UnitQty>
      <Quantity>3.50</Quantity>
      <UnitMeasure>ל-100 גרם</UnitMeasure>
      <BisWeighted>0</BisWeighted>
      <QtyInPackage>1</QtyInPackage>
      <ItemPrice>19.90</ItemPrice>
      <UnitOfMeasurePrice>5.69</UnitOfMeasurePrice>
      <AllowDiscount>0</AllowDiscount>
      <itemStatus>1</itemStatus>
      <LastUpdateDate />
      <LastUpdateTime />
    </Product>
    <Product>
      <PriceUpdateDate>2022/05/11 11:34</PriceUpdateDate>
      <ItemCode>7290018194072</ItemCode>
      <ItemType>1</ItemType>
      <ItemName>סודה ספארק 250 מ"ל*12</ItemName>
      <ManufactureName>בני פאוזי שמשום</ManufactureName>
      <ManufactureCountry />
      <ManufactureItemDescription />
      <UnitQty>'יח</UnitQty>
      <Quantity>2.50</Quantity>
      <UnitMeasure>ל-100 מ"ל</UnitMeasure>
      <BisWeighted>0</BisWeighted>
      <QtyInPackage>1</QtyInPackage>
      <ItemPrice>24.90</ItemPrice>
      <UnitOfMeasurePrice>8.52</UnitOfMeasurePrice>
      <AllowDiscount>1</AllowDiscount>
      <itemStatus>1</itemStatus>
      <LastUpdateDate />
      <LastUpdateTime />
    </Product>
    <Product>
      <PriceUpdateDate>2022/05/11 10:54</PriceUpdateDate>
      <ItemCode>7290018194089</ItemCode>
      <ItemType>1</ItemType>
      <ItemName>סודה ספארק בטעם לימון 250 מ"ל*12</ItemName>
      <ManufactureName>בני פאוזי שמשום</ManufactureName>
      <ManufactureCountry />
      <ManufactureItemDescription />
      <UnitQty>'יח</UnitQty>
      <Quantity>2.50</Quantity>
      <UnitMeasure>ל-100 מ"ל</UnitMeasure>
      <BisWeighted>0</BisWeighted>
      <QtyInPackage>1</QtyInPackage>
      <ItemPrice>24.90</ItemPrice>
      <UnitOfMeasurePrice>8.52</UnitOfMeasurePrice>
      <AllowDiscount>1</AllowDiscount>
      <itemStatus>1</itemStatus>
      <LastUpdateDate />
      <LastUpdateTime />
    </Product>
    <Product>
      <PriceUpdateDate>2022/04/21 08:34</PriceUpdateDate>
      <ItemCode>7290018194256</ItemCode>
      <ItemType>1</ItemType>
      <ItemName>ערק ג`בלנא בטעם לימון 700 מ"ל</ItemName>
      <ManufactureName>בני פאוזי שמשום</ManufactureName>
      <ManufactureCountry />
      <ManufactureItemDescription />
      <UnitQty>'יח</UnitQty>
      <Quantity>7</Quantity>
      <UnitMeasure>ל-100 מ"ל</UnitMeasure>
      <BisWeighted>0</BisWeighted>
      <QtyInPackage>1</QtyInPackage>
      <ItemPrice>49.90</ItemPrice>
      <UnitOfMeasurePrice>7.09</UnitOfMeasurePrice>
      <AllowDiscount>1</AllowDiscount>
      <itemStatus>1</itemStatus>
      <LastUpdateDate />
      <LastUpdateTime />
    </Product>
    <Product>
      <PriceUpdateDate>2022/09/01 16:43</PriceUpdateDate>
      <ItemCode>7290018213216</ItemCode>
      <ItemType>1</ItemType>
      <ItemName>סט שירותים אורבן</ItemName>
      <ManufactureName>ד.ג.ש ייבוא ושיווק בעמ</ManufactureName>
      <ManufactureCountry />
      <ManufactureItemDescription />
      <UnitQty>'יח</UnitQty>
      <Quantity>1</Quantity>
      <UnitMeasure />
      <BisWeighted>0</BisWeighted>
      <QtyInPackage>1</QtyInPackage>
      <ItemPrice>11.90</ItemPrice>
      <UnitOfMeasurePrice>11.90</UnitOfMeasurePrice>
      <AllowDiscount>0</AllowDiscount>
      <itemStatus>1</itemStatus>
      <LastUpdateDate />
      <LastUpdateTime />
    </Product>
    <Product>
      <PriceUpdateDate>2022/06/03 09:10</PriceUpdateDate>
      <ItemCode>7290018359938</ItemCode>
      <ItemType>1</ItemType>
      <ItemName>רוטב עגבניות לשקשוקה יכין 400 גר`</ItemName>
      <ManufactureName>זנלכול יכין</ManufactureName>
      <ManufactureCountry />
      <ManufactureItemDescription />
      <UnitQty>'יח</UnitQty>
      <Quantity>4</Quantity>
      <UnitMeasure>ל-100 גרם</UnitMeasure>
      <BisWeighted>0</BisWeighted>
      <QtyInPackage>1</QtyInPackage>
      <ItemPrice>11.90</ItemPrice>
      <UnitOfMeasurePrice>2.98</UnitOfMeasurePrice>
      <AllowDiscount>1</AllowDiscount>
      <itemStatus>1</itemStatus>
      <LastUpdateDate />
      <LastUpdateTime />
    </Product>
    <Product>
      <PriceUpdateDate>2022/05/24 07:31</PriceUpdateDate>
      <ItemCode>7290018359952</ItemCode>
      <ItemType>1</ItemType>
      <ItemName>רוטב עגבניות לפסטה יכין 400 גר`</ItemName>
      <ManufactureName>זנלכול יכין</ManufactureName>
      <ManufactureCountry />
      <ManufactureItemDescription />
      <UnitQty>'יח</UnitQty>
      <Quantity>4</Quantity>
      <UnitMeasure>ל-100 גרם</UnitMeasure>
      <BisWeighted>0</BisWeighted>
      <QtyInPackage>1</QtyInPackage>
      <ItemPrice>11.90</ItemPrice>
      <UnitOfMeasurePrice>2.98</UnitOfMeasurePrice>
      <AllowDiscount>1</AllowDiscount>
      <itemStatus>1</itemStatus>
      <LastUpdateDate />
      <LastUpdateTime />
    </Product>
    <Product>
      <PriceUpdateDate>2022/05/24 07:31</PriceUpdateDate>
      <ItemCode>7290018359969</ItemCode>
      <ItemType>1</ItemType>
      <ItemName>רוטב עגבניות לפיצה יכין 400 גר`</ItemName>
      <ManufactureName>זנלכול יכין</ManufactureName>
      <ManufactureCountry />
      <ManufactureItemDescription />
      <UnitQty>'יח</UnitQty>
      <Quantity>4</Quantity>
      <UnitMeasure>ל-100 גרם</UnitMeasure>
      <BisWeighted>0</BisWeighted>
      <QtyInPackage>1</QtyInPackage>
      <ItemPrice>11.90</ItemPrice>
      <UnitOfMeasurePrice>2.98</UnitOfMeasurePrice>
      <AllowDiscount>1</AllowDiscount>
      <itemStatus>1</itemStatus>
      <LastUpdateDate />
      <LastUpdateTime />
    </Product>
    <Product>
      <PriceUpdateDate>2022/02/20 17:55</PriceUpdateDate>
      <ItemCode>7290018380871</ItemCode>
      <ItemType>1</ItemType>
      <ItemName>פטיסון כבוש שלם תומר 670 גרם</ItemName>
      <ManufactureName>תומר ייבוא ושיווק מוצרי מזון [</ManufactureName>
      <ManufactureCountry />
      <ManufactureItemDescription />
      <UnitQty>'יח</UnitQty>
      <Quantity>6.70</Quantity>
      <UnitMeasure>ל-100 גרם</UnitMeasure>
      <BisWeighted>0</BisWeighted>
      <QtyInPackage>1</QtyInPackage>
      <ItemPrice>13.90</ItemPrice>
      <UnitOfMeasurePrice>2.07</UnitOfMeasurePrice>
      <AllowDiscount>0</AllowDiscount>
      <itemStatus>1</itemStatus>
      <LastUpdateDate />
      <LastUpdateTime />
    </Product>
    <Product>
      <PriceUpdateDate>2021/10/18 07:07</PriceUpdateDate>
      <ItemCode>7290018440254</ItemCode>
      <ItemType>1</ItemType>
      <ItemName>תה צאי קרמל מלוח 25 שקיקים 50 גרם</ItemName>
      <ManufactureName>תה ויסוצקי בע`מ</ManufactureName>
      <ManufactureCountry />
      <ManufactureItemDescription />
      <UnitQty>'יח</UnitQty>
      <Quantity>0.50</Quantity>
      <UnitMeasure>ל-100 גרם</UnitMeasure>
      <BisWeighted>0</BisWeighted>
      <QtyInPackage>1</QtyInPackage>
      <ItemPrice>19.90</ItemPrice>
      <UnitOfMeasurePrice>39.80</UnitOfMeasurePrice>
      <AllowDiscount>1</AllowDiscount>
      <itemStatus>1</itemStatus>
      <LastUpdateDate />
      <LastUpdateTime />
    </Product>
    <Product>
      <PriceUpdateDate>2021/07/14 15:03</PriceUpdateDate>
      <ItemCode>7290018440476</ItemCode>
      <ItemType>1</ItemType>
      <ItemName>פליפז בייגלה מצופה בקרם עוגת גבינה ותו</ItemName>
      <ManufactureName>תה ויסוצקי בע`מ</ManufactureName>
      <ManufactureCountry />
      <ManufactureItemDescription />
      <UnitQty>'יח</UnitQty>
      <Quantity>1</Quantity>
      <UnitMeasure>ל-100 גרם</UnitMeasure>
      <BisWeighted>0</BisWeighted>
      <QtyInPackage>1</QtyInPackage>
      <ItemPrice>8.90</ItemPrice>
      <UnitOfMeasurePrice>8.90</UnitOfMeasurePrice>
      <AllowDiscount>1</AllowDiscount>
      <itemStatus>1</itemStatus>
      <LastUpdateDate />
      <LastUpdateTime />
    </Product>
    <Product>
      <PriceUpdateDate>2021/07/14 15:03</PriceUpdateDate>
      <ItemCode>7290018440483</ItemCode>
      <ItemType>1</ItemType>
      <ItemName>פליפז בייגלה מצופה בקרמל מלוח  140 גר`</ItemName>
      <ManufactureName>תה ויסוצקי בע`מ</ManufactureName>
      <ManufactureCountry />
      <ManufactureItemDescription />
      <UnitQty>'יח</UnitQty>
      <Quantity>1.40</Quantity>
      <UnitMeasure>ל-100 גרם</UnitMeasure>
      <BisWeighted>0</BisWeighted>
      <QtyInPackage>1</QtyInPackage>
      <ItemPrice>8.90</ItemPrice>
      <UnitOfMeasurePrice>6.36</UnitOfMeasurePrice>
      <AllowDiscount>1</AllowDiscount>
      <itemStatus>1</itemStatus>
      <LastUpdateDate />
      <LastUpdateTime />
    </Product>
    <Product>
      <PriceUpdateDate>2021/12/29 20:02</PriceUpdateDate>
      <ItemCode>7290018440896</ItemCode>
      <ItemType>1</ItemType>
      <ItemName>חליטת ג`ינג`ר וכורכום</ItemName>
      <ManufactureName>תה ויסוצקי בע`מ</ManufactureName>
      <ManufactureCountry />
      <ManufactureItemDescription />
      <UnitQty>'יח</UnitQty>
      <Quantity>6</Quantity>
      <UnitMeasure>ל-100 גרם</UnitMeasure>
      <BisWeighted>0</BisWeighted>
      <QtyInPackage>1</QtyInPackage>
      <ItemPrice>19.90</ItemPrice>
      <UnitOfMeasurePrice>3.32</UnitOfMeasurePrice>
      <AllowDiscount>0</AllowDiscount>
      <itemStatus>1</itemStatus>
      <LastUpdateDate />
      <LastUpdateTime />
    </Product>
    <Product>
      <PriceUpdateDate>2022/01/03 13:05</PriceUpdateDate>
      <ItemCode>7290018441626</ItemCode>
      <ItemType>1</ItemType>
      <ItemName>גלידת בן &amp; ג`ריס 500 מל` מנטה עוגיות</ItemName>
      <ManufactureName>מוצרי איכות אמריקאים</ManufactureName>
      <ManufactureCountry />
      <ManufactureItemDescription />
      <UnitQty>'יח</UnitQty>
      <Quantity>5</Quantity>
      <UnitMeasure>ל-100 גרם</UnitMeasure>
      <BisWeighted>0</BisWeighted>
      <QtyInPackage>1</QtyInPackage>
      <ItemPrice>19.90</ItemPrice>
      <UnitOfMeasurePrice>3.98</UnitOfMeasurePrice>
      <AllowDiscount>1</AllowDiscount>
      <itemStatus>1</itemStatus>
      <LastUpdateDate />
      <LastUpdateTime />
    </Product>
    <Product>
      <PriceUpdateDate>2022/08/05 13:50</PriceUpdateDate>
      <ItemCode>7290018468432</ItemCode>
      <ItemType>1</ItemType>
      <ItemName>נקניק טבעוני בטעם מעושן 100 גרם</ItemName>
      <ManufactureName>תנובה מרכז שיתופי לשיווק תוצרת</ManufactureName>
      <ManufactureCountry />
      <ManufactureItemDescription />
      <UnitQty>'יח</UnitQty>
      <Quantity>1</Quantity>
      <UnitMeasure>ל-100 גרם</UnitMeasure>
      <BisWeighted>0</BisWeighted>
      <QtyInPackage>1</QtyInPackage>
      <ItemPrice>17.90</ItemPrice>
      <UnitOfMeasurePrice>17.90</UnitOfMeasurePrice>
      <AllowDiscount>0</AllowDiscount>
      <itemStatus>1</itemStatus>
      <LastUpdateDate />
      <LastUpdateTime />
    </Product>
    <Product>
      <PriceUpdateDate>2022/07/20 21:37</PriceUpdateDate>
      <ItemCode>7290018471906</ItemCode>
      <ItemType>1</ItemType>
      <ItemName>שוופס מוגז לימונדה ורודה 1.5 ל`</ItemName>
      <ManufactureName>יפאורה - שותפות מוגבלת לשיווק</ManufactureName>
      <ManufactureCountry />
      <ManufactureItemDescription />
      <UnitQty>'יח</UnitQty>
      <Quantity>15</Quantity>
      <UnitMeasure>ל-100 מ"ל</UnitMeasure>
      <BisWeighted>0</BisWeighted>
      <QtyInPackage>1</QtyInPackage>
      <ItemPrice>8.90</ItemPrice>
      <UnitOfMeasurePrice>0.57</UnitOfMeasurePrice>
      <AllowDiscount>1</AllowDiscount>
      <itemStatus>1</itemStatus>
      <LastUpdateDate />
      <LastUpdateTime />
    </Product>
    <Product>
      <PriceUpdateDate>2022/07/20 21:37</PriceUpdateDate>
      <ItemCode>7290018471913</ItemCode>
      <ItemType>1</ItemType>
      <ItemName>שוופס מוגז פירות  תפוח  1.5 ל` פיקדון</ItemName>
      <ManufactureName>יפאורה - שותפות מוגבלת לשיווק</ManufactureName>
      <ManufactureCountry />
      <ManufactureItemDescription />
      <UnitQty>'יח</UnitQty>
      <Quantity>15</Quantity>
      <UnitMeasure>ל-100 מ"ל</UnitMeasure>
      <BisWeighted>0</BisWeighted>
      <QtyInPackage>1</QtyInPackage>
      <ItemPrice>8.90</ItemPrice>
      <UnitOfMeasurePrice>0.57</UnitOfMeasurePrice>
      <AllowDiscount>1</AllowDiscount>
      <itemStatus>1</itemStatus>
      <LastUpdateDate />
      <LastUpdateTime />
    </Product>
    <Product>
      <PriceUpdateDate>2022/07/20 21:37</PriceUpdateDate>
      <ItemCode>7290018471920</ItemCode>
      <ItemType>1</ItemType>
      <ItemName>שוופס  מוגז פירות ענבים 1.5 ל`</ItemName>
      <ManufactureName>יפאורה - שותפות מוגבלת לשיווק</ManufactureName>
      <ManufactureCountry />
      <ManufactureItemDescription />
      <UnitQty>'יח</UnitQty>
      <Quantity>15</Quantity>
      <UnitMeasure>ל-100 מ"ל</UnitMeasure>
      <BisWeighted>0</BisWeighted>
      <QtyInPackage>1</QtyInPackage>
      <ItemPrice>8.90</ItemPrice>
      <UnitOfMeasurePrice>0.57</UnitOfMeasurePrice>
      <AllowDiscount>1</AllowDiscount>
      <itemStatus>1</itemStatus>
      <LastUpdateDate />
      <LastUpdateTime />
    </Product>
    <Product>
      <PriceUpdateDate>2022/07/20 21:37</PriceUpdateDate>
      <ItemCode>7290018471937</ItemCode>
      <ItemType>1</ItemType>
      <ItemName>שוופס מוגז פירות תות ליים 1.5 ל` פיקדו</ItemName>
      <ManufactureName>יפאורה - שותפות מוגבלת לשיווק</ManufactureName>
      <ManufactureCountry />
      <ManufactureItemDescription />
      <UnitQty>'יח</UnitQty>
      <Quantity>15</Quantity>
      <UnitMeasure>ל-100 מ"ל</UnitMeasure>
      <BisWeighted>0</BisWeighted>
      <QtyInPackage>1</QtyInPackage>
      <ItemPrice>8.90</ItemPrice>
      <UnitOfMeasurePrice>0.57</UnitOfMeasurePrice>
      <AllowDiscount>1</AllowDiscount>
      <itemStatus>1</itemStatus>
      <LastUpdateDate />
      <LastUpdateTime />
    </Product>
    <Product>
      <PriceUpdateDate>2022/07/20 21:37</PriceUpdateDate>
      <ItemCode>7290018471944</ItemCode>
      <ItemType>1</ItemType>
      <ItemName>שוופס מוגז לימונייד 1.5 ל` פיקדון</ItemName>
      <ManufactureName>יפאורה - שותפות מוגבלת לשיווק</ManufactureName>
      <ManufactureCountry />
      <ManufactureItemDescription />
      <UnitQty>'יח</UnitQty>
      <Quantity>15</Quantity>
      <UnitMeasure>ל-100 מ"ל</UnitMeasure>
      <BisWeighted>0</BisWeighted>
      <QtyInPackage>1</QtyInPackage>
      <ItemPrice>8.90</ItemPrice>
      <UnitOfMeasurePrice>0.57</UnitOfMeasurePrice>
      <AllowDiscount>1</AllowDiscount>
      <itemStatus>1</itemStatus>
      <LastUpdateDate />
      <LastUpdateTime />
    </Product>
    <Product>
      <PriceUpdateDate>2022/07/20 21:37</PriceUpdateDate>
      <ItemCode>7290018471951</ItemCode>
      <ItemType>1</ItemType>
      <ItemName>שוופס FRUITS אשכולית אדומה 1.5 ל` פיקד</ItemName>
      <ManufactureName>יפאורה - שותפות מוגבלת לשיווק</ManufactureName>
      <ManufactureCountry />
      <ManufactureItemDescription />
      <UnitQty>'יח</UnitQty>
      <Quantity>15</Quantity>
      <UnitMeasure>ל-100 מ"ל</UnitMeasure>
      <BisWeighted>0</BisWeighted>
      <QtyInPackage>1</QtyInPackage>
      <ItemPrice>8.90</ItemPrice>
      <UnitOfMeasurePrice>0.57</UnitOfMeasurePrice>
      <AllowDiscount>1</AllowDiscount>
      <itemStatus>1</itemStatus>
      <LastUpdateDate />
      <LastUpdateTime />
    </Product>
    <Product>
      <PriceUpdateDate>2022/10/23 20:01</PriceUpdateDate>
      <ItemCode>7290018493977</ItemCode>
      <ItemType>1</ItemType>
      <ItemName>קמיל מעושר בשיבול שועל 1 ליטר</ItemName>
      <ManufactureName>פישר תעשיות פרמצבטיות בע"מ</ManufactureName>
      <ManufactureCountry />
      <ManufactureItemDescription />
      <UnitQty>'יח</UnitQty>
      <Quantity>5</Quantity>
      <UnitMeasure>ל-100 מ"ל</UnitMeasure>
      <BisWeighted>0</BisWeighted>
      <QtyInPackage>1</QtyInPackage>
      <ItemPrice>15.90</ItemPrice>
      <UnitOfMeasurePrice>3.18</UnitOfMeasurePrice>
      <AllowDiscount>1</AllowDiscount>
      <itemStatus>1</itemStatus>
      <LastUpdateDate />
      <LastUpdateTime />
    </Product>
    <Product>
      <PriceUpdateDate>2022/11/01 11:47</PriceUpdateDate>
      <ItemCode>7290018516041</ItemCode>
      <ItemType>1</ItemType>
      <ItemName>פרמיו דליקט עוף 56 ג</ItemName>
      <ManufactureName>שחורי אריה ואנסטסיה</ManufactureName>
      <ManufactureCountry />
      <ManufactureItemDescription />
      <UnitQty>'יח</UnitQty>
      <Quantity>0.56</Quantity>
      <UnitMeasure>ל-100 גרם</UnitMeasure>
      <BisWeighted>0</BisWeighted>
      <QtyInPackage>1</QtyInPackage>
      <ItemPrice>9.90</ItemPrice>
      <UnitOfMeasurePrice>17.68</UnitOfMeasurePrice>
      <AllowDiscount>0</AllowDiscount>
      <itemStatus>1</itemStatus>
      <LastUpdateDate />
      <LastUpdateTime />
    </Product>
    <Product>
      <PriceUpdateDate>2022/11/01 11:47</PriceUpdateDate>
      <ItemCode>7290018516058</ItemCode>
      <ItemType>1</ItemType>
      <ItemName>פרמיו דליקט טונה ושרימפס 56 ג</ItemName>
      <ManufactureName>שחורי אריה ואנסטסיה</ManufactureName>
      <ManufactureCountry />
      <ManufactureItemDescription />
      <UnitQty>'יח</UnitQty>
      <Quantity>0.56</Quantity>
      <UnitMeasure>ל-100 גרם</UnitMeasure>
      <BisWeighted>0</BisWeighted>
      <QtyInPackage>1</QtyInPackage>
      <ItemPrice>9.90</ItemPrice>
      <UnitOfMeasurePrice>17.68</UnitOfMeasurePrice>
      <AllowDiscount>0</AllowDiscount>
      <itemStatus>1</itemStatus>
      <LastUpdateDate />
      <LastUpdateTime />
    </Product>
    <Product>
      <PriceUpdateDate>2022/11/01 11:47</PriceUpdateDate>
      <ItemCode>7290018516065</ItemCode>
      <ItemType>1</ItemType>
      <ItemName>פרמיו דליקט טונה וסלמון 56 ג</ItemName>
      <ManufactureName>שחורי אריה ואנסטסיה</ManufactureName>
      <ManufactureCountry />
      <ManufactureItemDescription />
      <UnitQty>'יח</UnitQty>
      <Quantity>0.56</Quantity>
      <UnitMeasure>ל-100 גרם</UnitMeasure>
      <BisWeighted>0</BisWeighted>
      <QtyInPackage>1</QtyInPackage>
      <ItemPrice>9.90</ItemPrice>
      <UnitOfMeasurePrice>17.68</UnitOfMeasurePrice>
      <AllowDiscount>0</AllowDiscount>
      <itemStatus>1</itemStatus>
      <LastUpdateDate />
      <LastUpdateTime />
    </Product>
    <Product>
      <PriceUpdateDate>2022/11/01 11:47</PriceUpdateDate>
      <ItemCode>7290018516072</ItemCode>
      <ItemType>1</ItemType>
      <ItemName>פרמיו דליקט טונה וצדפות 56 ג</ItemName>
      <ManufactureName>שחורי אריה ואנסטסיה</ManufactureName>
      <ManufactureCountry />
      <ManufactureItemDescription />
      <UnitQty>'יח</UnitQty>
      <Quantity>0.56</Quantity>
      <UnitMeasure>ל-100 גרם</UnitMeasure>
      <BisWeighted>0</BisWeighted>
      <QtyInPackage>1</QtyInPackage>
      <ItemPrice>9.90</ItemPrice>
      <UnitOfMeasurePrice>17.68</UnitOfMeasurePrice>
      <AllowDiscount>0</AllowDiscount>
      <itemStatus>1</itemStatus>
      <LastUpdateDate />
      <LastUpdateTime />
    </Product>
    <Product>
      <PriceUpdateDate>2022/11/01 11:47</PriceUpdateDate>
      <ItemCode>7290018516089</ItemCode>
      <ItemType>1</ItemType>
      <ItemName>פרמיו דליקט טונה דג קוד 56 ג</ItemName>
      <ManufactureName>שחורי אריה ואנסטסיה</ManufactureName>
      <ManufactureCountry />
      <ManufactureItemDescription />
      <UnitQty>'יח</UnitQty>
      <Quantity>0.56</Quantity>
      <UnitMeasure>ל-100 גרם</UnitMeasure>
      <BisWeighted>0</BisWeighted>
      <QtyInPackage>1</QtyInPackage>
      <ItemPrice>9.90</ItemPrice>
      <UnitOfMeasurePrice>17.68</UnitOfMeasurePrice>
      <AllowDiscount>0</AllowDiscount>
      <itemStatus>1</itemStatus>
      <LastUpdateDate />
      <LastUpdateTime />
    </Product>
    <Product>
      <PriceUpdateDate>2022/11/01 11:47</PriceUpdateDate>
      <ItemCode>7290018516256</ItemCode>
      <ItemType>1</ItemType>
      <ItemName>פרמיו גור עוף 150 ג</ItemName>
      <ManufactureName>שחורי אריה ואנסטסיה</ManufactureName>
      <ManufactureCountry />
      <ManufactureItemDescription />
      <UnitQty>'יח</UnitQty>
      <Quantity>1.50</Quantity>
      <UnitMeasure>ל-100 גרם</UnitMeasure>
      <BisWeighted>0</BisWeighted>
      <QtyInPackage>1</QtyInPackage>
      <ItemPrice>5.90</ItemPrice>
      <UnitOfMeasurePrice>3.93</UnitOfMeasurePrice>
      <AllowDiscount>0</AllowDiscount>
      <itemStatus>1</itemStatus>
      <LastUpdateDate />
      <LastUpdateTime />
    </Product>
    <Product>
      <PriceUpdateDate>2022/11/01 11:47</PriceUpdateDate>
      <ItemCode>7290018516270</ItemCode>
      <ItemType>1</ItemType>
      <ItemName>פרמיו פטה עוף לחתול 100 גרם</ItemName>
      <ManufactureName>שחורי אריה ואנסטסיה</ManufactureName>
      <ManufactureCountry />
      <ManufactureItemDescription />
      <UnitQty>'יח</UnitQty>
      <Quantity>1</Quantity>
      <UnitMeasure>ל-100 גרם</UnitMeasure>
      <BisWeighted>0</BisWeighted>
      <QtyInPackage>1</QtyInPackage>
      <ItemPrice>4.90</ItemPrice>
      <UnitOfMeasurePrice>4.90</UnitOfMeasurePrice>
      <AllowDiscount>0</AllowDiscount>
      <itemStatus>1</itemStatus>
      <LastUpdateDate />
      <LastUpdateTime />
    </Product>
    <Product>
      <PriceUpdateDate>2022/11/01 11:47</PriceUpdateDate>
      <ItemCode>7290018516393</ItemCode>
      <ItemType>1</ItemType>
      <ItemName>פרמיו מיקס לחתול 3 קג</ItemName>
      <ManufactureName>שחורי אריה ואנסטסיה</ManufactureName>
      <ManufactureCountry />
      <ManufactureItemDescription />
      <UnitQty>'יח</UnitQty>
      <Quantity>30</Quantity>
      <UnitMeasure>ל-100 גרם</UnitMeasure>
      <BisWeighted>0</BisWeighted>
      <QtyInPackage>1</QtyInPackage>
      <ItemPrice>59.90</ItemPrice>
      <UnitOfMeasurePrice>2</UnitOfMeasurePrice>
      <AllowDiscount>0</AllowDiscount>
      <itemStatus>1</itemStatus>
      <LastUpdateDate />
      <LastUpdateTime />
    </Product>
    <Product>
      <PriceUpdateDate>2022/11/01 11:47</PriceUpdateDate>
      <ItemCode>7290018516546</ItemCode>
      <ItemType>1</ItemType>
      <ItemName>פרמיו דליקט טונה 56 גר</ItemName>
      <ManufactureName>שחורי אריה ואנסטסיה</ManufactureName>
      <ManufactureCountry />
      <ManufactureItemDescription />
      <UnitQty>'יח</UnitQty>
      <Quantity>0.56</Quantity>
      <UnitMeasure>ל-100 גרם</UnitMeasure>
      <BisWeighted>0</BisWeighted>
      <QtyInPackage>1</QtyInPackage>
      <ItemPrice>9.90</ItemPrice>
      <UnitOfMeasurePrice>17.68</UnitOfMeasurePrice>
      <AllowDiscount>0</AllowDiscount>
      <itemStatus>1</itemStatus>
      <LastUpdateDate />
      <LastUpdateTime />
    </Product>
    <Product>
      <PriceUpdateDate>2022/11/01 11:47</PriceUpdateDate>
      <ItemCode>7290018516553</ItemCode>
      <ItemType>1</ItemType>
      <ItemName>פרמיו דליקט טונה וסרטנים 56 גר</ItemName>
      <ManufactureName>שחורי אריה ואנסטסיה</ManufactureName>
      <ManufactureCountry />
      <ManufactureItemDescription />
      <UnitQty>'יח</UnitQty>
      <Quantity>0.56</Quantity>
      <UnitMeasure>ל-100 גרם</UnitMeasure>
      <BisWeighted>0</BisWeighted>
      <QtyInPackage>1</QtyInPackage>
      <ItemPrice>9.90</ItemPrice>
      <UnitOfMeasurePrice>17.68</UnitOfMeasurePrice>
      <AllowDiscount>0</AllowDiscount>
      <itemStatus>1</itemStatus>
      <LastUpdateDate />
      <LastUpdateTime />
    </Product>
    <Product>
      <PriceUpdateDate>2022/11/01 11:47</PriceUpdateDate>
      <ItemCode>7290018516560</ItemCode>
      <ItemType>1</ItemType>
      <ItemName>פרמיו דליקט עוף וסרטנים 56 גר</ItemName>
      <ManufactureName>שחורי אריה ואנסטסיה</ManufactureName>
      <ManufactureCountry />
      <ManufactureItemDescription />
      <UnitQty>'יח</UnitQty>
      <Quantity>0.56</Quantity>
      <UnitMeasure>ל-100 גרם</UnitMeasure>
      <BisWeighted>0</BisWeighted>
      <QtyInPackage>1</QtyInPackage>
      <ItemPrice>9.90</ItemPrice>
      <UnitOfMeasurePrice>17.68</UnitOfMeasurePrice>
      <AllowDiscount>0</AllowDiscount>
      <itemStatus>1</itemStatus>
      <LastUpdateDate />
      <LastUpdateTime />
    </Product>
    <Product>
      <PriceUpdateDate>2022/11/01 11:47</PriceUpdateDate>
      <ItemCode>7290018516577</ItemCode>
      <ItemType>1</ItemType>
      <ItemName>פרמיו דליקט עוף לחתלתול 56 גר</ItemName>
      <ManufactureName>שחורי אריה ואנסטסיה</ManufactureName>
      <ManufactureCountry />
      <ManufactureItemDescription />
      <UnitQty>'יח</UnitQty>
      <Quantity>0.56</Quantity>
      <UnitMeasure>ל-100 גרם</UnitMeasure>
      <BisWeighted>0</BisWeighted>
      <QtyInPackage>1</QtyInPackage>
      <ItemPrice>9.90</ItemPrice>
      <UnitOfMeasurePrice>17.68</UnitOfMeasurePrice>
      <AllowDiscount>0</AllowDiscount>
      <itemStatus>1</itemStatus>
      <LastUpdateDate />
      <LastUpdateTime />
    </Product>
    <Product>
      <PriceUpdateDate>2022/11/01 11:47</PriceUpdateDate>
      <ItemCode>7290018516584</ItemCode>
      <ItemType>1</ItemType>
      <ItemName>פרמיו דליקט טונה לחתלתול 56 גר</ItemName>
      <ManufactureName>שחורי אריה ואנסטסיה</ManufactureName>
      <ManufactureCountry />
      <ManufactureItemDescription />
      <UnitQty>'יח</UnitQty>
      <Quantity>0.56</Quantity>
      <UnitMeasure>ל-100 גרם</UnitMeasure>
      <BisWeighted>0</BisWeighted>
      <QtyInPackage>1</QtyInPackage>
      <ItemPrice>9.90</ItemPrice>
      <UnitOfMeasurePrice>17.68</UnitOfMeasurePrice>
      <AllowDiscount>0</AllowDiscount>
      <itemStatus>1</itemStatus>
      <LastUpdateDate />
      <LastUpdateTime />
    </Product>
    <Product>
      <PriceUpdateDate>2022/11/01 11:47</PriceUpdateDate>
      <ItemCode>7290018516591</ItemCode>
      <ItemType>1</ItemType>
      <ItemName>הורייזן מחית בשר עוף 90 גרם</ItemName>
      <ManufactureName>שחורי אריה ואנסטסיה</ManufactureName>
      <ManufactureCountry />
      <ManufactureItemDescription />
      <UnitQty>'יח</UnitQty>
      <Quantity>0.90</Quantity>
      <UnitMeasure>ל-100 גרם</UnitMeasure>
      <BisWeighted>0</BisWeighted>
      <QtyInPackage>1</QtyInPackage>
      <ItemPrice>9.90</ItemPrice>
      <UnitOfMeasurePrice>11</UnitOfMeasurePrice>
      <AllowDiscount>0</AllowDiscount>
      <itemStatus>1</itemStatus>
      <LastUpdateDate />
      <LastUpdateTime />
    </Product>
    <Product>
      <PriceUpdateDate>2022/11/01 11:47</PriceUpdateDate>
      <ItemCode>7290018516607</ItemCode>
      <ItemType>1</ItemType>
      <ItemName>הורייזן מחית בשר טונה 90 גרם</ItemName>
      <ManufactureName>שחורי אריה ואנסטסיה</ManufactureName>
      <ManufactureCountry />
      <ManufactureItemDescription />
      <UnitQty>'יח</UnitQty>
      <Quantity>0.90</Quantity>
      <UnitMeasure>ל-100 גרם</UnitMeasure>
      <BisWeighted>0</BisWeighted>
      <QtyInPackage>1</QtyInPackage>
      <ItemPrice>9.90</ItemPrice>
      <UnitOfMeasurePrice>11</UnitOfMeasurePrice>
      <AllowDiscount>0</AllowDiscount>
      <itemStatus>1</itemStatus>
      <LastUpdateDate />
      <LastUpdateTime />
    </Product>
    <Product>
      <PriceUpdateDate>2022/11/01 11:47</PriceUpdateDate>
      <ItemCode>7290018516614</ItemCode>
      <ItemType>1</ItemType>
      <ItemName>הורייזן מחית בשר סלמון 90 גרם</ItemName>
      <ManufactureName>שחורי אריה ואנסטסיה</ManufactureName>
      <ManufactureCountry />
      <ManufactureItemDescription />
      <UnitQty>'יח</UnitQty>
      <Quantity>0.90</Quantity>
      <UnitMeasure>ל-100 גרם</UnitMeasure>
      <BisWeighted>0</BisWeighted>
      <QtyInPackage>1</QtyInPackage>
      <ItemPrice>9.90</ItemPrice>
      <UnitOfMeasurePrice>11</UnitOfMeasurePrice>
      <AllowDiscount>0</AllowDiscount>
      <itemStatus>1</itemStatus>
      <LastUpdateDate />
      <LastUpdateTime />
    </Product>
    <Product>
      <PriceUpdateDate>2022/11/01 11:47</PriceUpdateDate>
      <ItemCode>7290018516621</ItemCode>
      <ItemType>1</ItemType>
      <ItemName>הורייזן מחית בשר דג זהבון לחתלתול 90 גרם</ItemName>
      <ManufactureName>שחורי אריה ואנסטסיה</ManufactureName>
      <ManufactureCountry />
      <ManufactureItemDescription />
      <UnitQty>'יח</UnitQty>
      <Quantity>0.90</Quantity>
      <UnitMeasure>ל-100 גרם</UnitMeasure>
      <BisWeighted>0</BisWeighted>
      <QtyInPackage>1</QtyInPackage>
      <ItemPrice>9.90</ItemPrice>
      <UnitOfMeasurePrice>11</UnitOfMeasurePrice>
      <AllowDiscount>0</AllowDiscount>
      <itemStatus>1</itemStatus>
      <LastUpdateDate />
      <LastUpdateTime />
    </Product>
    <Product>
      <PriceUpdateDate>2022/11/01 11:47</PriceUpdateDate>
      <ItemCode>7290018516737</ItemCode>
      <ItemType>1</ItemType>
      <ItemName>פרמיו סופרים עוף וכבד לחתול בוגר 3קג</ItemName>
      <ManufactureName>שחורי אריה ואנסטסיה</ManufactureName>
      <ManufactureCountry />
      <ManufactureItemDescription />
      <UnitQty>'יח</UnitQty>
      <Quantity>30</Quantity>
      <UnitMeasure>ל-100 גרם</UnitMeasure>
      <BisWeighted>0</BisWeighted>
      <QtyInPackage>1</QtyInPackage>
      <ItemPrice>59.90</ItemPrice>
      <UnitOfMeasurePrice>2</UnitOfMeasurePrice>
      <AllowDiscount>0</AllowDiscount>
      <itemStatus>1</itemStatus>
      <LastUpdateDate />
      <LastUpdateTime />
    </Product>
    <Product>
      <PriceUpdateDate>2022/11/01 11:47</PriceUpdateDate>
      <ItemCode>7290018516744</ItemCode>
      <ItemType>1</ItemType>
      <ItemName>פרמיו סופרים עוף וסלמון לחתול בוגר 3קג</ItemName>
      <ManufactureName>שחורי אריה ואנסטסיה</ManufactureName>
      <ManufactureCountry />
      <ManufactureItemDescription />
      <UnitQty>'יח</UnitQty>
      <Quantity>30</Quantity>
      <UnitMeasure>ל-100 גרם</UnitMeasure>
      <BisWeighted>0</BisWeighted>
      <QtyInPackage>1</QtyInPackage>
      <ItemPrice>59.90</ItemPrice>
      <UnitOfMeasurePrice>2</UnitOfMeasurePrice>
      <AllowDiscount>0</AllowDiscount>
      <itemStatus>1</itemStatus>
      <LastUpdateDate />
      <LastUpdateTime />
    </Product>
    <Product>
      <PriceUpdateDate>2022/11/01 11:47</PriceUpdateDate>
      <ItemCode>7290018516751</ItemCode>
      <ItemType>1</ItemType>
      <ItemName>פרמיו סופרים עוף לחתלתול 3קג</ItemName>
      <ManufactureName>שחורי אריה ואנסטסיה</ManufactureName>
      <ManufactureCountry />
      <ManufactureItemDescription />
      <UnitQty>'יח</UnitQty>
      <Quantity>30</Quantity>
      <UnitMeasure>ל-100 גרם</UnitMeasure>
      <BisWeighted>0</BisWeighted>
      <QtyInPackage>1</QtyInPackage>
      <ItemPrice>59.90</ItemPrice>
      <UnitOfMeasurePrice>2</UnitOfMeasurePrice>
      <AllowDiscount>0</AllowDiscount>
      <itemStatus>1</itemStatus>
      <LastUpdateDate />
      <LastUpdateTime />
    </Product>
    <Product>
      <PriceUpdateDate>2022/11/01 11:47</PriceUpdateDate>
      <ItemCode>7290018516928</ItemCode>
      <ItemType>1</ItemType>
      <ItemName>פרמיו בקר וכבד במרקם פטה 300 גר</ItemName>
      <ManufactureName>שחורי אריה ואנסטסיה</ManufactureName>
      <ManufactureCountry />
      <ManufactureItemDescription />
      <UnitQty>'יח</UnitQty>
      <Quantity>3</Quantity>
      <UnitMeasure>ל-100 גרם</UnitMeasure>
      <BisWeighted>0</BisWeighted>
      <QtyInPackage>1</QtyInPackage>
      <ItemPrice>12</ItemPrice>
      <UnitOfMeasurePrice>4</UnitOfMeasurePrice>
      <AllowDiscount>0</AllowDiscount>
      <itemStatus>1</itemStatus>
      <LastUpdateDate />
      <LastUpdateTime />
    </Product>
    <Product>
      <PriceUpdateDate>2022/11/01 11:47</PriceUpdateDate>
      <ItemCode>7290018516935</ItemCode>
      <ItemType>1</ItemType>
      <ItemName>פרמיוו עוף במרקם פטה 300 גר</ItemName>
      <ManufactureName>שחורי אריה ואנסטסיה</ManufactureName>
      <ManufactureCountry />
      <ManufactureItemDescription />
      <UnitQty>'יח</UnitQty>
      <Quantity>3</Quantity>
      <UnitMeasure>ל-100 גרם</UnitMeasure>
      <BisWeighted>0</BisWeighted>
      <QtyInPackage>1</QtyInPackage>
      <ItemPrice>12</ItemPrice>
      <UnitOfMeasurePrice>4</UnitOfMeasurePrice>
      <AllowDiscount>0</AllowDiscount>
      <itemStatus>1</itemStatus>
      <LastUpdateDate />
      <LastUpdateTime />
    </Product>
    <Product>
      <PriceUpdateDate>2022/11/01 11:47</PriceUpdateDate>
      <ItemCode>7290018516942</ItemCode>
      <ItemType>1</ItemType>
      <ItemName>פרמיו סופרים מועשר בעוף לכלב בוגר 3קג</ItemName>
      <ManufactureName>שחורי אריה ואנסטסיה</ManufactureName>
      <ManufactureCountry />
      <ManufactureItemDescription />
      <UnitQty>'יח</UnitQty>
      <Quantity>30</Quantity>
      <UnitMeasure>ל-100 גרם</UnitMeasure>
      <BisWeighted>0</BisWeighted>
      <QtyInPackage>1</QtyInPackage>
      <ItemPrice>49.90</ItemPrice>
      <UnitOfMeasurePrice>1.66</UnitOfMeasurePrice>
      <AllowDiscount>0</AllowDiscount>
      <itemStatus>1</itemStatus>
      <LastUpdateDate />
      <LastUpdateTime />
    </Product>
    <Product>
      <PriceUpdateDate>2022/11/01 11:47</PriceUpdateDate>
      <ItemCode>7290018516959</ItemCode>
      <ItemType>1</ItemType>
      <ItemName>פרמיו סופרים מועשר בעוף לכלב מגזע ננסי 3</ItemName>
      <ManufactureName>שחורי אריה ואנסטסיה</ManufactureName>
      <ManufactureCountry />
      <ManufactureItemDescription />
      <UnitQty>'יח</UnitQty>
      <Quantity>30</Quantity>
      <UnitMeasure>ל-100 גרם</UnitMeasure>
      <BisWeighted>0</BisWeighted>
      <QtyInPackage>1</QtyInPackage>
      <ItemPrice>49.90</ItemPrice>
      <UnitOfMeasurePrice>1.66</UnitOfMeasurePrice>
      <AllowDiscount>0</AllowDiscount>
      <itemStatus>1</itemStatus>
      <LastUpdateDate />
      <LastUpdateTime />
    </Product>
    <Product>
      <PriceUpdateDate>2022/11/01 11:47</PriceUpdateDate>
      <ItemCode>7290018516966</ItemCode>
      <ItemType>1</ItemType>
      <ItemName>פרמיו סופרים עם בקר לכלב בוגר 3קג</ItemName>
      <ManufactureName>שחורי אריה ואנסטסיה</ManufactureName>
      <ManufactureCountry />
      <ManufactureItemDescription />
      <UnitQty>'יח</UnitQty>
      <Quantity>30</Quantity>
      <UnitMeasure>ל-100 גרם</UnitMeasure>
      <BisWeighted>0</BisWeighted>
      <QtyInPackage>1</QtyInPackage>
      <ItemPrice>49.90</ItemPrice>
      <UnitOfMeasurePrice>1.66</UnitOfMeasurePrice>
      <AllowDiscount>0</AllowDiscount>
      <itemStatus>1</itemStatus>
      <LastUpdateDate />
      <LastUpdateTime />
    </Product>
    <Product>
      <PriceUpdateDate>2022/01/16 13:24</PriceUpdateDate>
      <ItemCode>7290018564622</ItemCode>
      <ItemType>1</ItemType>
      <ItemName>שף  הטבע- שום כתוש בצנצנת 80 גר`</ItemName>
      <ManufactureName>קפוא זן תעשיות מזון בעמ</ManufactureName>
      <ManufactureCountry />
      <ManufactureItemDescription />
      <UnitQty>'יח</UnitQty>
      <Quantity>8</Quantity>
      <UnitMeasure>ל-100 גרם</UnitMeasure>
      <BisWeighted>0</BisWeighted>
      <QtyInPackage>1</QtyInPackage>
      <ItemPrice>8.90</ItemPrice>
      <UnitOfMeasurePrice>1.11</UnitOfMeasurePrice>
      <AllowDiscount>0</AllowDiscount>
      <itemStatus>1</itemStatus>
      <LastUpdateDate />
      <LastUpdateTime />
    </Product>
    <Product>
      <PriceUpdateDate>2022/01/30 11:40</PriceUpdateDate>
      <ItemCode>7290018652213</ItemCode>
      <ItemType>1</ItemType>
      <ItemName>מאגדת קראנץ בר</ItemName>
      <ManufactureName>נגה גלידות שותפות מוגבלת</ManufactureName>
      <ManufactureCountry />
      <ManufactureItemDescription />
      <UnitQty>'יח</UnitQty>
      <Quantity>1</Quantity>
      <UnitMeasure>ל-100 גרם</UnitMeasure>
      <BisWeighted>0</BisWeighted>
      <QtyInPackage>1</QtyInPackage>
      <ItemPrice>26.90</ItemPrice>
      <UnitOfMeasurePrice>26.90</UnitOfMeasurePrice>
      <AllowDiscount>0</AllowDiscount>
      <itemStatus>1</itemStatus>
      <LastUpdateDate />
      <LastUpdateTime />
    </Product>
    <Product>
      <PriceUpdateDate>2022/02/09 15:38</PriceUpdateDate>
      <ItemCode>7290018652688</ItemCode>
      <ItemType>1</ItemType>
      <ItemName>לה קרמריה פירות טרופיים ויער 1.4 ליטר</ItemName>
      <ManufactureName>נגה גלידות שותפות מוגבלת</ManufactureName>
      <ManufactureCountry />
      <ManufactureItemDescription />
      <UnitQty>'יח</UnitQty>
      <Quantity>14</Quantity>
      <UnitMeasure>ל-100 מ"ל</UnitMeasure>
      <BisWeighted>0</BisWeighted>
      <QtyInPackage>1</QtyInPackage>
      <ItemPrice>22.90</ItemPrice>
      <UnitOfMeasurePrice>1.64</UnitOfMeasurePrice>
      <AllowDiscount>1</AllowDiscount>
      <itemStatus>1</itemStatus>
      <LastUpdateDate />
      <LastUpdateTime />
    </Product>
    <Product>
      <PriceUpdateDate>2022/02/15 12:13</PriceUpdateDate>
      <ItemCode>7290018652886</ItemCode>
      <ItemType>1</ItemType>
      <ItemName>מאגדת מצופה שוקו בננה 8*55 גרם</ItemName>
      <ManufactureName>נגה גלידות שותפות מוגבלת</ManufactureName>
      <ManufactureCountry />
      <ManufactureItemDescription />
      <UnitQty>'יח</UnitQty>
      <Quantity>0.55</Quantity>
      <UnitMeasure>ל-100 גרם</UnitMeasure>
      <BisWeighted>0</BisWeighted>
      <QtyInPackage>1</QtyInPackage>
      <ItemPrice>23.90</ItemPrice>
      <UnitOfMeasurePrice>43.45</UnitOfMeasurePrice>
      <AllowDiscount>0</AllowDiscount>
      <itemStatus>1</itemStatus>
      <LastUpdateDate />
      <LastUpdateTime />
    </Product>
    <Product>
      <PriceUpdateDate>2022/01/30 11:40</PriceUpdateDate>
      <ItemCode>7290018652909</ItemCode>
      <ItemType>1</ItemType>
      <ItemName>מאגדת אספרסו שוקולדחמישיה  *5 43 גרם</ItemName>
      <ManufactureName>נגה גלידות שותפות מוגבלת</ManufactureName>
      <ManufactureCountry />
      <ManufactureItemDescription />
      <UnitQty>'יח</UnitQty>
      <Quantity>0.43</Quantity>
      <UnitMeasure>ל-100 גרם</UnitMeasure>
      <BisWeighted>0</BisWeighted>
      <QtyInPackage>1</QtyInPackage>
      <ItemPrice>29.90</ItemPrice>
      <UnitOfMeasurePrice>69.53</UnitOfMeasurePrice>
      <AllowDiscount>0</AllowDiscount>
      <itemStatus>1</itemStatus>
      <LastUpdateDate />
      <LastUpdateTime />
    </Product>
    <Product>
      <PriceUpdateDate>2022/01/30 11:40</PriceUpdateDate>
      <ItemCode>7290018652923</ItemCode>
      <ItemType>1</ItemType>
      <ItemName>מאגדת תות עוגת גבינה חמישיה  *5 43 גרם</ItemName>
      <ManufactureName>נגה גלידות שותפות מוגבלת</ManufactureName>
      <ManufactureCountry />
      <ManufactureItemDescription />
      <UnitQty>'יח</UnitQty>
      <Quantity>0.43</Quantity>
      <UnitMeasure>ל-100 גרם</UnitMeasure>
      <BisWeighted>0</BisWeighted>
      <QtyInPackage>1</QtyInPackage>
      <ItemPrice>29.90</ItemPrice>
      <UnitOfMeasurePrice>69.53</UnitOfMeasurePrice>
      <AllowDiscount>0</AllowDiscount>
      <itemStatus>1</itemStatus>
      <LastUpdateDate />
      <LastUpdateTime />
    </Product>
    <Product>
      <PriceUpdateDate>2021/11/22 18:05</PriceUpdateDate>
      <ItemCode>7290018893074</ItemCode>
      <ItemType>1</ItemType>
      <ItemName>עוגה שכבות שוקולד 400 גר`</ItemName>
      <ManufactureName>ש. שסטוביץ בע`מ</ManufactureName>
      <ManufactureCountry />
      <ManufactureItemDescription />
      <UnitQty>'יח</UnitQty>
      <Quantity>4</Quantity>
      <UnitMeasure>ל-100 גרם</UnitMeasure>
      <BisWeighted>0</BisWeighted>
      <QtyInPackage>6</QtyInPackage>
      <ItemPrice>11.90</ItemPrice>
      <UnitOfMeasurePrice>2.98</UnitOfMeasurePrice>
      <AllowDiscount>0</AllowDiscount>
      <itemStatus>1</itemStatus>
      <LastUpdateDate />
      <LastUpdateTime />
    </Product>
    <Product>
      <PriceUpdateDate>2021/11/22 18:05</PriceUpdateDate>
      <ItemCode>7290018893081</ItemCode>
      <ItemType>1</ItemType>
      <ItemName>צ`וקוטה עוגות אישיות חלב מגולגלות</ItemName>
      <ManufactureName>ש. שסטוביץ בע`מ</ManufactureName>
      <ManufactureCountry />
      <ManufactureItemDescription />
      <UnitQty>'יח</UnitQty>
      <Quantity>1</Quantity>
      <UnitMeasure>ל-100 גרם</UnitMeasure>
      <BisWeighted>0</BisWeighted>
      <QtyInPackage>20</QtyInPackage>
      <ItemPrice>8.90</ItemPrice>
      <UnitOfMeasurePrice>8.90</UnitOfMeasurePrice>
      <AllowDiscount>1</AllowDiscount>
      <itemStatus>1</itemStatus>
      <LastUpdateDate />
      <LastUpdateTime />
    </Product>
    <Product>
      <PriceUpdateDate>2022/07/18 16:26</PriceUpdateDate>
      <ItemCode>7290018893258</ItemCode>
      <ItemType>1</ItemType>
      <ItemName>צ`וקוטה עוגות אישיות בטעם קרמל 300 גרם</ItemName>
      <ManufactureName>ש. שסטוביץ בע`מ</ManufactureName>
      <ManufactureCountry />
      <ManufactureItemDescription />
      <UnitQty>'יח</UnitQty>
      <Quantity>3</Quantity>
      <UnitMeasure>ל-100 גרם</UnitMeasure>
      <BisWeighted>0</BisWeighted>
      <QtyInPackage>1</QtyInPackage>
      <ItemPrice>12.90</ItemPrice>
      <UnitOfMeasurePrice>4.30</UnitOfMeasurePrice>
      <AllowDiscount>0</AllowDiscount>
      <itemStatus>1</itemStatus>
      <LastUpdateDate />
      <LastUpdateTime />
    </Product>
    <Product>
      <PriceUpdateDate>2021/07/27 06:38</PriceUpdateDate>
      <ItemCode>7290018893265</ItemCode>
      <ItemType>1</ItemType>
      <ItemName>צ`וקוטה עוגות אישיות מריר שכבות 240 גרם</ItemName>
      <ManufactureName>ש. שסטוביץ בע`מ</ManufactureName>
      <ManufactureCountry />
      <ManufactureItemDescription />
      <UnitQty>'יח</UnitQty>
      <Quantity>0.40</Quantity>
      <UnitMeasure>ל-100 גרם</UnitMeasure>
      <BisWeighted>0</BisWeighted>
      <QtyInPackage>16</QtyInPackage>
      <ItemPrice>14.90</ItemPrice>
      <UnitOfMeasurePrice>37.25</UnitOfMeasurePrice>
      <AllowDiscount>1</AllowDiscount>
      <itemStatus>1</itemStatus>
      <LastUpdateDate />
      <LastUpdateTime />
    </Product>
    <Product>
      <PriceUpdateDate>2021/11/22 18:05</PriceUpdateDate>
      <ItemCode>7290018893289</ItemCode>
      <ItemType>1</ItemType>
      <ItemName>צ`וקוטה עוגות אישיות קקאו מגולגלות</ItemName>
      <ManufactureName>ש. שסטוביץ בע`מ</ManufactureName>
      <ManufactureCountry />
      <ManufactureItemDescription />
      <UnitQty>'יח</UnitQty>
      <Quantity>1</Quantity>
      <UnitMeasure>ל-100 גרם</UnitMeasure>
      <BisWeighted>0</BisWeighted>
      <QtyInPackage>1</QtyInPackage>
      <ItemPrice>8.90</ItemPrice>
      <UnitOfMeasurePrice>8.90</UnitOfMeasurePrice>
      <AllowDiscount>1</AllowDiscount>
      <itemStatus>1</itemStatus>
      <LastUpdateDate />
      <LastUpdateTime />
    </Product>
    <Product>
      <PriceUpdateDate>2022/07/18 16:26</PriceUpdateDate>
      <ItemCode>7290018893456</ItemCode>
      <ItemType>1</ItemType>
      <ItemName>צ`וקוטה עוגות אישיות חלב 300 גרם</ItemName>
      <ManufactureName>ש. שסטוביץ בע`מ</ManufactureName>
      <ManufactureCountry />
      <ManufactureItemDescription />
      <UnitQty>'יח</UnitQty>
      <Quantity>3</Quantity>
      <UnitMeasure>ל-100 גרם</UnitMeasure>
      <BisWeighted>0</BisWeighted>
      <QtyInPackage>1</QtyInPackage>
      <ItemPrice>12.90</ItemPrice>
      <UnitOfMeasurePrice>4.30</UnitOfMeasurePrice>
      <AllowDiscount>0</AllowDiscount>
      <itemStatus>1</itemStatus>
      <LastUpdateDate />
      <LastUpdateTime />
    </Product>
    <Product>
      <PriceUpdateDate>2021/09/12 10:07</PriceUpdateDate>
      <ItemCode>7290018893616</ItemCode>
      <ItemType>1</ItemType>
      <ItemName>מארז שישייה שוקולד צ`וקטה 48%</ItemName>
      <ManufactureName>ש. שסטוביץ בע`מ</ManufactureName>
      <ManufactureCountry />
      <ManufactureItemDescription />
      <UnitQty>'יח</UnitQty>
      <Quantity>1</Quantity>
      <UnitMeasure />
      <BisWeighted>0</BisWeighted>
      <QtyInPackage>4</QtyInPackage>
      <ItemPrice>19.90</ItemPrice>
      <UnitOfMeasurePrice>19.90</UnitOfMeasurePrice>
      <AllowDiscount>0</AllowDiscount>
      <itemStatus>1</itemStatus>
      <LastUpdateDate />
      <LastUpdateTime />
    </Product>
    <Product>
      <PriceUpdateDate>2021/11/22 15:21</PriceUpdateDate>
      <ItemCode>7290018893807</ItemCode>
      <ItemType>1</ItemType>
      <ItemName>שוקולד מריר 60% 300 גרם צוקטה</ItemName>
      <ManufactureName>ש. שסטוביץ בע`מ</ManufactureName>
      <ManufactureCountry />
      <ManufactureItemDescription />
      <UnitQty>'יח</UnitQty>
      <Quantity>1</Quantity>
      <UnitMeasure>'יח</UnitMeasure>
      <BisWeighted>0</BisWeighted>
      <QtyInPackage>1</QtyInPackage>
      <ItemPrice>14.90</ItemPrice>
      <UnitOfMeasurePrice>14.90</UnitOfMeasurePrice>
      <AllowDiscount>0</AllowDiscount>
      <itemStatus>1</itemStatus>
      <LastUpdateDate />
      <LastUpdateTime />
    </Product>
    <Product>
      <PriceUpdateDate>2022/11/01 11:46</PriceUpdateDate>
      <ItemCode>7290018893814</ItemCode>
      <ItemType>1</ItemType>
      <ItemName>מארז שוקולד *5 מריר צ`וקטה 48%</ItemName>
      <ManufactureName>ש. שסטוביץ בע`מ</ManufactureName>
      <ManufactureCountry />
      <ManufactureItemDescription />
      <UnitQty>'יח</UnitQty>
      <Quantity>1</Quantity>
      <UnitMeasure />
      <BisWeighted>0</BisWeighted>
      <QtyInPackage>4</QtyInPackage>
      <ItemPrice>19.90</ItemPrice>
      <UnitOfMeasurePrice>19.90</UnitOfMeasurePrice>
      <AllowDiscount>1</AllowDiscount>
      <itemStatus>1</itemStatus>
      <LastUpdateDate />
      <LastUpdateTime />
    </Product>
    <Product>
      <PriceUpdateDate>2021/07/27 06:38</PriceUpdateDate>
      <ItemCode>7290018893876</ItemCode>
      <ItemType>1</ItemType>
      <ItemName>צ`וקוטה עוגות אישיות וניל מארז 8יח</ItemName>
      <ManufactureName>ש. שסטוביץ בע`מ</ManufactureName>
      <ManufactureCountry />
      <ManufactureItemDescription />
      <UnitQty>'יח</UnitQty>
      <Quantity>1</Quantity>
      <UnitMeasure>ל-100 גרם</UnitMeasure>
      <BisWeighted>0</BisWeighted>
      <QtyInPackage>16</QtyInPackage>
      <ItemPrice>14.90</ItemPrice>
      <UnitOfMeasurePrice>14.90</UnitOfMeasurePrice>
      <AllowDiscount>1</AllowDiscount>
      <itemStatus>1</itemStatus>
      <LastUpdateDate />
      <LastUpdateTime />
    </Product>
    <Product>
      <PriceUpdateDate>2022/10/30 19:02</PriceUpdateDate>
      <ItemCode>7290018893937</ItemCode>
      <ItemType>1</ItemType>
      <ItemName>לוקיטוס סוכריות ג`לי בטעמי פירות 300גר</ItemName>
      <ManufactureName>ש. שסטוביץ בע`מ</ManufactureName>
      <ManufactureCountry />
      <ManufactureItemDescription />
      <UnitQty>'יח</UnitQty>
      <Quantity>3</Quantity>
      <UnitMeasure>ל-100 גרם</UnitMeasure>
      <BisWeighted>0</BisWeighted>
      <QtyInPackage>1</QtyInPackage>
      <ItemPrice>9.90</ItemPrice>
      <UnitOfMeasurePrice>3.30</UnitOfMeasurePrice>
      <AllowDiscount>0</AllowDiscount>
      <itemStatus>1</itemStatus>
      <LastUpdateDate />
      <LastUpdateTime />
    </Product>
    <Product>
      <PriceUpdateDate>2022/04/14 09:11</PriceUpdateDate>
      <ItemCode>7290018894019</ItemCode>
      <ItemType>1</ItemType>
      <ItemName>עוגות אישיות מיקסמקס חלב 350 גרם</ItemName>
      <ManufactureName>ש. שסטוביץ בע`מ</ManufactureName>
      <ManufactureCountry />
      <ManufactureItemDescription />
      <UnitQty>'יח</UnitQty>
      <Quantity>3.50</Quantity>
      <UnitMeasure>ל-100 גרם</UnitMeasure>
      <BisWeighted>0</BisWeighted>
      <QtyInPackage>1</QtyInPackage>
      <ItemPrice>14.90</ItemPrice>
      <UnitOfMeasurePrice>4.26</UnitOfMeasurePrice>
      <AllowDiscount>1</AllowDiscount>
      <itemStatus>1</itemStatus>
      <LastUpdateDate />
      <LastUpdateTime />
    </Product>
    <Product>
      <PriceUpdateDate>2022/10/21 11:49</PriceUpdateDate>
      <ItemCode>7290018894248</ItemCode>
      <ItemType>1</ItemType>
      <ItemName>שוקולד חלב 3*100 גרם</ItemName>
      <ManufactureName>ש. שסטוביץ בע`מ</ManufactureName>
      <ManufactureCountry />
      <ManufactureItemDescription />
      <UnitQty>'יח</UnitQty>
      <Quantity>1</Quantity>
      <UnitMeasure>'יח</UnitMeasure>
      <BisWeighted>0</BisWeighted>
      <QtyInPackage>1</QtyInPackage>
      <ItemPrice>12.90</ItemPrice>
      <UnitOfMeasurePrice>12.90</UnitOfMeasurePrice>
      <AllowDiscount>0</AllowDiscount>
      <itemStatus>1</itemStatus>
      <LastUpdateDate />
      <LastUpdateTime />
    </Product>
    <Product>
      <PriceUpdateDate>2022/04/14 09:11</PriceUpdateDate>
      <ItemCode>7290018894804</ItemCode>
      <ItemType>1</ItemType>
      <ItemName>וופל אגוזי לוז בלקוני 175 גרם</ItemName>
      <ManufactureName>ש. שסטוביץ בע`מ</ManufactureName>
      <ManufactureCountry />
      <ManufactureItemDescription />
      <UnitQty>'יח</UnitQty>
      <Quantity>1.75</Quantity>
      <UnitMeasure>ל-100 גרם</UnitMeasure>
      <BisWeighted>0</BisWeighted>
      <QtyInPackage>1</QtyInPackage>
      <ItemPrice>8.90</ItemPrice>
      <UnitOfMeasurePrice>5.09</UnitOfMeasurePrice>
      <AllowDiscount>1</AllowDiscount>
      <itemStatus>1</itemStatus>
      <LastUpdateDate />
      <LastUpdateTime />
    </Product>
    <Product>
      <PriceUpdateDate>2022/01/03 13:00</PriceUpdateDate>
      <ItemCode>7290018925065</ItemCode>
      <ItemType>1</ItemType>
      <ItemName>פרימור סחוט תפוזים 2 ליטר</ItemName>
      <ManufactureName>שטראוס גרופ בע`מ</ManufactureName>
      <ManufactureCountry />
      <ManufactureItemDescription />
      <UnitQty>'יח</UnitQty>
      <Quantity>20</Quantity>
      <UnitMeasure>ל-100 מ"ל</UnitMeasure>
      <BisWeighted>0</BisWeighted>
      <QtyInPackage>4</QtyInPackage>
      <ItemPrice>26.80</ItemPrice>
      <UnitOfMeasurePrice>1.33</UnitOfMeasurePrice>
      <AllowDiscount>0</AllowDiscount>
      <itemStatus>1</itemStatus>
      <LastUpdateDate />
      <LastUpdateTime />
    </Product>
    <Product>
      <PriceUpdateDate>2022/08/31 11:56</PriceUpdateDate>
      <ItemCode>7290018989135</ItemCode>
      <ItemType>1</ItemType>
      <ItemName>סירופ פטל 1 ליטר</ItemName>
      <ManufactureName>זנלכול יכין</ManufactureName>
      <ManufactureCountry />
      <ManufactureItemDescription />
      <UnitQty>'יח</UnitQty>
      <Quantity>1</Quantity>
      <UnitMeasure />
      <BisWeighted>0</BisWeighted>
      <QtyInPackage>1</QtyInPackage>
      <ItemPrice>18.90</ItemPrice>
      <UnitOfMeasurePrice>18.90</UnitOfMeasurePrice>
      <AllowDiscount>0</AllowDiscount>
      <itemStatus>1</itemStatus>
      <LastUpdateDate />
      <LastUpdateTime />
    </Product>
    <Product>
      <PriceUpdateDate>2022/07/20 21:37</PriceUpdateDate>
      <ItemCode>7290019056027</ItemCode>
      <ItemType>1</ItemType>
      <ItemName>שוופס מוגז פירות NO SUGAR תפוח 1.5 ליטר</ItemName>
      <ManufactureName>יפאורה - שותפות מוגבלת לשיווק</ManufactureName>
      <ManufactureCountry />
      <ManufactureItemDescription />
      <UnitQty>'יח</UnitQty>
      <Quantity>15</Quantity>
      <UnitMeasure>ל-100 מ"ל</UnitMeasure>
      <BisWeighted>0</BisWeighted>
      <QtyInPackage>1</QtyInPackage>
      <ItemPrice>8.90</ItemPrice>
      <UnitOfMeasurePrice>0.57</UnitOfMeasurePrice>
      <AllowDiscount>1</AllowDiscount>
      <itemStatus>1</itemStatus>
      <LastUpdateDate />
      <LastUpdateTime />
    </Product>
    <Product>
      <PriceUpdateDate>2022/07/20 21:37</PriceUpdateDate>
      <ItemCode>7290019056041</ItemCode>
      <ItemType>1</ItemType>
      <ItemName>שוופס מוגז פירות NO SUGAR למונייד 1.5ל</ItemName>
      <ManufactureName>יפאורה - שותפות מוגבלת לשיווק</ManufactureName>
      <ManufactureCountry />
      <ManufactureItemDescription />
      <UnitQty>'יח</UnitQty>
      <Quantity>15</Quantity>
      <UnitMeasure>ל-100 מ"ל</UnitMeasure>
      <BisWeighted>0</BisWeighted>
      <QtyInPackage>1</QtyInPackage>
      <ItemPrice>8.90</ItemPrice>
      <UnitOfMeasurePrice>0.57</UnitOfMeasurePrice>
      <AllowDiscount>1</AllowDiscount>
      <itemStatus>1</itemStatus>
      <LastUpdateDate />
      <LastUpdateTime />
    </Product>
    <Product>
      <PriceUpdateDate>2022/07/20 21:37</PriceUpdateDate>
      <ItemCode>7290019056065</ItemCode>
      <ItemType>1</ItemType>
      <ItemName>שוופס מוגז עדין פירות יער 1.5 ליטר</ItemName>
      <ManufactureName>יפאורה - שותפות מוגבלת לשיווק</ManufactureName>
      <ManufactureCountry />
      <ManufactureItemDescription />
      <UnitQty>'יח</UnitQty>
      <Quantity>15</Quantity>
      <UnitMeasure>ל-100 מ"ל</UnitMeasure>
      <BisWeighted>0</BisWeighted>
      <QtyInPackage>1</QtyInPackage>
      <ItemPrice>8.90</ItemPrice>
      <UnitOfMeasurePrice>0.57</UnitOfMeasurePrice>
      <AllowDiscount>1</AllowDiscount>
      <itemStatus>1</itemStatus>
      <LastUpdateDate />
      <LastUpdateTime />
    </Product>
    <Product>
      <PriceUpdateDate>2022/07/20 21:37</PriceUpdateDate>
      <ItemCode>7290019056089</ItemCode>
      <ItemType>1</ItemType>
      <ItemName>שוופס מוגז עדין ענבי ריזלינג 1.5 ליט</ItemName>
      <ManufactureName>יפאורה - שותפות מוגבלת לשיווק</ManufactureName>
      <ManufactureCountry />
      <ManufactureItemDescription />
      <UnitQty>'יח</UnitQty>
      <Quantity>15</Quantity>
      <UnitMeasure>ל-100 מ"ל</UnitMeasure>
      <BisWeighted>0</BisWeighted>
      <QtyInPackage>1</QtyInPackage>
      <ItemPrice>8.90</ItemPrice>
      <UnitOfMeasurePrice>0.57</UnitOfMeasurePrice>
      <AllowDiscount>1</AllowDiscount>
      <itemStatus>1</itemStatus>
      <LastUpdateDate />
      <LastUpdateTime />
    </Product>
    <Product>
      <PriceUpdateDate>2022/07/20 21:37</PriceUpdateDate>
      <ItemCode>7290019056096</ItemCode>
      <ItemType>1</ItemType>
      <ItemName>שוופס מוגז עדין אפרסק 1.5 ליטר</ItemName>
      <ManufactureName>יפאורה - שותפות מוגבלת לשיווק</ManufactureName>
      <ManufactureCountry />
      <ManufactureItemDescription />
      <UnitQty>'יח</UnitQty>
      <Quantity>15</Quantity>
      <UnitMeasure>ל-100 מ"ל</UnitMeasure>
      <BisWeighted>0</BisWeighted>
      <QtyInPackage>1</QtyInPackage>
      <ItemPrice>8.90</ItemPrice>
      <UnitOfMeasurePrice>0.57</UnitOfMeasurePrice>
      <AllowDiscount>1</AllowDiscount>
      <itemStatus>1</itemStatus>
      <LastUpdateDate />
      <LastUpdateTime />
    </Product>
    <Product>
      <PriceUpdateDate>2022/07/20 21:37</PriceUpdateDate>
      <ItemCode>7290019056164</ItemCode>
      <ItemType>1</ItemType>
      <ItemName>שוופס מי סודה 4*1.5 ליטר פיקדון</ItemName>
      <ManufactureName>יפאורה - שותפות מוגבלת לשיווק</ManufactureName>
      <ManufactureCountry />
      <ManufactureItemDescription />
      <UnitQty>'יח</UnitQty>
      <Quantity>60</Quantity>
      <UnitMeasure>ל-100 מ"ל</UnitMeasure>
      <BisWeighted>0</BisWeighted>
      <QtyInPackage>1</QtyInPackage>
      <ItemPrice>12.90</ItemPrice>
      <UnitOfMeasurePrice>0.20</UnitOfMeasurePrice>
      <AllowDiscount>1</AllowDiscount>
      <itemStatus>1</itemStatus>
      <LastUpdateDate />
      <LastUpdateTime />
    </Product>
    <Product>
      <PriceUpdateDate>2022/07/20 21:37</PriceUpdateDate>
      <ItemCode>7290019056171</ItemCode>
      <ItemType>1</ItemType>
      <ItemName>שוופס מי סודה עם לימון 4*1.5 ליטר</ItemName>
      <ManufactureName>יפאורה - שותפות מוגבלת לשיווק</ManufactureName>
      <ManufactureCountry />
      <ManufactureItemDescription />
      <UnitQty>'יח</UnitQty>
      <Quantity>60</Quantity>
      <UnitMeasure>ל-100 מ"ל</UnitMeasure>
      <BisWeighted>0</BisWeighted>
      <QtyInPackage>1</QtyInPackage>
      <ItemPrice>12.90</ItemPrice>
      <UnitOfMeasurePrice>0.20</UnitOfMeasurePrice>
      <AllowDiscount>1</AllowDiscount>
      <itemStatus>1</itemStatus>
      <LastUpdateDate />
      <LastUpdateTime />
    </Product>
    <Product>
      <PriceUpdateDate>2022/07/20 21:37</PriceUpdateDate>
      <ItemCode>7290019056188</ItemCode>
      <ItemType>1</ItemType>
      <ItemName>שוופס סודה נענע ליים רביעייה 1.5 ליטר</ItemName>
      <ManufactureName>יפאורה - שותפות מוגבלת לשיווק</ManufactureName>
      <ManufactureCountry />
      <ManufactureItemDescription />
      <UnitQty>'יח</UnitQty>
      <Quantity>60</Quantity>
      <UnitMeasure>ל-100 מ"ל</UnitMeasure>
      <BisWeighted>0</BisWeighted>
      <QtyInPackage>1</QtyInPackage>
      <ItemPrice>12.90</ItemPrice>
      <UnitOfMeasurePrice>0.20</UnitOfMeasurePrice>
      <AllowDiscount>1</AllowDiscount>
      <itemStatus>1</itemStatus>
      <LastUpdateDate />
      <LastUpdateTime />
    </Product>
    <Product>
      <PriceUpdateDate>2022/10/23 08:28</PriceUpdateDate>
      <ItemCode>7290019056201</ItemCode>
      <ItemType>1</ItemType>
      <ItemName>שוופס סודה פירות יער רביעייה 1.5 ליטר</ItemName>
      <ManufactureName>יפאורה - שותפות מוגבלת לשיווק</ManufactureName>
      <ManufactureCountry />
      <ManufactureItemDescription />
      <UnitQty>'יח</UnitQty>
      <Quantity>60</Quantity>
      <UnitMeasure>ל-100 מ"ל</UnitMeasure>
      <BisWeighted>0</BisWeighted>
      <QtyInPackage>1</QtyInPackage>
      <ItemPrice>12.90</ItemPrice>
      <UnitOfMeasurePrice>0.20</UnitOfMeasurePrice>
      <AllowDiscount>1</AllowDiscount>
      <itemStatus>1</itemStatus>
      <LastUpdateDate />
      <LastUpdateTime />
    </Product>
    <Product>
      <PriceUpdateDate>2022/07/20 21:37</PriceUpdateDate>
      <ItemCode>7290019056232</ItemCode>
      <ItemType>1</ItemType>
      <ItemName>שוופס ליים מוחיטו 1.5 ל` פיקדון</ItemName>
      <ManufactureName>יפאורה - שותפות מוגבלת לשיווק</ManufactureName>
      <ManufactureCountry />
      <ManufactureItemDescription />
      <UnitQty>'יח</UnitQty>
      <Quantity>15</Quantity>
      <UnitMeasure>ל-100 מ"ל</UnitMeasure>
      <BisWeighted>0</BisWeighted>
      <QtyInPackage>1</QtyInPackage>
      <ItemPrice>8.90</ItemPrice>
      <UnitOfMeasurePrice>0.57</UnitOfMeasurePrice>
      <AllowDiscount>1</AllowDiscount>
      <itemStatus>1</itemStatus>
      <LastUpdateDate />
      <LastUpdateTime />
    </Product>
    <Product>
      <PriceUpdateDate>2022/07/20 21:37</PriceUpdateDate>
      <ItemCode>7290019056249</ItemCode>
      <ItemType>1</ItemType>
      <ItemName>שוופס WATER ענבים 1.5 ל` פיקדון</ItemName>
      <ManufactureName>יפאורה - שותפות מוגבלת לשיווק</ManufactureName>
      <ManufactureCountry />
      <ManufactureItemDescription />
      <UnitQty>'יח</UnitQty>
      <Quantity>15</Quantity>
      <UnitMeasure>ל-100 מ"ל</UnitMeasure>
      <BisWeighted>0</BisWeighted>
      <QtyInPackage>1</QtyInPackage>
      <ItemPrice>7.90</ItemPrice>
      <UnitOfMeasurePrice>0.51</UnitOfMeasurePrice>
      <AllowDiscount>1</AllowDiscount>
      <itemStatus>1</itemStatus>
      <LastUpdateDate />
      <LastUpdateTime />
    </Product>
    <Product>
      <PriceUpdateDate>2022/07/20 21:37</PriceUpdateDate>
      <ItemCode>7290019056256</ItemCode>
      <ItemType>1</ItemType>
      <ItemName>שוופס WATER תפוח 1.5 ל` פיקדון</ItemName>
      <ManufactureName>יפאורה - שותפות מוגבלת לשיווק</ManufactureName>
      <ManufactureCountry />
      <ManufactureItemDescription />
      <UnitQty>'יח</UnitQty>
      <Quantity>15</Quantity>
      <UnitMeasure>ל-100 מ"ל</UnitMeasure>
      <BisWeighted>0</BisWeighted>
      <QtyInPackage>1</QtyInPackage>
      <ItemPrice>7.90</ItemPrice>
      <UnitOfMeasurePrice>0.51</UnitOfMeasurePrice>
      <AllowDiscount>1</AllowDiscount>
      <itemStatus>1</itemStatus>
      <LastUpdateDate />
      <LastUpdateTime />
    </Product>
    <Product>
      <PriceUpdateDate>2022/07/20 21:37</PriceUpdateDate>
      <ItemCode>7290019056263</ItemCode>
      <ItemType>1</ItemType>
      <ItemName>שוופס WATER אפרסק 1.5 ל` פיקדון</ItemName>
      <ManufactureName>יפאורה - שותפות מוגבלת לשיווק</ManufactureName>
      <ManufactureCountry />
      <ManufactureItemDescription />
      <UnitQty>'יח</UnitQty>
      <Quantity>15</Quantity>
      <UnitMeasure>ל-100 מ"ל</UnitMeasure>
      <BisWeighted>0</BisWeighted>
      <QtyInPackage>1</QtyInPackage>
      <ItemPrice>7.90</ItemPrice>
      <UnitOfMeasurePrice>0.51</UnitOfMeasurePrice>
      <AllowDiscount>1</AllowDiscount>
      <itemStatus>1</itemStatus>
      <LastUpdateDate />
      <LastUpdateTime />
    </Product>
    <Product>
      <PriceUpdateDate>2022/07/20 21:37</PriceUpdateDate>
      <ItemCode>7290019056270</ItemCode>
      <ItemType>1</ItemType>
      <ItemName>שוופס WATER פירות יער 1.5 ל` פיקדון</ItemName>
      <ManufactureName>יפאורה - שותפות מוגבלת לשיווק</ManufactureName>
      <ManufactureCountry />
      <ManufactureItemDescription />
      <UnitQty>'יח</UnitQty>
      <Quantity>15</Quantity>
      <UnitMeasure>ל-100 מ"ל</UnitMeasure>
      <BisWeighted>0</BisWeighted>
      <QtyInPackage>1</QtyInPackage>
      <ItemPrice>7.90</ItemPrice>
      <UnitOfMeasurePrice>0.51</UnitOfMeasurePrice>
      <AllowDiscount>1</AllowDiscount>
      <itemStatus>1</itemStatus>
      <LastUpdateDate />
      <LastUpdateTime />
    </Product>
    <Product>
      <PriceUpdateDate>2022/07/20 21:37</PriceUpdateDate>
      <ItemCode>7290019056287</ItemCode>
      <ItemType>1</ItemType>
      <ItemName>שוופס WATER אפרסק 1.5 ל` פיקדון</ItemName>
      <ManufactureName>יפאורה - שותפות מוגבלת לשיווק</ManufactureName>
      <ManufactureCountry />
      <ManufactureItemDescription />
      <UnitQty>'יח</UnitQty>
      <Quantity>15</Quantity>
      <UnitMeasure>ל-100 מ"ל</UnitMeasure>
      <BisWeighted>0</BisWeighted>
      <QtyInPackage>1</QtyInPackage>
      <ItemPrice>7.90</ItemPrice>
      <UnitOfMeasurePrice>0.51</UnitOfMeasurePrice>
      <AllowDiscount>1</AllowDiscount>
      <itemStatus>1</itemStatus>
      <LastUpdateDate />
      <LastUpdateTime />
    </Product>
    <Product>
      <PriceUpdateDate>2022/07/20 21:37</PriceUpdateDate>
      <ItemCode>7290019056300</ItemCode>
      <ItemType>1</ItemType>
      <ItemName>שוופס ביטר למון 1.5 ליטר פיקדון</ItemName>
      <ManufactureName>יפאורה - שותפות מוגבלת לשיווק</ManufactureName>
      <ManufactureCountry />
      <ManufactureItemDescription />
      <UnitQty>'יח</UnitQty>
      <Quantity>15</Quantity>
      <UnitMeasure>ל-100 מ"ל</UnitMeasure>
      <BisWeighted>0</BisWeighted>
      <QtyInPackage>1</QtyInPackage>
      <ItemPrice>12.90</ItemPrice>
      <UnitOfMeasurePrice>0.84</UnitOfMeasurePrice>
      <AllowDiscount>0</AllowDiscount>
      <itemStatus>1</itemStatus>
      <LastUpdateDate />
      <LastUpdateTime />
    </Product>
    <Product>
      <PriceUpdateDate>2022/07/20 21:37</PriceUpdateDate>
      <ItemCode>7290019056317</ItemCode>
      <ItemType>1</ItemType>
      <ItemName>שוופס ראשן 1.5 ליטר</ItemName>
      <ManufactureName>יפאורה - שותפות מוגבלת לשיווק</ManufactureName>
      <ManufactureCountry />
      <ManufactureItemDescription />
      <UnitQty>'יח</UnitQty>
      <Quantity>15</Quantity>
      <UnitMeasure>ל-100 מ"ל</UnitMeasure>
      <BisWeighted>0</BisWeighted>
      <QtyInPackage>1</QtyInPackage>
      <ItemPrice>12.90</ItemPrice>
      <UnitOfMeasurePrice>0.84</UnitOfMeasurePrice>
      <AllowDiscount>0</AllowDiscount>
      <itemStatus>1</itemStatus>
      <LastUpdateDate />
      <LastUpdateTime />
    </Product>
    <Product>
      <PriceUpdateDate>2022/07/20 21:37</PriceUpdateDate>
      <ItemCode>7290019056324</ItemCode>
      <ItemType>1</ItemType>
      <ItemName>שוופס טוניק 1.5 ליטר פיקדון</ItemName>
      <ManufactureName>יפאורה - שותפות מוגבלת לשיווק</ManufactureName>
      <ManufactureCountry />
      <ManufactureItemDescription />
      <UnitQty>'יח</UnitQty>
      <Quantity>15</Quantity>
      <UnitMeasure>ל-100 מ"ל</UnitMeasure>
      <BisWeighted>0</BisWeighted>
      <QtyInPackage>1</QtyInPackage>
      <ItemPrice>12.90</ItemPrice>
      <UnitOfMeasurePrice>0.84</UnitOfMeasurePrice>
      <AllowDiscount>0</AllowDiscount>
      <itemStatus>1</itemStatus>
      <LastUpdateDate />
      <LastUpdateTime />
    </Product>
    <Product>
      <PriceUpdateDate>2022/07/20 21:37</PriceUpdateDate>
      <ItemCode>7290019056331</ItemCode>
      <ItemType>1</ItemType>
      <ItemName>שוופס טוניק NO 1.5 ליטר פיקדון</ItemName>
      <ManufactureName>יפאורה - שותפות מוגבלת לשיווק</ManufactureName>
      <ManufactureCountry />
      <ManufactureItemDescription />
      <UnitQty>'יח</UnitQty>
      <Quantity>15</Quantity>
      <UnitMeasure>ל-100 מ"ל</UnitMeasure>
      <BisWeighted>0</BisWeighted>
      <QtyInPackage>1</QtyInPackage>
      <ItemPrice>12.90</ItemPrice>
      <UnitOfMeasurePrice>0.84</UnitOfMeasurePrice>
      <AllowDiscount>0</AllowDiscount>
      <itemStatus>1</itemStatus>
      <LastUpdateDate />
      <LastUpdateTime />
    </Product>
    <Product>
      <PriceUpdateDate>2022/07/20 21:37</PriceUpdateDate>
      <ItemCode>7290019056362</ItemCode>
      <ItemType>1</ItemType>
      <ItemName>תפוזינה משקה קל ענבים 1.5 ליטר</ItemName>
      <ManufactureName>יפאורה - שותפות מוגבלת לשיווק</ManufactureName>
      <ManufactureCountry />
      <ManufactureItemDescription />
      <UnitQty>'יח</UnitQty>
      <Quantity>15</Quantity>
      <UnitMeasure>ל-100 מ"ל</UnitMeasure>
      <BisWeighted>0</BisWeighted>
      <QtyInPackage>1</QtyInPackage>
      <ItemPrice>8.90</ItemPrice>
      <UnitOfMeasurePrice>0.57</UnitOfMeasurePrice>
      <AllowDiscount>1</AllowDiscount>
      <itemStatus>1</itemStatus>
      <LastUpdateDate />
      <LastUpdateTime />
    </Product>
    <Product>
      <PriceUpdateDate>2022/07/20 21:37</PriceUpdateDate>
      <ItemCode>7290019056379</ItemCode>
      <ItemType>1</ItemType>
      <ItemName>תפוזינה תפוזים 1.5 ליטר</ItemName>
      <ManufactureName>יפאורה - שותפות מוגבלת לשיווק</ManufactureName>
      <ManufactureCountry />
      <ManufactureItemDescription />
      <UnitQty>'יח</UnitQty>
      <Quantity>15</Quantity>
      <UnitMeasure>ל-100 מ"ל</UnitMeasure>
      <BisWeighted>0</BisWeighted>
      <QtyInPackage>1</QtyInPackage>
      <ItemPrice>8.90</ItemPrice>
      <UnitOfMeasurePrice>0.57</UnitOfMeasurePrice>
      <AllowDiscount>1</AllowDiscount>
      <itemStatus>1</itemStatus>
      <LastUpdateDate />
      <LastUpdateTime />
    </Product>
    <Product>
      <PriceUpdateDate>2022/07/20 21:37</PriceUpdateDate>
      <ItemCode>7290019056409</ItemCode>
      <ItemType>1</ItemType>
      <ItemName>תפוזינה משקה קל מנגו עסיסי1.5ליטר</ItemName>
      <ManufactureName>יפאורה - שותפות מוגבלת לשיווק</ManufactureName>
      <ManufactureCountry />
      <ManufactureItemDescription />
      <UnitQty>'יח</UnitQty>
      <Quantity>15</Quantity>
      <UnitMeasure>ל-100 מ"ל</UnitMeasure>
      <BisWeighted>0</BisWeighted>
      <QtyInPackage>1</QtyInPackage>
      <ItemPrice>8.90</ItemPrice>
      <UnitOfMeasurePrice>0.57</UnitOfMeasurePrice>
      <AllowDiscount>1</AllowDiscount>
      <itemStatus>1</itemStatus>
      <LastUpdateDate />
      <LastUpdateTime />
    </Product>
    <Product>
      <PriceUpdateDate>2022/01/09 15:44</PriceUpdateDate>
      <ItemCode>7290019056430</ItemCode>
      <ItemType>1</ItemType>
      <ItemName>תפוזינה דיאט תפוזים 1.5 ליטר</ItemName>
      <ManufactureName>יפאורה - שותפות מוגבלת לשיווק</ManufactureName>
      <ManufactureCountry />
      <ManufactureItemDescription />
      <UnitQty>'יח</UnitQty>
      <Quantity>15</Quantity>
      <UnitMeasure>ל-100 מ"ל</UnitMeasure>
      <BisWeighted>0</BisWeighted>
      <QtyInPackage>1</QtyInPackage>
      <ItemPrice>7.90</ItemPrice>
      <UnitOfMeasurePrice>0.51</UnitOfMeasurePrice>
      <AllowDiscount>1</AllowDiscount>
      <itemStatus>1</itemStatus>
      <LastUpdateDate />
      <LastUpdateTime />
    </Product>
    <Product>
      <PriceUpdateDate>2022/01/09 15:44</PriceUpdateDate>
      <ItemCode>7290019056461</ItemCode>
      <ItemType>1</ItemType>
      <ItemName>קולה RC שישיה 1.5 ליטר פיקדון</ItemName>
      <ManufactureName>יפאורה - שותפות מוגבלת לשיווק</ManufactureName>
      <ManufactureCountry />
      <ManufactureItemDescription />
      <UnitQty>'יח</UnitQty>
      <Quantity>90</Quantity>
      <UnitMeasure>ל-100 מ"ל</UnitMeasure>
      <BisWeighted>0</BisWeighted>
      <QtyInPackage>1</QtyInPackage>
      <ItemPrice>39.90</ItemPrice>
      <UnitOfMeasurePrice>0.42</UnitOfMeasurePrice>
      <AllowDiscount>0</AllowDiscount>
      <itemStatus>1</itemStatus>
      <LastUpdateDate />
      <LastUpdateTime />
    </Product>
    <Product>
      <PriceUpdateDate>2022/07/20 21:37</PriceUpdateDate>
      <ItemCode>7290019056478</ItemCode>
      <ItemType>1</ItemType>
      <ItemName>תה קר Spring Tea אפרסק 1.5 ליטר</ItemName>
      <ManufactureName>יפאורה - שותפות מוגבלת לשיווק</ManufactureName>
      <ManufactureCountry />
      <ManufactureItemDescription />
      <UnitQty>'יח</UnitQty>
      <Quantity>15</Quantity>
      <UnitMeasure>ל-100 מ"ל</UnitMeasure>
      <BisWeighted>0</BisWeighted>
      <QtyInPackage>1</QtyInPackage>
      <ItemPrice>7.90</ItemPrice>
      <UnitOfMeasurePrice>0.51</UnitOfMeasurePrice>
      <AllowDiscount>1</AllowDiscount>
      <itemStatus>1</itemStatus>
      <LastUpdateDate />
      <LastUpdateTime />
    </Product>
    <Product>
      <PriceUpdateDate>2022/07/20 21:37</PriceUpdateDate>
      <ItemCode>7290019056485</ItemCode>
      <ItemType>1</ItemType>
      <ItemName>תה קר Spring Tea לימון לואיזה 1.5 ל`</ItemName>
      <ManufactureName>יפאורה - שותפות מוגבלת לשיווק</ManufactureName>
      <ManufactureCountry />
      <ManufactureItemDescription />
      <UnitQty>'יח</UnitQty>
      <Quantity>15</Quantity>
      <UnitMeasure>ל-100 מ"ל</UnitMeasure>
      <BisWeighted>0</BisWeighted>
      <QtyInPackage>1</QtyInPackage>
      <ItemPrice>7.90</ItemPrice>
      <UnitOfMeasurePrice>0.51</UnitOfMeasurePrice>
      <AllowDiscount>1</AllowDiscount>
      <itemStatus>1</itemStatus>
      <LastUpdateDate />
      <LastUpdateTime />
    </Product>
    <Product>
      <PriceUpdateDate>2022/07/20 21:37</PriceUpdateDate>
      <ItemCode>7290019056492</ItemCode>
      <ItemType>1</ItemType>
      <ItemName>ספרינג תה  מנגו  `1.5ל` פיקדון</ItemName>
      <ManufactureName>יפאורה - שותפות מוגבלת לשיווק</ManufactureName>
      <ManufactureCountry />
      <ManufactureItemDescription />
      <UnitQty>'יח</UnitQty>
      <Quantity>15</Quantity>
      <UnitMeasure>ל-100 מ"ל</UnitMeasure>
      <BisWeighted>0</BisWeighted>
      <QtyInPackage>1</QtyInPackage>
      <ItemPrice>7.90</ItemPrice>
      <UnitOfMeasurePrice>0.51</UnitOfMeasurePrice>
      <AllowDiscount>1</AllowDiscount>
      <itemStatus>1</itemStatus>
      <LastUpdateDate />
      <LastUpdateTime />
    </Product>
    <Product>
      <PriceUpdateDate>2022/07/20 21:37</PriceUpdateDate>
      <ItemCode>7290019056508</ItemCode>
      <ItemType>1</ItemType>
      <ItemName>פרוט ווטר ענבים 1.5 ל`</ItemName>
      <ManufactureName>יפאורה - שותפות מוגבלת לשיווק</ManufactureName>
      <ManufactureCountry />
      <ManufactureItemDescription />
      <UnitQty>'יח</UnitQty>
      <Quantity>15</Quantity>
      <UnitMeasure>ל-100 מ"ל</UnitMeasure>
      <BisWeighted>0</BisWeighted>
      <QtyInPackage>1</QtyInPackage>
      <ItemPrice>8.90</ItemPrice>
      <UnitOfMeasurePrice>0.57</UnitOfMeasurePrice>
      <AllowDiscount>1</AllowDiscount>
      <itemStatus>1</itemStatus>
      <LastUpdateDate />
      <LastUpdateTime />
    </Product>
    <Product>
      <PriceUpdateDate>2022/07/20 21:37</PriceUpdateDate>
      <ItemCode>7290019056515</ItemCode>
      <ItemType>1</ItemType>
      <ItemName>פרוט ווטר אפרסק 1.5 ל`</ItemName>
      <ManufactureName>יפאורה - שותפות מוגבלת לשיווק</ManufactureName>
      <ManufactureCountry />
      <ManufactureItemDescription />
      <UnitQty>'יח</UnitQty>
      <Quantity>15</Quantity>
      <UnitMeasure>ל-100 מ"ל</UnitMeasure>
      <BisWeighted>0</BisWeighted>
      <QtyInPackage>1</QtyInPackage>
      <ItemPrice>8.90</ItemPrice>
      <UnitOfMeasurePrice>0.57</UnitOfMeasurePrice>
      <AllowDiscount>1</AllowDiscount>
      <itemStatus>1</itemStatus>
      <LastUpdateDate />
      <LastUpdateTime />
    </Product>
    <Product>
      <PriceUpdateDate>2022/07/20 21:37</PriceUpdateDate>
      <ItemCode>7290019056522</ItemCode>
      <ItemType>1</ItemType>
      <ItemName>פרוט ווטר תות 1.5 ל`</ItemName>
      <ManufactureName>יפאורה - שותפות מוגבלת לשיווק</ManufactureName>
      <ManufactureCountry />
      <ManufactureItemDescription />
      <UnitQty>'יח</UnitQty>
      <Quantity>15</Quantity>
      <UnitMeasure>ל-100 מ"ל</UnitMeasure>
      <BisWeighted>0</BisWeighted>
      <QtyInPackage>1</QtyInPackage>
      <ItemPrice>8.90</ItemPrice>
      <UnitOfMeasurePrice>0.57</UnitOfMeasurePrice>
      <AllowDiscount>1</AllowDiscount>
      <itemStatus>1</itemStatus>
      <LastUpdateDate />
      <LastUpdateTime />
    </Product>
    <Product>
      <PriceUpdateDate>2022/07/20 21:37</PriceUpdateDate>
      <ItemCode>7290019056546</ItemCode>
      <ItemType>1</ItemType>
      <ItemName>פרוט ווטר אבטיח 1.5 ל`</ItemName>
      <ManufactureName>יפאורה - שותפות מוגבלת לשיווק</ManufactureName>
      <ManufactureCountry />
      <ManufactureItemDescription />
      <UnitQty>'יח</UnitQty>
      <Quantity>15</Quantity>
      <UnitMeasure>ל-100 מ"ל</UnitMeasure>
      <BisWeighted>0</BisWeighted>
      <QtyInPackage>1</QtyInPackage>
      <ItemPrice>8.90</ItemPrice>
      <UnitOfMeasurePrice>0.57</UnitOfMeasurePrice>
      <AllowDiscount>1</AllowDiscount>
      <itemStatus>1</itemStatus>
      <LastUpdateDate />
      <LastUpdateTime />
    </Product>
    <Product>
      <PriceUpdateDate>2022/01/14 14:29</PriceUpdateDate>
      <ItemCode>7290019056553</ItemCode>
      <ItemType>1</ItemType>
      <ItemName>עין גדי מים מינרלים שישיה 2 ליטר</ItemName>
      <ManufactureName>יפאורה - שותפות מוגבלת לשיווק</ManufactureName>
      <ManufactureCountry />
      <ManufactureItemDescription />
      <UnitQty>'יח</UnitQty>
      <Quantity>120</Quantity>
      <UnitMeasure>ל-100 מ"ל</UnitMeasure>
      <BisWeighted>0</BisWeighted>
      <QtyInPackage>1</QtyInPackage>
      <ItemPrice>13.80</ItemPrice>
      <UnitOfMeasurePrice>0.10</UnitOfMeasurePrice>
      <AllowDiscount>0</AllowDiscount>
      <itemStatus>1</itemStatus>
      <LastUpdateDate />
      <LastUpdateTime />
    </Product>
    <Product>
      <PriceUpdateDate>2021/11/28 15:31</PriceUpdateDate>
      <ItemCode>7290019056560</ItemCode>
      <ItemType>1</ItemType>
      <ItemName>עין גדי מים מינרלים בקבוק 2 ליטר</ItemName>
      <ManufactureName>סימה</ManufactureName>
      <ManufactureCountry />
      <ManufactureItemDescription />
      <UnitQty>'יח</UnitQty>
      <Quantity>20</Quantity>
      <UnitMeasure>ל-100 מ"ל</UnitMeasure>
      <BisWeighted>0</BisWeighted>
      <QtyInPackage>1</QtyInPackage>
      <ItemPrice>3.40</ItemPrice>
      <UnitOfMeasurePrice>0.16</UnitOfMeasurePrice>
      <AllowDiscount>0</AllowDiscount>
      <itemStatus>1</itemStatus>
      <LastUpdateDate />
      <LastUpdateTime />
    </Product>
    <Product>
      <PriceUpdateDate>2022/07/20 21:37</PriceUpdateDate>
      <ItemCode>7290019056577</ItemCode>
      <ItemType>1</ItemType>
      <ItemName>ספרינג קל מנגו 1.5 ליטר פיקדון</ItemName>
      <ManufactureName>יפאורה - שותפות מוגבלת לשיווק</ManufactureName>
      <ManufactureCountry />
      <ManufactureItemDescription />
      <UnitQty>'יח</UnitQty>
      <Quantity>15</Quantity>
      <UnitMeasure>ל-100 מ"ל</UnitMeasure>
      <BisWeighted>0</BisWeighted>
      <QtyInPackage>1</QtyInPackage>
      <ItemPrice>8.90</ItemPrice>
      <UnitOfMeasurePrice>0.57</UnitOfMeasurePrice>
      <AllowDiscount>1</AllowDiscount>
      <itemStatus>1</itemStatus>
      <LastUpdateDate />
      <LastUpdateTime />
    </Product>
    <Product>
      <PriceUpdateDate>2022/07/20 21:37</PriceUpdateDate>
      <ItemCode>7290019056584</ItemCode>
      <ItemType>1</ItemType>
      <ItemName>ספרינג תפוזים 1.5 ליטר פיקדון</ItemName>
      <ManufactureName>יפאורה - שותפות מוגבלת לשיווק</ManufactureName>
      <ManufactureCountry />
      <ManufactureItemDescription />
      <UnitQty>'יח</UnitQty>
      <Quantity>15</Quantity>
      <UnitMeasure>ל-100 מ"ל</UnitMeasure>
      <BisWeighted>0</BisWeighted>
      <QtyInPackage>1</QtyInPackage>
      <ItemPrice>8.90</ItemPrice>
      <UnitOfMeasurePrice>0.57</UnitOfMeasurePrice>
      <AllowDiscount>1</AllowDiscount>
      <itemStatus>1</itemStatus>
      <LastUpdateDate />
      <LastUpdateTime />
    </Product>
    <Product>
      <PriceUpdateDate>2022/07/20 21:37</PriceUpdateDate>
      <ItemCode>7290019056591</ItemCode>
      <ItemType>1</ItemType>
      <ItemName>ספרינג ענבים 1.5 ליטר פיקדון</ItemName>
      <ManufactureName>יפאורה - שותפות מוגבלת לשיווק</ManufactureName>
      <ManufactureCountry />
      <ManufactureItemDescription />
      <UnitQty>'יח</UnitQty>
      <Quantity>15</Quantity>
      <UnitMeasure>ל-100 מ"ל</UnitMeasure>
      <BisWeighted>0</BisWeighted>
      <QtyInPackage>1</QtyInPackage>
      <ItemPrice>8.90</ItemPrice>
      <UnitOfMeasurePrice>0.57</UnitOfMeasurePrice>
      <AllowDiscount>1</AllowDiscount>
      <itemStatus>1</itemStatus>
      <LastUpdateDate />
      <LastUpdateTime />
    </Product>
    <Product>
      <PriceUpdateDate>2022/07/20 21:37</PriceUpdateDate>
      <ItemCode>7290019056607</ItemCode>
      <ItemType>1</ItemType>
      <ItemName>ספרינג תפוחים 1.5 ליטר פיקדון</ItemName>
      <ManufactureName>יפאורה - שותפות מוגבלת לשיווק</ManufactureName>
      <ManufactureCountry />
      <ManufactureItemDescription />
      <UnitQty>'יח</UnitQty>
      <Quantity>15</Quantity>
      <UnitMeasure>ל-100 מ"ל</UnitMeasure>
      <BisWeighted>0</BisWeighted>
      <QtyInPackage>1</QtyInPackage>
      <ItemPrice>8.90</ItemPrice>
      <UnitOfMeasurePrice>0.57</UnitOfMeasurePrice>
      <AllowDiscount>1</AllowDiscount>
      <itemStatus>1</itemStatus>
      <LastUpdateDate />
      <LastUpdateTime />
    </Product>
    <Product>
      <PriceUpdateDate>2022/07/20 21:37</PriceUpdateDate>
      <ItemCode>7290019056621</ItemCode>
      <ItemType>1</ItemType>
      <ItemName>ספרינג פירות טרופיים 1.5 ליטר פיקדון</ItemName>
      <ManufactureName>יפאורה - שותפות מוגבלת לשיווק</ManufactureName>
      <ManufactureCountry />
      <ManufactureItemDescription />
      <UnitQty>'יח</UnitQty>
      <Quantity>15</Quantity>
      <UnitMeasure>ל-100 מ"ל</UnitMeasure>
      <BisWeighted>0</BisWeighted>
      <QtyInPackage>1</QtyInPackage>
      <ItemPrice>8.90</ItemPrice>
      <UnitOfMeasurePrice>0.57</UnitOfMeasurePrice>
      <AllowDiscount>1</AllowDiscount>
      <itemStatus>1</itemStatus>
      <LastUpdateDate />
      <LastUpdateTime />
    </Product>
    <Product>
      <PriceUpdateDate>2022/07/20 21:37</PriceUpdateDate>
      <ItemCode>7290019056638</ItemCode>
      <ItemType>1</ItemType>
      <ItemName>ספרינג משקה תות בננה 1.5 ליטר</ItemName>
      <ManufactureName>יפאורה - שותפות מוגבלת לשיווק</ManufactureName>
      <ManufactureCountry />
      <ManufactureItemDescription />
      <UnitQty>'יח</UnitQty>
      <Quantity>15</Quantity>
      <UnitMeasure>ל-100 מ"ל</UnitMeasure>
      <BisWeighted>0</BisWeighted>
      <QtyInPackage>1</QtyInPackage>
      <ItemPrice>8.90</ItemPrice>
      <UnitOfMeasurePrice>0.57</UnitOfMeasurePrice>
      <AllowDiscount>1</AllowDiscount>
      <itemStatus>1</itemStatus>
      <LastUpdateDate />
      <LastUpdateTime />
    </Product>
    <Product>
      <PriceUpdateDate>2022/07/20 21:37</PriceUpdateDate>
      <ItemCode>7290019056645</ItemCode>
      <ItemType>1</ItemType>
      <ItemName>ספרינג אגס סברס תפוח 1.5 ליטר פיקדון</ItemName>
      <ManufactureName>יפאורה - שותפות מוגבלת לשיווק</ManufactureName>
      <ManufactureCountry />
      <ManufactureItemDescription />
      <UnitQty>'יח</UnitQty>
      <Quantity>15</Quantity>
      <UnitMeasure>ל-100 מ"ל</UnitMeasure>
      <BisWeighted>0</BisWeighted>
      <QtyInPackage>1</QtyInPackage>
      <ItemPrice>8.90</ItemPrice>
      <UnitOfMeasurePrice>0.57</UnitOfMeasurePrice>
      <AllowDiscount>1</AllowDiscount>
      <itemStatus>1</itemStatus>
      <LastUpdateDate />
      <LastUpdateTime />
    </Product>
    <Product>
      <PriceUpdateDate>2022/07/20 21:37</PriceUpdateDate>
      <ItemCode>7290019056652</ItemCode>
      <ItemType>1</ItemType>
      <ItemName>ספרינג אננס בננה 1.5 ליטר פיקדון</ItemName>
      <ManufactureName>יפאורה - שותפות מוגבלת לשיווק</ManufactureName>
      <ManufactureCountry />
      <ManufactureItemDescription />
      <UnitQty>'יח</UnitQty>
      <Quantity>15</Quantity>
      <UnitMeasure>ל-100 מ"ל</UnitMeasure>
      <BisWeighted>0</BisWeighted>
      <QtyInPackage>1</QtyInPackage>
      <ItemPrice>8.90</ItemPrice>
      <UnitOfMeasurePrice>0.57</UnitOfMeasurePrice>
      <AllowDiscount>1</AllowDiscount>
      <itemStatus>1</itemStatus>
      <LastUpdateDate />
      <LastUpdateTime />
    </Product>
    <Product>
      <PriceUpdateDate>2022/07/20 21:37</PriceUpdateDate>
      <ItemCode>7290019056669</ItemCode>
      <ItemType>1</ItemType>
      <ItemName>ספרינג תפוחים דיאט 1.5 ליטר פיקדון</ItemName>
      <ManufactureName>יפאורה - שותפות מוגבלת לשיווק</ManufactureName>
      <ManufactureCountry />
      <ManufactureItemDescription />
      <UnitQty>'יח</UnitQty>
      <Quantity>15</Quantity>
      <UnitMeasure>ל-100 מ"ל</UnitMeasure>
      <BisWeighted>0</BisWeighted>
      <QtyInPackage>1</QtyInPackage>
      <ItemPrice>7.90</ItemPrice>
      <UnitOfMeasurePrice>0.51</UnitOfMeasurePrice>
      <AllowDiscount>1</AllowDiscount>
      <itemStatus>1</itemStatus>
      <LastUpdateDate />
      <LastUpdateTime />
    </Product>
    <Product>
      <PriceUpdateDate>2022/06/22 12:57</PriceUpdateDate>
      <ItemCode>7290019056720</ItemCode>
      <ItemType>1</ItemType>
      <ItemName>קריסטל ענבים 2 ליטר פיקדון</ItemName>
      <ManufactureName>יפאורה - שותפות מוגבלת לשיווק</ManufactureName>
      <ManufactureCountry />
      <ManufactureItemDescription />
      <UnitQty>'יח</UnitQty>
      <Quantity>20</Quantity>
      <UnitMeasure>ל-100 מ"ל</UnitMeasure>
      <BisWeighted>0</BisWeighted>
      <QtyInPackage>1</QtyInPackage>
      <ItemPrice>7.90</ItemPrice>
      <UnitOfMeasurePrice>0.38</UnitOfMeasurePrice>
      <AllowDiscount>1</AllowDiscount>
      <itemStatus>1</itemStatus>
      <LastUpdateDate />
      <LastUpdateTime />
    </Product>
    <Product>
      <PriceUpdateDate>2022/09/18 13:43</PriceUpdateDate>
      <ItemCode>7290019056737</ItemCode>
      <ItemType>1</ItemType>
      <ItemName>קריסטל אשכולית 2 ליטר פיקדון</ItemName>
      <ManufactureName>יפאורה - שותפות מוגבלת לשיווק</ManufactureName>
      <ManufactureCountry />
      <ManufactureItemDescription />
      <UnitQty>'יח</UnitQty>
      <Quantity>20</Quantity>
      <UnitMeasure>ל-100 מ"ל</UnitMeasure>
      <BisWeighted>0</BisWeighted>
      <QtyInPackage>1</QtyInPackage>
      <ItemPrice>7.90</ItemPrice>
      <UnitOfMeasurePrice>0.38</UnitOfMeasurePrice>
      <AllowDiscount>0</AllowDiscount>
      <itemStatus>1</itemStatus>
      <LastUpdateDate />
      <LastUpdateTime />
    </Product>
    <Product>
      <PriceUpdateDate>2022/09/18 13:43</PriceUpdateDate>
      <ItemCode>7290019056744</ItemCode>
      <ItemType>1</ItemType>
      <ItemName>קריסטל תפוזים 2 ליטר פיקדון</ItemName>
      <ManufactureName>יפאורה - שותפות מוגבלת לשיווק</ManufactureName>
      <ManufactureCountry />
      <ManufactureItemDescription />
      <UnitQty>'יח</UnitQty>
      <Quantity>20</Quantity>
      <UnitMeasure>ל-100 מ"ל</UnitMeasure>
      <BisWeighted>0</BisWeighted>
      <QtyInPackage>1</QtyInPackage>
      <ItemPrice>7.90</ItemPrice>
      <UnitOfMeasurePrice>0.38</UnitOfMeasurePrice>
      <AllowDiscount>0</AllowDiscount>
      <itemStatus>1</itemStatus>
      <LastUpdateDate />
      <LastUpdateTime />
    </Product>
    <Product>
      <PriceUpdateDate>2022/09/18 13:43</PriceUpdateDate>
      <ItemCode>7290019056768</ItemCode>
      <ItemType>1</ItemType>
      <ItemName>קריסטל משקה קל מנגו 2 ליטר פיקדון</ItemName>
      <ManufactureName>יפאורה - שותפות מוגבלת לשיווק</ManufactureName>
      <ManufactureCountry />
      <ManufactureItemDescription />
      <UnitQty>'יח</UnitQty>
      <Quantity>20</Quantity>
      <UnitMeasure>ל-100 מ"ל</UnitMeasure>
      <BisWeighted>0</BisWeighted>
      <QtyInPackage>1</QtyInPackage>
      <ItemPrice>7.90</ItemPrice>
      <UnitOfMeasurePrice>0.38</UnitOfMeasurePrice>
      <AllowDiscount>0</AllowDiscount>
      <itemStatus>1</itemStatus>
      <LastUpdateDate />
      <LastUpdateTime />
    </Product>
    <Product>
      <PriceUpdateDate>2022/06/22 12:57</PriceUpdateDate>
      <ItemCode>7290019056775</ItemCode>
      <ItemType>1</ItemType>
      <ItemName>קריסטל ענבים מוגז 2 ליטר פיקדון</ItemName>
      <ManufactureName>יפאורה - שותפות מוגבלת לשיווק</ManufactureName>
      <ManufactureCountry />
      <ManufactureItemDescription />
      <UnitQty>'יח</UnitQty>
      <Quantity>20</Quantity>
      <UnitMeasure>ל-100 מ"ל</UnitMeasure>
      <BisWeighted>0</BisWeighted>
      <QtyInPackage>1</QtyInPackage>
      <ItemPrice>7.90</ItemPrice>
      <UnitOfMeasurePrice>0.38</UnitOfMeasurePrice>
      <AllowDiscount>1</AllowDiscount>
      <itemStatus>1</itemStatus>
      <LastUpdateDate />
      <LastUpdateTime />
    </Product>
    <Product>
      <PriceUpdateDate>2022/06/22 12:57</PriceUpdateDate>
      <ItemCode>7290019056799</ItemCode>
      <ItemType>1</ItemType>
      <ItemName>קריסטל מוגז אקזוטי 2 ליטר פיקדון</ItemName>
      <ManufactureName>יפאורה - שותפות מוגבלת לשיווק</ManufactureName>
      <ManufactureCountry />
      <ManufactureItemDescription />
      <UnitQty>'יח</UnitQty>
      <Quantity>20</Quantity>
      <UnitMeasure>ל-100 מ"ל</UnitMeasure>
      <BisWeighted>0</BisWeighted>
      <QtyInPackage>1</QtyInPackage>
      <ItemPrice>7.90</ItemPrice>
      <UnitOfMeasurePrice>0.38</UnitOfMeasurePrice>
      <AllowDiscount>1</AllowDiscount>
      <itemStatus>1</itemStatus>
      <LastUpdateDate />
      <LastUpdateTime />
    </Product>
    <Product>
      <PriceUpdateDate>2022/06/22 12:57</PriceUpdateDate>
      <ItemCode>7290019056805</ItemCode>
      <ItemType>1</ItemType>
      <ItemName>קריסטל מוגז תפוח עץ 2 ליטר פיקדון</ItemName>
      <ManufactureName>יפאורה - שותפות מוגבלת לשיווק</ManufactureName>
      <ManufactureCountry />
      <ManufactureItemDescription />
      <UnitQty>'יח</UnitQty>
      <Quantity>20</Quantity>
      <UnitMeasure>ל-100 מ"ל</UnitMeasure>
      <BisWeighted>0</BisWeighted>
      <QtyInPackage>1</QtyInPackage>
      <ItemPrice>7.90</ItemPrice>
      <UnitOfMeasurePrice>0.38</UnitOfMeasurePrice>
      <AllowDiscount>1</AllowDiscount>
      <itemStatus>1</itemStatus>
      <LastUpdateDate />
      <LastUpdateTime />
    </Product>
    <Product>
      <PriceUpdateDate>2022/06/22 12:57</PriceUpdateDate>
      <ItemCode>7290019056812</ItemCode>
      <ItemType>1</ItemType>
      <ItemName>קריסטל מנטה מוגז 2 ליטר פיקדון</ItemName>
      <ManufactureName>יפאורה - שותפות מוגבלת לשיווק</ManufactureName>
      <ManufactureCountry />
      <ManufactureItemDescription />
      <UnitQty>'יח</UnitQty>
      <Quantity>20</Quantity>
      <UnitMeasure>ל-100 מ"ל</UnitMeasure>
      <BisWeighted>0</BisWeighted>
      <QtyInPackage>1</QtyInPackage>
      <ItemPrice>7.90</ItemPrice>
      <UnitOfMeasurePrice>0.38</UnitOfMeasurePrice>
      <AllowDiscount>1</AllowDiscount>
      <itemStatus>1</itemStatus>
      <LastUpdateDate />
      <LastUpdateTime />
    </Product>
    <Product>
      <PriceUpdateDate>2022/06/22 12:57</PriceUpdateDate>
      <ItemCode>7290019056829</ItemCode>
      <ItemType>1</ItemType>
      <ItemName>קריסטל אורנג` 2 ליטר פיקדון</ItemName>
      <ManufactureName>יפאורה - שותפות מוגבלת לשיווק</ManufactureName>
      <ManufactureCountry />
      <ManufactureItemDescription />
      <UnitQty>'יח</UnitQty>
      <Quantity>20</Quantity>
      <UnitMeasure>ל-100 מ"ל</UnitMeasure>
      <BisWeighted>0</BisWeighted>
      <QtyInPackage>1</QtyInPackage>
      <ItemPrice>7.90</ItemPrice>
      <UnitOfMeasurePrice>0.38</UnitOfMeasurePrice>
      <AllowDiscount>1</AllowDiscount>
      <itemStatus>1</itemStatus>
      <LastUpdateDate />
      <LastUpdateTime />
    </Product>
    <Product>
      <PriceUpdateDate>2022/06/22 12:57</PriceUpdateDate>
      <ItemCode>7290019056836</ItemCode>
      <ItemType>1</ItemType>
      <ItemName>קריסטל תות מוגז 2 ליטר פיקדון</ItemName>
      <ManufactureName>יפאורה - שותפות מוגבלת לשיווק</ManufactureName>
      <ManufactureCountry />
      <ManufactureItemDescription />
      <UnitQty>'יח</UnitQty>
      <Quantity>20</Quantity>
      <UnitMeasure>ל-100 מ"ל</UnitMeasure>
      <BisWeighted>0</BisWeighted>
      <QtyInPackage>1</QtyInPackage>
      <ItemPrice>7.90</ItemPrice>
      <UnitOfMeasurePrice>0.38</UnitOfMeasurePrice>
      <AllowDiscount>1</AllowDiscount>
      <itemStatus>1</itemStatus>
      <LastUpdateDate />
      <LastUpdateTime />
    </Product>
    <Product>
      <PriceUpdateDate>2022/07/20 21:37</PriceUpdateDate>
      <ItemCode>7290019056850</ItemCode>
      <ItemType>1</ItemType>
      <ItemName>תה קר Spring Tea דיאט אפרסק 1.5 ליטר</ItemName>
      <ManufactureName>יפאורה - שותפות מוגבלת לשיווק</ManufactureName>
      <ManufactureCountry />
      <ManufactureItemDescription />
      <UnitQty>'יח</UnitQty>
      <Quantity>15</Quantity>
      <UnitMeasure>ל-100 מ"ל</UnitMeasure>
      <BisWeighted>0</BisWeighted>
      <QtyInPackage>1</QtyInPackage>
      <ItemPrice>7.90</ItemPrice>
      <UnitOfMeasurePrice>0.51</UnitOfMeasurePrice>
      <AllowDiscount>1</AllowDiscount>
      <itemStatus>1</itemStatus>
      <LastUpdateDate />
      <LastUpdateTime />
    </Product>
    <Product>
      <PriceUpdateDate>2022/10/31 14:55</PriceUpdateDate>
      <ItemCode>7290019112808</ItemCode>
      <ItemType>1</ItemType>
      <ItemName>אוכמניות</ItemName>
      <ManufactureName>ביכורי השדה הצפון בעמ` 1964</ManufactureName>
      <ManufactureCountry />
      <ManufactureItemDescription />
      <UnitQty>ק"ג</UnitQty>
      <Quantity>1</Quantity>
      <UnitMeasure />
      <BisWeighted>0</BisWeighted>
      <QtyInPackage>1</QtyInPackage>
      <ItemPrice>13.90</ItemPrice>
      <UnitOfMeasurePrice>13.90</UnitOfMeasurePrice>
      <AllowDiscount>0</AllowDiscount>
      <itemStatus>1</itemStatus>
      <LastUpdateDate />
      <LastUpdateTime />
    </Product>
    <Product>
      <PriceUpdateDate>2022/07/20 21:37</PriceUpdateDate>
      <ItemCode>7290019153078</ItemCode>
      <ItemType>1</ItemType>
      <ItemName>שוופס ביטר למון 1.5  לייט ליטר פיקדון</ItemName>
      <ManufactureName>יפאורה - שותפות מוגבלת לשיווק</ManufactureName>
      <ManufactureCountry />
      <ManufactureItemDescription />
      <UnitQty>'יח</UnitQty>
      <Quantity>15</Quantity>
      <UnitMeasure>ל-100 מ"ל</UnitMeasure>
      <BisWeighted>0</BisWeighted>
      <QtyInPackage>1</QtyInPackage>
      <ItemPrice>12.90</ItemPrice>
      <UnitOfMeasurePrice>0.84</UnitOfMeasurePrice>
      <AllowDiscount>0</AllowDiscount>
      <itemStatus>1</itemStatus>
      <LastUpdateDate />
      <LastUpdateTime />
    </Product>
    <Product>
      <PriceUpdateDate>2022/07/20 21:37</PriceUpdateDate>
      <ItemCode>7290019153085</ItemCode>
      <ItemType>1</ItemType>
      <ItemName>שוופס ללא סוכר מוחיטו 1.5 ליטר</ItemName>
      <ManufactureName>יפאורה - שותפות מוגבלת לשיווק</ManufactureName>
      <ManufactureCountry />
      <ManufactureItemDescription />
      <UnitQty>'יח</UnitQty>
      <Quantity>15</Quantity>
      <UnitMeasure>ל-100 מ"ל</UnitMeasure>
      <BisWeighted>0</BisWeighted>
      <QtyInPackage>1</QtyInPackage>
      <ItemPrice>8.90</ItemPrice>
      <UnitOfMeasurePrice>0.57</UnitOfMeasurePrice>
      <AllowDiscount>1</AllowDiscount>
      <itemStatus>1</itemStatus>
      <LastUpdateDate />
      <LastUpdateTime />
    </Product>
    <Product>
      <PriceUpdateDate>2022/07/20 21:37</PriceUpdateDate>
      <ItemCode>7290019153252</ItemCode>
      <ItemType>1</ItemType>
      <ItemName>שוופס מי סודה תפוח  4*1.5 ליטר</ItemName>
      <ManufactureName>יפאורה - שותפות מוגבלת לשיווק</ManufactureName>
      <ManufactureCountry />
      <ManufactureItemDescription />
      <UnitQty>'יח</UnitQty>
      <Quantity>60</Quantity>
      <UnitMeasure>ל-100 מ"ל</UnitMeasure>
      <BisWeighted>0</BisWeighted>
      <QtyInPackage>1</QtyInPackage>
      <ItemPrice>12.90</ItemPrice>
      <UnitOfMeasurePrice>0.20</UnitOfMeasurePrice>
      <AllowDiscount>1</AllowDiscount>
      <itemStatus>1</itemStatus>
      <LastUpdateDate />
      <LastUpdateTime />
    </Product>
    <Product>
      <PriceUpdateDate>2022/07/20 21:37</PriceUpdateDate>
      <ItemCode>7290019153269</ItemCode>
      <ItemType>1</ItemType>
      <ItemName>שוופס מי סודה אננס  4*1.5 ליטר</ItemName>
      <ManufactureName>יפאורה - שותפות מוגבלת לשיווק</ManufactureName>
      <ManufactureCountry />
      <ManufactureItemDescription />
      <UnitQty>'יח</UnitQty>
      <Quantity>60</Quantity>
      <UnitMeasure>ל-100 מ"ל</UnitMeasure>
      <BisWeighted>0</BisWeighted>
      <QtyInPackage>1</QtyInPackage>
      <ItemPrice>12.90</ItemPrice>
      <UnitOfMeasurePrice>0.20</UnitOfMeasurePrice>
      <AllowDiscount>1</AllowDiscount>
      <itemStatus>1</itemStatus>
      <LastUpdateDate />
      <LastUpdateTime />
    </Product>
    <Product>
      <PriceUpdateDate>2022/07/20 21:37</PriceUpdateDate>
      <ItemCode>7290019153351</ItemCode>
      <ItemType>1</ItemType>
      <ItemName>תפוזינה פינק אוזו 1.5 ליטר</ItemName>
      <ManufactureName>יפאורה - שותפות מוגבלת לשיווק</ManufactureName>
      <ManufactureCountry />
      <ManufactureItemDescription />
      <UnitQty>'יח</UnitQty>
      <Quantity>15</Quantity>
      <UnitMeasure>ל-100 מ"ל</UnitMeasure>
      <BisWeighted>0</BisWeighted>
      <QtyInPackage>1</QtyInPackage>
      <ItemPrice>8.90</ItemPrice>
      <UnitOfMeasurePrice>0.57</UnitOfMeasurePrice>
      <AllowDiscount>1</AllowDiscount>
      <itemStatus>1</itemStatus>
      <LastUpdateDate />
      <LastUpdateTime />
    </Product>
    <Product>
      <PriceUpdateDate>2022/07/20 21:37</PriceUpdateDate>
      <ItemCode>7290019153375</ItemCode>
      <ItemType>1</ItemType>
      <ItemName>תפוזינה מוחיטו 1.5 ליטר</ItemName>
      <ManufactureName>יפאורה - שותפות מוגבלת לשיווק</ManufactureName>
      <ManufactureCountry />
      <ManufactureItemDescription />
      <UnitQty>'יח</UnitQty>
      <Quantity>15</Quantity>
      <UnitMeasure>ל-100 מ"ל</UnitMeasure>
      <BisWeighted>0</BisWeighted>
      <QtyInPackage>1</QtyInPackage>
      <ItemPrice>8.90</ItemPrice>
      <UnitOfMeasurePrice>0.57</UnitOfMeasurePrice>
      <AllowDiscount>1</AllowDiscount>
      <itemStatus>1</itemStatus>
      <LastUpdateDate />
      <LastUpdateTime />
    </Product>
    <Product>
      <PriceUpdateDate>2022/06/28 21:40</PriceUpdateDate>
      <ItemCode>7290019153535</ItemCode>
      <ItemType>1</ItemType>
      <ItemName>רביעיית פחיות שוופס מוגז למונייד 330מל</ItemName>
      <ManufactureName>יפאורה - שותפות מוגבלת לשיווק</ManufactureName>
      <ManufactureCountry />
      <ManufactureItemDescription />
      <UnitQty>'יח</UnitQty>
      <Quantity>1.32</Quantity>
      <UnitMeasure>ל-100 מ"ל</UnitMeasure>
      <BisWeighted>0</BisWeighted>
      <QtyInPackage>1</QtyInPackage>
      <ItemPrice>13.10</ItemPrice>
      <UnitOfMeasurePrice>9.02</UnitOfMeasurePrice>
      <AllowDiscount>1</AllowDiscount>
      <itemStatus>1</itemStatus>
      <LastUpdateDate />
      <LastUpdateTime />
    </Product>
    <Product>
      <PriceUpdateDate>2022/09/11 17:57</PriceUpdateDate>
      <ItemCode>7290019167020</ItemCode>
      <ItemType>1</ItemType>
      <ItemName>עוגת גבינה עם פירות יער לייט 82 גרם</ItemName>
      <ManufactureName>תנובה חלב</ManufactureName>
      <ManufactureCountry />
      <ManufactureItemDescription />
      <UnitQty>'יח</UnitQty>
      <Quantity>8.20</Quantity>
      <UnitMeasure>ל-100 גרם</UnitMeasure>
      <BisWeighted>0</BisWeighted>
      <QtyInPackage>1</QtyInPackage>
      <ItemPrice>6.90</ItemPrice>
      <UnitOfMeasurePrice>0.84</UnitOfMeasurePrice>
      <AllowDiscount>0</AllowDiscount>
      <itemStatus>1</itemStatus>
      <LastUpdateDate />
      <LastUpdateTime />
    </Product>
    <Product>
      <PriceUpdateDate>2022/09/11 17:57</PriceUpdateDate>
      <ItemCode>7290019167037</ItemCode>
      <ItemType>1</ItemType>
      <ItemName>תותים בקצפת 82 גרם</ItemName>
      <ManufactureName>תנובה חלב</ManufactureName>
      <ManufactureCountry />
      <ManufactureItemDescription />
      <UnitQty>'יח</UnitQty>
      <Quantity>8.20</Quantity>
      <UnitMeasure>ל-100 גרם</UnitMeasure>
      <BisWeighted>0</BisWeighted>
      <QtyInPackage>1</QtyInPackage>
      <ItemPrice>6.90</ItemPrice>
      <UnitOfMeasurePrice>0.84</UnitOfMeasurePrice>
      <AllowDiscount>0</AllowDiscount>
      <itemStatus>1</itemStatus>
      <LastUpdateDate />
      <LastUpdateTime />
    </Product>
    <Product>
      <PriceUpdateDate>2022/09/11 17:57</PriceUpdateDate>
      <ItemCode>7290019167044</ItemCode>
      <ItemType>1</ItemType>
      <ItemName>קצפת עם קרם בייגלה מתוק מלוח 82 גרם</ItemName>
      <ManufactureName>תנובה חלב</ManufactureName>
      <ManufactureCountry />
      <ManufactureItemDescription />
      <UnitQty>'יח</UnitQty>
      <Quantity>8.20</Quantity>
      <UnitMeasure>ל-100 גרם</UnitMeasure>
      <BisWeighted>0</BisWeighted>
      <QtyInPackage>1</QtyInPackage>
      <ItemPrice>6.90</ItemPrice>
      <UnitOfMeasurePrice>0.84</UnitOfMeasurePrice>
      <AllowDiscount>0</AllowDiscount>
      <itemStatus>1</itemStatus>
      <LastUpdateDate />
      <LastUpdateTime />
    </Product>
    <Product>
      <PriceUpdateDate>2022/09/20 21:57</PriceUpdateDate>
      <ItemCode>7290019226314</ItemCode>
      <ItemType>1</ItemType>
      <ItemName>פילה אמנון 7-9 80% עם עור</ItemName>
      <ManufactureName>תומר ייבוא ושיווק מוצרי מזון [</ManufactureName>
      <ManufactureCountry />
      <ManufactureItemDescription />
      <UnitQty>ק"ג</UnitQty>
      <Quantity>1</Quantity>
      <UnitMeasure>ק"ג</UnitMeasure>
      <BisWeighted>1</BisWeighted>
      <QtyInPackage>1</QtyInPackage>
      <ItemPrice>29.90</ItemPrice>
      <UnitOfMeasurePrice>29.90</UnitOfMeasurePrice>
      <AllowDiscount>1</AllowDiscount>
      <itemStatus>1</itemStatus>
      <LastUpdateDate />
      <LastUpdateTime />
    </Product>
    <Product>
      <PriceUpdateDate>2022/04/04 12:16</PriceUpdateDate>
      <ItemCode>7290019232834</ItemCode>
      <ItemType>1</ItemType>
      <ItemName>פליפז בייגלה מצופה קרם עוגיות ושוקולד</ItemName>
      <ManufactureName>תה ויסוצקי בע`מ</ManufactureName>
      <ManufactureCountry />
      <ManufactureItemDescription />
      <UnitQty>'יח</UnitQty>
      <Quantity>1.44</Quantity>
      <UnitMeasure>ל-100 גרם</UnitMeasure>
      <BisWeighted>0</BisWeighted>
      <QtyInPackage>1</QtyInPackage>
      <ItemPrice>8.90</ItemPrice>
      <UnitOfMeasurePrice>6.18</UnitOfMeasurePrice>
      <AllowDiscount>1</AllowDiscount>
      <itemStatus>1</itemStatus>
      <LastUpdateDate />
      <LastUpdateTime />
    </Product>
    <Product>
      <PriceUpdateDate>2022/11/01 11:47</PriceUpdateDate>
      <ItemCode>7290024481678</ItemCode>
      <ItemType>1</ItemType>
      <ItemName>פרמיו ביף טנדר 750 גרם</ItemName>
      <ManufactureName>שחורי אריה ואנסטסיה</ManufactureName>
      <ManufactureCountry />
      <ManufactureItemDescription />
      <UnitQty>'יח</UnitQty>
      <Quantity>7.50</Quantity>
      <UnitMeasure>ל-100 גרם</UnitMeasure>
      <BisWeighted>0</BisWeighted>
      <QtyInPackage>1</QtyInPackage>
      <ItemPrice>29.90</ItemPrice>
      <UnitOfMeasurePrice>3.99</UnitOfMeasurePrice>
      <AllowDiscount>0</AllowDiscount>
      <itemStatus>1</itemStatus>
      <LastUpdateDate />
      <LastUpdateTime />
    </Product>
    <Product>
      <PriceUpdateDate>2019/01/16 14:47</PriceUpdateDate>
      <ItemCode>7290100240144</ItemCode>
      <ItemType>1</ItemType>
      <ItemName>בדין תרסיס למייבש הכביסה ורוד 500מל</ItemName>
      <ManufactureName>יוניליוור ישראל שיווק בע`מ</ManufactureName>
      <ManufactureCountry />
      <ManufactureItemDescription />
      <UnitQty>'יח</UnitQty>
      <Quantity>5</Quantity>
      <UnitMeasure>ל-100 מ"ל</UnitMeasure>
      <BisWeighted>0</BisWeighted>
      <QtyInPackage>1</QtyInPackage>
      <ItemPrice>18.10</ItemPrice>
      <UnitOfMeasurePrice>3.62</UnitOfMeasurePrice>
      <AllowDiscount>0</AllowDiscount>
      <itemStatus>1</itemStatus>
      <LastUpdateDate />
      <LastUpdateTime />
    </Product>
    <Product>
      <PriceUpdateDate>2021/07/27 16:29</PriceUpdateDate>
      <ItemCode>7290100240632</ItemCode>
      <ItemType>1</ItemType>
      <ItemName>פתית 6 דגנים בדצ 250 גרם</ItemName>
      <ManufactureName>יוניליוור ישראל שיווק בע`מ</ManufactureName>
      <ManufactureCountry />
      <ManufactureItemDescription />
      <UnitQty>'יח</UnitQty>
      <Quantity>2.50</Quantity>
      <UnitMeasure>ל-100 גרם</UnitMeasure>
      <BisWeighted>0</BisWeighted>
      <QtyInPackage>1</QtyInPackage>
      <ItemPrice>16.90</ItemPrice>
      <UnitOfMeasurePrice>6.76</UnitOfMeasurePrice>
      <AllowDiscount>0</AllowDiscount>
      <itemStatus>1</itemStatus>
      <LastUpdateDate />
      <LastUpdateTime />
    </Product>
    <Product>
      <PriceUpdateDate>2020/11/10 20:13</PriceUpdateDate>
      <ItemCode>7290100240656</ItemCode>
      <ItemType>1</ItemType>
      <ItemName>פתית שיפון בדצ 300 גרם</ItemName>
      <ManufactureName>יוניליוור ישראל שיווק בע`מ</ManufactureName>
      <ManufactureCountry />
      <ManufactureItemDescription />
      <UnitQty>'יח</UnitQty>
      <Quantity>3</Quantity>
      <UnitMeasure>ל-100 גרם</UnitMeasure>
      <BisWeighted>0</BisWeighted>
      <QtyInPackage>1</QtyInPackage>
      <ItemPrice>16.90</ItemPrice>
      <UnitOfMeasurePrice>5.63</UnitOfMeasurePrice>
      <AllowDiscount>0</AllowDiscount>
      <itemStatus>1</itemStatus>
      <LastUpdateDate />
      <LastUpdateTime />
    </Product>
    <Product>
      <PriceUpdateDate>2019/07/03 08:47</PriceUpdateDate>
      <ItemCode>7290100243671</ItemCode>
      <ItemType>1</ItemType>
      <ItemName>בדין אקסטרא מרכך כחול 960 מל</ItemName>
      <ManufactureName>יוניליוור ישראל שיווק בע`מ</ManufactureName>
      <ManufactureCountry />
      <ManufactureItemDescription />
      <UnitQty>'יח</UnitQty>
      <Quantity>96</Quantity>
      <UnitMeasure>ל-100 מ"ל</UnitMeasure>
      <BisWeighted>0</BisWeighted>
      <QtyInPackage>1</QtyInPackage>
      <ItemPrice>15.90</ItemPrice>
      <UnitOfMeasurePrice>0.17</UnitOfMeasurePrice>
      <AllowDiscount>1</AllowDiscount>
      <itemStatus>1</itemStatus>
      <LastUpdateDate />
      <LastUpdateTime />
    </Product>
    <Product>
      <PriceUpdateDate>2019/01/16 14:47</PriceUpdateDate>
      <ItemCode>7290100245231</ItemCode>
      <ItemType>1</ItemType>
      <ItemName>נמס בכוס ועוד טעם עוף 50 גרם</ItemName>
      <ManufactureName>יוניליוור ישראל שיווק בע`מ</ManufactureName>
      <ManufactureCountry />
      <ManufactureItemDescription />
      <UnitQty>'יח</UnitQty>
      <Quantity>0.50</Quantity>
      <UnitMeasure>ל-100 גרם</UnitMeasure>
      <BisWeighted>0</BisWeighted>
      <QtyInPackage>1</QtyInPackage>
      <ItemPrice>6.40</ItemPrice>
      <UnitOfMeasurePrice>12.80</UnitOfMeasurePrice>
      <AllowDiscount>1</AllowDiscount>
      <itemStatus>1</itemStatus>
      <LastUpdateDate />
      <LastUpdateTime />
    </Product>
    <Product>
      <PriceUpdateDate>2022/11/01 11:47</PriceUpdateDate>
      <ItemCode>7290100344941</ItemCode>
      <ItemType>1</ItemType>
      <ItemName>עצם לחוצה 6 טבעי  חמישיה- 60</ItemName>
      <ManufactureName>שחורי אריה ואנסטסיה</ManufactureName>
      <ManufactureCountry />
      <ManufactureItemDescription />
      <UnitQty>'יח</UnitQty>
      <Quantity>1</Quantity>
      <UnitMeasure />
      <BisWeighted>0</BisWeighted>
      <QtyInPackage>1</QtyInPackage>
      <ItemPrice>19.90</ItemPrice>
      <UnitOfMeasurePrice>19.90</UnitOfMeasurePrice>
      <AllowDiscount>0</AllowDiscount>
      <itemStatus>1</itemStatus>
      <LastUpdateDate />
      <LastUpdateTime />
    </Product>
    <Product>
      <PriceUpdateDate>2022/11/01 11:47</PriceUpdateDate>
      <ItemCode>7290100344965</ItemCode>
      <ItemType>1</ItemType>
      <ItemName>עצם לחוצה 8 טבעי  זוג- 72</ItemName>
      <ManufactureName>שחורי אריה ואנסטסיה</ManufactureName>
      <ManufactureCountry />
      <ManufactureItemDescription />
      <UnitQty>'יח</UnitQty>
      <Quantity>1</Quantity>
      <UnitMeasure />
      <BisWeighted>0</BisWeighted>
      <QtyInPackage>1</QtyInPackage>
      <ItemPrice>23.90</ItemPrice>
      <UnitOfMeasurePrice>23.90</UnitOfMeasurePrice>
      <AllowDiscount>0</AllowDiscount>
      <itemStatus>1</itemStatus>
      <LastUpdateDate />
      <LastUpdateTime />
    </Product>
    <Product>
      <PriceUpdateDate>2022/11/01 11:47</PriceUpdateDate>
      <ItemCode>7290100344989</ItemCode>
      <ItemType>1</ItemType>
      <ItemName>עצם לחוצה טבעי 10 ארוז-84</ItemName>
      <ManufactureName>שחורי אריה ואנסטסיה</ManufactureName>
      <ManufactureCountry />
      <ManufactureItemDescription />
      <UnitQty>'יח</UnitQty>
      <Quantity>1</Quantity>
      <UnitMeasure />
      <BisWeighted>0</BisWeighted>
      <QtyInPackage>1</QtyInPackage>
      <ItemPrice>13.90</ItemPrice>
      <UnitOfMeasurePrice>13.90</UnitOfMeasurePrice>
      <AllowDiscount>0</AllowDiscount>
      <itemStatus>1</itemStatus>
      <LastUpdateDate />
      <LastUpdateTime />
    </Product>
    <Product>
      <PriceUpdateDate>2022/11/01 11:47</PriceUpdateDate>
      <ItemCode>7290100348260</ItemCode>
      <ItemType>1</ItemType>
      <ItemName>קרטון גירוד ריבוס</ItemName>
      <ManufactureName>שחורי אריה ואנסטסיה</ManufactureName>
      <ManufactureCountry />
      <ManufactureItemDescription />
      <UnitQty>'יח</UnitQty>
      <Quantity>1</Quantity>
      <UnitMeasure />
      <BisWeighted>0</BisWeighted>
      <QtyInPackage>1</QtyInPackage>
      <ItemPrice>34.90</ItemPrice>
      <UnitOfMeasurePrice>34.90</UnitOfMeasurePrice>
      <AllowDiscount>0</AllowDiscount>
      <itemStatus>1</itemStatus>
      <LastUpdateDate />
      <LastUpdateTime />
    </Product>
    <Product>
      <PriceUpdateDate>2022/11/01 11:47</PriceUpdateDate>
      <ItemCode>7290100348796</ItemCode>
      <ItemType>1</ItemType>
      <ItemName>כלי שתייה ריבוס 1015</ItemName>
      <ManufactureName>שחורי אריה ואנסטסיה</ManufactureName>
      <ManufactureCountry />
      <ManufactureItemDescription />
      <UnitQty>'יח</UnitQty>
      <Quantity>1</Quantity>
      <UnitMeasure />
      <BisWeighted>0</BisWeighted>
      <QtyInPackage>1</QtyInPackage>
      <ItemPrice>22.90</ItemPrice>
      <UnitOfMeasurePrice>22.90</UnitOfMeasurePrice>
      <AllowDiscount>0</AllowDiscount>
      <itemStatus>1</itemStatus>
      <LastUpdateDate />
      <LastUpdateTime />
    </Product>
    <Product>
      <PriceUpdateDate>2022/07/24 16:58</PriceUpdateDate>
      <ItemCode>7290100411254</ItemCode>
      <ItemType>1</ItemType>
      <ItemName>מחית תפוח ובננה 190 גר`ללא סוכר</ItemName>
      <ManufactureName>שקד תבל בע`מ</ManufactureName>
      <ManufactureCountry />
      <ManufactureItemDescription />
      <UnitQty>'יח</UnitQty>
      <Quantity>1.90</Quantity>
      <UnitMeasure>ל-100 גרם</UnitMeasure>
      <BisWeighted>0</BisWeighted>
      <QtyInPackage>1</QtyInPackage>
      <ItemPrice>4.90</ItemPrice>
      <UnitOfMeasurePrice>2.58</UnitOfMeasurePrice>
      <AllowDiscount>1</AllowDiscount>
      <itemStatus>1</itemStatus>
      <LastUpdateDate />
      <LastUpdateTime />
    </Product>
    <Product>
      <PriceUpdateDate>2019/07/03 08:47</PriceUpdateDate>
      <ItemCode>7290100680711</ItemCode>
      <ItemType>1</ItemType>
      <ItemName>פירורית זהב 350 גרם</ItemName>
      <ManufactureName>קבוצת אסם סחר</ManufactureName>
      <ManufactureCountry />
      <ManufactureItemDescription />
      <UnitQty>'יח</UnitQty>
      <Quantity>3.50</Quantity>
      <UnitMeasure>ל-100 גרם</UnitMeasure>
      <BisWeighted>0</BisWeighted>
      <QtyInPackage>1</QtyInPackage>
      <ItemPrice>7.90</ItemPrice>
      <UnitOfMeasurePrice>2.26</UnitOfMeasurePrice>
      <AllowDiscount>1</AllowDiscount>
      <itemStatus>1</itemStatus>
      <LastUpdateDate />
      <LastUpdateTime />
    </Product>
    <Product>
      <PriceUpdateDate>2019/01/16 14:47</PriceUpdateDate>
      <ItemCode>7290100680728</ItemCode>
      <ItemType>1</ItemType>
      <ItemName>פירורית 350 גרם</ItemName>
      <ManufactureName>קבוצת אסם סחר</ManufactureName>
      <ManufactureCountry />
      <ManufactureItemDescription />
      <UnitQty>'יח</UnitQty>
      <Quantity>3.50</Quantity>
      <UnitMeasure>ל-100 גרם</UnitMeasure>
      <BisWeighted>0</BisWeighted>
      <QtyInPackage>1</QtyInPackage>
      <ItemPrice>6.90</ItemPrice>
      <UnitOfMeasurePrice>1.97</UnitOfMeasurePrice>
      <AllowDiscount>1</AllowDiscount>
      <itemStatus>1</itemStatus>
      <LastUpdateDate />
      <LastUpdateTime />
    </Product>
    <Product>
      <PriceUpdateDate>2019/11/03 14:28</PriceUpdateDate>
      <ItemCode>7290100681138</ItemCode>
      <ItemType>1</ItemType>
      <ItemName>אפרופו חטיף 3*50 גרם</ItemName>
      <ManufactureName>קבוצת אסם סחר</ManufactureName>
      <ManufactureCountry />
      <ManufactureItemDescription />
      <UnitQty>'יח</UnitQty>
      <Quantity>1.50</Quantity>
      <UnitMeasure>ל-100 גרם</UnitMeasure>
      <BisWeighted>0</BisWeighted>
      <QtyInPackage>1</QtyInPackage>
      <ItemPrice>12.90</ItemPrice>
      <UnitOfMeasurePrice>8.60</UnitOfMeasurePrice>
      <AllowDiscount>1</AllowDiscount>
      <itemStatus>1</itemStatus>
      <LastUpdateDate />
      <LastUpdateTime />
    </Product>
    <Product>
      <PriceUpdateDate>2019/01/16 14:47</PriceUpdateDate>
      <ItemCode>7290100684139</ItemCode>
      <ItemType>1</ItemType>
      <ItemName>פסטה אסם מקרוני 500 גרם</ItemName>
      <ManufactureName>קבוצת אסם סחר</ManufactureName>
      <ManufactureCountry />
      <ManufactureItemDescription />
      <UnitQty>'יח</UnitQty>
      <Quantity>5</Quantity>
      <UnitMeasure>ל-100 גרם</UnitMeasure>
      <BisWeighted>0</BisWeighted>
      <QtyInPackage>1</QtyInPackage>
      <ItemPrice>5.90</ItemPrice>
      <UnitOfMeasurePrice>1.18</UnitOfMeasurePrice>
      <AllowDiscount>1</AllowDiscount>
      <itemStatus>1</itemStatus>
      <LastUpdateDate />
      <LastUpdateTime />
    </Product>
    <Product>
      <PriceUpdateDate>2019/01/16 14:47</PriceUpdateDate>
      <ItemCode>7290100684764</ItemCode>
      <ItemType>1</ItemType>
      <ItemName>במבה יום הולדת על סרט 25 גרם</ItemName>
      <ManufactureName>קבוצת אסם סחר</ManufactureName>
      <ManufactureCountry />
      <ManufactureItemDescription />
      <UnitQty>'יח</UnitQty>
      <Quantity>0.25</Quantity>
      <UnitMeasure>ל-100 גרם</UnitMeasure>
      <BisWeighted>0</BisWeighted>
      <QtyInPackage>1</QtyInPackage>
      <ItemPrice>2.40</ItemPrice>
      <UnitOfMeasurePrice>9.60</UnitOfMeasurePrice>
      <AllowDiscount>0</AllowDiscount>
      <itemStatus>1</itemStatus>
      <LastUpdateDate />
      <LastUpdateTime />
    </Product>
    <Product>
      <PriceUpdateDate>2019/11/03 14:28</PriceUpdateDate>
      <ItemCode>7290100685136</ItemCode>
      <ItemType>1</ItemType>
      <ItemName>אסם מרק טעם עוף 1קג שקית</ItemName>
      <ManufactureName>קבוצת אסם סחר</ManufactureName>
      <ManufactureCountry />
      <ManufactureItemDescription />
      <UnitQty>'יח</UnitQty>
      <Quantity>10</Quantity>
      <UnitMeasure>ל-100 גרם</UnitMeasure>
      <BisWeighted>0</BisWeighted>
      <QtyInPackage>1</QtyInPackage>
      <ItemPrice>14.90</ItemPrice>
      <UnitOfMeasurePrice>1.49</UnitOfMeasurePrice>
      <AllowDiscount>1</AllowDiscount>
      <itemStatus>1</itemStatus>
      <LastUpdateDate />
      <LastUpdateTime />
    </Product>
    <Product>
      <PriceUpdateDate>2020/05/25 18:53</PriceUpdateDate>
      <ItemCode>7290100685334</ItemCode>
      <ItemType>1</ItemType>
      <ItemName>מרק עוף אמיתי רכיבים טבעיים 400 גרם</ItemName>
      <ManufactureName>קבוצת אסם סחר</ManufactureName>
      <ManufactureCountry />
      <ManufactureItemDescription />
      <UnitQty>'יח</UnitQty>
      <Quantity>4</Quantity>
      <UnitMeasure>ל-100 גרם</UnitMeasure>
      <BisWeighted>0</BisWeighted>
      <QtyInPackage>1</QtyInPackage>
      <ItemPrice>23.90</ItemPrice>
      <UnitOfMeasurePrice>5.98</UnitOfMeasurePrice>
      <AllowDiscount>1</AllowDiscount>
      <itemStatus>1</itemStatus>
      <LastUpdateDate />
      <LastUpdateTime />
    </Product>
    <Product>
      <PriceUpdateDate>2019/07/03 08:47</PriceUpdateDate>
      <ItemCode>7290100685341</ItemCode>
      <ItemType>1</ItemType>
      <ItemName>מרק בטעם עוף זך רכיבים טבעיים 400גרם</ItemName>
      <ManufactureName>קבוצת אסם סחר</ManufactureName>
      <ManufactureCountry />
      <ManufactureItemDescription />
      <UnitQty>'יח</UnitQty>
      <Quantity>4</Quantity>
      <UnitMeasure>ל-100 גרם</UnitMeasure>
      <BisWeighted>0</BisWeighted>
      <QtyInPackage>6</QtyInPackage>
      <ItemPrice>16.90</ItemPrice>
      <UnitOfMeasurePrice>4.23</UnitOfMeasurePrice>
      <AllowDiscount>1</AllowDiscount>
      <itemStatus>1</itemStatus>
      <LastUpdateDate />
      <LastUpdateTime />
    </Product>
    <Product>
      <PriceUpdateDate>2022/06/15 12:53</PriceUpdateDate>
      <ItemCode>7290100686164</ItemCode>
      <ItemType>1</ItemType>
      <ItemName>ביסלי ברביקיו מיני 6*35 גרם</ItemName>
      <ManufactureName>קבוצת אסם סחר</ManufactureName>
      <ManufactureCountry />
      <ManufactureItemDescription />
      <UnitQty>'יח</UnitQty>
      <Quantity>2.10</Quantity>
      <UnitMeasure>ל-100 גרם</UnitMeasure>
      <BisWeighted>0</BisWeighted>
      <QtyInPackage>1</QtyInPackage>
      <ItemPrice>12.90</ItemPrice>
      <UnitOfMeasurePrice>6.14</UnitOfMeasurePrice>
      <AllowDiscount>1</AllowDiscount>
      <itemStatus>1</itemStatus>
      <LastUpdateDate />
      <LastUpdateTime />
    </Product>
    <Product>
      <PriceUpdateDate>2022/07/24 18:01</PriceUpdateDate>
      <ItemCode>7290100687109</ItemCode>
      <ItemType>1</ItemType>
      <ItemName>במבה נוגט 60 גרם</ItemName>
      <ManufactureName>קבוצת אסם סחר</ManufactureName>
      <ManufactureCountry />
      <ManufactureItemDescription />
      <UnitQty>'יח</UnitQty>
      <Quantity>0.60</Quantity>
      <UnitMeasure>ל-100 גרם</UnitMeasure>
      <BisWeighted>0</BisWeighted>
      <QtyInPackage>1</QtyInPackage>
      <ItemPrice>3.90</ItemPrice>
      <UnitOfMeasurePrice>6.50</UnitOfMeasurePrice>
      <AllowDiscount>1</AllowDiscount>
      <itemStatus>1</itemStatus>
      <LastUpdateDate />
      <LastUpdateTime />
    </Product>
    <Product>
      <PriceUpdateDate>2021/08/08 13:53</PriceUpdateDate>
      <ItemCode>7290100689301</ItemCode>
      <ItemType>1</ItemType>
      <ItemName>אסם מרק זך-עדיף בטעם עוף 400 גרם</ItemName>
      <ManufactureName>קבוצת אסם סחר</ManufactureName>
      <ManufactureCountry />
      <ManufactureItemDescription />
      <UnitQty>'יח</UnitQty>
      <Quantity>4</Quantity>
      <UnitMeasure>ל-100 גרם</UnitMeasure>
      <BisWeighted>0</BisWeighted>
      <QtyInPackage>1</QtyInPackage>
      <ItemPrice>15.90</ItemPrice>
      <UnitOfMeasurePrice>3.98</UnitOfMeasurePrice>
      <AllowDiscount>1</AllowDiscount>
      <itemStatus>1</itemStatus>
      <LastUpdateDate />
      <LastUpdateTime />
    </Product>
    <Product>
      <PriceUpdateDate>2019/07/03 08:47</PriceUpdateDate>
      <ItemCode>7290100700020</ItemCode>
      <ItemType>1</ItemType>
      <ItemName>גריסי פנינה 500 גרם</ItemName>
      <ManufactureName>סוגת</ManufactureName>
      <ManufactureCountry />
      <ManufactureItemDescription />
      <UnitQty>'יח</UnitQty>
      <Quantity>5</Quantity>
      <UnitMeasure>ל-100 גרם</UnitMeasure>
      <BisWeighted>0</BisWeighted>
      <QtyInPackage>1</QtyInPackage>
      <ItemPrice>5.90</ItemPrice>
      <UnitOfMeasurePrice>1.18</UnitOfMeasurePrice>
      <AllowDiscount>0</AllowDiscount>
      <itemStatus>1</itemStatus>
      <LastUpdateDate />
      <LastUpdateTime />
    </Product>
    <Product>
      <PriceUpdateDate>2022/01/30 19:23</PriceUpdateDate>
      <ItemCode>7290100700068</ItemCode>
      <ItemType>1</ItemType>
      <ItemName>שעועית צבעונית 500 גר`</ItemName>
      <ManufactureName>סוגת</ManufactureName>
      <ManufactureCountry />
      <ManufactureItemDescription />
      <UnitQty>'יח</UnitQty>
      <Quantity>5</Quantity>
      <UnitMeasure>ל-100 גרם</UnitMeasure>
      <BisWeighted>0</BisWeighted>
      <QtyInPackage>1</QtyInPackage>
      <ItemPrice>10.90</ItemPrice>
      <UnitOfMeasurePrice>2.18</UnitOfMeasurePrice>
      <AllowDiscount>0</AllowDiscount>
      <itemStatus>1</itemStatus>
      <LastUpdateDate />
      <LastUpdateTime />
    </Product>
    <Product>
      <PriceUpdateDate>2019/07/03 08:47</PriceUpdateDate>
      <ItemCode>7290100700075</ItemCode>
      <ItemType>1</ItemType>
      <ItemName>פירורי לחם מוזהבים 200 גר*</ItemName>
      <ManufactureName>סוגת</ManufactureName>
      <ManufactureCountry />
      <ManufactureItemDescription />
      <UnitQty>'יח</UnitQty>
      <Quantity>2</Quantity>
      <UnitMeasure>ל-100 גרם</UnitMeasure>
      <BisWeighted>0</BisWeighted>
      <QtyInPackage>1</QtyInPackage>
      <ItemPrice>3.90</ItemPrice>
      <UnitOfMeasurePrice>1.95</UnitOfMeasurePrice>
      <AllowDiscount>1</AllowDiscount>
      <itemStatus>1</itemStatus>
      <LastUpdateDate />
      <LastUpdateTime />
    </Product>
    <Product>
      <PriceUpdateDate>2019/01/16 14:47</PriceUpdateDate>
      <ItemCode>7290100700273</ItemCode>
      <ItemType>1</ItemType>
      <ItemName>קינואה 500 גרם כשלפ</ItemName>
      <ManufactureName>סוגת</ManufactureName>
      <ManufactureCountry />
      <ManufactureItemDescription />
      <UnitQty>'יח</UnitQty>
      <Quantity>5</Quantity>
      <UnitMeasure>ל-100 גרם</UnitMeasure>
      <BisWeighted>0</BisWeighted>
      <QtyInPackage>1</QtyInPackage>
      <ItemPrice>12.90</ItemPrice>
      <UnitOfMeasurePrice>2.58</UnitOfMeasurePrice>
      <AllowDiscount>0</AllowDiscount>
      <itemStatus>1</itemStatus>
      <LastUpdateDate />
      <LastUpdateTime />
    </Product>
    <Product>
      <PriceUpdateDate>2022/01/05 17:19</PriceUpdateDate>
      <ItemCode>7290100700297</ItemCode>
      <ItemType>1</ItemType>
      <ItemName>עדשים שחורות סוגת 500 גרם</ItemName>
      <ManufactureName>סוגת</ManufactureName>
      <ManufactureCountry />
      <ManufactureItemDescription />
      <UnitQty>'יח</UnitQty>
      <Quantity>5</Quantity>
      <UnitMeasure>ל-100 גרם</UnitMeasure>
      <BisWeighted>0</BisWeighted>
      <QtyInPackage>1</QtyInPackage>
      <ItemPrice>7.90</ItemPrice>
      <UnitOfMeasurePrice>1.58</UnitOfMeasurePrice>
      <AllowDiscount>0</AllowDiscount>
      <itemStatus>1</itemStatus>
      <LastUpdateDate />
      <LastUpdateTime />
    </Product>
    <Product>
      <PriceUpdateDate>2022/01/05 17:19</PriceUpdateDate>
      <ItemCode>7290100700310</ItemCode>
      <ItemType>1</ItemType>
      <ItemName>כוסמת לא קלוי 1 קג</ItemName>
      <ManufactureName>סוגת</ManufactureName>
      <ManufactureCountry />
      <ManufactureItemDescription />
      <UnitQty>'יח</UnitQty>
      <Quantity>10</Quantity>
      <UnitMeasure>ל-100 גרם</UnitMeasure>
      <BisWeighted>0</BisWeighted>
      <QtyInPackage>1</QtyInPackage>
      <ItemPrice>12.90</ItemPrice>
      <UnitOfMeasurePrice>1.29</UnitOfMeasurePrice>
      <AllowDiscount>0</AllowDiscount>
      <itemStatus>1</itemStatus>
      <LastUpdateDate />
      <LastUpdateTime />
    </Product>
    <Product>
      <PriceUpdateDate>2019/07/03 08:47</PriceUpdateDate>
      <ItemCode>7290100700389</ItemCode>
      <ItemType>1</ItemType>
      <ItemName>סוגת אורז אדום 1 קג</ItemName>
      <ManufactureName>סוגת</ManufactureName>
      <ManufactureCountry />
      <ManufactureItemDescription />
      <UnitQty>'יח</UnitQty>
      <Quantity>10</Quantity>
      <UnitMeasure>ל-100 גרם</UnitMeasure>
      <BisWeighted>0</BisWeighted>
      <QtyInPackage>1</QtyInPackage>
      <ItemPrice>14.90</ItemPrice>
      <UnitOfMeasurePrice>1.49</UnitOfMeasurePrice>
      <AllowDiscount>0</AllowDiscount>
      <itemStatus>1</itemStatus>
      <LastUpdateDate />
      <LastUpdateTime />
    </Product>
    <Product>
      <PriceUpdateDate>2022/01/05 17:19</PriceUpdateDate>
      <ItemCode>7290100700396</ItemCode>
      <ItemType>1</ItemType>
      <ItemName>אורז יסמין קלאסי 1 קג</ItemName>
      <ManufactureName>סוגת</ManufactureName>
      <ManufactureCountry />
      <ManufactureItemDescription />
      <UnitQty>'יח</UnitQty>
      <Quantity>10</Quantity>
      <UnitMeasure>ל-100 גרם</UnitMeasure>
      <BisWeighted>0</BisWeighted>
      <QtyInPackage>1</QtyInPackage>
      <ItemPrice>12.90</ItemPrice>
      <UnitOfMeasurePrice>1.29</UnitOfMeasurePrice>
      <AllowDiscount>0</AllowDiscount>
      <itemStatus>1</itemStatus>
      <LastUpdateDate />
      <LastUpdateTime />
    </Product>
    <Product>
      <PriceUpdateDate>2022/10/28 08:24</PriceUpdateDate>
      <ItemCode>7290100700402</ItemCode>
      <ItemType>1</ItemType>
      <ItemName>חומוס ענק 1 קג</ItemName>
      <ManufactureName>סוגת</ManufactureName>
      <ManufactureCountry />
      <ManufactureItemDescription />
      <UnitQty>'יח</UnitQty>
      <Quantity>10</Quantity>
      <UnitMeasure>ל-100 גרם</UnitMeasure>
      <BisWeighted>0</BisWeighted>
      <QtyInPackage>1</QtyInPackage>
      <ItemPrice>19.90</ItemPrice>
      <UnitOfMeasurePrice>1.99</UnitOfMeasurePrice>
      <AllowDiscount>1</AllowDiscount>
      <itemStatus>1</itemStatus>
      <LastUpdateDate />
      <LastUpdateTime />
    </Product>
    <Product>
      <PriceUpdateDate>2019/07/03 08:47</PriceUpdateDate>
      <ItemCode>7290100700587</ItemCode>
      <ItemType>1</ItemType>
      <ItemName>בורגול 500 גר`</ItemName>
      <ManufactureName>סוגת</ManufactureName>
      <ManufactureCountry />
      <ManufactureItemDescription />
      <UnitQty>'יח</UnitQty>
      <Quantity>5</Quantity>
      <UnitMeasure>ל-100 גרם</UnitMeasure>
      <BisWeighted>0</BisWeighted>
      <QtyInPackage>1</QtyInPackage>
      <ItemPrice>4.90</ItemPrice>
      <UnitOfMeasurePrice>0.98</UnitOfMeasurePrice>
      <AllowDiscount>1</AllowDiscount>
      <itemStatus>1</itemStatus>
      <LastUpdateDate />
      <LastUpdateTime />
    </Product>
    <Product>
      <PriceUpdateDate>2019/01/16 14:47</PriceUpdateDate>
      <ItemCode>7290100701126</ItemCode>
      <ItemType>1</ItemType>
      <ItemName>שעועית מש 500 גר`</ItemName>
      <ManufactureName>סוגת</ManufactureName>
      <ManufactureCountry />
      <ManufactureItemDescription />
      <UnitQty>'יח</UnitQty>
      <Quantity>5</Quantity>
      <UnitMeasure>ל-100 גרם</UnitMeasure>
      <BisWeighted>0</BisWeighted>
      <QtyInPackage>1</QtyInPackage>
      <ItemPrice>10.90</ItemPrice>
      <UnitOfMeasurePrice>2.18</UnitOfMeasurePrice>
      <AllowDiscount>0</AllowDiscount>
      <itemStatus>1</itemStatus>
      <LastUpdateDate />
      <LastUpdateTime />
    </Product>
    <Product>
      <PriceUpdateDate>2019/10/29 16:05</PriceUpdateDate>
      <ItemCode>7290100701157</ItemCode>
      <ItemType>1</ItemType>
      <ItemName>אורז סושי 1 קג</ItemName>
      <ManufactureName>סוגת</ManufactureName>
      <ManufactureCountry />
      <ManufactureItemDescription />
      <UnitQty>'יח</UnitQty>
      <Quantity>10</Quantity>
      <UnitMeasure>ל-100 גרם</UnitMeasure>
      <BisWeighted>0</BisWeighted>
      <QtyInPackage>1</QtyInPackage>
      <ItemPrice>9.90</ItemPrice>
      <UnitOfMeasurePrice>0.99</UnitOfMeasurePrice>
      <AllowDiscount>0</AllowDiscount>
      <itemStatus>1</itemStatus>
      <LastUpdateDate />
      <LastUpdateTime />
    </Product>
    <Product>
      <PriceUpdateDate>2019/07/03 08:47</PriceUpdateDate>
      <ItemCode>7290100701454</ItemCode>
      <ItemType>1</ItemType>
      <ItemName>גרישה 500גר`</ItemName>
      <ManufactureName>סוגת</ManufactureName>
      <ManufactureCountry />
      <ManufactureItemDescription />
      <UnitQty>'יח</UnitQty>
      <Quantity>5</Quantity>
      <UnitMeasure>ל-100 גרם</UnitMeasure>
      <BisWeighted>0</BisWeighted>
      <QtyInPackage>1</QtyInPackage>
      <ItemPrice>4.90</ItemPrice>
      <UnitOfMeasurePrice>0.98</UnitOfMeasurePrice>
      <AllowDiscount>1</AllowDiscount>
      <itemStatus>1</itemStatus>
      <LastUpdateDate />
      <LastUpdateTime />
    </Product>
    <Product>
      <PriceUpdateDate>2019/07/03 08:47</PriceUpdateDate>
      <ItemCode>7290100702260</ItemCode>
      <ItemType>1</ItemType>
      <ItemName>קוסקוס דק 350 גר`</ItemName>
      <ManufactureName>סוגת</ManufactureName>
      <ManufactureCountry />
      <ManufactureItemDescription />
      <UnitQty>'יח</UnitQty>
      <Quantity>3.50</Quantity>
      <UnitMeasure>ל-100 גרם</UnitMeasure>
      <BisWeighted>0</BisWeighted>
      <QtyInPackage>1</QtyInPackage>
      <ItemPrice>4.90</ItemPrice>
      <UnitOfMeasurePrice>1.40</UnitOfMeasurePrice>
      <AllowDiscount>1</AllowDiscount>
      <itemStatus>1</itemStatus>
      <LastUpdateDate />
      <LastUpdateTime />
    </Product>
    <Product>
      <PriceUpdateDate>2019/07/03 08:47</PriceUpdateDate>
      <ItemCode>7290100702277</ItemCode>
      <ItemType>1</ItemType>
      <ItemName>קוסקוס עבה 350 גר`</ItemName>
      <ManufactureName>סוגת</ManufactureName>
      <ManufactureCountry />
      <ManufactureItemDescription />
      <UnitQty>'יח</UnitQty>
      <Quantity>3.50</Quantity>
      <UnitMeasure>ל-100 גרם</UnitMeasure>
      <BisWeighted>0</BisWeighted>
      <QtyInPackage>1</QtyInPackage>
      <ItemPrice>4.90</ItemPrice>
      <UnitOfMeasurePrice>1.40</UnitOfMeasurePrice>
      <AllowDiscount>1</AllowDiscount>
      <itemStatus>1</itemStatus>
      <LastUpdateDate />
      <LastUpdateTime />
    </Product>
    <Product>
      <PriceUpdateDate>2019/07/03 08:47</PriceUpdateDate>
      <ItemCode>7290100702284</ItemCode>
      <ItemType>1</ItemType>
      <ItemName>קוסקוס מלא 350 גר`</ItemName>
      <ManufactureName>סוגת</ManufactureName>
      <ManufactureCountry />
      <ManufactureItemDescription />
      <UnitQty>'יח</UnitQty>
      <Quantity>3.50</Quantity>
      <UnitMeasure>ל-100 גרם</UnitMeasure>
      <BisWeighted>0</BisWeighted>
      <QtyInPackage>1</QtyInPackage>
      <ItemPrice>4.90</ItemPrice>
      <UnitOfMeasurePrice>1.40</UnitOfMeasurePrice>
      <AllowDiscount>1</AllowDiscount>
      <itemStatus>1</itemStatus>
      <LastUpdateDate />
      <LastUpdateTime />
    </Product>
    <Product>
      <PriceUpdateDate>2022/01/30 19:23</PriceUpdateDate>
      <ItemCode>7290100702314</ItemCode>
      <ItemType>1</ItemType>
      <ItemName>שעועית שחורה 500 גרם</ItemName>
      <ManufactureName>סוגת</ManufactureName>
      <ManufactureCountry />
      <ManufactureItemDescription />
      <UnitQty>'יח</UnitQty>
      <Quantity>5</Quantity>
      <UnitMeasure>ל-100 גרם</UnitMeasure>
      <BisWeighted>0</BisWeighted>
      <QtyInPackage>1</QtyInPackage>
      <ItemPrice>10.90</ItemPrice>
      <UnitOfMeasurePrice>2.18</UnitOfMeasurePrice>
      <AllowDiscount>0</AllowDiscount>
      <itemStatus>1</itemStatus>
      <LastUpdateDate />
      <LastUpdateTime />
    </Product>
    <Product>
      <PriceUpdateDate>2019/07/03 08:47</PriceUpdateDate>
      <ItemCode>7290100702611</ItemCode>
      <ItemType>1</ItemType>
      <ItemName>פתיתים אפויים אורז 500 גר`</ItemName>
      <ManufactureName>סוגת</ManufactureName>
      <ManufactureCountry />
      <ManufactureItemDescription />
      <UnitQty>'יח</UnitQty>
      <Quantity>5</Quantity>
      <UnitMeasure>ל-100 גרם</UnitMeasure>
      <BisWeighted>0</BisWeighted>
      <QtyInPackage>1</QtyInPackage>
      <ItemPrice>5.90</ItemPrice>
      <UnitOfMeasurePrice>1.18</UnitOfMeasurePrice>
      <AllowDiscount>1</AllowDiscount>
      <itemStatus>1</itemStatus>
      <LastUpdateDate />
      <LastUpdateTime />
    </Product>
    <Product>
      <PriceUpdateDate>2019/07/03 08:47</PriceUpdateDate>
      <ItemCode>7290100702628</ItemCode>
      <ItemType>1</ItemType>
      <ItemName>פתיתים אפויים קוסקוס 500 גר`</ItemName>
      <ManufactureName>סוגת</ManufactureName>
      <ManufactureCountry />
      <ManufactureItemDescription />
      <UnitQty>'יח</UnitQty>
      <Quantity>5</Quantity>
      <UnitMeasure>ל-100 גרם</UnitMeasure>
      <BisWeighted>0</BisWeighted>
      <QtyInPackage>1</QtyInPackage>
      <ItemPrice>5.90</ItemPrice>
      <UnitOfMeasurePrice>1.18</UnitOfMeasurePrice>
      <AllowDiscount>1</AllowDiscount>
      <itemStatus>1</itemStatus>
      <LastUpdateDate />
      <LastUpdateTime />
    </Product>
    <Product>
      <PriceUpdateDate>2019/07/03 08:47</PriceUpdateDate>
      <ItemCode>7290100702635</ItemCode>
      <ItemType>1</ItemType>
      <ItemName>פתיתים אפויים כוכבים 500 גר`</ItemName>
      <ManufactureName>סוגת</ManufactureName>
      <ManufactureCountry />
      <ManufactureItemDescription />
      <UnitQty>'יח</UnitQty>
      <Quantity>5</Quantity>
      <UnitMeasure>ל-100 גרם</UnitMeasure>
      <BisWeighted>0</BisWeighted>
      <QtyInPackage>1</QtyInPackage>
      <ItemPrice>5.90</ItemPrice>
      <UnitOfMeasurePrice>1.18</UnitOfMeasurePrice>
      <AllowDiscount>1</AllowDiscount>
      <itemStatus>1</itemStatus>
      <LastUpdateDate />
      <LastUpdateTime />
    </Product>
    <Product>
      <PriceUpdateDate>2019/07/03 08:47</PriceUpdateDate>
      <ItemCode>7290100702642</ItemCode>
      <ItemType>1</ItemType>
      <ItemName>פתיתים אפויים טבעת 500 גר`</ItemName>
      <ManufactureName>סוגת</ManufactureName>
      <ManufactureCountry />
      <ManufactureItemDescription />
      <UnitQty>'יח</UnitQty>
      <Quantity>5</Quantity>
      <UnitMeasure>ל-100 גרם</UnitMeasure>
      <BisWeighted>0</BisWeighted>
      <QtyInPackage>1</QtyInPackage>
      <ItemPrice>5.90</ItemPrice>
      <UnitOfMeasurePrice>1.18</UnitOfMeasurePrice>
      <AllowDiscount>1</AllowDiscount>
      <itemStatus>1</itemStatus>
      <LastUpdateDate />
      <LastUpdateTime />
    </Product>
    <Product>
      <PriceUpdateDate>2019/07/03 08:47</PriceUpdateDate>
      <ItemCode>7290100702673</ItemCode>
      <ItemType>1</ItemType>
      <ItemName>פתיתים אפויים 3 צבעים 500 גר`</ItemName>
      <ManufactureName>סוגת</ManufactureName>
      <ManufactureCountry />
      <ManufactureItemDescription />
      <UnitQty>'יח</UnitQty>
      <Quantity>5</Quantity>
      <UnitMeasure>ל-100 גרם</UnitMeasure>
      <BisWeighted>0</BisWeighted>
      <QtyInPackage>1</QtyInPackage>
      <ItemPrice>5.90</ItemPrice>
      <UnitOfMeasurePrice>1.18</UnitOfMeasurePrice>
      <AllowDiscount>1</AllowDiscount>
      <itemStatus>1</itemStatus>
      <LastUpdateDate />
      <LastUpdateTime />
    </Product>
    <Product>
      <PriceUpdateDate>2019/07/03 08:47</PriceUpdateDate>
      <ItemCode>7290100702987</ItemCode>
      <ItemType>1</ItemType>
      <ItemName>פתיתי שיבולת שועל 500 גר`</ItemName>
      <ManufactureName>סוגת</ManufactureName>
      <ManufactureCountry />
      <ManufactureItemDescription />
      <UnitQty>'יח</UnitQty>
      <Quantity>5</Quantity>
      <UnitMeasure>ל-100 גרם</UnitMeasure>
      <BisWeighted>0</BisWeighted>
      <QtyInPackage>1</QtyInPackage>
      <ItemPrice>5.90</ItemPrice>
      <UnitOfMeasurePrice>1.18</UnitOfMeasurePrice>
      <AllowDiscount>1</AllowDiscount>
      <itemStatus>1</itemStatus>
      <LastUpdateDate />
      <LastUpdateTime />
    </Product>
    <Product>
      <PriceUpdateDate>2022/01/05 17:19</PriceUpdateDate>
      <ItemCode>7290100703007</ItemCode>
      <ItemType>1</ItemType>
      <ItemName>עדשים שחורות בלוגה 500 גרם</ItemName>
      <ManufactureName>סוגת</ManufactureName>
      <ManufactureCountry />
      <ManufactureItemDescription />
      <UnitQty>'יח</UnitQty>
      <Quantity>5</Quantity>
      <UnitMeasure>ל-100 גרם</UnitMeasure>
      <BisWeighted>0</BisWeighted>
      <QtyInPackage>1</QtyInPackage>
      <ItemPrice>7.90</ItemPrice>
      <UnitOfMeasurePrice>1.58</UnitOfMeasurePrice>
      <AllowDiscount>0</AllowDiscount>
      <itemStatus>1</itemStatus>
      <LastUpdateDate />
      <LastUpdateTime />
    </Product>
    <Product>
      <PriceUpdateDate>2022/01/05 17:19</PriceUpdateDate>
      <ItemCode>7290100703458</ItemCode>
      <ItemType>1</ItemType>
      <ItemName>כוסמת לא קלויה 500 גר`</ItemName>
      <ManufactureName>סוגת</ManufactureName>
      <ManufactureCountry />
      <ManufactureItemDescription />
      <UnitQty>'יח</UnitQty>
      <Quantity>5</Quantity>
      <UnitMeasure>ל-100 גרם</UnitMeasure>
      <BisWeighted>0</BisWeighted>
      <QtyInPackage>1</QtyInPackage>
      <ItemPrice>7.90</ItemPrice>
      <UnitOfMeasurePrice>1.58</UnitOfMeasurePrice>
      <AllowDiscount>0</AllowDiscount>
      <itemStatus>1</itemStatus>
      <LastUpdateDate />
      <LastUpdateTime />
    </Product>
    <Product>
      <PriceUpdateDate>2020/10/21 11:31</PriceUpdateDate>
      <ItemCode>7290100703953</ItemCode>
      <ItemType>1</ItemType>
      <ItemName>קוקוס 500 גרם</ItemName>
      <ManufactureName>סוגת</ManufactureName>
      <ManufactureCountry />
      <ManufactureItemDescription />
      <UnitQty>'יח</UnitQty>
      <Quantity>5</Quantity>
      <UnitMeasure>ל-100 גרם</UnitMeasure>
      <BisWeighted>0</BisWeighted>
      <QtyInPackage>1</QtyInPackage>
      <ItemPrice>11.90</ItemPrice>
      <UnitOfMeasurePrice>2.38</UnitOfMeasurePrice>
      <AllowDiscount>0</AllowDiscount>
      <itemStatus>1</itemStatus>
      <LastUpdateDate />
      <LastUpdateTime />
    </Product>
    <Product>
      <PriceUpdateDate>2022/01/05 17:19</PriceUpdateDate>
      <ItemCode>7290100704066</ItemCode>
      <ItemType>1</ItemType>
      <ItemName>עדשים צהובות סוגת 500 גרם</ItemName>
      <ManufactureName>סוגת</ManufactureName>
      <ManufactureCountry />
      <ManufactureItemDescription />
      <UnitQty>'יח</UnitQty>
      <Quantity>5</Quantity>
      <UnitMeasure>ל-100 גרם</UnitMeasure>
      <BisWeighted>0</BisWeighted>
      <QtyInPackage>1</QtyInPackage>
      <ItemPrice>7.90</ItemPrice>
      <UnitOfMeasurePrice>1.58</UnitOfMeasurePrice>
      <AllowDiscount>0</AllowDiscount>
      <itemStatus>1</itemStatus>
      <LastUpdateDate />
      <LastUpdateTime />
    </Product>
    <Product>
      <PriceUpdateDate>2019/07/03 08:47</PriceUpdateDate>
      <ItemCode>7290100704141</ItemCode>
      <ItemType>1</ItemType>
      <ItemName>סוגת אבקת סודה לשתיה 100 גר`</ItemName>
      <ManufactureName>סוגת</ManufactureName>
      <ManufactureCountry />
      <ManufactureItemDescription />
      <UnitQty>'יח</UnitQty>
      <Quantity>10</Quantity>
      <UnitMeasure>ל-100 גרם</UnitMeasure>
      <BisWeighted>0</BisWeighted>
      <QtyInPackage>1</QtyInPackage>
      <ItemPrice>2.90</ItemPrice>
      <UnitOfMeasurePrice>0.29</UnitOfMeasurePrice>
      <AllowDiscount>0</AllowDiscount>
      <itemStatus>1</itemStatus>
      <LastUpdateDate />
      <LastUpdateTime />
    </Product>
    <Product>
      <PriceUpdateDate>2021/05/04 15:59</PriceUpdateDate>
      <ItemCode>7290100704660</ItemCode>
      <ItemType>1</ItemType>
      <ItemName>קינואה מיקס 500 גר`</ItemName>
      <ManufactureName>סוגת</ManufactureName>
      <ManufactureCountry />
      <ManufactureItemDescription />
      <UnitQty>'יח</UnitQty>
      <Quantity>5</Quantity>
      <UnitMeasure>ל-100 גרם</UnitMeasure>
      <BisWeighted>0</BisWeighted>
      <QtyInPackage>1</QtyInPackage>
      <ItemPrice>12.90</ItemPrice>
      <UnitOfMeasurePrice>2.58</UnitOfMeasurePrice>
      <AllowDiscount>0</AllowDiscount>
      <itemStatus>1</itemStatus>
      <LastUpdateDate />
      <LastUpdateTime />
    </Product>
    <Product>
      <PriceUpdateDate>2022/07/20 20:07</PriceUpdateDate>
      <ItemCode>7290100850909</ItemCode>
      <ItemType>1</ItemType>
      <ItemName>חטיף דוריטוס נאצ`ו מקסיקני 70 גרם</ItemName>
      <ManufactureName>שטראוס פריטו ליי בע`מ</ManufactureName>
      <ManufactureCountry />
      <ManufactureItemDescription />
      <UnitQty>'יח</UnitQty>
      <Quantity>0.70</Quantity>
      <UnitMeasure>ל-100 גרם</UnitMeasure>
      <BisWeighted>0</BisWeighted>
      <QtyInPackage>1</QtyInPackage>
      <ItemPrice>3.90</ItemPrice>
      <UnitOfMeasurePrice>5.57</UnitOfMeasurePrice>
      <AllowDiscount>1</AllowDiscount>
      <itemStatus>1</itemStatus>
      <LastUpdateDate />
      <LastUpdateTime />
    </Product>
    <Product>
      <PriceUpdateDate>2019/01/16 14:47</PriceUpdateDate>
      <ItemCode>7290100850916</ItemCode>
      <ItemType>1</ItemType>
      <ItemName>חטיף דוריטוס חמוץ חריף 70 גרם</ItemName>
      <ManufactureName>שטראוס פריטו ליי בע`מ</ManufactureName>
      <ManufactureCountry />
      <ManufactureItemDescription />
      <UnitQty>'יח</UnitQty>
      <Quantity>0.70</Quantity>
      <UnitMeasure>ל-100 גרם</UnitMeasure>
      <BisWeighted>0</BisWeighted>
      <QtyInPackage>1</QtyInPackage>
      <ItemPrice>4.20</ItemPrice>
      <UnitOfMeasurePrice>6</UnitOfMeasurePrice>
      <AllowDiscount>1</AllowDiscount>
      <itemStatus>1</itemStatus>
      <LastUpdateDate />
      <LastUpdateTime />
    </Product>
    <Product>
      <PriceUpdateDate>2019/01/16 14:47</PriceUpdateDate>
      <ItemCode>7290100850923</ItemCode>
      <ItemType>1</ItemType>
      <ItemName>חטיף דוריטוס גריל 70 גרם</ItemName>
      <ManufactureName>שטראוס פריטו ליי בע`מ</ManufactureName>
      <ManufactureCountry />
      <ManufactureItemDescription />
      <UnitQty>'יח</UnitQty>
      <Quantity>0.70</Quantity>
      <UnitMeasure>ל-100 גרם</UnitMeasure>
      <BisWeighted>0</BisWeighted>
      <QtyInPackage>1</QtyInPackage>
      <ItemPrice>4.20</ItemPrice>
      <UnitOfMeasurePrice>6</UnitOfMeasurePrice>
      <AllowDiscount>1</AllowDiscount>
      <itemStatus>1</itemStatus>
      <LastUpdateDate />
      <LastUpdateTime />
    </Product>
    <Product>
      <PriceUpdateDate>2019/01/16 14:47</PriceUpdateDate>
      <ItemCode>7290100850930</ItemCode>
      <ItemType>1</ItemType>
      <ItemName>חטיף דוריטוס טבעי 70 גרם</ItemName>
      <ManufactureName>שטראוס פריטו ליי בע`מ</ManufactureName>
      <ManufactureCountry />
      <ManufactureItemDescription />
      <UnitQty>'יח</UnitQty>
      <Quantity>0.70</Quantity>
      <UnitMeasure>ל-100 גרם</UnitMeasure>
      <BisWeighted>0</BisWeighted>
      <QtyInPackage>1</QtyInPackage>
      <ItemPrice>4.20</ItemPrice>
      <UnitOfMeasurePrice>6</UnitOfMeasurePrice>
      <AllowDiscount>1</AllowDiscount>
      <itemStatus>1</itemStatus>
      <LastUpdateDate />
      <LastUpdateTime />
    </Product>
    <Product>
      <PriceUpdateDate>2019/08/11 15:34</PriceUpdateDate>
      <ItemCode>7290100858592</ItemCode>
      <ItemType>1</ItemType>
      <ItemName>עלית אבקת קקאו 150 גרם</ItemName>
      <ManufactureName>שטראוס גרופ בע`מ</ManufactureName>
      <ManufactureCountry />
      <ManufactureItemDescription />
      <UnitQty>'יח</UnitQty>
      <Quantity>1.50</Quantity>
      <UnitMeasure>ל-100 גרם</UnitMeasure>
      <BisWeighted>0</BisWeighted>
      <QtyInPackage>1</QtyInPackage>
      <ItemPrice>9.90</ItemPrice>
      <UnitOfMeasurePrice>6.60</UnitOfMeasurePrice>
      <AllowDiscount>0</AllowDiscount>
      <itemStatus>1</itemStatus>
      <LastUpdateDate />
      <LastUpdateTime />
    </Product>
    <Product>
      <PriceUpdateDate>2019/08/11 15:34</PriceUpdateDate>
      <ItemCode>7290100858608</ItemCode>
      <ItemType>1</ItemType>
      <ItemName>עלית אבקת קקאו כשלפ 500 גרם</ItemName>
      <ManufactureName>שטראוס גרופ בע`מ</ManufactureName>
      <ManufactureCountry />
      <ManufactureItemDescription />
      <UnitQty>'יח</UnitQty>
      <Quantity>5</Quantity>
      <UnitMeasure>ל-100 גרם</UnitMeasure>
      <BisWeighted>0</BisWeighted>
      <QtyInPackage>10</QtyInPackage>
      <ItemPrice>24.90</ItemPrice>
      <UnitOfMeasurePrice>4.98</UnitOfMeasurePrice>
      <AllowDiscount>0</AllowDiscount>
      <itemStatus>1</itemStatus>
      <LastUpdateDate />
      <LastUpdateTime />
    </Product>
    <Product>
      <PriceUpdateDate>2020/08/17 14:20</PriceUpdateDate>
      <ItemCode>7290100921401</ItemCode>
      <ItemType>1</ItemType>
      <ItemName>הוואי שמפו קרטין מחזק 700 מ`ל</ItemName>
      <ManufactureName>הנקל סוד בע`מ</ManufactureName>
      <ManufactureCountry />
      <ManufactureItemDescription />
      <UnitQty>'יח</UnitQty>
      <Quantity>7</Quantity>
      <UnitMeasure>ל-100 מ"ל</UnitMeasure>
      <BisWeighted>0</BisWeighted>
      <QtyInPackage>12</QtyInPackage>
      <ItemPrice>9.90</ItemPrice>
      <UnitOfMeasurePrice>1.41</UnitOfMeasurePrice>
      <AllowDiscount>1</AllowDiscount>
      <itemStatus>1</itemStatus>
      <LastUpdateDate />
      <LastUpdateTime />
    </Product>
    <Product>
      <PriceUpdateDate>2020/08/17 14:20</PriceUpdateDate>
      <ItemCode>7290100921418</ItemCode>
      <ItemType>1</ItemType>
      <ItemName>הוואי מרכך קרטין מחזק 700 מ`ל</ItemName>
      <ManufactureName>הנקל סוד בע`מ</ManufactureName>
      <ManufactureCountry />
      <ManufactureItemDescription />
      <UnitQty>'יח</UnitQty>
      <Quantity>7</Quantity>
      <UnitMeasure>ל-100 מ"ל</UnitMeasure>
      <BisWeighted>0</BisWeighted>
      <QtyInPackage>12</QtyInPackage>
      <ItemPrice>9.90</ItemPrice>
      <UnitOfMeasurePrice>1.41</UnitOfMeasurePrice>
      <AllowDiscount>1</AllowDiscount>
      <itemStatus>1</itemStatus>
      <LastUpdateDate />
      <LastUpdateTime />
    </Product>
    <Product>
      <PriceUpdateDate>2020/08/17 14:20</PriceUpdateDate>
      <ItemCode>7290100922651</ItemCode>
      <ItemType>1</ItemType>
      <ItemName>רביעיית סבון מוצק ההואי מי קוקוס</ItemName>
      <ManufactureName>הנקל סוד בע`מ</ManufactureName>
      <ManufactureCountry />
      <ManufactureItemDescription />
      <UnitQty>'יח</UnitQty>
      <Quantity>4</Quantity>
      <UnitMeasure>ל-100 גרם</UnitMeasure>
      <BisWeighted>0</BisWeighted>
      <QtyInPackage>12</QtyInPackage>
      <ItemPrice>12.90</ItemPrice>
      <UnitOfMeasurePrice>3.23</UnitOfMeasurePrice>
      <AllowDiscount>1</AllowDiscount>
      <itemStatus>1</itemStatus>
      <LastUpdateDate />
      <LastUpdateTime />
    </Product>
    <Product>
      <PriceUpdateDate>2019/01/16 14:47</PriceUpdateDate>
      <ItemCode>7290100924457</ItemCode>
      <ItemType>1</ItemType>
      <ItemName>סוד סבון אסלה*3יח בניחוח לימון</ItemName>
      <ManufactureName>גורי שיווק</ManufactureName>
      <ManufactureCountry />
      <ManufactureItemDescription />
      <UnitQty>'יח</UnitQty>
      <Quantity>3</Quantity>
      <UnitMeasure>למארז</UnitMeasure>
      <BisWeighted>0</BisWeighted>
      <QtyInPackage>1</QtyInPackage>
      <ItemPrice>19.90</ItemPrice>
      <UnitOfMeasurePrice>6.63</UnitOfMeasurePrice>
      <AllowDiscount>1</AllowDiscount>
      <itemStatus>1</itemStatus>
      <LastUpdateDate />
      <LastUpdateTime />
    </Product>
    <Product>
      <PriceUpdateDate>2019/01/16 14:47</PriceUpdateDate>
      <ItemCode>7290100924464</ItemCode>
      <ItemType>1</ItemType>
      <ItemName>סוד סבון אסלה*3יח בניחוח אקונומיקה</ItemName>
      <ManufactureName>גורי שיווק</ManufactureName>
      <ManufactureCountry />
      <ManufactureItemDescription />
      <UnitQty>'יח</UnitQty>
      <Quantity>3</Quantity>
      <UnitMeasure>למארז</UnitMeasure>
      <BisWeighted>0</BisWeighted>
      <QtyInPackage>1</QtyInPackage>
      <ItemPrice>19.90</ItemPrice>
      <UnitOfMeasurePrice>6.63</UnitOfMeasurePrice>
      <AllowDiscount>1</AllowDiscount>
      <itemStatus>1</itemStatus>
      <LastUpdateDate />
      <LastUpdateTime />
    </Product>
    <Product>
      <PriceUpdateDate>2019/07/03 08:47</PriceUpdateDate>
      <ItemCode>7290100924631</ItemCode>
      <ItemType>1</ItemType>
      <ItemName>מרכך כביסה סוד בייבי 900מ`ל</ItemName>
      <ManufactureName>גורי שיווק</ManufactureName>
      <ManufactureCountry />
      <ManufactureItemDescription />
      <UnitQty>'יח</UnitQty>
      <Quantity>9</Quantity>
      <UnitMeasure>ל-100 מ"ל</UnitMeasure>
      <BisWeighted>0</BisWeighted>
      <QtyInPackage>12</QtyInPackage>
      <ItemPrice>12.90</ItemPrice>
      <UnitOfMeasurePrice>1.43</UnitOfMeasurePrice>
      <AllowDiscount>1</AllowDiscount>
      <itemStatus>1</itemStatus>
      <LastUpdateDate />
      <LastUpdateTime />
    </Product>
    <Product>
      <PriceUpdateDate>2021/05/03 15:31</PriceUpdateDate>
      <ItemCode>7290100925669</ItemCode>
      <ItemType>1</ItemType>
      <ItemName>קולור קאצ`ר 10 דפים</ItemName>
      <ManufactureName>גורי שיווק</ManufactureName>
      <ManufactureCountry />
      <ManufactureItemDescription />
      <UnitQty>'יח</UnitQty>
      <Quantity>1</Quantity>
      <UnitMeasure>ל-100 גרם</UnitMeasure>
      <BisWeighted>0</BisWeighted>
      <QtyInPackage>1</QtyInPackage>
      <ItemPrice>9.90</ItemPrice>
      <UnitOfMeasurePrice>9.90</UnitOfMeasurePrice>
      <AllowDiscount>1</AllowDiscount>
      <itemStatus>1</itemStatus>
      <LastUpdateDate />
      <LastUpdateTime />
    </Product>
    <Product>
      <PriceUpdateDate>2020/06/17 17:53</PriceUpdateDate>
      <ItemCode>7290100926109</ItemCode>
      <ItemType>1</ItemType>
      <ItemName>מרכך כביסה סוד האהבה 4 ליטר</ItemName>
      <ManufactureName>גורי שיווק</ManufactureName>
      <ManufactureCountry />
      <ManufactureItemDescription />
      <UnitQty>'יח</UnitQty>
      <Quantity>40</Quantity>
      <UnitMeasure>ל-100 מ"ל</UnitMeasure>
      <BisWeighted>0</BisWeighted>
      <QtyInPackage>1</QtyInPackage>
      <ItemPrice>17.90</ItemPrice>
      <UnitOfMeasurePrice>0.45</UnitOfMeasurePrice>
      <AllowDiscount>0</AllowDiscount>
      <itemStatus>1</itemStatus>
      <LastUpdateDate />
      <LastUpdateTime />
    </Product>
    <Product>
      <PriceUpdateDate>2022/07/04 08:43</PriceUpdateDate>
      <ItemCode>7290101112921</ItemCode>
      <ItemType>1</ItemType>
      <ItemName>מאגדת גלידל פרי פירות טרופיים 8 יח`</ItemName>
      <ManufactureName>פלקו בעמ חברה ישראלית</ManufactureName>
      <ManufactureCountry />
      <ManufactureItemDescription />
      <UnitQty>'יח</UnitQty>
      <Quantity>1</Quantity>
      <UnitMeasure>ל-100 גרם</UnitMeasure>
      <BisWeighted>0</BisWeighted>
      <QtyInPackage>1</QtyInPackage>
      <ItemPrice>19.90</ItemPrice>
      <UnitOfMeasurePrice>19.90</UnitOfMeasurePrice>
      <AllowDiscount>0</AllowDiscount>
      <itemStatus>1</itemStatus>
      <LastUpdateDate />
      <LastUpdateTime />
    </Product>
    <Product>
      <PriceUpdateDate>2022/06/15 07:03</PriceUpdateDate>
      <ItemCode>7290101113393</ItemCode>
      <ItemType>1</ItemType>
      <ItemName>מאגדת יופלה יוגורט פירות יער 5 יח</ItemName>
      <ManufactureName>פלקו בעמ חברה ישראלית</ManufactureName>
      <ManufactureCountry />
      <ManufactureItemDescription />
      <UnitQty>'יח</UnitQty>
      <Quantity>1</Quantity>
      <UnitMeasure>ל-100 גרם</UnitMeasure>
      <BisWeighted>0</BisWeighted>
      <QtyInPackage>1</QtyInPackage>
      <ItemPrice>21.90</ItemPrice>
      <UnitOfMeasurePrice>21.90</UnitOfMeasurePrice>
      <AllowDiscount>1</AllowDiscount>
      <itemStatus>1</itemStatus>
      <LastUpdateDate />
      <LastUpdateTime />
    </Product>
    <Product>
      <PriceUpdateDate>2022/05/29 11:18</PriceUpdateDate>
      <ItemCode>7290101113676</ItemCode>
      <ItemType>1</ItemType>
      <ItemName>מאגדת קרח רמזור *6</ItemName>
      <ManufactureName>פלקו בעמ חברה ישראלית</ManufactureName>
      <ManufactureCountry />
      <ManufactureItemDescription />
      <UnitQty>'יח</UnitQty>
      <Quantity>1</Quantity>
      <UnitMeasure>ל-100 גרם</UnitMeasure>
      <BisWeighted>0</BisWeighted>
      <QtyInPackage>1</QtyInPackage>
      <ItemPrice>10.90</ItemPrice>
      <UnitOfMeasurePrice>10.90</UnitOfMeasurePrice>
      <AllowDiscount>1</AllowDiscount>
      <itemStatus>1</itemStatus>
      <LastUpdateDate />
      <LastUpdateTime />
    </Product>
    <Product>
      <PriceUpdateDate>2022/01/31 13:54</PriceUpdateDate>
      <ItemCode>7290101113751</ItemCode>
      <ItemType>1</ItemType>
      <ItemName>מאגדת 4 יחשלגון יולו קרמל שוקולד בלונד</ItemName>
      <ManufactureName>פלקו בעמ חברה ישראלית</ManufactureName>
      <ManufactureCountry />
      <ManufactureItemDescription />
      <UnitQty>'יח</UnitQty>
      <Quantity>1</Quantity>
      <UnitMeasure>ל-100 גרם</UnitMeasure>
      <BisWeighted>0</BisWeighted>
      <QtyInPackage>1</QtyInPackage>
      <ItemPrice>19.90</ItemPrice>
      <UnitOfMeasurePrice>19.90</UnitOfMeasurePrice>
      <AllowDiscount>0</AllowDiscount>
      <itemStatus>1</itemStatus>
      <LastUpdateDate />
      <LastUpdateTime />
    </Product>
    <Product>
      <PriceUpdateDate>2022/06/15 07:03</PriceUpdateDate>
      <ItemCode>7290101113805</ItemCode>
      <ItemType>1</ItemType>
      <ItemName>מאגדת 5 יח יופלה שייק תות 70% פרי</ItemName>
      <ManufactureName>פלקו בעמ חברה ישראלית</ManufactureName>
      <ManufactureCountry />
      <ManufactureItemDescription />
      <UnitQty>'יח</UnitQty>
      <Quantity>1</Quantity>
      <UnitMeasure>ל-100 גרם</UnitMeasure>
      <BisWeighted>0</BisWeighted>
      <QtyInPackage>1</QtyInPackage>
      <ItemPrice>21.90</ItemPrice>
      <UnitOfMeasurePrice>21.90</UnitOfMeasurePrice>
      <AllowDiscount>1</AllowDiscount>
      <itemStatus>1</itemStatus>
      <LastUpdateDate />
      <LastUpdateTime />
    </Product>
    <Product>
      <PriceUpdateDate>2022/06/15 07:03</PriceUpdateDate>
      <ItemCode>7290101113829</ItemCode>
      <ItemType>1</ItemType>
      <ItemName>מאגדת 5 יח יופלה שייק מנגו 70% פרי</ItemName>
      <ManufactureName>פלקו בעמ חברה ישראלית</ManufactureName>
      <ManufactureCountry />
      <ManufactureItemDescription />
      <UnitQty>'יח</UnitQty>
      <Quantity>1</Quantity>
      <UnitMeasure>ל-100 גרם</UnitMeasure>
      <BisWeighted>0</BisWeighted>
      <QtyInPackage>1</QtyInPackage>
      <ItemPrice>21.90</ItemPrice>
      <UnitOfMeasurePrice>21.90</UnitOfMeasurePrice>
      <AllowDiscount>1</AllowDiscount>
      <itemStatus>1</itemStatus>
      <LastUpdateDate />
      <LastUpdateTime />
    </Product>
    <Product>
      <PriceUpdateDate>2022/08/18 11:54</PriceUpdateDate>
      <ItemCode>7290101113904</ItemCode>
      <ItemType>1</ItemType>
      <ItemName>מנבו מוקה  12 יח`</ItemName>
      <ManufactureName>פלקו בעמ חברה ישראלית</ManufactureName>
      <ManufactureCountry />
      <ManufactureItemDescription />
      <UnitQty>'יח</UnitQty>
      <Quantity>0</Quantity>
      <UnitMeasure>ל-100 גרם</UnitMeasure>
      <BisWeighted>0</BisWeighted>
      <QtyInPackage>1</QtyInPackage>
      <ItemPrice>22.90</ItemPrice>
      <UnitOfMeasurePrice>22.90</UnitOfMeasurePrice>
      <AllowDiscount>0</AllowDiscount>
      <itemStatus>1</itemStatus>
      <LastUpdateDate />
      <LastUpdateTime />
    </Product>
    <Product>
      <PriceUpdateDate>2021/08/25 16:13</PriceUpdateDate>
      <ItemCode>7290101455912</ItemCode>
      <ItemType>1</ItemType>
      <ItemName>בקבוק נירוסטה מעוצב 500 מל`</ItemName>
      <ManufactureName>שמחה זה אנחנו בע`מ</ManufactureName>
      <ManufactureCountry />
      <ManufactureItemDescription />
      <UnitQty>'יח</UnitQty>
      <Quantity>1</Quantity>
      <UnitMeasure />
      <BisWeighted>0</BisWeighted>
      <QtyInPackage>1</QtyInPackage>
      <ItemPrice>22.90</ItemPrice>
      <UnitOfMeasurePrice>22.90</UnitOfMeasurePrice>
      <AllowDiscount>0</AllowDiscount>
      <itemStatus>1</itemStatus>
      <LastUpdateDate />
      <LastUpdateTime />
    </Product>
    <Product>
      <PriceUpdateDate>2020/10/13 14:17</PriceUpdateDate>
      <ItemCode>7290101488323</ItemCode>
      <ItemType>1</ItemType>
      <ItemName>ליידי ספיד סטיק פרש ללא סימן 65.2ג</ItemName>
      <ManufactureName>ש. שסטוביץ בע`מ</ManufactureName>
      <ManufactureCountry />
      <ManufactureItemDescription />
      <UnitQty>'יח</UnitQty>
      <Quantity>0.65</Quantity>
      <UnitMeasure>ל-100 מ"ל</UnitMeasure>
      <BisWeighted>0</BisWeighted>
      <QtyInPackage>1</QtyInPackage>
      <ItemPrice>19.90</ItemPrice>
      <UnitOfMeasurePrice>30.62</UnitOfMeasurePrice>
      <AllowDiscount>1</AllowDiscount>
      <itemStatus>1</itemStatus>
      <LastUpdateDate />
      <LastUpdateTime />
    </Product>
    <Product>
      <PriceUpdateDate>2020/07/13 12:52</PriceUpdateDate>
      <ItemCode>7290101500025</ItemCode>
      <ItemType>1</ItemType>
      <ItemName>עלי בייבי 300 גר`</ItemName>
      <ManufactureName>ביכורי השדה הצפון בעמ` 1964</ManufactureName>
      <ManufactureCountry />
      <ManufactureItemDescription />
      <UnitQty>'יח</UnitQty>
      <Quantity>1</Quantity>
      <UnitMeasure />
      <BisWeighted>0</BisWeighted>
      <QtyInPackage>1</QtyInPackage>
      <ItemPrice>10.90</ItemPrice>
      <UnitOfMeasurePrice>10.90</UnitOfMeasurePrice>
      <AllowDiscount>0</AllowDiscount>
      <itemStatus>1</itemStatus>
      <LastUpdateDate />
      <LastUpdateTime />
    </Product>
    <Product>
      <PriceUpdateDate>2021/03/30 06:35</PriceUpdateDate>
      <ItemCode>7290101500193</ItemCode>
      <ItemType>1</ItemType>
      <ItemName>חסה רומית</ItemName>
      <ManufactureName>ביכורי השדה הצפון בעמ` 1964</ManufactureName>
      <ManufactureCountry />
      <ManufactureItemDescription />
      <UnitQty>'יח</UnitQty>
      <Quantity>1</Quantity>
      <UnitMeasure />
      <BisWeighted>0</BisWeighted>
      <QtyInPackage>1</QtyInPackage>
      <ItemPrice>8.90</ItemPrice>
      <UnitOfMeasurePrice>8.90</UnitOfMeasurePrice>
      <AllowDiscount>0</AllowDiscount>
      <itemStatus>1</itemStatus>
      <LastUpdateDate />
      <LastUpdateTime />
    </Product>
    <Product>
      <PriceUpdateDate>2019/06/12 09:30</PriceUpdateDate>
      <ItemCode>7290101500506</ItemCode>
      <ItemType>1</ItemType>
      <ItemName>פטרוזיליה</ItemName>
      <ManufactureName>ביכורי השדה הצפון בעמ` 1964</ManufactureName>
      <ManufactureCountry />
      <ManufactureItemDescription />
      <UnitQty>'יח</UnitQty>
      <Quantity>1</Quantity>
      <UnitMeasure>'יח</UnitMeasure>
      <BisWeighted>0</BisWeighted>
      <QtyInPackage>1</QtyInPackage>
      <ItemPrice>3.90</ItemPrice>
      <UnitOfMeasurePrice>3.90</UnitOfMeasurePrice>
      <AllowDiscount>0</AllowDiscount>
      <itemStatus>1</itemStatus>
      <LastUpdateDate />
      <LastUpdateTime />
    </Product>
    <Product>
      <PriceUpdateDate>2019/06/12 09:30</PriceUpdateDate>
      <ItemCode>7290101500513</ItemCode>
      <ItemType>1</ItemType>
      <ItemName>שמיר</ItemName>
      <ManufactureName>ביכורי השדה הצפון בעמ` 1964</ManufactureName>
      <ManufactureCountry />
      <ManufactureItemDescription />
      <UnitQty>'יח</UnitQty>
      <Quantity>1</Quantity>
      <UnitMeasure />
      <BisWeighted>0</BisWeighted>
      <QtyInPackage>1</QtyInPackage>
      <ItemPrice>3.90</ItemPrice>
      <UnitOfMeasurePrice>3.90</UnitOfMeasurePrice>
      <AllowDiscount>0</AllowDiscount>
      <itemStatus>1</itemStatus>
      <LastUpdateDate />
      <LastUpdateTime />
    </Product>
    <Product>
      <PriceUpdateDate>2019/01/16 14:48</PriceUpdateDate>
      <ItemCode>7290101500520</ItemCode>
      <ItemType>1</ItemType>
      <ItemName>ירק כוסברה</ItemName>
      <ManufactureName>ביכורי השדה הצפון בעמ` 1964</ManufactureName>
      <ManufactureCountry />
      <ManufactureItemDescription />
      <UnitQty>'יח</UnitQty>
      <Quantity>1</Quantity>
      <UnitMeasure />
      <BisWeighted>0</BisWeighted>
      <QtyInPackage>1</QtyInPackage>
      <ItemPrice>3.90</ItemPrice>
      <UnitOfMeasurePrice>3.90</UnitOfMeasurePrice>
      <AllowDiscount>0</AllowDiscount>
      <itemStatus>1</itemStatus>
      <LastUpdateDate />
      <LastUpdateTime />
    </Product>
    <Product>
      <PriceUpdateDate>2019/06/12 09:30</PriceUpdateDate>
      <ItemCode>7290101500537</ItemCode>
      <ItemType>1</ItemType>
      <ItemName>נענע</ItemName>
      <ManufactureName>ביכורי השדה הצפון בעמ` 1964</ManufactureName>
      <ManufactureCountry />
      <ManufactureItemDescription />
      <UnitQty>'יח</UnitQty>
      <Quantity>1</Quantity>
      <UnitMeasure />
      <BisWeighted>0</BisWeighted>
      <QtyInPackage>1</QtyInPackage>
      <ItemPrice>3.90</ItemPrice>
      <UnitOfMeasurePrice>3.90</UnitOfMeasurePrice>
      <AllowDiscount>0</AllowDiscount>
      <itemStatus>1</itemStatus>
      <LastUpdateDate />
      <LastUpdateTime />
    </Product>
    <Product>
      <PriceUpdateDate>2021/03/30 06:35</PriceUpdateDate>
      <ItemCode>7290101500551</ItemCode>
      <ItemType>1</ItemType>
      <ItemName>סלרי אמריקאי</ItemName>
      <ManufactureName>ביכורי השדה הצפון בעמ` 1964</ManufactureName>
      <ManufactureCountry />
      <ManufactureItemDescription />
      <UnitQty>'יח</UnitQty>
      <Quantity>1</Quantity>
      <UnitMeasure />
      <BisWeighted>0</BisWeighted>
      <QtyInPackage>1</QtyInPackage>
      <ItemPrice>5.90</ItemPrice>
      <UnitOfMeasurePrice>5.90</UnitOfMeasurePrice>
      <AllowDiscount>0</AllowDiscount>
      <itemStatus>1</itemStatus>
      <LastUpdateDate />
      <LastUpdateTime />
    </Product>
    <Product>
      <PriceUpdateDate>2021/03/30 06:35</PriceUpdateDate>
      <ItemCode>7290101500568</ItemCode>
      <ItemType>1</ItemType>
      <ItemName>סלרי ראש</ItemName>
      <ManufactureName>ביכורי השדה הצפון בעמ` 1964</ManufactureName>
      <ManufactureCountry />
      <ManufactureItemDescription />
      <UnitQty>'יח</UnitQty>
      <Quantity>1</Quantity>
      <UnitMeasure />
      <BisWeighted>0</BisWeighted>
      <QtyInPackage>1</QtyInPackage>
      <ItemPrice>5.90</ItemPrice>
      <UnitOfMeasurePrice>5.90</UnitOfMeasurePrice>
      <AllowDiscount>0</AllowDiscount>
      <itemStatus>1</itemStatus>
      <LastUpdateDate />
      <LastUpdateTime />
    </Product>
    <Product>
      <PriceUpdateDate>2020/07/13 12:52</PriceUpdateDate>
      <ItemCode>7290101500926</ItemCode>
      <ItemType>1</ItemType>
      <ItemName>תרד ירקר</ItemName>
      <ManufactureName>ביכורי השדה הצפון בעמ` 1964</ManufactureName>
      <ManufactureCountry />
      <ManufactureItemDescription />
      <UnitQty>'יח</UnitQty>
      <Quantity>1</Quantity>
      <UnitMeasure />
      <BisWeighted>0</BisWeighted>
      <QtyInPackage>1</QtyInPackage>
      <ItemPrice>10.90</ItemPrice>
      <UnitOfMeasurePrice>10.90</UnitOfMeasurePrice>
      <AllowDiscount>0</AllowDiscount>
      <itemStatus>1</itemStatus>
      <LastUpdateDate />
      <LastUpdateTime />
    </Product>
    <Product>
      <PriceUpdateDate>2022/03/03 15:40</PriceUpdateDate>
      <ItemCode>7290101501138</ItemCode>
      <ItemType>1</ItemType>
      <ItemName>כרובית</ItemName>
      <ManufactureName>ביכורי השדה הצפון בעמ` 1964</ManufactureName>
      <ManufactureCountry />
      <ManufactureItemDescription />
      <UnitQty>ק"ג</UnitQty>
      <Quantity>1</Quantity>
      <UnitMeasure />
      <BisWeighted>1</BisWeighted>
      <QtyInPackage>1</QtyInPackage>
      <ItemPrice>9.90</ItemPrice>
      <UnitOfMeasurePrice>9.90</UnitOfMeasurePrice>
      <AllowDiscount>0</AllowDiscount>
      <itemStatus>1</itemStatus>
      <LastUpdateDate />
      <LastUpdateTime />
    </Product>
    <Product>
      <PriceUpdateDate>2021/03/30 06:35</PriceUpdateDate>
      <ItemCode>7290101501176</ItemCode>
      <ItemType>1</ItemType>
      <ItemName>פלפלונים</ItemName>
      <ManufactureName>ביכורי השדה הצפון בעמ` 1964</ManufactureName>
      <ManufactureCountry />
      <ManufactureItemDescription />
      <UnitQty>'יח</UnitQty>
      <Quantity>1</Quantity>
      <UnitMeasure />
      <BisWeighted>0</BisWeighted>
      <QtyInPackage>1</QtyInPackage>
      <ItemPrice>8.90</ItemPrice>
      <UnitOfMeasurePrice>8.90</UnitOfMeasurePrice>
      <AllowDiscount>0</AllowDiscount>
      <itemStatus>1</itemStatus>
      <LastUpdateDate />
      <LastUpdateTime />
    </Product>
    <Product>
      <PriceUpdateDate>2019/01/16 14:48</PriceUpdateDate>
      <ItemCode>7290101501183</ItemCode>
      <ItemType>1</ItemType>
      <ItemName>פלפל צ`ילי</ItemName>
      <ManufactureName>ביכורי השדה הצפון בעמ` 1964</ManufactureName>
      <ManufactureCountry />
      <ManufactureItemDescription />
      <UnitQty>'יח</UnitQty>
      <Quantity>1</Quantity>
      <UnitMeasure />
      <BisWeighted>0</BisWeighted>
      <QtyInPackage>1</QtyInPackage>
      <ItemPrice>7.90</ItemPrice>
      <UnitOfMeasurePrice>7.90</UnitOfMeasurePrice>
      <AllowDiscount>0</AllowDiscount>
      <itemStatus>1</itemStatus>
      <LastUpdateDate />
      <LastUpdateTime />
    </Product>
    <Product>
      <PriceUpdateDate>2019/01/16 14:48</PriceUpdateDate>
      <ItemCode>7290101501305</ItemCode>
      <ItemType>1</ItemType>
      <ItemName>מלפפונים קטנים</ItemName>
      <ManufactureName>ביכורי השדה הצפון בעמ` 1964</ManufactureName>
      <ManufactureCountry />
      <ManufactureItemDescription />
      <UnitQty>'יח</UnitQty>
      <Quantity>1</Quantity>
      <UnitMeasure />
      <BisWeighted>0</BisWeighted>
      <QtyInPackage>1</QtyInPackage>
      <ItemPrice>9.90</ItemPrice>
      <UnitOfMeasurePrice>9.90</UnitOfMeasurePrice>
      <AllowDiscount>0</AllowDiscount>
      <itemStatus>1</itemStatus>
      <LastUpdateDate />
      <LastUpdateTime />
    </Product>
    <Product>
      <PriceUpdateDate>2019/01/16 14:48</PriceUpdateDate>
      <ItemCode>7290101551027</ItemCode>
      <ItemType>1</ItemType>
      <ItemName>קפסולות למכונות נספרסו כשל`פ</ItemName>
      <ManufactureName>שטראוס גרופ בע`מ</ManufactureName>
      <ManufactureCountry />
      <ManufactureItemDescription />
      <UnitQty>'יח</UnitQty>
      <Quantity>0.50</Quantity>
      <UnitMeasure>ל-100 גרם</UnitMeasure>
      <BisWeighted>0</BisWeighted>
      <QtyInPackage>12</QtyInPackage>
      <ItemPrice>16.90</ItemPrice>
      <UnitOfMeasurePrice>33.80</UnitOfMeasurePrice>
      <AllowDiscount>1</AllowDiscount>
      <itemStatus>1</itemStatus>
      <LastUpdateDate />
      <LastUpdateTime />
    </Product>
    <Product>
      <PriceUpdateDate>2019/01/16 14:48</PriceUpdateDate>
      <ItemCode>7290101551263</ItemCode>
      <ItemType>1</ItemType>
      <ItemName>סילאן טבעי צנצנת 700 גר`</ItemName>
      <ManufactureName>שטראוס גרופ בע`מ</ManufactureName>
      <ManufactureCountry />
      <ManufactureItemDescription />
      <UnitQty>'יח</UnitQty>
      <Quantity>0.70</Quantity>
      <UnitMeasure>ל-100 גרם</UnitMeasure>
      <BisWeighted>0</BisWeighted>
      <QtyInPackage>6</QtyInPackage>
      <ItemPrice>21.90</ItemPrice>
      <UnitOfMeasurePrice>31.29</UnitOfMeasurePrice>
      <AllowDiscount>1</AllowDiscount>
      <itemStatus>1</itemStatus>
      <LastUpdateDate />
      <LastUpdateTime />
    </Product>
    <Product>
      <PriceUpdateDate>2019/08/11 15:34</PriceUpdateDate>
      <ItemCode>7290101551300</ItemCode>
      <ItemType>1</ItemType>
      <ItemName>סילאן טבעי לחיץ 300 גרם</ItemName>
      <ManufactureName>שטראוס גרופ בע`מ</ManufactureName>
      <ManufactureCountry />
      <ManufactureItemDescription />
      <UnitQty>'יח</UnitQty>
      <Quantity>0.38</Quantity>
      <UnitMeasure>ל-100 גרם</UnitMeasure>
      <BisWeighted>0</BisWeighted>
      <QtyInPackage>12</QtyInPackage>
      <ItemPrice>14.90</ItemPrice>
      <UnitOfMeasurePrice>39.21</UnitOfMeasurePrice>
      <AllowDiscount>1</AllowDiscount>
      <itemStatus>1</itemStatus>
      <LastUpdateDate />
      <LastUpdateTime />
    </Product>
    <Product>
      <PriceUpdateDate>2019/01/16 14:48</PriceUpdateDate>
      <ItemCode>7290101551584</ItemCode>
      <ItemType>1</ItemType>
      <ItemName>מארז תפוצ`יפס קידס 10*20</ItemName>
      <ManufactureName>שטראוס פריטו ליי בע`מ</ManufactureName>
      <ManufactureCountry />
      <ManufactureItemDescription />
      <UnitQty>'יח</UnitQty>
      <Quantity>2</Quantity>
      <UnitMeasure>ל-100 גרם</UnitMeasure>
      <BisWeighted>0</BisWeighted>
      <QtyInPackage>1</QtyInPackage>
      <ItemPrice>14.90</ItemPrice>
      <UnitOfMeasurePrice>7.45</UnitOfMeasurePrice>
      <AllowDiscount>0</AllowDiscount>
      <itemStatus>1</itemStatus>
      <LastUpdateDate />
      <LastUpdateTime />
    </Product>
    <Product>
      <PriceUpdateDate>2019/01/16 14:48</PriceUpdateDate>
      <ItemCode>7290101551638</ItemCode>
      <ItemType>1</ItemType>
      <ItemName>צ`יטוס מארז כאפה 20*10</ItemName>
      <ManufactureName>שטראוס פריטו ליי בע`מ</ManufactureName>
      <ManufactureCountry />
      <ManufactureItemDescription />
      <UnitQty>'יח</UnitQty>
      <Quantity>2</Quantity>
      <UnitMeasure>ל-100 גרם</UnitMeasure>
      <BisWeighted>0</BisWeighted>
      <QtyInPackage>1</QtyInPackage>
      <ItemPrice>13.90</ItemPrice>
      <UnitOfMeasurePrice>6.95</UnitOfMeasurePrice>
      <AllowDiscount>0</AllowDiscount>
      <itemStatus>1</itemStatus>
      <LastUpdateDate />
      <LastUpdateTime />
    </Product>
    <Product>
      <PriceUpdateDate>2019/01/16 14:48</PriceUpdateDate>
      <ItemCode>7290101551645</ItemCode>
      <ItemType>1</ItemType>
      <ItemName>מארז ציטוס איקס עיגול 20*10</ItemName>
      <ManufactureName>שטראוס פריטו ליי בע`מ</ManufactureName>
      <ManufactureCountry />
      <ManufactureItemDescription />
      <UnitQty>'יח</UnitQty>
      <Quantity>2</Quantity>
      <UnitMeasure>ל-100 גרם</UnitMeasure>
      <BisWeighted>0</BisWeighted>
      <QtyInPackage>1</QtyInPackage>
      <ItemPrice>13.90</ItemPrice>
      <UnitOfMeasurePrice>6.95</UnitOfMeasurePrice>
      <AllowDiscount>0</AllowDiscount>
      <itemStatus>1</itemStatus>
      <LastUpdateDate />
      <LastUpdateTime />
    </Product>
    <Product>
      <PriceUpdateDate>2021/12/29 20:18</PriceUpdateDate>
      <ItemCode>7290101863410</ItemCode>
      <ItemType>1</ItemType>
      <ItemName>סיליט Bangניקוי כללי עם אקונומיקה7</ItemName>
      <ManufactureName>תה ויסוצקי בע`מ</ManufactureName>
      <ManufactureCountry />
      <ManufactureItemDescription />
      <UnitQty>'יח</UnitQty>
      <Quantity>7.50</Quantity>
      <UnitMeasure>ל-100 מ"ל</UnitMeasure>
      <BisWeighted>0</BisWeighted>
      <QtyInPackage>1</QtyInPackage>
      <ItemPrice>10.90</ItemPrice>
      <UnitOfMeasurePrice>1.45</UnitOfMeasurePrice>
      <AllowDiscount>1</AllowDiscount>
      <itemStatus>1</itemStatus>
      <LastUpdateDate />
      <LastUpdateTime />
    </Product>
    <Product>
      <PriceUpdateDate>2021/10/12 15:11</PriceUpdateDate>
      <ItemCode>7290101864127</ItemCode>
      <ItemType>1</ItemType>
      <ItemName>קליה אוקסי ספריי 750 מ`ל</ItemName>
      <ManufactureName>תה ויסוצקי בע`מ</ManufactureName>
      <ManufactureCountry />
      <ManufactureItemDescription />
      <UnitQty>'יח</UnitQty>
      <Quantity>7.50</Quantity>
      <UnitMeasure>ל-100 מ"ל</UnitMeasure>
      <BisWeighted>0</BisWeighted>
      <QtyInPackage>1</QtyInPackage>
      <ItemPrice>16.90</ItemPrice>
      <UnitOfMeasurePrice>2.25</UnitOfMeasurePrice>
      <AllowDiscount>1</AllowDiscount>
      <itemStatus>1</itemStatus>
      <LastUpdateDate />
      <LastUpdateTime />
    </Product>
    <Product>
      <PriceUpdateDate>2019/07/03 08:47</PriceUpdateDate>
      <ItemCode>7290101865261</ItemCode>
      <ItemType>1</ItemType>
      <ItemName>פיניש נוזל הברקה 800 מ`ל</ItemName>
      <ManufactureName>תה ויסוצקי בע`מ</ManufactureName>
      <ManufactureCountry />
      <ManufactureItemDescription />
      <UnitQty>'יח</UnitQty>
      <Quantity>8</Quantity>
      <UnitMeasure>ל-100 מ"ל</UnitMeasure>
      <BisWeighted>0</BisWeighted>
      <QtyInPackage>1</QtyInPackage>
      <ItemPrice>21.90</ItemPrice>
      <UnitOfMeasurePrice>2.74</UnitOfMeasurePrice>
      <AllowDiscount>1</AllowDiscount>
      <itemStatus>1</itemStatus>
      <LastUpdateDate />
      <LastUpdateTime />
    </Product>
    <Product>
      <PriceUpdateDate>2019/07/03 08:47</PriceUpdateDate>
      <ItemCode>7290101866633</ItemCode>
      <ItemType>1</ItemType>
      <ItemName>קליה ג`ל 3 ל`</ItemName>
      <ManufactureName>תה ויסוצקי בע`מ</ManufactureName>
      <ManufactureCountry />
      <ManufactureItemDescription />
      <UnitQty>'יח</UnitQty>
      <Quantity>30</Quantity>
      <UnitMeasure>ל-100 מ"ל</UnitMeasure>
      <BisWeighted>0</BisWeighted>
      <QtyInPackage>1</QtyInPackage>
      <ItemPrice>29.90</ItemPrice>
      <UnitOfMeasurePrice>1</UnitOfMeasurePrice>
      <AllowDiscount>1</AllowDiscount>
      <itemStatus>1</itemStatus>
      <LastUpdateDate />
      <LastUpdateTime />
    </Product>
    <Product>
      <PriceUpdateDate>2019/07/03 08:47</PriceUpdateDate>
      <ItemCode>7290101866787</ItemCode>
      <ItemType>1</ItemType>
      <ItemName>קליה 3  ל`WHITE</ItemName>
      <ManufactureName>תה ויסוצקי בע`מ</ManufactureName>
      <ManufactureCountry />
      <ManufactureItemDescription />
      <UnitQty>'יח</UnitQty>
      <Quantity>30</Quantity>
      <UnitMeasure>ל-100 מ"ל</UnitMeasure>
      <BisWeighted>0</BisWeighted>
      <QtyInPackage>1</QtyInPackage>
      <ItemPrice>29.90</ItemPrice>
      <UnitOfMeasurePrice>1</UnitOfMeasurePrice>
      <AllowDiscount>1</AllowDiscount>
      <itemStatus>1</itemStatus>
      <LastUpdateDate />
      <LastUpdateTime />
    </Product>
    <Product>
      <PriceUpdateDate>2022/07/20 21:37</PriceUpdateDate>
      <ItemCode>7290101868958</ItemCode>
      <ItemType>1</ItemType>
      <ItemName>פיניש נוזל הברקה 800 מ`ל</ItemName>
      <ManufactureName>תה ויסוצקי בע`מ</ManufactureName>
      <ManufactureCountry />
      <ManufactureItemDescription />
      <UnitQty>'יח</UnitQty>
      <Quantity>8</Quantity>
      <UnitMeasure>ל-100 מ"ל</UnitMeasure>
      <BisWeighted>0</BisWeighted>
      <QtyInPackage>1</QtyInPackage>
      <ItemPrice>19.90</ItemPrice>
      <UnitOfMeasurePrice>2.49</UnitOfMeasurePrice>
      <AllowDiscount>1</AllowDiscount>
      <itemStatus>1</itemStatus>
      <LastUpdateDate />
      <LastUpdateTime />
    </Product>
    <Product>
      <PriceUpdateDate>2022/08/24 16:22</PriceUpdateDate>
      <ItemCode>7290101869702</ItemCode>
      <ItemType>1</ItemType>
      <ItemName>פיניש ג`ל 600 AIO</ItemName>
      <ManufactureName>תה ויסוצקי בע`מ</ManufactureName>
      <ManufactureCountry />
      <ManufactureItemDescription />
      <UnitQty>'יח</UnitQty>
      <Quantity>6</Quantity>
      <UnitMeasure>ל-100 מ"ל</UnitMeasure>
      <BisWeighted>0</BisWeighted>
      <QtyInPackage>1</QtyInPackage>
      <ItemPrice>31.90</ItemPrice>
      <UnitOfMeasurePrice>5.32</UnitOfMeasurePrice>
      <AllowDiscount>1</AllowDiscount>
      <itemStatus>1</itemStatus>
      <LastUpdateDate />
      <LastUpdateTime />
    </Product>
    <Product>
      <PriceUpdateDate>2020/11/24 10:33</PriceUpdateDate>
      <ItemCode>7290101869726</ItemCode>
      <ItemType>1</ItemType>
      <ItemName>פיניש ג`ל 1 ליטר מקס ALL IN ONE</ItemName>
      <ManufactureName>תה ויסוצקי בע`מ</ManufactureName>
      <ManufactureCountry />
      <ManufactureItemDescription />
      <UnitQty>'יח</UnitQty>
      <Quantity>10</Quantity>
      <UnitMeasure>ל-100 מ"ל</UnitMeasure>
      <BisWeighted>0</BisWeighted>
      <QtyInPackage>1</QtyInPackage>
      <ItemPrice>39.90</ItemPrice>
      <UnitOfMeasurePrice>3.99</UnitOfMeasurePrice>
      <AllowDiscount>1</AllowDiscount>
      <itemStatus>1</itemStatus>
      <LastUpdateDate />
      <LastUpdateTime />
    </Product>
    <Product>
      <PriceUpdateDate>2021/12/29 20:18</PriceUpdateDate>
      <ItemCode>7290101869788</ItemCode>
      <ItemType>1</ItemType>
      <ItemName>מילוי מבשם אויר אוטומטי אואזיס</ItemName>
      <ManufactureName>תה ויסוצקי בע`מ</ManufactureName>
      <ManufactureCountry />
      <ManufactureItemDescription />
      <UnitQty>'יח</UnitQty>
      <Quantity>2.50</Quantity>
      <UnitMeasure>ל-100 מ"ל</UnitMeasure>
      <BisWeighted>0</BisWeighted>
      <QtyInPackage>1</QtyInPackage>
      <ItemPrice>14.90</ItemPrice>
      <UnitOfMeasurePrice>5.96</UnitOfMeasurePrice>
      <AllowDiscount>1</AllowDiscount>
      <itemStatus>1</itemStatus>
      <LastUpdateDate />
      <LastUpdateTime />
    </Product>
    <Product>
      <PriceUpdateDate>2021/12/29 20:18</PriceUpdateDate>
      <ItemCode>7290101869795</ItemCode>
      <ItemType>1</ItemType>
      <ItemName>מילוי מבשם אויר אוטומטי חלום ליל קיץ</ItemName>
      <ManufactureName>תה ויסוצקי בע`מ</ManufactureName>
      <ManufactureCountry />
      <ManufactureItemDescription />
      <UnitQty>'יח</UnitQty>
      <Quantity>2.50</Quantity>
      <UnitMeasure>ל-100 מ"ל</UnitMeasure>
      <BisWeighted>0</BisWeighted>
      <QtyInPackage>1</QtyInPackage>
      <ItemPrice>14.90</ItemPrice>
      <UnitOfMeasurePrice>5.96</UnitOfMeasurePrice>
      <AllowDiscount>1</AllowDiscount>
      <itemStatus>1</itemStatus>
      <LastUpdateDate />
      <LastUpdateTime />
    </Product>
    <Product>
      <PriceUpdateDate>2020/07/12 15:52</PriceUpdateDate>
      <ItemCode>7290102030330</ItemCode>
      <ItemType>1</ItemType>
      <ItemName>תפוצ`יפס אקסטרא מקסיקני 200 גרם +20 תו</ItemName>
      <ManufactureName>שטראוס פריטו ליי בע`מ</ManufactureName>
      <ManufactureCountry />
      <ManufactureItemDescription />
      <UnitQty>'יח</UnitQty>
      <Quantity>2</Quantity>
      <UnitMeasure>ל-100 גרם</UnitMeasure>
      <BisWeighted>0</BisWeighted>
      <QtyInPackage>1</QtyInPackage>
      <ItemPrice>10.90</ItemPrice>
      <UnitOfMeasurePrice>5.45</UnitOfMeasurePrice>
      <AllowDiscount>1</AllowDiscount>
      <itemStatus>1</itemStatus>
      <LastUpdateDate />
      <LastUpdateTime />
    </Product>
    <Product>
      <PriceUpdateDate>2019/10/16 13:11</PriceUpdateDate>
      <ItemCode>7290102031276</ItemCode>
      <ItemType>1</ItemType>
      <ItemName>דנונה Actimel בטעם תות בננה 8*100מל</ItemName>
      <ManufactureName>שטראוס גרופ בע`מ</ManufactureName>
      <ManufactureCountry />
      <ManufactureItemDescription />
      <UnitQty>'יח</UnitQty>
      <Quantity>8</Quantity>
      <UnitMeasure>ל-100 מ"ל</UnitMeasure>
      <BisWeighted>0</BisWeighted>
      <QtyInPackage>6</QtyInPackage>
      <ItemPrice>21.90</ItemPrice>
      <UnitOfMeasurePrice>2.74</UnitOfMeasurePrice>
      <AllowDiscount>0</AllowDiscount>
      <itemStatus>1</itemStatus>
      <LastUpdateDate />
      <LastUpdateTime />
    </Product>
    <Product>
      <PriceUpdateDate>2019/01/16 14:48</PriceUpdateDate>
      <ItemCode>7290102032334</ItemCode>
      <ItemType>1</ItemType>
      <ItemName>קפה נמס וניל פחית 200 גרם</ItemName>
      <ManufactureName>שטראוס גרופ בע`מ</ManufactureName>
      <ManufactureCountry />
      <ManufactureItemDescription />
      <UnitQty>'יח</UnitQty>
      <Quantity>2</Quantity>
      <UnitMeasure>ל-100 גרם</UnitMeasure>
      <BisWeighted>0</BisWeighted>
      <QtyInPackage>1</QtyInPackage>
      <ItemPrice>24.90</ItemPrice>
      <UnitOfMeasurePrice>12.45</UnitOfMeasurePrice>
      <AllowDiscount>0</AllowDiscount>
      <itemStatus>1</itemStatus>
      <LastUpdateDate />
      <LastUpdateTime />
    </Product>
    <Product>
      <PriceUpdateDate>2019/01/16 14:48</PriceUpdateDate>
      <ItemCode>7290102060993</ItemCode>
      <ItemType>1</ItemType>
      <ItemName>מרידול משחת שיניים 100 מ`ל זוג כשל`פ</ItemName>
      <ManufactureName>ש. שסטוביץ בע`מ</ManufactureName>
      <ManufactureCountry />
      <ManufactureItemDescription />
      <UnitQty>'יח</UnitQty>
      <Quantity>1</Quantity>
      <UnitMeasure />
      <BisWeighted>0</BisWeighted>
      <QtyInPackage>1</QtyInPackage>
      <ItemPrice>32</ItemPrice>
      <UnitOfMeasurePrice>32</UnitOfMeasurePrice>
      <AllowDiscount>0</AllowDiscount>
      <itemStatus>1</itemStatus>
      <LastUpdateDate />
      <LastUpdateTime />
    </Product>
    <Product>
      <PriceUpdateDate>2022/07/14 11:08</PriceUpdateDate>
      <ItemCode>7290102300822</ItemCode>
      <ItemType>1</ItemType>
      <ItemName>גבינה צ`דר אנגלית  200 גר`</ItemName>
      <ManufactureName>א.סיימן סחר בעמ</ManufactureName>
      <ManufactureCountry />
      <ManufactureItemDescription />
      <UnitQty>'יח</UnitQty>
      <Quantity>2</Quantity>
      <UnitMeasure>ל-100 גרם</UnitMeasure>
      <BisWeighted>0</BisWeighted>
      <QtyInPackage>1</QtyInPackage>
      <ItemPrice>23.90</ItemPrice>
      <UnitOfMeasurePrice>11.95</UnitOfMeasurePrice>
      <AllowDiscount>1</AllowDiscount>
      <itemStatus>1</itemStatus>
      <LastUpdateDate />
      <LastUpdateTime />
    </Product>
    <Product>
      <PriceUpdateDate>2022/07/14 11:08</PriceUpdateDate>
      <ItemCode>7290102303878</ItemCode>
      <ItemType>1</ItemType>
      <ItemName>חמאת אלוויר נורמנדי 200 גרם</ItemName>
      <ManufactureName>א.סיימן סחר בעמ</ManufactureName>
      <ManufactureCountry />
      <ManufactureItemDescription />
      <UnitQty>'יח</UnitQty>
      <Quantity>2</Quantity>
      <UnitMeasure>ל-100 גרם</UnitMeasure>
      <BisWeighted>0</BisWeighted>
      <QtyInPackage>1</QtyInPackage>
      <ItemPrice>18.90</ItemPrice>
      <UnitOfMeasurePrice>9.45</UnitOfMeasurePrice>
      <AllowDiscount>0</AllowDiscount>
      <itemStatus>1</itemStatus>
      <LastUpdateDate />
      <LastUpdateTime />
    </Product>
    <Product>
      <PriceUpdateDate>2022/10/19 16:47</PriceUpdateDate>
      <ItemCode>7290102390427</ItemCode>
      <ItemType>1</ItemType>
      <ItemName>מולר יוגורט עם קציפת תות 3% 150 מל</ItemName>
      <ManufactureName>החברה המרכזית להפצה</ManufactureName>
      <ManufactureCountry />
      <ManufactureItemDescription />
      <UnitQty>'יח</UnitQty>
      <Quantity>1.50</Quantity>
      <UnitMeasure>ל-100 מ"ל</UnitMeasure>
      <BisWeighted>0</BisWeighted>
      <QtyInPackage>1</QtyInPackage>
      <ItemPrice>5.50</ItemPrice>
      <UnitOfMeasurePrice>3.67</UnitOfMeasurePrice>
      <AllowDiscount>0</AllowDiscount>
      <itemStatus>1</itemStatus>
      <LastUpdateDate />
      <LastUpdateTime />
    </Product>
    <Product>
      <PriceUpdateDate>2022/10/19 16:47</PriceUpdateDate>
      <ItemCode>7290102390465</ItemCode>
      <ItemType>1</ItemType>
      <ItemName>מולר יוגורט אפרסק פסיפלורה 3% 150מל</ItemName>
      <ManufactureName>החברה המרכזית להפצה</ManufactureName>
      <ManufactureCountry />
      <ManufactureItemDescription />
      <UnitQty>'יח</UnitQty>
      <Quantity>1.50</Quantity>
      <UnitMeasure>ל-100 מ"ל</UnitMeasure>
      <BisWeighted>0</BisWeighted>
      <QtyInPackage>1</QtyInPackage>
      <ItemPrice>5.50</ItemPrice>
      <UnitOfMeasurePrice>3.67</UnitOfMeasurePrice>
      <AllowDiscount>0</AllowDiscount>
      <itemStatus>1</itemStatus>
      <LastUpdateDate />
      <LastUpdateTime />
    </Product>
    <Product>
      <PriceUpdateDate>2022/10/19 16:47</PriceUpdateDate>
      <ItemCode>7290102391844</ItemCode>
      <ItemType>1</ItemType>
      <ItemName>מולר פרופ יוגורט פירות יער 150מל</ItemName>
      <ManufactureName>החברה המרכזית להפצה</ManufactureName>
      <ManufactureCountry />
      <ManufactureItemDescription />
      <UnitQty>'יח</UnitQty>
      <Quantity>1.50</Quantity>
      <UnitMeasure>ל-100 מ"ל</UnitMeasure>
      <BisWeighted>0</BisWeighted>
      <QtyInPackage>1</QtyInPackage>
      <ItemPrice>5.50</ItemPrice>
      <UnitOfMeasurePrice>3.67</UnitOfMeasurePrice>
      <AllowDiscount>0</AllowDiscount>
      <itemStatus>1</itemStatus>
      <LastUpdateDate />
      <LastUpdateTime />
    </Product>
    <Product>
      <PriceUpdateDate>2019/01/16 14:48</PriceUpdateDate>
      <ItemCode>7290102392049</ItemCode>
      <ItemType>1</ItemType>
      <ItemName>תבור גבינה לבנה לאפייה 5% 500גרם</ItemName>
      <ManufactureName>החברה המרכזית להפצה</ManufactureName>
      <ManufactureCountry />
      <ManufactureItemDescription />
      <UnitQty>'יח</UnitQty>
      <Quantity>5</Quantity>
      <UnitMeasure>ל-100 גרם</UnitMeasure>
      <BisWeighted>0</BisWeighted>
      <QtyInPackage>1</QtyInPackage>
      <ItemPrice>27.90</ItemPrice>
      <UnitOfMeasurePrice>5.58</UnitOfMeasurePrice>
      <AllowDiscount>1</AllowDiscount>
      <itemStatus>1</itemStatus>
      <LastUpdateDate />
      <LastUpdateTime />
    </Product>
    <Product>
      <PriceUpdateDate>2022/10/19 16:47</PriceUpdateDate>
      <ItemCode>7290102392094</ItemCode>
      <ItemType>1</ItemType>
      <ItemName>חלב עיזים מלא 3.7% 1 ליטר</ItemName>
      <ManufactureName>החברה המרכזית להפצה</ManufactureName>
      <ManufactureCountry />
      <ManufactureItemDescription />
      <UnitQty>'יח</UnitQty>
      <Quantity>10</Quantity>
      <UnitMeasure>ל-100 מ"ל</UnitMeasure>
      <BisWeighted>0</BisWeighted>
      <QtyInPackage>1</QtyInPackage>
      <ItemPrice>16.90</ItemPrice>
      <UnitOfMeasurePrice>1.69</UnitOfMeasurePrice>
      <AllowDiscount>0</AllowDiscount>
      <itemStatus>1</itemStatus>
      <LastUpdateDate />
      <LastUpdateTime />
    </Product>
    <Product>
      <PriceUpdateDate>2019/11/08 10:06</PriceUpdateDate>
      <ItemCode>7290102392889</ItemCode>
      <ItemType>1</ItemType>
      <ItemName>מולר ביאנקו נטורל יוגורט טבעי 2.8% 200</ItemName>
      <ManufactureName>החברה המרכזית להפצה</ManufactureName>
      <ManufactureCountry />
      <ManufactureItemDescription />
      <UnitQty>'יח</UnitQty>
      <Quantity>1.50</Quantity>
      <UnitMeasure>ל-100 גרם</UnitMeasure>
      <BisWeighted>0</BisWeighted>
      <QtyInPackage>1</QtyInPackage>
      <ItemPrice>4.10</ItemPrice>
      <UnitOfMeasurePrice>2.73</UnitOfMeasurePrice>
      <AllowDiscount>0</AllowDiscount>
      <itemStatus>1</itemStatus>
      <LastUpdateDate />
      <LastUpdateTime />
    </Product>
    <Product>
      <PriceUpdateDate>2019/01/16 14:48</PriceUpdateDate>
      <ItemCode>7290102393039</ItemCode>
      <ItemType>1</ItemType>
      <ItemName>מולר מיקס יוגורט קרמי 150 גר`</ItemName>
      <ManufactureName>החברה המרכזית להפצה</ManufactureName>
      <ManufactureCountry />
      <ManufactureItemDescription />
      <UnitQty>'יח</UnitQty>
      <Quantity>1.50</Quantity>
      <UnitMeasure>ל-100 מ"ל</UnitMeasure>
      <BisWeighted>0</BisWeighted>
      <QtyInPackage>1</QtyInPackage>
      <ItemPrice>6</ItemPrice>
      <UnitOfMeasurePrice>4</UnitOfMeasurePrice>
      <AllowDiscount>1</AllowDiscount>
      <itemStatus>1</itemStatus>
      <LastUpdateDate />
      <LastUpdateTime />
    </Product>
    <Product>
      <PriceUpdateDate>2019/01/16 14:48</PriceUpdateDate>
      <ItemCode>7290102393060</ItemCode>
      <ItemType>1</ItemType>
      <ItemName>מולר מיקס יוגורט קרמי 150 גר`</ItemName>
      <ManufactureName>החברה המרכזית להפצה</ManufactureName>
      <ManufactureCountry />
      <ManufactureItemDescription />
      <UnitQty>'יח</UnitQty>
      <Quantity>1.50</Quantity>
      <UnitMeasure>ל-100 מ"ל</UnitMeasure>
      <BisWeighted>0</BisWeighted>
      <QtyInPackage>1</QtyInPackage>
      <ItemPrice>6</ItemPrice>
      <UnitOfMeasurePrice>4</UnitOfMeasurePrice>
      <AllowDiscount>1</AllowDiscount>
      <itemStatus>1</itemStatus>
      <LastUpdateDate />
      <LastUpdateTime />
    </Product>
    <Product>
      <PriceUpdateDate>2022/10/19 16:47</PriceUpdateDate>
      <ItemCode>7290102393169</ItemCode>
      <ItemType>1</ItemType>
      <ItemName>מולר סימפלי פרויט תות שדה</ItemName>
      <ManufactureName>החברה המרכזית להפצה</ManufactureName>
      <ManufactureCountry />
      <ManufactureItemDescription />
      <UnitQty>'יח</UnitQty>
      <Quantity>1.50</Quantity>
      <UnitMeasure>ל-100 גרם</UnitMeasure>
      <BisWeighted>0</BisWeighted>
      <QtyInPackage>1</QtyInPackage>
      <ItemPrice>5.50</ItemPrice>
      <UnitOfMeasurePrice>3.67</UnitOfMeasurePrice>
      <AllowDiscount>1</AllowDiscount>
      <itemStatus>1</itemStatus>
      <LastUpdateDate />
      <LastUpdateTime />
    </Product>
    <Product>
      <PriceUpdateDate>2022/10/19 16:47</PriceUpdateDate>
      <ItemCode>7290102393176</ItemCode>
      <ItemType>1</ItemType>
      <ItemName>מולר סימפלי פרויט אפרסק</ItemName>
      <ManufactureName>החברה המרכזית להפצה</ManufactureName>
      <ManufactureCountry />
      <ManufactureItemDescription />
      <UnitQty>'יח</UnitQty>
      <Quantity>1.50</Quantity>
      <UnitMeasure>ל-100 גרם</UnitMeasure>
      <BisWeighted>0</BisWeighted>
      <QtyInPackage>1</QtyInPackage>
      <ItemPrice>5.50</ItemPrice>
      <UnitOfMeasurePrice>3.67</UnitOfMeasurePrice>
      <AllowDiscount>1</AllowDiscount>
      <itemStatus>1</itemStatus>
      <LastUpdateDate />
      <LastUpdateTime />
    </Product>
    <Product>
      <PriceUpdateDate>2022/09/08 16:31</PriceUpdateDate>
      <ItemCode>7290102393268</ItemCode>
      <ItemType>1</ItemType>
      <ItemName>גבינה לבנה 750 גר`</ItemName>
      <ManufactureName>החברה המרכזית להפצה</ManufactureName>
      <ManufactureCountry />
      <ManufactureItemDescription />
      <UnitQty>'יח</UnitQty>
      <Quantity>7.50</Quantity>
      <UnitMeasure>ל-100 גרם</UnitMeasure>
      <BisWeighted>0</BisWeighted>
      <QtyInPackage>1</QtyInPackage>
      <ItemPrice>14.90</ItemPrice>
      <UnitOfMeasurePrice>1.99</UnitOfMeasurePrice>
      <AllowDiscount>1</AllowDiscount>
      <itemStatus>1</itemStatus>
      <LastUpdateDate />
      <LastUpdateTime />
    </Product>
    <Product>
      <PriceUpdateDate>2022/10/19 16:47</PriceUpdateDate>
      <ItemCode>7290102393947</ItemCode>
      <ItemType>1</ItemType>
      <ItemName>מולר סימפלי פרויט קיווי 150 גרם</ItemName>
      <ManufactureName>החברה המרכזית להפצה</ManufactureName>
      <ManufactureCountry />
      <ManufactureItemDescription />
      <UnitQty>'יח</UnitQty>
      <Quantity>1.50</Quantity>
      <UnitMeasure>ל-100 גרם</UnitMeasure>
      <BisWeighted>0</BisWeighted>
      <QtyInPackage>1</QtyInPackage>
      <ItemPrice>5.50</ItemPrice>
      <UnitOfMeasurePrice>3.67</UnitOfMeasurePrice>
      <AllowDiscount>1</AllowDiscount>
      <itemStatus>1</itemStatus>
      <LastUpdateDate />
      <LastUpdateTime />
    </Product>
    <Product>
      <PriceUpdateDate>2019/01/16 14:48</PriceUpdateDate>
      <ItemCode>7290102394081</ItemCode>
      <ItemType>1</ItemType>
      <ItemName>מולר מיקס יוגורט קרמי עשיר</ItemName>
      <ManufactureName>החברה המרכזית להפצה</ManufactureName>
      <ManufactureCountry />
      <ManufactureItemDescription />
      <UnitQty>'יח</UnitQty>
      <Quantity>1.50</Quantity>
      <UnitMeasure>ל-100 מ"ל</UnitMeasure>
      <BisWeighted>0</BisWeighted>
      <QtyInPackage>1</QtyInPackage>
      <ItemPrice>6</ItemPrice>
      <UnitOfMeasurePrice>4</UnitOfMeasurePrice>
      <AllowDiscount>1</AllowDiscount>
      <itemStatus>1</itemStatus>
      <LastUpdateDate />
      <LastUpdateTime />
    </Product>
    <Product>
      <PriceUpdateDate>2022/10/19 16:47</PriceUpdateDate>
      <ItemCode>7290102394258</ItemCode>
      <ItemType>1</ItemType>
      <ItemName>מה עז 180  גר% `9שומן</ItemName>
      <ManufactureName>החברה המרכזית להפצה</ManufactureName>
      <ManufactureCountry />
      <ManufactureItemDescription />
      <UnitQty>'יח</UnitQty>
      <Quantity>1.80</Quantity>
      <UnitMeasure>ל-100 גרם</UnitMeasure>
      <BisWeighted>0</BisWeighted>
      <QtyInPackage>1</QtyInPackage>
      <ItemPrice>25.90</ItemPrice>
      <UnitOfMeasurePrice>14.39</UnitOfMeasurePrice>
      <AllowDiscount>0</AllowDiscount>
      <itemStatus>1</itemStatus>
      <LastUpdateDate />
      <LastUpdateTime />
    </Product>
    <Product>
      <PriceUpdateDate>2020/05/25 18:53</PriceUpdateDate>
      <ItemCode>7290102394463</ItemCode>
      <ItemType>1</ItemType>
      <ItemName>גבנצ ואקום 28% נעם 500  גר`פרוס</ItemName>
      <ManufactureName>החברה המרכזית להפצה</ManufactureName>
      <ManufactureCountry />
      <ManufactureItemDescription />
      <UnitQty>'יח</UnitQty>
      <Quantity>5</Quantity>
      <UnitMeasure>ל-100 גרם</UnitMeasure>
      <BisWeighted>0</BisWeighted>
      <QtyInPackage>1</QtyInPackage>
      <ItemPrice>29.90</ItemPrice>
      <UnitOfMeasurePrice>5.98</UnitOfMeasurePrice>
      <AllowDiscount>0</AllowDiscount>
      <itemStatus>1</itemStatus>
      <LastUpdateDate />
      <LastUpdateTime />
    </Product>
    <Product>
      <PriceUpdateDate>2021/12/12 13:14</PriceUpdateDate>
      <ItemCode>7290102394821</ItemCode>
      <ItemType>1</ItemType>
      <ItemName>גבנצ דק-דק פתיחה חוזרת נעם 28% 200 גרם</ItemName>
      <ManufactureName>החברה המרכזית להפצה</ManufactureName>
      <ManufactureCountry />
      <ManufactureItemDescription />
      <UnitQty>'יח</UnitQty>
      <Quantity>2</Quantity>
      <UnitMeasure>ל-100 גרם</UnitMeasure>
      <BisWeighted>0</BisWeighted>
      <QtyInPackage>1</QtyInPackage>
      <ItemPrice>15.90</ItemPrice>
      <UnitOfMeasurePrice>7.95</UnitOfMeasurePrice>
      <AllowDiscount>1</AllowDiscount>
      <itemStatus>1</itemStatus>
      <LastUpdateDate />
      <LastUpdateTime />
    </Product>
    <Product>
      <PriceUpdateDate>2022/10/19 16:47</PriceUpdateDate>
      <ItemCode>7290102394845</ItemCode>
      <ItemType>1</ItemType>
      <ItemName>גבנ`צ דק-דק פתיחה חוזרת נעם 9% 200 גר`</ItemName>
      <ManufactureName>החברה המרכזית להפצה</ManufactureName>
      <ManufactureCountry />
      <ManufactureItemDescription />
      <UnitQty>'יח</UnitQty>
      <Quantity>2</Quantity>
      <UnitMeasure>ל-100 גרם</UnitMeasure>
      <BisWeighted>0</BisWeighted>
      <QtyInPackage>1</QtyInPackage>
      <ItemPrice>17.90</ItemPrice>
      <UnitOfMeasurePrice>8.95</UnitOfMeasurePrice>
      <AllowDiscount>1</AllowDiscount>
      <itemStatus>1</itemStatus>
      <LastUpdateDate />
      <LastUpdateTime />
    </Product>
    <Product>
      <PriceUpdateDate>2022/10/19 16:47</PriceUpdateDate>
      <ItemCode>7290102395217</ItemCode>
      <ItemType>1</ItemType>
      <ItemName>מאגדת יוגורט שמינייה מתיקות מעודנת 2%</ItemName>
      <ManufactureName>החברה המרכזית להפצה</ManufactureName>
      <ManufactureCountry />
      <ManufactureItemDescription />
      <UnitQty>'יח</UnitQty>
      <Quantity>9</Quantity>
      <UnitMeasure>ל-100 גרם</UnitMeasure>
      <BisWeighted>0</BisWeighted>
      <QtyInPackage>1</QtyInPackage>
      <ItemPrice>20.90</ItemPrice>
      <UnitOfMeasurePrice>2.32</UnitOfMeasurePrice>
      <AllowDiscount>0</AllowDiscount>
      <itemStatus>1</itemStatus>
      <LastUpdateDate />
      <LastUpdateTime />
    </Product>
    <Product>
      <PriceUpdateDate>2022/10/19 16:47</PriceUpdateDate>
      <ItemCode>7290102395224</ItemCode>
      <ItemType>1</ItemType>
      <ItemName>מאגדת שמינייה מולר ביאנקו נטורל 1.7%</ItemName>
      <ManufactureName>החברה המרכזית להפצה</ManufactureName>
      <ManufactureCountry />
      <ManufactureItemDescription />
      <UnitQty>'יח</UnitQty>
      <Quantity>8</Quantity>
      <UnitMeasure>ל-100 גרם</UnitMeasure>
      <BisWeighted>0</BisWeighted>
      <QtyInPackage>1</QtyInPackage>
      <ItemPrice>18.90</ItemPrice>
      <UnitOfMeasurePrice>2.36</UnitOfMeasurePrice>
      <AllowDiscount>0</AllowDiscount>
      <itemStatus>1</itemStatus>
      <LastUpdateDate />
      <LastUpdateTime />
    </Product>
    <Product>
      <PriceUpdateDate>2022/10/19 16:47</PriceUpdateDate>
      <ItemCode>7290102395231</ItemCode>
      <ItemType>1</ItemType>
      <ItemName>מאגדת שמינייה מולר ביאנקו נטורל 2.8%</ItemName>
      <ManufactureName>החברה המרכזית להפצה</ManufactureName>
      <ManufactureCountry />
      <ManufactureItemDescription />
      <UnitQty>'יח</UnitQty>
      <Quantity>8</Quantity>
      <UnitMeasure>ל-100 גרם</UnitMeasure>
      <BisWeighted>0</BisWeighted>
      <QtyInPackage>1</QtyInPackage>
      <ItemPrice>18.90</ItemPrice>
      <UnitOfMeasurePrice>2.36</UnitOfMeasurePrice>
      <AllowDiscount>0</AllowDiscount>
      <itemStatus>1</itemStatus>
      <LastUpdateDate />
      <LastUpdateTime />
    </Product>
    <Product>
      <PriceUpdateDate>2022/10/19 16:47</PriceUpdateDate>
      <ItemCode>7290102395262</ItemCode>
      <ItemType>1</ItemType>
      <ItemName>מאגדת שמינייה תות אפרסק 8*150</ItemName>
      <ManufactureName>החברה המרכזית להפצה</ManufactureName>
      <ManufactureCountry />
      <ManufactureItemDescription />
      <UnitQty>'יח</UnitQty>
      <Quantity>3.80</Quantity>
      <UnitMeasure>ל-100 מ"ל</UnitMeasure>
      <BisWeighted>0</BisWeighted>
      <QtyInPackage>1</QtyInPackage>
      <ItemPrice>32.90</ItemPrice>
      <UnitOfMeasurePrice>8.66</UnitOfMeasurePrice>
      <AllowDiscount>0</AllowDiscount>
      <itemStatus>1</itemStatus>
      <LastUpdateDate />
      <LastUpdateTime />
    </Product>
    <Product>
      <PriceUpdateDate>2022/04/14 09:05</PriceUpdateDate>
      <ItemCode>7290102395446</ItemCode>
      <ItemType>1</ItemType>
      <ItemName>מעדן מוו בטעם וניל עם קצפת 6.7% 123 גר</ItemName>
      <ManufactureName>החברה המרכזית להפצה</ManufactureName>
      <ManufactureCountry />
      <ManufactureItemDescription />
      <UnitQty>'יח</UnitQty>
      <Quantity>1.23</Quantity>
      <UnitMeasure>ל-100 גרם</UnitMeasure>
      <BisWeighted>0</BisWeighted>
      <QtyInPackage>1</QtyInPackage>
      <ItemPrice>3</ItemPrice>
      <UnitOfMeasurePrice>2.44</UnitOfMeasurePrice>
      <AllowDiscount>1</AllowDiscount>
      <itemStatus>1</itemStatus>
      <LastUpdateDate />
      <LastUpdateTime />
    </Product>
    <Product>
      <PriceUpdateDate>2019/07/03 08:47</PriceUpdateDate>
      <ItemCode>7290102395521</ItemCode>
      <ItemType>1</ItemType>
      <ItemName>שמנת לבישול 15% 500 מ`ל</ItemName>
      <ManufactureName>החברה המרכזית להפצה</ManufactureName>
      <ManufactureCountry />
      <ManufactureItemDescription />
      <UnitQty>'יח</UnitQty>
      <Quantity>5</Quantity>
      <UnitMeasure>ל-100 מ"ל</UnitMeasure>
      <BisWeighted>0</BisWeighted>
      <QtyInPackage>1</QtyInPackage>
      <ItemPrice>16.90</ItemPrice>
      <UnitOfMeasurePrice>3.38</UnitOfMeasurePrice>
      <AllowDiscount>0</AllowDiscount>
      <itemStatus>1</itemStatus>
      <LastUpdateDate />
      <LastUpdateTime />
    </Product>
    <Product>
      <PriceUpdateDate>2022/10/19 16:47</PriceUpdateDate>
      <ItemCode>7290102396399</ItemCode>
      <ItemType>1</ItemType>
      <ItemName>מאגדת שמינייה-מעדן שוקולד 100 גר`</ItemName>
      <ManufactureName>החברה המרכזית להפצה</ManufactureName>
      <ManufactureCountry />
      <ManufactureItemDescription />
      <UnitQty>'יח</UnitQty>
      <Quantity>1</Quantity>
      <UnitMeasure>ל-100 גרם</UnitMeasure>
      <BisWeighted>0</BisWeighted>
      <QtyInPackage>1</QtyInPackage>
      <ItemPrice>14.90</ItemPrice>
      <UnitOfMeasurePrice>14.90</UnitOfMeasurePrice>
      <AllowDiscount>1</AllowDiscount>
      <itemStatus>1</itemStatus>
      <LastUpdateDate />
      <LastUpdateTime />
    </Product>
    <Product>
      <PriceUpdateDate>2022/10/19 16:47</PriceUpdateDate>
      <ItemCode>7290102396405</ItemCode>
      <ItemType>1</ItemType>
      <ItemName>מאגדת שמינייה-מעדן וניל 100 גר`</ItemName>
      <ManufactureName>החברה המרכזית להפצה</ManufactureName>
      <ManufactureCountry />
      <ManufactureItemDescription />
      <UnitQty>'יח</UnitQty>
      <Quantity>8</Quantity>
      <UnitMeasure>ל-100 גרם</UnitMeasure>
      <BisWeighted>0</BisWeighted>
      <QtyInPackage>1</QtyInPackage>
      <ItemPrice>14.90</ItemPrice>
      <UnitOfMeasurePrice>1.86</UnitOfMeasurePrice>
      <AllowDiscount>1</AllowDiscount>
      <itemStatus>1</itemStatus>
      <LastUpdateDate />
      <LastUpdateTime />
    </Product>
    <Product>
      <PriceUpdateDate>2019/01/16 14:48</PriceUpdateDate>
      <ItemCode>7290102396597</ItemCode>
      <ItemType>1</ItemType>
      <ItemName>מעדן מוו וניל ומוס שוקולד 118 גרם</ItemName>
      <ManufactureName>החברה המרכזית להפצה</ManufactureName>
      <ManufactureCountry />
      <ManufactureItemDescription />
      <UnitQty>'יח</UnitQty>
      <Quantity>1.18</Quantity>
      <UnitMeasure>ל-100 מ"ל</UnitMeasure>
      <BisWeighted>0</BisWeighted>
      <QtyInPackage>1</QtyInPackage>
      <ItemPrice>3</ItemPrice>
      <UnitOfMeasurePrice>2.54</UnitOfMeasurePrice>
      <AllowDiscount>1</AllowDiscount>
      <itemStatus>1</itemStatus>
      <LastUpdateDate />
      <LastUpdateTime />
    </Product>
    <Product>
      <PriceUpdateDate>2022/10/19 16:47</PriceUpdateDate>
      <ItemCode>7290102396665</ItemCode>
      <ItemType>1</ItemType>
      <ItemName>צהובה פרוסות דקדק פתח סגור 15% 200 גר`</ItemName>
      <ManufactureName>החברה המרכזית להפצה</ManufactureName>
      <ManufactureCountry />
      <ManufactureItemDescription />
      <UnitQty>'יח</UnitQty>
      <Quantity>2</Quantity>
      <UnitMeasure>ל-100 גרם</UnitMeasure>
      <BisWeighted>0</BisWeighted>
      <QtyInPackage>1</QtyInPackage>
      <ItemPrice>17.90</ItemPrice>
      <UnitOfMeasurePrice>8.95</UnitOfMeasurePrice>
      <AllowDiscount>1</AllowDiscount>
      <itemStatus>1</itemStatus>
      <LastUpdateDate />
      <LastUpdateTime />
    </Product>
    <Product>
      <PriceUpdateDate>2019/11/03 14:28</PriceUpdateDate>
      <ItemCode>7290102396672</ItemCode>
      <ItemType>1</ItemType>
      <ItemName>גבנ`צ נעם דקדק 9% פתח סגור 360 גר`</ItemName>
      <ManufactureName>החברה המרכזית להפצה</ManufactureName>
      <ManufactureCountry />
      <ManufactureItemDescription />
      <UnitQty>'יח</UnitQty>
      <Quantity>2.20</Quantity>
      <UnitMeasure>ל-100 גרם</UnitMeasure>
      <BisWeighted>0</BisWeighted>
      <QtyInPackage>1</QtyInPackage>
      <ItemPrice>26.90</ItemPrice>
      <UnitOfMeasurePrice>12.23</UnitOfMeasurePrice>
      <AllowDiscount>0</AllowDiscount>
      <itemStatus>1</itemStatus>
      <LastUpdateDate />
      <LastUpdateTime />
    </Product>
    <Product>
      <PriceUpdateDate>2022/10/19 16:47</PriceUpdateDate>
      <ItemCode>7290102397204</ItemCode>
      <ItemType>1</ItemType>
      <ItemName>גבנ`צ דקדק פתח סגור 22% 200 גר`</ItemName>
      <ManufactureName>החברה המרכזית להפצה</ManufactureName>
      <ManufactureCountry />
      <ManufactureItemDescription />
      <UnitQty>'יח</UnitQty>
      <Quantity>2.20</Quantity>
      <UnitMeasure>ל-100 גרם</UnitMeasure>
      <BisWeighted>0</BisWeighted>
      <QtyInPackage>1</QtyInPackage>
      <ItemPrice>17.90</ItemPrice>
      <UnitOfMeasurePrice>8.14</UnitOfMeasurePrice>
      <AllowDiscount>1</AllowDiscount>
      <itemStatus>1</itemStatus>
      <LastUpdateDate />
      <LastUpdateTime />
    </Product>
    <Product>
      <PriceUpdateDate>2022/10/19 16:47</PriceUpdateDate>
      <ItemCode>7290102397310</ItemCode>
      <ItemType>1</ItemType>
      <ItemName>מאגדת שמינייה מיני מוו שוקולד קצפת</ItemName>
      <ManufactureName>החברה המרכזית להפצה</ManufactureName>
      <ManufactureCountry />
      <ManufactureItemDescription />
      <UnitQty>'יח</UnitQty>
      <Quantity>8</Quantity>
      <UnitMeasure>ל-100 גרם</UnitMeasure>
      <BisWeighted>0</BisWeighted>
      <QtyInPackage>1</QtyInPackage>
      <ItemPrice>13.90</ItemPrice>
      <UnitOfMeasurePrice>1.74</UnitOfMeasurePrice>
      <AllowDiscount>0</AllowDiscount>
      <itemStatus>1</itemStatus>
      <LastUpdateDate />
      <LastUpdateTime />
    </Product>
    <Product>
      <PriceUpdateDate>2022/10/19 16:47</PriceUpdateDate>
      <ItemCode>7290102397334</ItemCode>
      <ItemType>1</ItemType>
      <ItemName>בולגרית 5% 250  גר`בגביע</ItemName>
      <ManufactureName>החברה המרכזית להפצה</ManufactureName>
      <ManufactureCountry />
      <ManufactureItemDescription />
      <UnitQty>'יח</UnitQty>
      <Quantity>2.50</Quantity>
      <UnitMeasure>ל-100 גרם</UnitMeasure>
      <BisWeighted>0</BisWeighted>
      <QtyInPackage>1</QtyInPackage>
      <ItemPrice>22.90</ItemPrice>
      <UnitOfMeasurePrice>9.16</UnitOfMeasurePrice>
      <AllowDiscount>0</AllowDiscount>
      <itemStatus>1</itemStatus>
      <LastUpdateDate />
      <LastUpdateTime />
    </Product>
    <Product>
      <PriceUpdateDate>2022/10/19 16:47</PriceUpdateDate>
      <ItemCode>7290102397341</ItemCode>
      <ItemType>1</ItemType>
      <ItemName>בולגרית 24% 250  גר`בגביע</ItemName>
      <ManufactureName>החברה המרכזית להפצה</ManufactureName>
      <ManufactureCountry />
      <ManufactureItemDescription />
      <UnitQty>'יח</UnitQty>
      <Quantity>2.50</Quantity>
      <UnitMeasure>ל-100 גרם</UnitMeasure>
      <BisWeighted>0</BisWeighted>
      <QtyInPackage>1</QtyInPackage>
      <ItemPrice>22.90</ItemPrice>
      <UnitOfMeasurePrice>9.16</UnitOfMeasurePrice>
      <AllowDiscount>0</AllowDiscount>
      <itemStatus>1</itemStatus>
      <LastUpdateDate />
      <LastUpdateTime />
    </Product>
    <Product>
      <PriceUpdateDate>2022/10/19 16:47</PriceUpdateDate>
      <ItemCode>7290102397600</ItemCode>
      <ItemType>1</ItemType>
      <ItemName>מולר מיקס שקדים ובוטנים בקרמל</ItemName>
      <ManufactureName>החברה המרכזית להפצה</ManufactureName>
      <ManufactureCountry />
      <ManufactureItemDescription />
      <UnitQty>'יח</UnitQty>
      <Quantity>1.50</Quantity>
      <UnitMeasure>ל-100 מ"ל</UnitMeasure>
      <BisWeighted>0</BisWeighted>
      <QtyInPackage>1</QtyInPackage>
      <ItemPrice>6</ItemPrice>
      <UnitOfMeasurePrice>4</UnitOfMeasurePrice>
      <AllowDiscount>1</AllowDiscount>
      <itemStatus>1</itemStatus>
      <LastUpdateDate />
      <LastUpdateTime />
    </Product>
    <Product>
      <PriceUpdateDate>2022/10/19 16:47</PriceUpdateDate>
      <ItemCode>7290102397617</ItemCode>
      <ItemType>1</ItemType>
      <ItemName>מולר מיקס קליק</ItemName>
      <ManufactureName>החברה המרכזית להפצה</ManufactureName>
      <ManufactureCountry />
      <ManufactureItemDescription />
      <UnitQty>'יח</UnitQty>
      <Quantity>1.50</Quantity>
      <UnitMeasure>ל-100 מ"ל</UnitMeasure>
      <BisWeighted>0</BisWeighted>
      <QtyInPackage>1</QtyInPackage>
      <ItemPrice>6</ItemPrice>
      <UnitOfMeasurePrice>4</UnitOfMeasurePrice>
      <AllowDiscount>1</AllowDiscount>
      <itemStatus>1</itemStatus>
      <LastUpdateDate />
      <LastUpdateTime />
    </Product>
    <Product>
      <PriceUpdateDate>2022/10/19 16:47</PriceUpdateDate>
      <ItemCode>7290102397679</ItemCode>
      <ItemType>1</ItemType>
      <ItemName>קוטג וחצי 5% 375 גרם</ItemName>
      <ManufactureName>החברה המרכזית להפצה</ManufactureName>
      <ManufactureCountry />
      <ManufactureItemDescription />
      <UnitQty>'יח</UnitQty>
      <Quantity>3.75</Quantity>
      <UnitMeasure>ל-100 גרם</UnitMeasure>
      <BisWeighted>0</BisWeighted>
      <QtyInPackage>1</QtyInPackage>
      <ItemPrice>7.90</ItemPrice>
      <UnitOfMeasurePrice>2.11</UnitOfMeasurePrice>
      <AllowDiscount>0</AllowDiscount>
      <itemStatus>1</itemStatus>
      <LastUpdateDate />
      <LastUpdateTime />
    </Product>
    <Product>
      <PriceUpdateDate>2019/01/16 14:48</PriceUpdateDate>
      <ItemCode>7290102397730</ItemCode>
      <ItemType>1</ItemType>
      <ItemName>אמנטל ואקום 30% נעם 200 גרם</ItemName>
      <ManufactureName>החברה המרכזית להפצה</ManufactureName>
      <ManufactureCountry />
      <ManufactureItemDescription />
      <UnitQty>'יח</UnitQty>
      <Quantity>2</Quantity>
      <UnitMeasure>ל-100 גרם</UnitMeasure>
      <BisWeighted>0</BisWeighted>
      <QtyInPackage>1</QtyInPackage>
      <ItemPrice>17.90</ItemPrice>
      <UnitOfMeasurePrice>8.95</UnitOfMeasurePrice>
      <AllowDiscount>1</AllowDiscount>
      <itemStatus>1</itemStatus>
      <LastUpdateDate />
      <LastUpdateTime />
    </Product>
    <Product>
      <PriceUpdateDate>2022/10/19 16:47</PriceUpdateDate>
      <ItemCode>7290102397747</ItemCode>
      <ItemType>1</ItemType>
      <ItemName>גבינה מוצרלה פרוס 200 גרם</ItemName>
      <ManufactureName>החברה המרכזית להפצה</ManufactureName>
      <ManufactureCountry />
      <ManufactureItemDescription />
      <UnitQty>'יח</UnitQty>
      <Quantity>2</Quantity>
      <UnitMeasure>ל-100 גרם</UnitMeasure>
      <BisWeighted>0</BisWeighted>
      <QtyInPackage>1</QtyInPackage>
      <ItemPrice>18.90</ItemPrice>
      <UnitOfMeasurePrice>9.45</UnitOfMeasurePrice>
      <AllowDiscount>1</AllowDiscount>
      <itemStatus>1</itemStatus>
      <LastUpdateDate />
      <LastUpdateTime />
    </Product>
    <Product>
      <PriceUpdateDate>2019/01/16 14:48</PriceUpdateDate>
      <ItemCode>7290102397891</ItemCode>
      <ItemType>1</ItemType>
      <ItemName>גבינה ניו יורק מותכת %16 4*25 גרם</ItemName>
      <ManufactureName>החברה המרכזית להפצה</ManufactureName>
      <ManufactureCountry />
      <ManufactureItemDescription />
      <UnitQty>'יח</UnitQty>
      <Quantity>0.25</Quantity>
      <UnitMeasure>ל-100 גרם</UnitMeasure>
      <BisWeighted>0</BisWeighted>
      <QtyInPackage>1</QtyInPackage>
      <ItemPrice>7.90</ItemPrice>
      <UnitOfMeasurePrice>31.60</UnitOfMeasurePrice>
      <AllowDiscount>0</AllowDiscount>
      <itemStatus>1</itemStatus>
      <LastUpdateDate />
      <LastUpdateTime />
    </Product>
    <Product>
      <PriceUpdateDate>2022/09/08 16:31</PriceUpdateDate>
      <ItemCode>7290102398065</ItemCode>
      <ItemType>1</ItemType>
      <ItemName>חלב טרי 3% 2 ליטר</ItemName>
      <ManufactureName>החברה המרכזית להפצה</ManufactureName>
      <ManufactureCountry />
      <ManufactureItemDescription />
      <UnitQty>'יח</UnitQty>
      <Quantity>2</Quantity>
      <UnitMeasure>ל-100 מ"ל</UnitMeasure>
      <BisWeighted>0</BisWeighted>
      <QtyInPackage>1</QtyInPackage>
      <ItemPrice>11.90</ItemPrice>
      <UnitOfMeasurePrice>5.95</UnitOfMeasurePrice>
      <AllowDiscount>0</AllowDiscount>
      <itemStatus>1</itemStatus>
      <LastUpdateDate />
      <LastUpdateTime />
    </Product>
    <Product>
      <PriceUpdateDate>2022/09/08 16:31</PriceUpdateDate>
      <ItemCode>7290102398072</ItemCode>
      <ItemType>1</ItemType>
      <ItemName>חלב בקרטון 3% 1 ליטר</ItemName>
      <ManufactureName>החברה המרכזית להפצה</ManufactureName>
      <ManufactureCountry />
      <ManufactureItemDescription />
      <UnitQty>'יח</UnitQty>
      <Quantity>10</Quantity>
      <UnitMeasure>ל-100 מ"ל</UnitMeasure>
      <BisWeighted>0</BisWeighted>
      <QtyInPackage>1</QtyInPackage>
      <ItemPrice>6.23</ItemPrice>
      <UnitOfMeasurePrice>0.62</UnitOfMeasurePrice>
      <AllowDiscount>0</AllowDiscount>
      <itemStatus>1</itemStatus>
      <LastUpdateDate />
      <LastUpdateTime />
    </Product>
    <Product>
      <PriceUpdateDate>2022/10/13 16:26</PriceUpdateDate>
      <ItemCode>7290102398560</ItemCode>
      <ItemType>1</ItemType>
      <ItemName>שוקו טרה מעושר 1 ליטר</ItemName>
      <ManufactureName>החברה המרכזית להפצה</ManufactureName>
      <ManufactureCountry />
      <ManufactureItemDescription />
      <UnitQty>'יח</UnitQty>
      <Quantity>10</Quantity>
      <UnitMeasure>ל-100 מ"ל</UnitMeasure>
      <BisWeighted>0</BisWeighted>
      <QtyInPackage>1</QtyInPackage>
      <ItemPrice>11.90</ItemPrice>
      <UnitOfMeasurePrice>1.19</UnitOfMeasurePrice>
      <AllowDiscount>1</AllowDiscount>
      <itemStatus>1</itemStatus>
      <LastUpdateDate />
      <LastUpdateTime />
    </Product>
    <Product>
      <PriceUpdateDate>2022/10/13 16:26</PriceUpdateDate>
      <ItemCode>7290102398669</ItemCode>
      <ItemType>1</ItemType>
      <ItemName>משקה חלב אייס קפוצינו  1 ליטר</ItemName>
      <ManufactureName>החברה המרכזית להפצה</ManufactureName>
      <ManufactureCountry />
      <ManufactureItemDescription />
      <UnitQty>'יח</UnitQty>
      <Quantity>10</Quantity>
      <UnitMeasure>ל-100 גרם</UnitMeasure>
      <BisWeighted>0</BisWeighted>
      <QtyInPackage>1</QtyInPackage>
      <ItemPrice>11.90</ItemPrice>
      <UnitOfMeasurePrice>1.19</UnitOfMeasurePrice>
      <AllowDiscount>1</AllowDiscount>
      <itemStatus>1</itemStatus>
      <LastUpdateDate />
      <LastUpdateTime />
    </Product>
    <Product>
      <PriceUpdateDate>2019/11/01 06:44</PriceUpdateDate>
      <ItemCode>7290102398782</ItemCode>
      <ItemType>1</ItemType>
      <ItemName>משקה סויה קלאסי צוריאל</ItemName>
      <ManufactureName>החברה המרכזית להפצה</ManufactureName>
      <ManufactureCountry />
      <ManufactureItemDescription />
      <UnitQty>'יח</UnitQty>
      <Quantity>10</Quantity>
      <UnitMeasure>ל-100 מ"ל</UnitMeasure>
      <BisWeighted>0</BisWeighted>
      <QtyInPackage>1</QtyInPackage>
      <ItemPrice>11.90</ItemPrice>
      <UnitOfMeasurePrice>1.19</UnitOfMeasurePrice>
      <AllowDiscount>1</AllowDiscount>
      <itemStatus>1</itemStatus>
      <LastUpdateDate />
      <LastUpdateTime />
    </Product>
    <Product>
      <PriceUpdateDate>2019/11/01 06:44</PriceUpdateDate>
      <ItemCode>7290102398799</ItemCode>
      <ItemType>1</ItemType>
      <ItemName>משקה סויה במתיקות מופחתת צוריאל</ItemName>
      <ManufactureName>החברה המרכזית להפצה</ManufactureName>
      <ManufactureCountry />
      <ManufactureItemDescription />
      <UnitQty>'יח</UnitQty>
      <Quantity>10</Quantity>
      <UnitMeasure>ל-100 מ"ל</UnitMeasure>
      <BisWeighted>0</BisWeighted>
      <QtyInPackage>1</QtyInPackage>
      <ItemPrice>11.90</ItemPrice>
      <UnitOfMeasurePrice>1.19</UnitOfMeasurePrice>
      <AllowDiscount>1</AllowDiscount>
      <itemStatus>1</itemStatus>
      <LastUpdateDate />
      <LastUpdateTime />
    </Product>
    <Product>
      <PriceUpdateDate>2019/11/01 06:44</PriceUpdateDate>
      <ItemCode>7290102398805</ItemCode>
      <ItemType>1</ItemType>
      <ItemName>משקה סויה בטעם וניל צוריאל</ItemName>
      <ManufactureName>החברה המרכזית להפצה</ManufactureName>
      <ManufactureCountry />
      <ManufactureItemDescription />
      <UnitQty>'יח</UnitQty>
      <Quantity>10</Quantity>
      <UnitMeasure>ל-100 מ"ל</UnitMeasure>
      <BisWeighted>0</BisWeighted>
      <QtyInPackage>1</QtyInPackage>
      <ItemPrice>11.90</ItemPrice>
      <UnitOfMeasurePrice>1.19</UnitOfMeasurePrice>
      <AllowDiscount>1</AllowDiscount>
      <itemStatus>1</itemStatus>
      <LastUpdateDate />
      <LastUpdateTime />
    </Product>
    <Product>
      <PriceUpdateDate>2019/11/01 06:44</PriceUpdateDate>
      <ItemCode>7290102398836</ItemCode>
      <ItemType>1</ItemType>
      <ItemName>משקה שקדים קלאסי צוריאל</ItemName>
      <ManufactureName>החברה המרכזית להפצה</ManufactureName>
      <ManufactureCountry />
      <ManufactureItemDescription />
      <UnitQty>'יח</UnitQty>
      <Quantity>10</Quantity>
      <UnitMeasure>ל-100 מ"ל</UnitMeasure>
      <BisWeighted>0</BisWeighted>
      <QtyInPackage>1</QtyInPackage>
      <ItemPrice>12.90</ItemPrice>
      <UnitOfMeasurePrice>1.29</UnitOfMeasurePrice>
      <AllowDiscount>1</AllowDiscount>
      <itemStatus>1</itemStatus>
      <LastUpdateDate />
      <LastUpdateTime />
    </Product>
    <Product>
      <PriceUpdateDate>2019/05/26 21:38</PriceUpdateDate>
      <ItemCode>7290102399048</ItemCode>
      <ItemType>1</ItemType>
      <ItemName>נעם פרוסות קשקבל 200 גרם</ItemName>
      <ManufactureName>החברה המרכזית להפצה</ManufactureName>
      <ManufactureCountry />
      <ManufactureItemDescription />
      <UnitQty>'יח</UnitQty>
      <Quantity>2</Quantity>
      <UnitMeasure>ל-100 גרם</UnitMeasure>
      <BisWeighted>0</BisWeighted>
      <QtyInPackage>1</QtyInPackage>
      <ItemPrice>23.90</ItemPrice>
      <UnitOfMeasurePrice>11.95</UnitOfMeasurePrice>
      <AllowDiscount>1</AllowDiscount>
      <itemStatus>1</itemStatus>
      <LastUpdateDate />
      <LastUpdateTime />
    </Product>
    <Product>
      <PriceUpdateDate>2020/01/26 15:04</PriceUpdateDate>
      <ItemCode>7290102399796</ItemCode>
      <ItemType>1</ItemType>
      <ItemName>יוגורט 25 גר` חלבון מולר אקטיב 200 גרם</ItemName>
      <ManufactureName>החברה המרכזית להפצה</ManufactureName>
      <ManufactureCountry />
      <ManufactureItemDescription />
      <UnitQty>'יח</UnitQty>
      <Quantity>2</Quantity>
      <UnitMeasure>ל-100 גרם</UnitMeasure>
      <BisWeighted>0</BisWeighted>
      <QtyInPackage>1</QtyInPackage>
      <ItemPrice>5.90</ItemPrice>
      <UnitOfMeasurePrice>2.95</UnitOfMeasurePrice>
      <AllowDiscount>1</AllowDiscount>
      <itemStatus>1</itemStatus>
      <LastUpdateDate />
      <LastUpdateTime />
    </Product>
    <Product>
      <PriceUpdateDate>2020/06/14 13:00</PriceUpdateDate>
      <ItemCode>7290102399857</ItemCode>
      <ItemType>1</ItemType>
      <ItemName>מולר אקטיב לייט יוגורט 20 גר` חלבון</ItemName>
      <ManufactureName>החברה המרכזית להפצה</ManufactureName>
      <ManufactureCountry />
      <ManufactureItemDescription />
      <UnitQty>'יח</UnitQty>
      <Quantity>0.20</Quantity>
      <UnitMeasure>ל-100 גרם</UnitMeasure>
      <BisWeighted>0</BisWeighted>
      <QtyInPackage>1</QtyInPackage>
      <ItemPrice>5.90</ItemPrice>
      <UnitOfMeasurePrice>29.50</UnitOfMeasurePrice>
      <AllowDiscount>1</AllowDiscount>
      <itemStatus>1</itemStatus>
      <LastUpdateDate />
      <LastUpdateTime />
    </Product>
    <Product>
      <PriceUpdateDate>2021/12/01 10:09</PriceUpdateDate>
      <ItemCode>7290103124588</ItemCode>
      <ItemType>1</ItemType>
      <ItemName>פלמוליב סבון נוזלי משאבה 750מ`ל</ItemName>
      <ManufactureName>ש. שסטוביץ בע`מ</ManufactureName>
      <ManufactureCountry />
      <ManufactureItemDescription />
      <UnitQty>'יח</UnitQty>
      <Quantity>7.50</Quantity>
      <UnitMeasure>ל-100 מ"ל</UnitMeasure>
      <BisWeighted>0</BisWeighted>
      <QtyInPackage>1</QtyInPackage>
      <ItemPrice>19.90</ItemPrice>
      <UnitOfMeasurePrice>2.65</UnitOfMeasurePrice>
      <AllowDiscount>1</AllowDiscount>
      <itemStatus>1</itemStatus>
      <LastUpdateDate />
      <LastUpdateTime />
    </Product>
    <Product>
      <PriceUpdateDate>2021/12/01 10:09</PriceUpdateDate>
      <ItemCode>7290103124601</ItemCode>
      <ItemType>1</ItemType>
      <ItemName>פלמוליב סבון נוזלי משאבה חלב ודבש 750מ</ItemName>
      <ManufactureName>ש. שסטוביץ בע`מ</ManufactureName>
      <ManufactureCountry />
      <ManufactureItemDescription />
      <UnitQty>'יח</UnitQty>
      <Quantity>7.50</Quantity>
      <UnitMeasure>ל-100 מ"ל</UnitMeasure>
      <BisWeighted>0</BisWeighted>
      <QtyInPackage>1</QtyInPackage>
      <ItemPrice>19.90</ItemPrice>
      <UnitOfMeasurePrice>2.65</UnitOfMeasurePrice>
      <AllowDiscount>1</AllowDiscount>
      <itemStatus>1</itemStatus>
      <LastUpdateDate />
      <LastUpdateTime />
    </Product>
    <Product>
      <PriceUpdateDate>2022/02/24 09:48</PriceUpdateDate>
      <ItemCode>7290103126797</ItemCode>
      <ItemType>1</ItemType>
      <ItemName>קולגייט משחת שיניים סנסטיב פרו ריליף 7</ItemName>
      <ManufactureName>ש. שסטוביץ בע`מ</ManufactureName>
      <ManufactureCountry />
      <ManufactureItemDescription />
      <UnitQty>'יח</UnitQty>
      <Quantity>0.75</Quantity>
      <UnitMeasure>ל-100 גרם</UnitMeasure>
      <BisWeighted>0</BisWeighted>
      <QtyInPackage>1</QtyInPackage>
      <ItemPrice>22.90</ItemPrice>
      <UnitOfMeasurePrice>30.53</UnitOfMeasurePrice>
      <AllowDiscount>0</AllowDiscount>
      <itemStatus>1</itemStatus>
      <LastUpdateDate />
      <LastUpdateTime />
    </Product>
    <Product>
      <PriceUpdateDate>2019/01/16 14:48</PriceUpdateDate>
      <ItemCode>7290103129378</ItemCode>
      <ItemType>1</ItemType>
      <ItemName>ספיד סטיק *5 ג`ל 85גרם</ItemName>
      <ManufactureName>ש. שסטוביץ בע`מ</ManufactureName>
      <ManufactureCountry />
      <ManufactureItemDescription />
      <UnitQty>'יח</UnitQty>
      <Quantity>0.85</Quantity>
      <UnitMeasure>ל-100 גרם</UnitMeasure>
      <BisWeighted>0</BisWeighted>
      <QtyInPackage>1</QtyInPackage>
      <ItemPrice>25.90</ItemPrice>
      <UnitOfMeasurePrice>30.47</UnitOfMeasurePrice>
      <AllowDiscount>1</AllowDiscount>
      <itemStatus>1</itemStatus>
      <LastUpdateDate />
      <LastUpdateTime />
    </Product>
    <Product>
      <PriceUpdateDate>2022/11/01 11:47</PriceUpdateDate>
      <ItemCode>7290103214708</ItemCode>
      <ItemType>1</ItemType>
      <ItemName>כלי אוכל 1267</ItemName>
      <ManufactureName>שחורי אריה ואנסטסיה</ManufactureName>
      <ManufactureCountry />
      <ManufactureItemDescription />
      <UnitQty>'יח</UnitQty>
      <Quantity>1</Quantity>
      <UnitMeasure />
      <BisWeighted>0</BisWeighted>
      <QtyInPackage>1</QtyInPackage>
      <ItemPrice>43.90</ItemPrice>
      <UnitOfMeasurePrice>43.90</UnitOfMeasurePrice>
      <AllowDiscount>0</AllowDiscount>
      <itemStatus>1</itemStatus>
      <LastUpdateDate />
      <LastUpdateTime />
    </Product>
    <Product>
      <PriceUpdateDate>2022/11/01 11:47</PriceUpdateDate>
      <ItemCode>7290103214791</ItemCode>
      <ItemType>1</ItemType>
      <ItemName>כלי אוכל 1276</ItemName>
      <ManufactureName>שחורי אריה ואנסטסיה</ManufactureName>
      <ManufactureCountry />
      <ManufactureItemDescription />
      <UnitQty>'יח</UnitQty>
      <Quantity>1</Quantity>
      <UnitMeasure />
      <BisWeighted>0</BisWeighted>
      <QtyInPackage>1</QtyInPackage>
      <ItemPrice>39.90</ItemPrice>
      <UnitOfMeasurePrice>39.90</UnitOfMeasurePrice>
      <AllowDiscount>0</AllowDiscount>
      <itemStatus>1</itemStatus>
      <LastUpdateDate />
      <LastUpdateTime />
    </Product>
    <Product>
      <PriceUpdateDate>2022/11/01 11:47</PriceUpdateDate>
      <ItemCode>7290103216764</ItemCode>
      <ItemType>1</ItemType>
      <ItemName>כלי שתייה 1242</ItemName>
      <ManufactureName>שחורי אריה ואנסטסיה</ManufactureName>
      <ManufactureCountry />
      <ManufactureItemDescription />
      <UnitQty>'יח</UnitQty>
      <Quantity>1</Quantity>
      <UnitMeasure />
      <BisWeighted>0</BisWeighted>
      <QtyInPackage>1</QtyInPackage>
      <ItemPrice>9.90</ItemPrice>
      <UnitOfMeasurePrice>9.90</UnitOfMeasurePrice>
      <AllowDiscount>0</AllowDiscount>
      <itemStatus>1</itemStatus>
      <LastUpdateDate />
      <LastUpdateTime />
    </Product>
    <Product>
      <PriceUpdateDate>2021/03/30 06:35</PriceUpdateDate>
      <ItemCode>7290103400194</ItemCode>
      <ItemType>1</ItemType>
      <ItemName>כרוב לבן בדצ</ItemName>
      <ManufactureName>ביכורי השדה הצפון בעמ` 1964</ManufactureName>
      <ManufactureCountry />
      <ManufactureItemDescription />
      <UnitQty>'יח</UnitQty>
      <Quantity>1</Quantity>
      <UnitMeasure />
      <BisWeighted>0</BisWeighted>
      <QtyInPackage>1</QtyInPackage>
      <ItemPrice>10.90</ItemPrice>
      <UnitOfMeasurePrice>10.90</UnitOfMeasurePrice>
      <AllowDiscount>0</AllowDiscount>
      <itemStatus>1</itemStatus>
      <LastUpdateDate />
      <LastUpdateTime />
    </Product>
    <Product>
      <PriceUpdateDate>2019/07/03 08:47</PriceUpdateDate>
      <ItemCode>7290103401429</ItemCode>
      <ItemType>1</ItemType>
      <ItemName>נס  קפה- קצב ברזילאי 200גר</ItemName>
      <ManufactureName>שטראוס גרופ בע`מ</ManufactureName>
      <ManufactureCountry />
      <ManufactureItemDescription />
      <UnitQty>'יח</UnitQty>
      <Quantity>2</Quantity>
      <UnitMeasure>ל-100 גרם</UnitMeasure>
      <BisWeighted>0</BisWeighted>
      <QtyInPackage>6</QtyInPackage>
      <ItemPrice>27.90</ItemPrice>
      <UnitOfMeasurePrice>13.95</UnitOfMeasurePrice>
      <AllowDiscount>1</AllowDiscount>
      <itemStatus>1</itemStatus>
      <LastUpdateDate />
      <LastUpdateTime />
    </Product>
    <Product>
      <PriceUpdateDate>2021/03/30 06:35</PriceUpdateDate>
      <ItemCode>7290103408206</ItemCode>
      <ItemType>1</ItemType>
      <ItemName>עלי חסה ערבית שטופים בקופסא</ItemName>
      <ManufactureName>ביכורי השדה הצפון בעמ` 1964</ManufactureName>
      <ManufactureCountry />
      <ManufactureItemDescription />
      <UnitQty>'יח</UnitQty>
      <Quantity>1</Quantity>
      <UnitMeasure />
      <BisWeighted>0</BisWeighted>
      <QtyInPackage>1</QtyInPackage>
      <ItemPrice>10.90</ItemPrice>
      <UnitOfMeasurePrice>10.90</UnitOfMeasurePrice>
      <AllowDiscount>0</AllowDiscount>
      <itemStatus>1</itemStatus>
      <LastUpdateDate />
      <LastUpdateTime />
    </Product>
    <Product>
      <PriceUpdateDate>2019/05/26 21:38</PriceUpdateDate>
      <ItemCode>7290103681173</ItemCode>
      <ItemType>1</ItemType>
      <ItemName>יין אדום תבור הר קברנה סובניון</ItemName>
      <ManufactureName>החברה המרכזית להפצת משקאות בע`</ManufactureName>
      <ManufactureCountry />
      <ManufactureItemDescription />
      <UnitQty>'יח</UnitQty>
      <Quantity>7.50</Quantity>
      <UnitMeasure>ל-100 מ"ל</UnitMeasure>
      <BisWeighted>0</BisWeighted>
      <QtyInPackage>1</QtyInPackage>
      <ItemPrice>37.70</ItemPrice>
      <UnitOfMeasurePrice>4.99</UnitOfMeasurePrice>
      <AllowDiscount>1</AllowDiscount>
      <itemStatus>1</itemStatus>
      <LastUpdateDate />
      <LastUpdateTime />
    </Product>
    <Product>
      <PriceUpdateDate>2019/05/26 21:38</PriceUpdateDate>
      <ItemCode>7290103681180</ItemCode>
      <ItemType>1</ItemType>
      <ItemName>יין אדום תבור הר מרלו</ItemName>
      <ManufactureName>החברה המרכזית להפצת משקאות בע`</ManufactureName>
      <ManufactureCountry />
      <ManufactureItemDescription />
      <UnitQty>'יח</UnitQty>
      <Quantity>7.50</Quantity>
      <UnitMeasure>ל-100 מ"ל</UnitMeasure>
      <BisWeighted>0</BisWeighted>
      <QtyInPackage>1</QtyInPackage>
      <ItemPrice>37.70</ItemPrice>
      <UnitOfMeasurePrice>4.99</UnitOfMeasurePrice>
      <AllowDiscount>1</AllowDiscount>
      <itemStatus>1</itemStatus>
      <LastUpdateDate />
      <LastUpdateTime />
    </Product>
    <Product>
      <PriceUpdateDate>2022/04/05 16:05</PriceUpdateDate>
      <ItemCode>7290104061417</ItemCode>
      <ItemType>1</ItemType>
      <ItemName>חומוס טחינה אחלה 400 גרם</ItemName>
      <ManufactureName>שטראוס גרופ בע`מ</ManufactureName>
      <ManufactureCountry />
      <ManufactureItemDescription />
      <UnitQty>'יח</UnitQty>
      <Quantity>4</Quantity>
      <UnitMeasure>ל-100 גרם</UnitMeasure>
      <BisWeighted>0</BisWeighted>
      <QtyInPackage>6</QtyInPackage>
      <ItemPrice>10.90</ItemPrice>
      <UnitOfMeasurePrice>2.73</UnitOfMeasurePrice>
      <AllowDiscount>1</AllowDiscount>
      <itemStatus>1</itemStatus>
      <LastUpdateDate />
      <LastUpdateTime />
    </Product>
    <Product>
      <PriceUpdateDate>2022/10/23 08:43</PriceUpdateDate>
      <ItemCode>7290104061424</ItemCode>
      <ItemType>1</ItemType>
      <ItemName>חומוס זעתר אחלה 400 גרם</ItemName>
      <ManufactureName>שטראוס גרופ בע`מ</ManufactureName>
      <ManufactureCountry />
      <ManufactureItemDescription />
      <UnitQty>'יח</UnitQty>
      <Quantity>4</Quantity>
      <UnitMeasure>ל-100 גרם</UnitMeasure>
      <BisWeighted>0</BisWeighted>
      <QtyInPackage>6</QtyInPackage>
      <ItemPrice>10.90</ItemPrice>
      <UnitOfMeasurePrice>2.73</UnitOfMeasurePrice>
      <AllowDiscount>1</AllowDiscount>
      <itemStatus>1</itemStatus>
      <LastUpdateDate />
      <LastUpdateTime />
    </Product>
    <Product>
      <PriceUpdateDate>2022/10/23 08:43</PriceUpdateDate>
      <ItemCode>7290104061431</ItemCode>
      <ItemType>1</ItemType>
      <ItemName>חומוס צנובר אחלה 400 גרם</ItemName>
      <ManufactureName>שטראוס גרופ בע`מ</ManufactureName>
      <ManufactureCountry />
      <ManufactureItemDescription />
      <UnitQty>'יח</UnitQty>
      <Quantity>4</Quantity>
      <UnitMeasure>ל-100 גרם</UnitMeasure>
      <BisWeighted>0</BisWeighted>
      <QtyInPackage>6</QtyInPackage>
      <ItemPrice>10.90</ItemPrice>
      <UnitOfMeasurePrice>2.73</UnitOfMeasurePrice>
      <AllowDiscount>1</AllowDiscount>
      <itemStatus>1</itemStatus>
      <LastUpdateDate />
      <LastUpdateTime />
    </Product>
    <Product>
      <PriceUpdateDate>2022/10/23 08:43</PriceUpdateDate>
      <ItemCode>7290104061448</ItemCode>
      <ItemType>1</ItemType>
      <ItemName>חומוס חריף אחלה 400 גרם</ItemName>
      <ManufactureName>שטראוס גרופ בע`מ</ManufactureName>
      <ManufactureCountry />
      <ManufactureItemDescription />
      <UnitQty>'יח</UnitQty>
      <Quantity>4</Quantity>
      <UnitMeasure>ל-100 גרם</UnitMeasure>
      <BisWeighted>0</BisWeighted>
      <QtyInPackage>6</QtyInPackage>
      <ItemPrice>10.90</ItemPrice>
      <UnitOfMeasurePrice>2.73</UnitOfMeasurePrice>
      <AllowDiscount>1</AllowDiscount>
      <itemStatus>1</itemStatus>
      <LastUpdateDate />
      <LastUpdateTime />
    </Product>
    <Product>
      <PriceUpdateDate>2019/01/16 14:48</PriceUpdateDate>
      <ItemCode>7290104064012</ItemCode>
      <ItemType>1</ItemType>
      <ItemName>פסק זמן טו גוד לבן 36 גרם</ItemName>
      <ManufactureName>שטראוס גרופ בע`מ</ManufactureName>
      <ManufactureCountry />
      <ManufactureItemDescription />
      <UnitQty>'יח</UnitQty>
      <Quantity>0.36</Quantity>
      <UnitMeasure>ל-100 גרם</UnitMeasure>
      <BisWeighted>0</BisWeighted>
      <QtyInPackage>1</QtyInPackage>
      <ItemPrice>4.90</ItemPrice>
      <UnitOfMeasurePrice>13.61</UnitOfMeasurePrice>
      <AllowDiscount>0</AllowDiscount>
      <itemStatus>1</itemStatus>
      <LastUpdateDate />
      <LastUpdateTime />
    </Product>
    <Product>
      <PriceUpdateDate>2019/01/16 14:48</PriceUpdateDate>
      <ItemCode>7290104065187</ItemCode>
      <ItemType>1</ItemType>
      <ItemName>קפה נמס מוקה פחית 200 גרם</ItemName>
      <ManufactureName>שטראוס גרופ בע`מ</ManufactureName>
      <ManufactureCountry />
      <ManufactureItemDescription />
      <UnitQty>'יח</UnitQty>
      <Quantity>2</Quantity>
      <UnitMeasure>ל-100 גרם</UnitMeasure>
      <BisWeighted>0</BisWeighted>
      <QtyInPackage>6</QtyInPackage>
      <ItemPrice>21.90</ItemPrice>
      <UnitOfMeasurePrice>10.95</UnitOfMeasurePrice>
      <AllowDiscount>0</AllowDiscount>
      <itemStatus>1</itemStatus>
      <LastUpdateDate />
      <LastUpdateTime />
    </Product>
    <Product>
      <PriceUpdateDate>2021/03/30 06:35</PriceUpdateDate>
      <ItemCode>7290104065934</ItemCode>
      <ItemType>1</ItemType>
      <ItemName>עלי רוקט 150גר</ItemName>
      <ManufactureName>ביכורי השדה הצפון בעמ` 1964</ManufactureName>
      <ManufactureCountry />
      <ManufactureItemDescription />
      <UnitQty>'יח</UnitQty>
      <Quantity>1</Quantity>
      <UnitMeasure />
      <BisWeighted>0</BisWeighted>
      <QtyInPackage>1</QtyInPackage>
      <ItemPrice>10.90</ItemPrice>
      <UnitOfMeasurePrice>10.90</UnitOfMeasurePrice>
      <AllowDiscount>0</AllowDiscount>
      <itemStatus>1</itemStatus>
      <LastUpdateDate />
      <LastUpdateTime />
    </Product>
    <Product>
      <PriceUpdateDate>2019/10/18 09:44</PriceUpdateDate>
      <ItemCode>7290104067679</ItemCode>
      <ItemType>1</ItemType>
      <ItemName>טחינה אחלה 400 גרם</ItemName>
      <ManufactureName>שטראוס גרופ בע`מ</ManufactureName>
      <ManufactureCountry />
      <ManufactureItemDescription />
      <UnitQty>'יח</UnitQty>
      <Quantity>4</Quantity>
      <UnitMeasure>ל-100 גרם</UnitMeasure>
      <BisWeighted>0</BisWeighted>
      <QtyInPackage>6</QtyInPackage>
      <ItemPrice>10.90</ItemPrice>
      <UnitOfMeasurePrice>2.73</UnitOfMeasurePrice>
      <AllowDiscount>1</AllowDiscount>
      <itemStatus>1</itemStatus>
      <LastUpdateDate />
      <LastUpdateTime />
    </Product>
    <Product>
      <PriceUpdateDate>2019/01/16 14:48</PriceUpdateDate>
      <ItemCode>7290104068546</ItemCode>
      <ItemType>1</ItemType>
      <ItemName>מסטיק מאסט קולה לימון לל"ס  28 גרם</ItemName>
      <ManufactureName>שטראוס גרופ בע`מ</ManufactureName>
      <ManufactureCountry />
      <ManufactureItemDescription />
      <UnitQty>'יח</UnitQty>
      <Quantity>0.28</Quantity>
      <UnitMeasure>ל-100 גרם</UnitMeasure>
      <BisWeighted>0</BisWeighted>
      <QtyInPackage>16</QtyInPackage>
      <ItemPrice>4.40</ItemPrice>
      <UnitOfMeasurePrice>15.71</UnitOfMeasurePrice>
      <AllowDiscount>0</AllowDiscount>
      <itemStatus>1</itemStatus>
      <LastUpdateDate />
      <LastUpdateTime />
    </Product>
    <Product>
      <PriceUpdateDate>2022/07/24 18:01</PriceUpdateDate>
      <ItemCode>7290104500572</ItemCode>
      <ItemType>1</ItemType>
      <ItemName>אפרופו חטיף איטליאנו 50 גרם</ItemName>
      <ManufactureName>קבוצת אסם סחר</ManufactureName>
      <ManufactureCountry />
      <ManufactureItemDescription />
      <UnitQty>'יח</UnitQty>
      <Quantity>0.50</Quantity>
      <UnitMeasure>ל-100 גרם</UnitMeasure>
      <BisWeighted>0</BisWeighted>
      <QtyInPackage>1</QtyInPackage>
      <ItemPrice>3.90</ItemPrice>
      <UnitOfMeasurePrice>7.80</UnitOfMeasurePrice>
      <AllowDiscount>1</AllowDiscount>
      <itemStatus>1</itemStatus>
      <LastUpdateDate />
      <LastUpdateTime />
    </Product>
    <Product>
      <PriceUpdateDate>2022/03/22 14:03</PriceUpdateDate>
      <ItemCode>7290104501661</ItemCode>
      <ItemType>1</ItemType>
      <ItemName>פודינג בטעם וניל 80 גרם</ItemName>
      <ManufactureName>קבוצת אסם סחר</ManufactureName>
      <ManufactureCountry />
      <ManufactureItemDescription />
      <UnitQty>'יח</UnitQty>
      <Quantity>0.80</Quantity>
      <UnitMeasure>ל-100 גרם</UnitMeasure>
      <BisWeighted>0</BisWeighted>
      <QtyInPackage>1</QtyInPackage>
      <ItemPrice>5.90</ItemPrice>
      <UnitOfMeasurePrice>7.38</UnitOfMeasurePrice>
      <AllowDiscount>1</AllowDiscount>
      <itemStatus>1</itemStatus>
      <LastUpdateDate />
      <LastUpdateTime />
    </Product>
    <Product>
      <PriceUpdateDate>2022/06/15 12:53</PriceUpdateDate>
      <ItemCode>7290104504228</ItemCode>
      <ItemType>1</ItemType>
      <ItemName>דובונים 5יח*20גר</ItemName>
      <ManufactureName>קבוצת אסם סחר</ManufactureName>
      <ManufactureCountry />
      <ManufactureItemDescription />
      <UnitQty>'יח</UnitQty>
      <Quantity>1</Quantity>
      <UnitMeasure>ל-100 גרם</UnitMeasure>
      <BisWeighted>0</BisWeighted>
      <QtyInPackage>1</QtyInPackage>
      <ItemPrice>12.90</ItemPrice>
      <UnitOfMeasurePrice>12.90</UnitOfMeasurePrice>
      <AllowDiscount>1</AllowDiscount>
      <itemStatus>1</itemStatus>
      <LastUpdateDate />
      <LastUpdateTime />
    </Product>
    <Product>
      <PriceUpdateDate>2021/12/23 15:45</PriceUpdateDate>
      <ItemCode>7290104508943</ItemCode>
      <ItemType>1</ItemType>
      <ItemName>במבה רגילה 200גר`</ItemName>
      <ManufactureName>קבוצת אסם סחר</ManufactureName>
      <ManufactureCountry />
      <ManufactureItemDescription />
      <UnitQty>'יח</UnitQty>
      <Quantity>2</Quantity>
      <UnitMeasure>ל-100 גרם</UnitMeasure>
      <BisWeighted>0</BisWeighted>
      <QtyInPackage>1</QtyInPackage>
      <ItemPrice>9.90</ItemPrice>
      <UnitOfMeasurePrice>4.95</UnitOfMeasurePrice>
      <AllowDiscount>1</AllowDiscount>
      <itemStatus>1</itemStatus>
      <LastUpdateDate />
      <LastUpdateTime />
    </Product>
    <Product>
      <PriceUpdateDate>2022/05/08 19:10</PriceUpdateDate>
      <ItemCode>7290104570162</ItemCode>
      <ItemType>1</ItemType>
      <ItemName>תמרים ללא חרצנים בואקום 500 גרם</ItemName>
      <ManufactureName>מ.ד אטיאס סוכנויות מזון בע`מ</ManufactureName>
      <ManufactureCountry />
      <ManufactureItemDescription />
      <UnitQty>'יח</UnitQty>
      <Quantity>5</Quantity>
      <UnitMeasure>ל-100 גרם</UnitMeasure>
      <BisWeighted>0</BisWeighted>
      <QtyInPackage>1</QtyInPackage>
      <ItemPrice>14.90</ItemPrice>
      <UnitOfMeasurePrice>2.98</UnitOfMeasurePrice>
      <AllowDiscount>0</AllowDiscount>
      <itemStatus>1</itemStatus>
      <LastUpdateDate />
      <LastUpdateTime />
    </Product>
    <Product>
      <PriceUpdateDate>2019/01/16 14:48</PriceUpdateDate>
      <ItemCode>7290104570636</ItemCode>
      <ItemType>1</ItemType>
      <ItemName>ממרח תמרים 450 גרם</ItemName>
      <ManufactureName>מ.ד אטיאס סוכנויות מזון בע`מ</ManufactureName>
      <ManufactureCountry />
      <ManufactureItemDescription />
      <UnitQty>'יח</UnitQty>
      <Quantity>4.50</Quantity>
      <UnitMeasure>ל-100 גרם</UnitMeasure>
      <BisWeighted>0</BisWeighted>
      <QtyInPackage>1</QtyInPackage>
      <ItemPrice>6.40</ItemPrice>
      <UnitOfMeasurePrice>1.42</UnitOfMeasurePrice>
      <AllowDiscount>0</AllowDiscount>
      <itemStatus>1</itemStatus>
      <LastUpdateDate />
      <LastUpdateTime />
    </Product>
    <Product>
      <PriceUpdateDate>2020/07/12 15:52</PriceUpdateDate>
      <ItemCode>7290104722530</ItemCode>
      <ItemType>1</ItemType>
      <ItemName>תפוצ`יפס שמנת בצל 200 גר`</ItemName>
      <ManufactureName>שטראוס פריטו ליי בע`מ</ManufactureName>
      <ManufactureCountry />
      <ManufactureItemDescription />
      <UnitQty>'יח</UnitQty>
      <Quantity>2</Quantity>
      <UnitMeasure>ל-100 גרם</UnitMeasure>
      <BisWeighted>0</BisWeighted>
      <QtyInPackage>1</QtyInPackage>
      <ItemPrice>10.90</ItemPrice>
      <UnitOfMeasurePrice>5.45</UnitOfMeasurePrice>
      <AllowDiscount>1</AllowDiscount>
      <itemStatus>1</itemStatus>
      <LastUpdateDate />
      <LastUpdateTime />
    </Product>
    <Product>
      <PriceUpdateDate>2021/06/02 07:10</PriceUpdateDate>
      <ItemCode>7290104726262</ItemCode>
      <ItemType>1</ItemType>
      <ItemName>מארז דני לשתיה שוקולד בננה*4יח</ItemName>
      <ManufactureName>שטראוס גרופ בע`מ</ManufactureName>
      <ManufactureCountry />
      <ManufactureItemDescription />
      <UnitQty>'יח</UnitQty>
      <Quantity>5</Quantity>
      <UnitMeasure>ל-100 גרם</UnitMeasure>
      <BisWeighted>0</BisWeighted>
      <QtyInPackage>6</QtyInPackage>
      <ItemPrice>10.90</ItemPrice>
      <UnitOfMeasurePrice>2.18</UnitOfMeasurePrice>
      <AllowDiscount>0</AllowDiscount>
      <itemStatus>1</itemStatus>
      <LastUpdateDate />
      <LastUpdateTime />
    </Product>
    <Product>
      <PriceUpdateDate>2019/10/10 09:24</PriceUpdateDate>
      <ItemCode>7290104726712</ItemCode>
      <ItemType>1</ItemType>
      <ItemName>מילקי מארז 8יח *150גר</ItemName>
      <ManufactureName>שטראוס גרופ בע`מ</ManufactureName>
      <ManufactureCountry />
      <ManufactureItemDescription />
      <UnitQty>'יח</UnitQty>
      <Quantity>4</Quantity>
      <UnitMeasure>ל-100 גרם</UnitMeasure>
      <BisWeighted>0</BisWeighted>
      <QtyInPackage>3</QtyInPackage>
      <ItemPrice>19.90</ItemPrice>
      <UnitOfMeasurePrice>4.98</UnitOfMeasurePrice>
      <AllowDiscount>0</AllowDiscount>
      <itemStatus>1</itemStatus>
      <LastUpdateDate />
      <LastUpdateTime />
    </Product>
    <Product>
      <PriceUpdateDate>2022/09/11 10:05</PriceUpdateDate>
      <ItemCode>7290104728310</ItemCode>
      <ItemType>1</ItemType>
      <ItemName>שמנת מתוקה עמידה 38% 250 מל</ItemName>
      <ManufactureName>שטראוס גרופ בע`מ</ManufactureName>
      <ManufactureCountry />
      <ManufactureItemDescription />
      <UnitQty>'יח</UnitQty>
      <Quantity>5</Quantity>
      <UnitMeasure>ל-100 גרם</UnitMeasure>
      <BisWeighted>0</BisWeighted>
      <QtyInPackage>24</QtyInPackage>
      <ItemPrice>6.47</ItemPrice>
      <UnitOfMeasurePrice>1.29</UnitOfMeasurePrice>
      <AllowDiscount>1</AllowDiscount>
      <itemStatus>1</itemStatus>
      <LastUpdateDate />
      <LastUpdateTime />
    </Product>
    <Product>
      <PriceUpdateDate>2019/08/11 15:34</PriceUpdateDate>
      <ItemCode>7290104729003</ItemCode>
      <ItemType>1</ItemType>
      <ItemName>שמן זית יד מרדכי 750 מל`</ItemName>
      <ManufactureName>שטראוס גרופ בע`מ</ManufactureName>
      <ManufactureCountry />
      <ManufactureItemDescription />
      <UnitQty>'יח</UnitQty>
      <Quantity>7.50</Quantity>
      <UnitMeasure>ל-100 מ"ל</UnitMeasure>
      <BisWeighted>0</BisWeighted>
      <QtyInPackage>1</QtyInPackage>
      <ItemPrice>34.90</ItemPrice>
      <UnitOfMeasurePrice>4.65</UnitOfMeasurePrice>
      <AllowDiscount>1</AllowDiscount>
      <itemStatus>1</itemStatus>
      <LastUpdateDate />
      <LastUpdateTime />
    </Product>
    <Product>
      <PriceUpdateDate>2020/10/19 18:24</PriceUpdateDate>
      <ItemCode>7290104960239</ItemCode>
      <ItemType>1</ItemType>
      <ItemName>נקה 7 ארומה תחליב רחצה לבן 750 מ`ל</ItemName>
      <ManufactureName>החב. הדרומית לשיווק</ManufactureName>
      <ManufactureCountry />
      <ManufactureItemDescription />
      <UnitQty>'יח</UnitQty>
      <Quantity>7.50</Quantity>
      <UnitMeasure>לליטר</UnitMeasure>
      <BisWeighted>0</BisWeighted>
      <QtyInPackage>12</QtyInPackage>
      <ItemPrice>10.90</ItemPrice>
      <UnitOfMeasurePrice>1.45</UnitOfMeasurePrice>
      <AllowDiscount>0</AllowDiscount>
      <itemStatus>1</itemStatus>
      <LastUpdateDate />
      <LastUpdateTime />
    </Product>
    <Product>
      <PriceUpdateDate>2020/10/19 18:24</PriceUpdateDate>
      <ItemCode>7290104960246</ItemCode>
      <ItemType>1</ItemType>
      <ItemName>נקה 7 ארומה תחליב רחצה ורד יסמין 750 מ</ItemName>
      <ManufactureName>החב. הדרומית לשיווק</ManufactureName>
      <ManufactureCountry />
      <ManufactureItemDescription />
      <UnitQty>'יח</UnitQty>
      <Quantity>7</Quantity>
      <UnitMeasure>ל-100 מ"ל</UnitMeasure>
      <BisWeighted>0</BisWeighted>
      <QtyInPackage>12</QtyInPackage>
      <ItemPrice>10.90</ItemPrice>
      <UnitOfMeasurePrice>1.56</UnitOfMeasurePrice>
      <AllowDiscount>0</AllowDiscount>
      <itemStatus>1</itemStatus>
      <LastUpdateDate />
      <LastUpdateTime />
    </Product>
    <Product>
      <PriceUpdateDate>2020/10/19 18:24</PriceUpdateDate>
      <ItemCode>7290104960253</ItemCode>
      <ItemType>1</ItemType>
      <ItemName>נקה 7 ארומה תחליב רחצה לבנדר ענוג 750</ItemName>
      <ManufactureName>החב. הדרומית לשיווק</ManufactureName>
      <ManufactureCountry />
      <ManufactureItemDescription />
      <UnitQty>'יח</UnitQty>
      <Quantity>7.50</Quantity>
      <UnitMeasure>ל-100 גרם</UnitMeasure>
      <BisWeighted>0</BisWeighted>
      <QtyInPackage>12</QtyInPackage>
      <ItemPrice>10.90</ItemPrice>
      <UnitOfMeasurePrice>1.45</UnitOfMeasurePrice>
      <AllowDiscount>0</AllowDiscount>
      <itemStatus>1</itemStatus>
      <LastUpdateDate />
      <LastUpdateTime />
    </Product>
    <Product>
      <PriceUpdateDate>2020/10/19 18:24</PriceUpdateDate>
      <ItemCode>7290104960352</ItemCode>
      <ItemType>1</ItemType>
      <ItemName>נקה 7 ארומה תחליב רחצה וניל 750 מ`ל</ItemName>
      <ManufactureName>החב. הדרומית לשיווק</ManufactureName>
      <ManufactureCountry />
      <ManufactureItemDescription />
      <UnitQty>'יח</UnitQty>
      <Quantity>7.50</Quantity>
      <UnitMeasure>ל-100 גרם</UnitMeasure>
      <BisWeighted>0</BisWeighted>
      <QtyInPackage>12</QtyInPackage>
      <ItemPrice>10.90</ItemPrice>
      <UnitOfMeasurePrice>1.45</UnitOfMeasurePrice>
      <AllowDiscount>0</AllowDiscount>
      <itemStatus>1</itemStatus>
      <LastUpdateDate />
      <LastUpdateTime />
    </Product>
    <Product>
      <PriceUpdateDate>2020/10/19 18:24</PriceUpdateDate>
      <ItemCode>7290104961243</ItemCode>
      <ItemType>1</ItemType>
      <ItemName>תחליב רחצה מגע הקטיפה קוקוס ליים</ItemName>
      <ManufactureName>החב. הדרומית לשיווק</ManufactureName>
      <ManufactureCountry />
      <ManufactureItemDescription />
      <UnitQty>'יח</UnitQty>
      <Quantity>7.50</Quantity>
      <UnitMeasure>לליטר</UnitMeasure>
      <BisWeighted>0</BisWeighted>
      <QtyInPackage>1</QtyInPackage>
      <ItemPrice>10.90</ItemPrice>
      <UnitOfMeasurePrice>1.45</UnitOfMeasurePrice>
      <AllowDiscount>0</AllowDiscount>
      <itemStatus>1</itemStatus>
      <LastUpdateDate />
      <LastUpdateTime />
    </Product>
    <Product>
      <PriceUpdateDate>2021/12/30 18:57</PriceUpdateDate>
      <ItemCode>7290104961878</ItemCode>
      <ItemType>1</ItemType>
      <ItemName>קרטין אינטנס-שמפו לשיער</ItemName>
      <ManufactureName>החב. הדרומית לשיווק</ManufactureName>
      <ManufactureCountry />
      <ManufactureItemDescription />
      <UnitQty>'יח</UnitQty>
      <Quantity>7.50</Quantity>
      <UnitMeasure>ל-100 מ"ל</UnitMeasure>
      <BisWeighted>0</BisWeighted>
      <QtyInPackage>12</QtyInPackage>
      <ItemPrice>29.90</ItemPrice>
      <UnitOfMeasurePrice>3.99</UnitOfMeasurePrice>
      <AllowDiscount>0</AllowDiscount>
      <itemStatus>1</itemStatus>
      <LastUpdateDate />
      <LastUpdateTime />
    </Product>
    <Product>
      <PriceUpdateDate>2021/12/30 18:57</PriceUpdateDate>
      <ItemCode>7290104961885</ItemCode>
      <ItemType>1</ItemType>
      <ItemName>קרטין אינטנס-מרכך לשיער</ItemName>
      <ManufactureName>החב. הדרומית לשיווק</ManufactureName>
      <ManufactureCountry />
      <ManufactureItemDescription />
      <UnitQty>'יח</UnitQty>
      <Quantity>4</Quantity>
      <UnitMeasure>ל-100 מ"ל</UnitMeasure>
      <BisWeighted>0</BisWeighted>
      <QtyInPackage>12</QtyInPackage>
      <ItemPrice>29.90</ItemPrice>
      <UnitOfMeasurePrice>7.48</UnitOfMeasurePrice>
      <AllowDiscount>0</AllowDiscount>
      <itemStatus>1</itemStatus>
      <LastUpdateDate />
      <LastUpdateTime />
    </Product>
    <Product>
      <PriceUpdateDate>2022/06/23 12:03</PriceUpdateDate>
      <ItemCode>7290104961892</ItemCode>
      <ItemType>1</ItemType>
      <ItemName>קרטין אינטנס-מסכה לשיער</ItemName>
      <ManufactureName>החב. הדרומית לשיווק</ManufactureName>
      <ManufactureCountry />
      <ManufactureItemDescription />
      <UnitQty>'יח</UnitQty>
      <Quantity>3.50</Quantity>
      <UnitMeasure>ל-100 מ"ל</UnitMeasure>
      <BisWeighted>0</BisWeighted>
      <QtyInPackage>6</QtyInPackage>
      <ItemPrice>39.90</ItemPrice>
      <UnitOfMeasurePrice>11.40</UnitOfMeasurePrice>
      <AllowDiscount>0</AllowDiscount>
      <itemStatus>1</itemStatus>
      <LastUpdateDate />
      <LastUpdateTime />
    </Product>
    <Product>
      <PriceUpdateDate>2020/07/19 12:58</PriceUpdateDate>
      <ItemCode>7290104963001</ItemCode>
      <ItemType>1</ItemType>
      <ItemName>סופטקר רביעית מגבונים בניחוח עדין</ItemName>
      <ManufactureName>החב. הדרומית לשיווק</ManufactureName>
      <ManufactureCountry />
      <ManufactureItemDescription />
      <UnitQty>'יח</UnitQty>
      <Quantity>1</Quantity>
      <UnitMeasure>'יח</UnitMeasure>
      <BisWeighted>0</BisWeighted>
      <QtyInPackage>6</QtyInPackage>
      <ItemPrice>17.90</ItemPrice>
      <UnitOfMeasurePrice>17.90</UnitOfMeasurePrice>
      <AllowDiscount>0</AllowDiscount>
      <itemStatus>1</itemStatus>
      <LastUpdateDate />
      <LastUpdateTime />
    </Product>
    <Product>
      <PriceUpdateDate>2019/07/03 08:47</PriceUpdateDate>
      <ItemCode>7290104963018</ItemCode>
      <ItemType>1</ItemType>
      <ItemName>סופטקר רביעית מגבונים ללא בישום</ItemName>
      <ManufactureName>החב. הדרומית לשיווק</ManufactureName>
      <ManufactureCountry />
      <ManufactureItemDescription />
      <UnitQty>'יח</UnitQty>
      <Quantity>1</Quantity>
      <UnitMeasure>'יח</UnitMeasure>
      <BisWeighted>0</BisWeighted>
      <QtyInPackage>6</QtyInPackage>
      <ItemPrice>17.90</ItemPrice>
      <UnitOfMeasurePrice>17.90</UnitOfMeasurePrice>
      <AllowDiscount>0</AllowDiscount>
      <itemStatus>1</itemStatus>
      <LastUpdateDate />
      <LastUpdateTime />
    </Product>
    <Product>
      <PriceUpdateDate>2022/01/17 20:43</PriceUpdateDate>
      <ItemCode>7290104963216</ItemCode>
      <ItemType>1</ItemType>
      <ItemName>סופטקר אלסבון עדין לתינוק 1מ`ל</ItemName>
      <ManufactureName>החב. הדרומית לשיווק</ManufactureName>
      <ManufactureCountry />
      <ManufactureItemDescription />
      <UnitQty>'יח</UnitQty>
      <Quantity>10</Quantity>
      <UnitMeasure>ל-100 מ"ל</UnitMeasure>
      <BisWeighted>0</BisWeighted>
      <QtyInPackage>12</QtyInPackage>
      <ItemPrice>14.90</ItemPrice>
      <UnitOfMeasurePrice>1.49</UnitOfMeasurePrice>
      <AllowDiscount>0</AllowDiscount>
      <itemStatus>1</itemStatus>
      <LastUpdateDate />
      <LastUpdateTime />
    </Product>
    <Product>
      <PriceUpdateDate>2022/01/17 20:43</PriceUpdateDate>
      <ItemCode>7290104963223</ItemCode>
      <ItemType>1</ItemType>
      <ItemName>סופטקר אלסבון קלאסי לתינוק 1מ`ל</ItemName>
      <ManufactureName>החב. הדרומית לשיווק</ManufactureName>
      <ManufactureCountry />
      <ManufactureItemDescription />
      <UnitQty>'יח</UnitQty>
      <Quantity>10</Quantity>
      <UnitMeasure>ל-100 מ"ל</UnitMeasure>
      <BisWeighted>0</BisWeighted>
      <QtyInPackage>12</QtyInPackage>
      <ItemPrice>14.90</ItemPrice>
      <UnitOfMeasurePrice>1.49</UnitOfMeasurePrice>
      <AllowDiscount>0</AllowDiscount>
      <itemStatus>1</itemStatus>
      <LastUpdateDate />
      <LastUpdateTime />
    </Product>
    <Product>
      <PriceUpdateDate>2022/01/17 20:43</PriceUpdateDate>
      <ItemCode>7290104963650</ItemCode>
      <ItemType>1</ItemType>
      <ItemName>סופטקר שמפו אלדמע 1מ`ל</ItemName>
      <ManufactureName>החב. הדרומית לשיווק</ManufactureName>
      <ManufactureCountry />
      <ManufactureItemDescription />
      <UnitQty>'יח</UnitQty>
      <Quantity>10</Quantity>
      <UnitMeasure>ל-100 מ"ל</UnitMeasure>
      <BisWeighted>0</BisWeighted>
      <QtyInPackage>1</QtyInPackage>
      <ItemPrice>14.90</ItemPrice>
      <UnitOfMeasurePrice>1.49</UnitOfMeasurePrice>
      <AllowDiscount>0</AllowDiscount>
      <itemStatus>1</itemStatus>
      <LastUpdateDate />
      <LastUpdateTime />
    </Product>
    <Product>
      <PriceUpdateDate>2019/01/16 14:48</PriceUpdateDate>
      <ItemCode>7290105360250</ItemCode>
      <ItemType>1</ItemType>
      <ItemName>קפסולות צקיאטו למכונת אספרסו</ItemName>
      <ManufactureName>שטראוס גרופ בע`מ</ManufactureName>
      <ManufactureCountry />
      <ManufactureItemDescription />
      <UnitQty>'יח</UnitQty>
      <Quantity>0.50</Quantity>
      <UnitMeasure>ל-100 גרם</UnitMeasure>
      <BisWeighted>0</BisWeighted>
      <QtyInPackage>12</QtyInPackage>
      <ItemPrice>16.90</ItemPrice>
      <UnitOfMeasurePrice>33.80</UnitOfMeasurePrice>
      <AllowDiscount>1</AllowDiscount>
      <itemStatus>1</itemStatus>
      <LastUpdateDate />
      <LastUpdateTime />
    </Product>
    <Product>
      <PriceUpdateDate>2019/01/16 14:48</PriceUpdateDate>
      <ItemCode>7290105360328</ItemCode>
      <ItemType>1</ItemType>
      <ItemName>קפסולות אספרסו חזק למכונת אספרסו</ItemName>
      <ManufactureName>שטראוס גרופ בע`מ</ManufactureName>
      <ManufactureCountry />
      <ManufactureItemDescription />
      <UnitQty>'יח</UnitQty>
      <Quantity>0.50</Quantity>
      <UnitMeasure>ל-100 גרם</UnitMeasure>
      <BisWeighted>0</BisWeighted>
      <QtyInPackage>12</QtyInPackage>
      <ItemPrice>16.90</ItemPrice>
      <UnitOfMeasurePrice>33.80</UnitOfMeasurePrice>
      <AllowDiscount>1</AllowDiscount>
      <itemStatus>1</itemStatus>
      <LastUpdateDate />
      <LastUpdateTime />
    </Product>
    <Product>
      <PriceUpdateDate>2022/01/13 09:26</PriceUpdateDate>
      <ItemCode>7290105362339</ItemCode>
      <ItemType>1</ItemType>
      <ItemName>.שמנת לבישול 15% מהדרין</ItemName>
      <ManufactureName>שטראוס גרופ בע`מ</ManufactureName>
      <ManufactureCountry />
      <ManufactureItemDescription />
      <UnitQty>'יח</UnitQty>
      <Quantity>2.50</Quantity>
      <UnitMeasure>ל-100 גרם</UnitMeasure>
      <BisWeighted>0</BisWeighted>
      <QtyInPackage>18</QtyInPackage>
      <ItemPrice>7.90</ItemPrice>
      <UnitOfMeasurePrice>3.16</UnitOfMeasurePrice>
      <AllowDiscount>1</AllowDiscount>
      <itemStatus>1</itemStatus>
      <LastUpdateDate />
      <LastUpdateTime />
    </Product>
    <Product>
      <PriceUpdateDate>2019/08/11 15:34</PriceUpdateDate>
      <ItemCode>7290105363602</ItemCode>
      <ItemType>1</ItemType>
      <ItemName>כיף כף מקלות קלאסי 40גר`</ItemName>
      <ManufactureName>שטראוס גרופ בע`מ</ManufactureName>
      <ManufactureCountry />
      <ManufactureItemDescription />
      <UnitQty>'יח</UnitQty>
      <Quantity>0.40</Quantity>
      <UnitMeasure>ל-100 גרם</UnitMeasure>
      <BisWeighted>0</BisWeighted>
      <QtyInPackage>8</QtyInPackage>
      <ItemPrice>4.90</ItemPrice>
      <UnitOfMeasurePrice>12.25</UnitOfMeasurePrice>
      <AllowDiscount>1</AllowDiscount>
      <itemStatus>1</itemStatus>
      <LastUpdateDate />
      <LastUpdateTime />
    </Product>
    <Product>
      <PriceUpdateDate>2019/08/11 15:34</PriceUpdateDate>
      <ItemCode>7290105364289</ItemCode>
      <ItemType>1</ItemType>
      <ItemName>כיף כף מקלות פצפוצים 40גר`</ItemName>
      <ManufactureName>שטראוס גרופ בע`מ</ManufactureName>
      <ManufactureCountry />
      <ManufactureItemDescription />
      <UnitQty>'יח</UnitQty>
      <Quantity>0.40</Quantity>
      <UnitMeasure>ל-100 גרם</UnitMeasure>
      <BisWeighted>0</BisWeighted>
      <QtyInPackage>8</QtyInPackage>
      <ItemPrice>4.90</ItemPrice>
      <UnitOfMeasurePrice>12.25</UnitOfMeasurePrice>
      <AllowDiscount>1</AllowDiscount>
      <itemStatus>1</itemStatus>
      <LastUpdateDate />
      <LastUpdateTime />
    </Product>
    <Product>
      <PriceUpdateDate>2019/01/16 14:48</PriceUpdateDate>
      <ItemCode>7290105364678</ItemCode>
      <ItemType>1</ItemType>
      <ItemName>דנונה אקטיביה משקה יוגורט אפרסק</ItemName>
      <ManufactureName>שטראוס גרופ בע`מ</ManufactureName>
      <ManufactureCountry />
      <ManufactureItemDescription />
      <UnitQty>'יח</UnitQty>
      <Quantity>2.50</Quantity>
      <UnitMeasure>ל-100 מ"ל</UnitMeasure>
      <BisWeighted>0</BisWeighted>
      <QtyInPackage>12</QtyInPackage>
      <ItemPrice>5.20</ItemPrice>
      <UnitOfMeasurePrice>2.08</UnitOfMeasurePrice>
      <AllowDiscount>1</AllowDiscount>
      <itemStatus>1</itemStatus>
      <LastUpdateDate />
      <LastUpdateTime />
    </Product>
    <Product>
      <PriceUpdateDate>2022/10/23 08:43</PriceUpdateDate>
      <ItemCode>7290105366023</ItemCode>
      <ItemType>1</ItemType>
      <ItemName>חציל בטעם כבד אחלה 400 גרם</ItemName>
      <ManufactureName>שטראוס גרופ בע`מ</ManufactureName>
      <ManufactureCountry />
      <ManufactureItemDescription />
      <UnitQty>'יח</UnitQty>
      <Quantity>4</Quantity>
      <UnitMeasure>ל-100 גרם</UnitMeasure>
      <BisWeighted>0</BisWeighted>
      <QtyInPackage>6</QtyInPackage>
      <ItemPrice>16.90</ItemPrice>
      <UnitOfMeasurePrice>4.23</UnitOfMeasurePrice>
      <AllowDiscount>1</AllowDiscount>
      <itemStatus>1</itemStatus>
      <LastUpdateDate />
      <LastUpdateTime />
    </Product>
    <Product>
      <PriceUpdateDate>2022/10/23 08:43</PriceUpdateDate>
      <ItemCode>7290105366047</ItemCode>
      <ItemType>1</ItemType>
      <ItemName>טחינה לבנה אחלה 400 גרם</ItemName>
      <ManufactureName>שטראוס גרופ בע`מ</ManufactureName>
      <ManufactureCountry />
      <ManufactureItemDescription />
      <UnitQty>'יח</UnitQty>
      <Quantity>4</Quantity>
      <UnitMeasure>ל-100 גרם</UnitMeasure>
      <BisWeighted>0</BisWeighted>
      <QtyInPackage>6</QtyInPackage>
      <ItemPrice>16.90</ItemPrice>
      <UnitOfMeasurePrice>4.23</UnitOfMeasurePrice>
      <AllowDiscount>1</AllowDiscount>
      <itemStatus>1</itemStatus>
      <LastUpdateDate />
      <LastUpdateTime />
    </Product>
    <Product>
      <PriceUpdateDate>2019/01/16 14:48</PriceUpdateDate>
      <ItemCode>7290105366993</ItemCode>
      <ItemType>1</ItemType>
      <ItemName>גבינת סימפוניה פלפל שיפקה חריף 200 גר`</ItemName>
      <ManufactureName>שטראוס גרופ בע`מ</ManufactureName>
      <ManufactureCountry />
      <ManufactureItemDescription />
      <UnitQty>'יח</UnitQty>
      <Quantity>2</Quantity>
      <UnitMeasure>ל-100 גרם</UnitMeasure>
      <BisWeighted>0</BisWeighted>
      <QtyInPackage>12</QtyInPackage>
      <ItemPrice>11.90</ItemPrice>
      <UnitOfMeasurePrice>5.95</UnitOfMeasurePrice>
      <AllowDiscount>1</AllowDiscount>
      <itemStatus>1</itemStatus>
      <LastUpdateDate />
      <LastUpdateTime />
    </Product>
    <Product>
      <PriceUpdateDate>2019/01/16 14:49</PriceUpdateDate>
      <ItemCode>7290105368904</ItemCode>
      <ItemType>1</ItemType>
      <ItemName>שמנת מתוקה להקצפה 38% 250 מל</ItemName>
      <ManufactureName>שטראוס גרופ בע`מ</ManufactureName>
      <ManufactureCountry />
      <ManufactureItemDescription />
      <UnitQty>'יח</UnitQty>
      <Quantity>2.50</Quantity>
      <UnitMeasure>ל-100 גרם</UnitMeasure>
      <BisWeighted>0</BisWeighted>
      <QtyInPackage>1</QtyInPackage>
      <ItemPrice>8.20</ItemPrice>
      <UnitOfMeasurePrice>3.28</UnitOfMeasurePrice>
      <AllowDiscount>1</AllowDiscount>
      <itemStatus>1</itemStatus>
      <LastUpdateDate />
      <LastUpdateTime />
    </Product>
    <Product>
      <PriceUpdateDate>2019/01/16 14:49</PriceUpdateDate>
      <ItemCode>7290105369130</ItemCode>
      <ItemType>1</ItemType>
      <ItemName>גבינת סימפוניה 5% בטעם בצל ירוק 200 גר</ItemName>
      <ManufactureName>שטראוס גרופ בע`מ</ManufactureName>
      <ManufactureCountry />
      <ManufactureItemDescription />
      <UnitQty>'יח</UnitQty>
      <Quantity>2</Quantity>
      <UnitMeasure>ל-100 גרם</UnitMeasure>
      <BisWeighted>0</BisWeighted>
      <QtyInPackage>12</QtyInPackage>
      <ItemPrice>11.90</ItemPrice>
      <UnitOfMeasurePrice>5.95</UnitOfMeasurePrice>
      <AllowDiscount>1</AllowDiscount>
      <itemStatus>1</itemStatus>
      <LastUpdateDate />
      <LastUpdateTime />
    </Product>
    <Product>
      <PriceUpdateDate>2021/05/18 10:42</PriceUpdateDate>
      <ItemCode>7290105439499</ItemCode>
      <ItemType>1</ItemType>
      <ItemName>מנה מיונז מאסטר שף 480 גר`</ItemName>
      <ManufactureName>ש. שסטוביץ בע`מ</ManufactureName>
      <ManufactureCountry />
      <ManufactureItemDescription />
      <UnitQty>'יח</UnitQty>
      <Quantity>4.81</Quantity>
      <UnitMeasure>ל-100 גרם</UnitMeasure>
      <BisWeighted>0</BisWeighted>
      <QtyInPackage>1</QtyInPackage>
      <ItemPrice>10.90</ItemPrice>
      <UnitOfMeasurePrice>2.27</UnitOfMeasurePrice>
      <AllowDiscount>0</AllowDiscount>
      <itemStatus>1</itemStatus>
      <LastUpdateDate />
      <LastUpdateTime />
    </Product>
    <Product>
      <PriceUpdateDate>2021/01/08 08:03</PriceUpdateDate>
      <ItemCode>7290105439505</ItemCode>
      <ItemType>1</ItemType>
      <ItemName>מנה קרם בטעם מיונז לייט מאסטר שף 479 ג</ItemName>
      <ManufactureName>ש. שסטוביץ בע`מ</ManufactureName>
      <ManufactureCountry />
      <ManufactureItemDescription />
      <UnitQty>'יח</UnitQty>
      <Quantity>4.79</Quantity>
      <UnitMeasure>ל-100 גרם</UnitMeasure>
      <BisWeighted>0</BisWeighted>
      <QtyInPackage>1</QtyInPackage>
      <ItemPrice>10.90</ItemPrice>
      <UnitOfMeasurePrice>2.28</UnitOfMeasurePrice>
      <AllowDiscount>0</AllowDiscount>
      <itemStatus>1</itemStatus>
      <LastUpdateDate />
      <LastUpdateTime />
    </Product>
    <Product>
      <PriceUpdateDate>2019/12/10 20:00</PriceUpdateDate>
      <ItemCode>7290105439581</ItemCode>
      <ItemType>1</ItemType>
      <ItemName>חרדל דיג`ון צרפתי מאסטר שף 370 גר`</ItemName>
      <ManufactureName>ש. שסטוביץ בע`מ</ManufactureName>
      <ManufactureCountry />
      <ManufactureItemDescription />
      <UnitQty>'יח</UnitQty>
      <Quantity>3.70</Quantity>
      <UnitMeasure>ל-100 גרם</UnitMeasure>
      <BisWeighted>0</BisWeighted>
      <QtyInPackage>1</QtyInPackage>
      <ItemPrice>11.90</ItemPrice>
      <UnitOfMeasurePrice>3.22</UnitOfMeasurePrice>
      <AllowDiscount>0</AllowDiscount>
      <itemStatus>1</itemStatus>
      <LastUpdateDate />
      <LastUpdateTime />
    </Product>
    <Product>
      <PriceUpdateDate>2022/11/01 11:47</PriceUpdateDate>
      <ItemCode>7290105470645</ItemCode>
      <ItemType>1</ItemType>
      <ItemName>סופרקט בקר וכבד 7 קג</ItemName>
      <ManufactureName>שחורי אריה ואנסטסיה</ManufactureName>
      <ManufactureCountry />
      <ManufactureItemDescription />
      <UnitQty>'יח</UnitQty>
      <Quantity>70</Quantity>
      <UnitMeasure>ל-100 גרם</UnitMeasure>
      <BisWeighted>0</BisWeighted>
      <QtyInPackage>1</QtyInPackage>
      <ItemPrice>109.90</ItemPrice>
      <UnitOfMeasurePrice>1.57</UnitOfMeasurePrice>
      <AllowDiscount>0</AllowDiscount>
      <itemStatus>1</itemStatus>
      <LastUpdateDate />
      <LastUpdateTime />
    </Product>
    <Product>
      <PriceUpdateDate>2022/11/01 11:47</PriceUpdateDate>
      <ItemCode>7290105473950</ItemCode>
      <ItemType>1</ItemType>
      <ItemName>יורוקיטי קופסה 5 קג</ItemName>
      <ManufactureName>שחורי אריה ואנסטסיה</ManufactureName>
      <ManufactureCountry />
      <ManufactureItemDescription />
      <UnitQty>'יח</UnitQty>
      <Quantity>50</Quantity>
      <UnitMeasure>ל-100 גרם</UnitMeasure>
      <BisWeighted>0</BisWeighted>
      <QtyInPackage>1</QtyInPackage>
      <ItemPrice>34.90</ItemPrice>
      <UnitOfMeasurePrice>0.70</UnitOfMeasurePrice>
      <AllowDiscount>0</AllowDiscount>
      <itemStatus>1</itemStatus>
      <LastUpdateDate />
      <LastUpdateTime />
    </Product>
    <Product>
      <PriceUpdateDate>2022/11/01 11:47</PriceUpdateDate>
      <ItemCode>7290105474001</ItemCode>
      <ItemType>1</ItemType>
      <ItemName>לה קט פטה בקר 100 גרם</ItemName>
      <ManufactureName>שחורי אריה ואנסטסיה</ManufactureName>
      <ManufactureCountry />
      <ManufactureItemDescription />
      <UnitQty>'יח</UnitQty>
      <Quantity>1</Quantity>
      <UnitMeasure>ל-100 גרם</UnitMeasure>
      <BisWeighted>0</BisWeighted>
      <QtyInPackage>1</QtyInPackage>
      <ItemPrice>4.90</ItemPrice>
      <UnitOfMeasurePrice>4.90</UnitOfMeasurePrice>
      <AllowDiscount>0</AllowDiscount>
      <itemStatus>1</itemStatus>
      <LastUpdateDate />
      <LastUpdateTime />
    </Product>
    <Product>
      <PriceUpdateDate>2022/11/01 11:47</PriceUpdateDate>
      <ItemCode>7290105474018</ItemCode>
      <ItemType>1</ItemType>
      <ItemName>לה קט פטה עוף 100 גרם</ItemName>
      <ManufactureName>שחורי אריה ואנסטסיה</ManufactureName>
      <ManufactureCountry />
      <ManufactureItemDescription />
      <UnitQty>'יח</UnitQty>
      <Quantity>1</Quantity>
      <UnitMeasure>ל-100 גרם</UnitMeasure>
      <BisWeighted>0</BisWeighted>
      <QtyInPackage>1</QtyInPackage>
      <ItemPrice>4.90</ItemPrice>
      <UnitOfMeasurePrice>4.90</UnitOfMeasurePrice>
      <AllowDiscount>0</AllowDiscount>
      <itemStatus>1</itemStatus>
      <LastUpdateDate />
      <LastUpdateTime />
    </Product>
    <Product>
      <PriceUpdateDate>2022/11/01 11:47</PriceUpdateDate>
      <ItemCode>7290105474025</ItemCode>
      <ItemType>1</ItemType>
      <ItemName>לה קט פטה סלמון 100 גרם</ItemName>
      <ManufactureName>שחורי אריה ואנסטסיה</ManufactureName>
      <ManufactureCountry />
      <ManufactureItemDescription />
      <UnitQty>'יח</UnitQty>
      <Quantity>1</Quantity>
      <UnitMeasure>ל-100 גרם</UnitMeasure>
      <BisWeighted>0</BisWeighted>
      <QtyInPackage>1</QtyInPackage>
      <ItemPrice>4.90</ItemPrice>
      <UnitOfMeasurePrice>4.90</UnitOfMeasurePrice>
      <AllowDiscount>0</AllowDiscount>
      <itemStatus>1</itemStatus>
      <LastUpdateDate />
      <LastUpdateTime />
    </Product>
    <Product>
      <PriceUpdateDate>2022/11/01 11:47</PriceUpdateDate>
      <ItemCode>7290105474049</ItemCode>
      <ItemType>1</ItemType>
      <ItemName>לה קט מוס עוף 155 גר</ItemName>
      <ManufactureName>שחורי אריה ואנסטסיה</ManufactureName>
      <ManufactureCountry />
      <ManufactureItemDescription />
      <UnitQty>'יח</UnitQty>
      <Quantity>1.55</Quantity>
      <UnitMeasure>ל-100 גרם</UnitMeasure>
      <BisWeighted>0</BisWeighted>
      <QtyInPackage>1</QtyInPackage>
      <ItemPrice>5.90</ItemPrice>
      <UnitOfMeasurePrice>3.81</UnitOfMeasurePrice>
      <AllowDiscount>0</AllowDiscount>
      <itemStatus>1</itemStatus>
      <LastUpdateDate />
      <LastUpdateTime />
    </Product>
    <Product>
      <PriceUpdateDate>2022/11/01 11:47</PriceUpdateDate>
      <ItemCode>7290105474056</ItemCode>
      <ItemType>1</ItemType>
      <ItemName>לה קט מוס סלמון 155 גר</ItemName>
      <ManufactureName>שחורי אריה ואנסטסיה</ManufactureName>
      <ManufactureCountry />
      <ManufactureItemDescription />
      <UnitQty>'יח</UnitQty>
      <Quantity>1.55</Quantity>
      <UnitMeasure>ל-100 גרם</UnitMeasure>
      <BisWeighted>0</BisWeighted>
      <QtyInPackage>1</QtyInPackage>
      <ItemPrice>5.90</ItemPrice>
      <UnitOfMeasurePrice>3.81</UnitOfMeasurePrice>
      <AllowDiscount>0</AllowDiscount>
      <itemStatus>1</itemStatus>
      <LastUpdateDate />
      <LastUpdateTime />
    </Product>
    <Product>
      <PriceUpdateDate>2022/11/01 11:47</PriceUpdateDate>
      <ItemCode>7290105474063</ItemCode>
      <ItemType>1</ItemType>
      <ItemName>לה קט מוס כבד 155 גר</ItemName>
      <ManufactureName>שחורי אריה ואנסטסיה</ManufactureName>
      <ManufactureCountry />
      <ManufactureItemDescription />
      <UnitQty>'יח</UnitQty>
      <Quantity>1.55</Quantity>
      <UnitMeasure>ל-100 גרם</UnitMeasure>
      <BisWeighted>0</BisWeighted>
      <QtyInPackage>1</QtyInPackage>
      <ItemPrice>7.90</ItemPrice>
      <UnitOfMeasurePrice>5.10</UnitOfMeasurePrice>
      <AllowDiscount>0</AllowDiscount>
      <itemStatus>1</itemStatus>
      <LastUpdateDate />
      <LastUpdateTime />
    </Product>
    <Product>
      <PriceUpdateDate>2022/11/01 11:47</PriceUpdateDate>
      <ItemCode>7290105474070</ItemCode>
      <ItemType>1</ItemType>
      <ItemName>לה קט מוס טונה 155 גר</ItemName>
      <ManufactureName>שחורי אריה ואנסטסיה</ManufactureName>
      <ManufactureCountry />
      <ManufactureItemDescription />
      <UnitQty>'יח</UnitQty>
      <Quantity>1.55</Quantity>
      <UnitMeasure>ל-100 גרם</UnitMeasure>
      <BisWeighted>0</BisWeighted>
      <QtyInPackage>1</QtyInPackage>
      <ItemPrice>7.90</ItemPrice>
      <UnitOfMeasurePrice>5.10</UnitOfMeasurePrice>
      <AllowDiscount>0</AllowDiscount>
      <itemStatus>1</itemStatus>
      <LastUpdateDate />
      <LastUpdateTime />
    </Product>
    <Product>
      <PriceUpdateDate>2022/11/01 11:46</PriceUpdateDate>
      <ItemCode>7290105474124</ItemCode>
      <ItemType>1</ItemType>
      <ItemName>מזון לכלבים בונזו מזון כלבים בשר 12 קג מ</ItemName>
      <ManufactureName>שחורי אריה ואנסטסיה</ManufactureName>
      <ManufactureCountry />
      <ManufactureItemDescription />
      <UnitQty>'יח</UnitQty>
      <Quantity>120</Quantity>
      <UnitMeasure>ל-100 גרם</UnitMeasure>
      <BisWeighted>0</BisWeighted>
      <QtyInPackage>1</QtyInPackage>
      <ItemPrice>129.90</ItemPrice>
      <UnitOfMeasurePrice>1.08</UnitOfMeasurePrice>
      <AllowDiscount>0</AllowDiscount>
      <itemStatus>1</itemStatus>
      <LastUpdateDate />
      <LastUpdateTime />
    </Product>
    <Product>
      <PriceUpdateDate>2022/11/01 11:47</PriceUpdateDate>
      <ItemCode>7290105474148</ItemCode>
      <ItemType>1</ItemType>
      <ItemName>מעדן בונזו גורמה עוף בקר וירקות 170גרם</ItemName>
      <ManufactureName>שחורי אריה ואנסטסיה</ManufactureName>
      <ManufactureCountry />
      <ManufactureItemDescription />
      <UnitQty>'יח</UnitQty>
      <Quantity>1.70</Quantity>
      <UnitMeasure>ל-100 גרם</UnitMeasure>
      <BisWeighted>0</BisWeighted>
      <QtyInPackage>1</QtyInPackage>
      <ItemPrice>7.90</ItemPrice>
      <UnitOfMeasurePrice>4.65</UnitOfMeasurePrice>
      <AllowDiscount>0</AllowDiscount>
      <itemStatus>1</itemStatus>
      <LastUpdateDate />
      <LastUpdateTime />
    </Product>
    <Product>
      <PriceUpdateDate>2022/11/01 11:47</PriceUpdateDate>
      <ItemCode>7290105474179</ItemCode>
      <ItemType>1</ItemType>
      <ItemName>מארז מען לה קט פטה מולטיפק 100 גר 4 יח</ItemName>
      <ManufactureName>שחורי אריה ואנסטסיה</ManufactureName>
      <ManufactureCountry />
      <ManufactureItemDescription />
      <UnitQty>'יח</UnitQty>
      <Quantity>4</Quantity>
      <UnitMeasure>ל-100 גרם</UnitMeasure>
      <BisWeighted>0</BisWeighted>
      <QtyInPackage>1</QtyInPackage>
      <ItemPrice>12.90</ItemPrice>
      <UnitOfMeasurePrice>3.23</UnitOfMeasurePrice>
      <AllowDiscount>0</AllowDiscount>
      <itemStatus>1</itemStatus>
      <LastUpdateDate />
      <LastUpdateTime />
    </Product>
    <Product>
      <PriceUpdateDate>2022/11/01 11:47</PriceUpdateDate>
      <ItemCode>7290105477392</ItemCode>
      <ItemType>1</ItemType>
      <ItemName>בונזו ג.קטן 7 קג</ItemName>
      <ManufactureName>שחורי אריה ואנסטסיה</ManufactureName>
      <ManufactureCountry />
      <ManufactureItemDescription />
      <UnitQty>'יח</UnitQty>
      <Quantity>70</Quantity>
      <UnitMeasure>ל-100 גרם</UnitMeasure>
      <BisWeighted>0</BisWeighted>
      <QtyInPackage>1</QtyInPackage>
      <ItemPrice>119.90</ItemPrice>
      <UnitOfMeasurePrice>1.71</UnitOfMeasurePrice>
      <AllowDiscount>0</AllowDiscount>
      <itemStatus>1</itemStatus>
      <LastUpdateDate />
      <LastUpdateTime />
    </Product>
    <Product>
      <PriceUpdateDate>2022/11/01 11:46</PriceUpdateDate>
      <ItemCode>7290105478320</ItemCode>
      <ItemType>1</ItemType>
      <ItemName>מולטיפק סלמון 4*100</ItemName>
      <ManufactureName>שחורי אריה ואנסטסיה</ManufactureName>
      <ManufactureCountry />
      <ManufactureItemDescription />
      <UnitQty>'יח</UnitQty>
      <Quantity>4</Quantity>
      <UnitMeasure>ל-100 גרם</UnitMeasure>
      <BisWeighted>0</BisWeighted>
      <QtyInPackage>1</QtyInPackage>
      <ItemPrice>15.90</ItemPrice>
      <UnitOfMeasurePrice>3.98</UnitOfMeasurePrice>
      <AllowDiscount>0</AllowDiscount>
      <itemStatus>1</itemStatus>
      <LastUpdateDate />
      <LastUpdateTime />
    </Product>
    <Product>
      <PriceUpdateDate>2022/11/01 11:47</PriceUpdateDate>
      <ItemCode>7290105478337</ItemCode>
      <ItemType>1</ItemType>
      <ItemName>פדים קרבון 32 יחידות</ItemName>
      <ManufactureName>שחורי אריה ואנסטסיה</ManufactureName>
      <ManufactureCountry />
      <ManufactureItemDescription />
      <UnitQty>'יח</UnitQty>
      <Quantity>1</Quantity>
      <UnitMeasure />
      <BisWeighted>0</BisWeighted>
      <QtyInPackage>1</QtyInPackage>
      <ItemPrice>39.90</ItemPrice>
      <UnitOfMeasurePrice>39.90</UnitOfMeasurePrice>
      <AllowDiscount>0</AllowDiscount>
      <itemStatus>1</itemStatus>
      <LastUpdateDate />
      <LastUpdateTime />
    </Product>
    <Product>
      <PriceUpdateDate>2022/11/01 11:47</PriceUpdateDate>
      <ItemCode>7290105478375</ItemCode>
      <ItemType>1</ItemType>
      <ItemName>מיטת קומפורט ורוד M</ItemName>
      <ManufactureName>שחורי אריה ואנסטסיה</ManufactureName>
      <ManufactureCountry />
      <ManufactureItemDescription />
      <UnitQty>'יח</UnitQty>
      <Quantity>1</Quantity>
      <UnitMeasure />
      <BisWeighted>0</BisWeighted>
      <QtyInPackage>1</QtyInPackage>
      <ItemPrice>139.90</ItemPrice>
      <UnitOfMeasurePrice>139.90</UnitOfMeasurePrice>
      <AllowDiscount>0</AllowDiscount>
      <itemStatus>1</itemStatus>
      <LastUpdateDate />
      <LastUpdateTime />
    </Product>
    <Product>
      <PriceUpdateDate>2021/06/06 15:03</PriceUpdateDate>
      <ItemCode>7290105500151</ItemCode>
      <ItemType>1</ItemType>
      <ItemName>וודקה פינלנדיה 700 מל`</ItemName>
      <ManufactureName>מ. אקרמן</ManufactureName>
      <ManufactureCountry />
      <ManufactureItemDescription />
      <UnitQty>'יח</UnitQty>
      <Quantity>7</Quantity>
      <UnitMeasure>ל-100 מ"ל</UnitMeasure>
      <BisWeighted>0</BisWeighted>
      <QtyInPackage>1</QtyInPackage>
      <ItemPrice>59.90</ItemPrice>
      <UnitOfMeasurePrice>8.51</UnitOfMeasurePrice>
      <AllowDiscount>1</AllowDiscount>
      <itemStatus>1</itemStatus>
      <LastUpdateDate />
      <LastUpdateTime />
    </Product>
    <Product>
      <PriceUpdateDate>2019/01/16 14:49</PriceUpdateDate>
      <ItemCode>7290105500236</ItemCode>
      <ItemType>1</ItemType>
      <ItemName>גק דניאלס 700 מל`</ItemName>
      <ManufactureName>מ. אקרמן</ManufactureName>
      <ManufactureCountry />
      <ManufactureItemDescription />
      <UnitQty>'יח</UnitQty>
      <Quantity>7</Quantity>
      <UnitMeasure>ל-100 מ"ל</UnitMeasure>
      <BisWeighted>0</BisWeighted>
      <QtyInPackage>1</QtyInPackage>
      <ItemPrice>120.20</ItemPrice>
      <UnitOfMeasurePrice>17.13</UnitOfMeasurePrice>
      <AllowDiscount>1</AllowDiscount>
      <itemStatus>1</itemStatus>
      <LastUpdateDate />
      <LastUpdateTime />
    </Product>
    <Product>
      <PriceUpdateDate>2021/08/05 16:09</PriceUpdateDate>
      <ItemCode>7290105691224</ItemCode>
      <ItemType>1</ItemType>
      <ItemName>חטיפי פריכונים טורטיה שום בצל 60גר כשל</ItemName>
      <ManufactureName>קבוצת אסם סחר</ManufactureName>
      <ManufactureCountry />
      <ManufactureItemDescription />
      <UnitQty>'יח</UnitQty>
      <Quantity>0.60</Quantity>
      <UnitMeasure>ל-100 גרם</UnitMeasure>
      <BisWeighted>0</BisWeighted>
      <QtyInPackage>1</QtyInPackage>
      <ItemPrice>6.90</ItemPrice>
      <UnitOfMeasurePrice>11.50</UnitOfMeasurePrice>
      <AllowDiscount>0</AllowDiscount>
      <itemStatus>1</itemStatus>
      <LastUpdateDate />
      <LastUpdateTime />
    </Product>
    <Product>
      <PriceUpdateDate>2022/01/28 13:53</PriceUpdateDate>
      <ItemCode>7290105691712</ItemCode>
      <ItemType>1</ItemType>
      <ItemName>עוגיות הפסקת קפה חיטה מלאה 230גר</ItemName>
      <ManufactureName>קבוצת אסם סחר</ManufactureName>
      <ManufactureCountry />
      <ManufactureItemDescription />
      <UnitQty>'יח</UnitQty>
      <Quantity>2.30</Quantity>
      <UnitMeasure>ל-100 גרם</UnitMeasure>
      <BisWeighted>0</BisWeighted>
      <QtyInPackage>12</QtyInPackage>
      <ItemPrice>10.90</ItemPrice>
      <UnitOfMeasurePrice>4.74</UnitOfMeasurePrice>
      <AllowDiscount>1</AllowDiscount>
      <itemStatus>1</itemStatus>
      <LastUpdateDate />
      <LastUpdateTime />
    </Product>
    <Product>
      <PriceUpdateDate>2019/01/16 14:49</PriceUpdateDate>
      <ItemCode>7290105691934</ItemCode>
      <ItemType>1</ItemType>
      <ItemName>קמח שמרים 1 ק`ג</ItemName>
      <ManufactureName>קבוצת אסם סחר</ManufactureName>
      <ManufactureCountry />
      <ManufactureItemDescription />
      <UnitQty>'יח</UnitQty>
      <Quantity>10</Quantity>
      <UnitMeasure>ל-100 גרם</UnitMeasure>
      <BisWeighted>0</BisWeighted>
      <QtyInPackage>1</QtyInPackage>
      <ItemPrice>10.90</ItemPrice>
      <UnitOfMeasurePrice>1.09</UnitOfMeasurePrice>
      <AllowDiscount>1</AllowDiscount>
      <itemStatus>1</itemStatus>
      <LastUpdateDate />
      <LastUpdateTime />
    </Product>
    <Product>
      <PriceUpdateDate>2021/04/06 17:04</PriceUpdateDate>
      <ItemCode>7290105693341</ItemCode>
      <ItemType>1</ItemType>
      <ItemName>במבה מארז 10  יח`25* גר`</ItemName>
      <ManufactureName>קבוצת אסם סחר</ManufactureName>
      <ManufactureCountry />
      <ManufactureItemDescription />
      <UnitQty>'יח</UnitQty>
      <Quantity>2.50</Quantity>
      <UnitMeasure>ל-100 גרם</UnitMeasure>
      <BisWeighted>0</BisWeighted>
      <QtyInPackage>1</QtyInPackage>
      <ItemPrice>14.90</ItemPrice>
      <UnitOfMeasurePrice>5.96</UnitOfMeasurePrice>
      <AllowDiscount>1</AllowDiscount>
      <itemStatus>1</itemStatus>
      <LastUpdateDate />
      <LastUpdateTime />
    </Product>
    <Product>
      <PriceUpdateDate>2019/01/16 14:49</PriceUpdateDate>
      <ItemCode>7290105693952</ItemCode>
      <ItemType>1</ItemType>
      <ItemName>פירורית זהב שומשום 200 גרם שקית</ItemName>
      <ManufactureName>קבוצת אסם סחר</ManufactureName>
      <ManufactureCountry />
      <ManufactureItemDescription />
      <UnitQty>'יח</UnitQty>
      <Quantity>2</Quantity>
      <UnitMeasure>ל-100 גרם</UnitMeasure>
      <BisWeighted>0</BisWeighted>
      <QtyInPackage>1</QtyInPackage>
      <ItemPrice>5.90</ItemPrice>
      <UnitOfMeasurePrice>2.95</UnitOfMeasurePrice>
      <AllowDiscount>1</AllowDiscount>
      <itemStatus>1</itemStatus>
      <LastUpdateDate />
      <LastUpdateTime />
    </Product>
    <Product>
      <PriceUpdateDate>2019/01/16 14:49</PriceUpdateDate>
      <ItemCode>7290105694614</ItemCode>
      <ItemType>1</ItemType>
      <ItemName>פסטה אוסם ספגטי מהיר הכנה 500 גרם</ItemName>
      <ManufactureName>קבוצת אסם סחר</ManufactureName>
      <ManufactureCountry />
      <ManufactureItemDescription />
      <UnitQty>'יח</UnitQty>
      <Quantity>5</Quantity>
      <UnitMeasure>ל-100 גרם</UnitMeasure>
      <BisWeighted>0</BisWeighted>
      <QtyInPackage>1</QtyInPackage>
      <ItemPrice>5.90</ItemPrice>
      <UnitOfMeasurePrice>1.18</UnitOfMeasurePrice>
      <AllowDiscount>1</AllowDiscount>
      <itemStatus>1</itemStatus>
      <LastUpdateDate />
      <LastUpdateTime />
    </Product>
    <Product>
      <PriceUpdateDate>2019/01/16 14:49</PriceUpdateDate>
      <ItemCode>7290105695321</ItemCode>
      <ItemType>1</ItemType>
      <ItemName>עוגת שבת בראוניס  פאדג`380גר</ItemName>
      <ManufactureName>קבוצת אסם סחר</ManufactureName>
      <ManufactureCountry />
      <ManufactureItemDescription />
      <UnitQty>'יח</UnitQty>
      <Quantity>3.80</Quantity>
      <UnitMeasure>ל-100 גרם</UnitMeasure>
      <BisWeighted>0</BisWeighted>
      <QtyInPackage>1</QtyInPackage>
      <ItemPrice>17.10</ItemPrice>
      <UnitOfMeasurePrice>4.50</UnitOfMeasurePrice>
      <AllowDiscount>0</AllowDiscount>
      <itemStatus>1</itemStatus>
      <LastUpdateDate />
      <LastUpdateTime />
    </Product>
    <Product>
      <PriceUpdateDate>2022/02/08 12:57</PriceUpdateDate>
      <ItemCode>7290105962331</ItemCode>
      <ItemType>1</ItemType>
      <ItemName>סחוג חריף מאד זהבי 220 גרם</ItemName>
      <ManufactureName>שטראוס גרופ בע`מ</ManufactureName>
      <ManufactureCountry />
      <ManufactureItemDescription />
      <UnitQty>'יח</UnitQty>
      <Quantity>2.20</Quantity>
      <UnitMeasure>ל-100 גרם</UnitMeasure>
      <BisWeighted>0</BisWeighted>
      <QtyInPackage>12</QtyInPackage>
      <ItemPrice>11.90</ItemPrice>
      <UnitOfMeasurePrice>5.41</UnitOfMeasurePrice>
      <AllowDiscount>0</AllowDiscount>
      <itemStatus>1</itemStatus>
      <LastUpdateDate />
      <LastUpdateTime />
    </Product>
    <Product>
      <PriceUpdateDate>2019/10/16 13:11</PriceUpdateDate>
      <ItemCode>7290105962980</ItemCode>
      <ItemType>1</ItemType>
      <ItemName>כרוב אדום 400 גרם</ItemName>
      <ManufactureName>שטראוס גרופ בע`מ</ManufactureName>
      <ManufactureCountry />
      <ManufactureItemDescription />
      <UnitQty>'יח</UnitQty>
      <Quantity>4</Quantity>
      <UnitMeasure>ל-100 גרם</UnitMeasure>
      <BisWeighted>0</BisWeighted>
      <QtyInPackage>6</QtyInPackage>
      <ItemPrice>10.90</ItemPrice>
      <UnitOfMeasurePrice>2.73</UnitOfMeasurePrice>
      <AllowDiscount>1</AllowDiscount>
      <itemStatus>1</itemStatus>
      <LastUpdateDate />
      <LastUpdateTime />
    </Product>
    <Product>
      <PriceUpdateDate>2019/11/03 14:28</PriceUpdateDate>
      <ItemCode>7290105962997</ItemCode>
      <ItemType>1</ItemType>
      <ItemName>חציל במיונז 400 גרם</ItemName>
      <ManufactureName>שטראוס גרופ בע`מ</ManufactureName>
      <ManufactureCountry />
      <ManufactureItemDescription />
      <UnitQty>'יח</UnitQty>
      <Quantity>4</Quantity>
      <UnitMeasure>ל-100 גרם</UnitMeasure>
      <BisWeighted>0</BisWeighted>
      <QtyInPackage>6</QtyInPackage>
      <ItemPrice>10.90</ItemPrice>
      <UnitOfMeasurePrice>2.73</UnitOfMeasurePrice>
      <AllowDiscount>1</AllowDiscount>
      <itemStatus>1</itemStatus>
      <LastUpdateDate />
      <LastUpdateTime />
    </Product>
    <Product>
      <PriceUpdateDate>2019/11/03 14:28</PriceUpdateDate>
      <ItemCode>7290105963000</ItemCode>
      <ItemType>1</ItemType>
      <ItemName>מטבוחה 400 גרם</ItemName>
      <ManufactureName>שטראוס גרופ בע`מ</ManufactureName>
      <ManufactureCountry />
      <ManufactureItemDescription />
      <UnitQty>'יח</UnitQty>
      <Quantity>4</Quantity>
      <UnitMeasure>ל-100 גרם</UnitMeasure>
      <BisWeighted>0</BisWeighted>
      <QtyInPackage>6</QtyInPackage>
      <ItemPrice>10.90</ItemPrice>
      <UnitOfMeasurePrice>2.73</UnitOfMeasurePrice>
      <AllowDiscount>1</AllowDiscount>
      <itemStatus>1</itemStatus>
      <LastUpdateDate />
      <LastUpdateTime />
    </Product>
    <Product>
      <PriceUpdateDate>2022/03/18 06:40</PriceUpdateDate>
      <ItemCode>7290105964564</ItemCode>
      <ItemType>1</ItemType>
      <ItemName>חומוס אחלה 400 גרם</ItemName>
      <ManufactureName>שטראוס גרופ בע`מ</ManufactureName>
      <ManufactureCountry />
      <ManufactureItemDescription />
      <UnitQty>'יח</UnitQty>
      <Quantity>4</Quantity>
      <UnitMeasure>ל-100 גרם</UnitMeasure>
      <BisWeighted>0</BisWeighted>
      <QtyInPackage>6</QtyInPackage>
      <ItemPrice>9.90</ItemPrice>
      <UnitOfMeasurePrice>2.48</UnitOfMeasurePrice>
      <AllowDiscount>1</AllowDiscount>
      <itemStatus>1</itemStatus>
      <LastUpdateDate />
      <LastUpdateTime />
    </Product>
    <Product>
      <PriceUpdateDate>2019/11/11 12:25</PriceUpdateDate>
      <ItemCode>7290105965738</ItemCode>
      <ItemType>1</ItemType>
      <ItemName>משקה בוקר תות בננה 267מ`ל</ItemName>
      <ManufactureName>שטראוס גרופ בע`מ</ManufactureName>
      <ManufactureCountry />
      <ManufactureItemDescription />
      <UnitQty>'יח</UnitQty>
      <Quantity>2.67</Quantity>
      <UnitMeasure>ל-100 מ"ל</UnitMeasure>
      <BisWeighted>0</BisWeighted>
      <QtyInPackage>12</QtyInPackage>
      <ItemPrice>4.90</ItemPrice>
      <UnitOfMeasurePrice>1.84</UnitOfMeasurePrice>
      <AllowDiscount>1</AllowDiscount>
      <itemStatus>1</itemStatus>
      <LastUpdateDate />
      <LastUpdateTime />
    </Product>
    <Product>
      <PriceUpdateDate>2019/08/11 15:34</PriceUpdateDate>
      <ItemCode>7290105966469</ItemCode>
      <ItemType>1</ItemType>
      <ItemName>חומץ בלסמי יד מרדכי</ItemName>
      <ManufactureName>שטראוס גרופ בע`מ</ManufactureName>
      <ManufactureCountry />
      <ManufactureItemDescription />
      <UnitQty>'יח</UnitQty>
      <Quantity>2.50</Quantity>
      <UnitMeasure>ל-100 מ"ל</UnitMeasure>
      <BisWeighted>0</BisWeighted>
      <QtyInPackage>12</QtyInPackage>
      <ItemPrice>14.90</ItemPrice>
      <UnitOfMeasurePrice>5.96</UnitOfMeasurePrice>
      <AllowDiscount>0</AllowDiscount>
      <itemStatus>1</itemStatus>
      <LastUpdateDate />
      <LastUpdateTime />
    </Product>
    <Product>
      <PriceUpdateDate>2022/10/23 08:43</PriceUpdateDate>
      <ItemCode>7290105968098</ItemCode>
      <ItemType>1</ItemType>
      <ItemName>קולסלאו 500 גרם</ItemName>
      <ManufactureName>שטראוס גרופ בע`מ</ManufactureName>
      <ManufactureCountry />
      <ManufactureItemDescription />
      <UnitQty>'יח</UnitQty>
      <Quantity>5</Quantity>
      <UnitMeasure>ל-100 גרם</UnitMeasure>
      <BisWeighted>0</BisWeighted>
      <QtyInPackage>6</QtyInPackage>
      <ItemPrice>16.90</ItemPrice>
      <UnitOfMeasurePrice>3.38</UnitOfMeasurePrice>
      <AllowDiscount>1</AllowDiscount>
      <itemStatus>1</itemStatus>
      <LastUpdateDate />
      <LastUpdateTime />
    </Product>
    <Product>
      <PriceUpdateDate>2019/11/11 12:25</PriceUpdateDate>
      <ItemCode>7290105968654</ItemCode>
      <ItemType>1</ItemType>
      <ItemName>רביולי בטטה פרווה 400 גרם</ItemName>
      <ManufactureName>שטראוס גרופ בע`מ</ManufactureName>
      <ManufactureCountry />
      <ManufactureItemDescription />
      <UnitQty>'יח</UnitQty>
      <Quantity>4</Quantity>
      <UnitMeasure>ל-100 גרם</UnitMeasure>
      <BisWeighted>0</BisWeighted>
      <QtyInPackage>9</QtyInPackage>
      <ItemPrice>19.90</ItemPrice>
      <UnitOfMeasurePrice>4.98</UnitOfMeasurePrice>
      <AllowDiscount>1</AllowDiscount>
      <itemStatus>1</itemStatus>
      <LastUpdateDate />
      <LastUpdateTime />
    </Product>
    <Product>
      <PriceUpdateDate>2019/08/11 15:34</PriceUpdateDate>
      <ItemCode>7290105968777</ItemCode>
      <ItemType>1</ItemType>
      <ItemName>פריכיות  אנרג`בשוקולד מריר 80 גרם</ItemName>
      <ManufactureName>שטראוס גרופ בע`מ</ManufactureName>
      <ManufactureCountry />
      <ManufactureItemDescription />
      <UnitQty>'יח</UnitQty>
      <Quantity>0.80</Quantity>
      <UnitMeasure>ל-100 גרם</UnitMeasure>
      <BisWeighted>0</BisWeighted>
      <QtyInPackage>16</QtyInPackage>
      <ItemPrice>7.90</ItemPrice>
      <UnitOfMeasurePrice>9.88</UnitOfMeasurePrice>
      <AllowDiscount>0</AllowDiscount>
      <itemStatus>1</itemStatus>
      <LastUpdateDate />
      <LastUpdateTime />
    </Product>
    <Product>
      <PriceUpdateDate>2020/12/28 14:57</PriceUpdateDate>
      <ItemCode>7290106520066</ItemCode>
      <ItemType>1</ItemType>
      <ItemName>רבע לשבע בד`צ 160גר</ItemName>
      <ManufactureName>שטראוס גרופ בע`מ</ManufactureName>
      <ManufactureCountry />
      <ManufactureItemDescription />
      <UnitQty>'יח</UnitQty>
      <Quantity>1.60</Quantity>
      <UnitMeasure>ל-100 גרם</UnitMeasure>
      <BisWeighted>0</BisWeighted>
      <QtyInPackage>1</QtyInPackage>
      <ItemPrice>11.90</ItemPrice>
      <UnitOfMeasurePrice>7.44</UnitOfMeasurePrice>
      <AllowDiscount>1</AllowDiscount>
      <itemStatus>1</itemStatus>
      <LastUpdateDate />
      <LastUpdateTime />
    </Product>
    <Product>
      <PriceUpdateDate>2021/10/31 14:08</PriceUpdateDate>
      <ItemCode>7290106520288</ItemCode>
      <ItemType>1</ItemType>
      <ItemName>דנונה פרו תות 150 גרם</ItemName>
      <ManufactureName>שטראוס גרופ בע`מ</ManufactureName>
      <ManufactureCountry />
      <ManufactureItemDescription />
      <UnitQty>'יח</UnitQty>
      <Quantity>1.50</Quantity>
      <UnitMeasure>ל-100 מ"ל</UnitMeasure>
      <BisWeighted>0</BisWeighted>
      <QtyInPackage>12</QtyInPackage>
      <ItemPrice>4.90</ItemPrice>
      <UnitOfMeasurePrice>3.27</UnitOfMeasurePrice>
      <AllowDiscount>1</AllowDiscount>
      <itemStatus>1</itemStatus>
      <LastUpdateDate />
      <LastUpdateTime />
    </Product>
    <Product>
      <PriceUpdateDate>2022/01/13 09:26</PriceUpdateDate>
      <ItemCode>7290106520912</ItemCode>
      <ItemType>1</ItemType>
      <ItemName>שמנת לבישול 9%</ItemName>
      <ManufactureName>שטראוס גרופ בע`מ</ManufactureName>
      <ManufactureCountry />
      <ManufactureItemDescription />
      <UnitQty>'יח</UnitQty>
      <Quantity>2.58</Quantity>
      <UnitMeasure>ל-100 גרם</UnitMeasure>
      <BisWeighted>0</BisWeighted>
      <QtyInPackage>18</QtyInPackage>
      <ItemPrice>7.90</ItemPrice>
      <UnitOfMeasurePrice>3.06</UnitOfMeasurePrice>
      <AllowDiscount>1</AllowDiscount>
      <itemStatus>1</itemStatus>
      <LastUpdateDate />
      <LastUpdateTime />
    </Product>
    <Product>
      <PriceUpdateDate>2022/10/23 08:43</PriceUpdateDate>
      <ItemCode>7290106521049</ItemCode>
      <ItemType>1</ItemType>
      <ItemName>קוביות סלק 400 גר`</ItemName>
      <ManufactureName>שטראוס גרופ בע`מ</ManufactureName>
      <ManufactureCountry />
      <ManufactureItemDescription />
      <UnitQty>'יח</UnitQty>
      <Quantity>4</Quantity>
      <UnitMeasure>ל-100 גרם</UnitMeasure>
      <BisWeighted>0</BisWeighted>
      <QtyInPackage>6</QtyInPackage>
      <ItemPrice>16.90</ItemPrice>
      <UnitOfMeasurePrice>4.23</UnitOfMeasurePrice>
      <AllowDiscount>1</AllowDiscount>
      <itemStatus>1</itemStatus>
      <LastUpdateDate />
      <LastUpdateTime />
    </Product>
    <Product>
      <PriceUpdateDate>2022/02/22 16:31</PriceUpdateDate>
      <ItemCode>7290106524439</ItemCode>
      <ItemType>1</ItemType>
      <ItemName>תפוצ`יפס פופס 60 גר`</ItemName>
      <ManufactureName>שטראוס פריטו ליי בע`מ</ManufactureName>
      <ManufactureCountry />
      <ManufactureItemDescription />
      <UnitQty>'יח</UnitQty>
      <Quantity>0.60</Quantity>
      <UnitMeasure>ל-100 גרם</UnitMeasure>
      <BisWeighted>0</BisWeighted>
      <QtyInPackage>1</QtyInPackage>
      <ItemPrice>3.90</ItemPrice>
      <UnitOfMeasurePrice>6.50</UnitOfMeasurePrice>
      <AllowDiscount>1</AllowDiscount>
      <itemStatus>1</itemStatus>
      <LastUpdateDate />
      <LastUpdateTime />
    </Product>
    <Product>
      <PriceUpdateDate>2019/08/11 15:34</PriceUpdateDate>
      <ItemCode>7290106526822</ItemCode>
      <ItemType>1</ItemType>
      <ItemName>פריכיות  אנרג`תחתית חלב 70 גרם כשל`פ</ItemName>
      <ManufactureName>שטראוס גרופ בע`מ</ManufactureName>
      <ManufactureCountry />
      <ManufactureItemDescription />
      <UnitQty>'יח</UnitQty>
      <Quantity>0.70</Quantity>
      <UnitMeasure>ל-100 גרם</UnitMeasure>
      <BisWeighted>0</BisWeighted>
      <QtyInPackage>16</QtyInPackage>
      <ItemPrice>7.90</ItemPrice>
      <UnitOfMeasurePrice>11.29</UnitOfMeasurePrice>
      <AllowDiscount>0</AllowDiscount>
      <itemStatus>1</itemStatus>
      <LastUpdateDate />
      <LastUpdateTime />
    </Product>
    <Product>
      <PriceUpdateDate>2019/01/16 14:49</PriceUpdateDate>
      <ItemCode>7290106528567</ItemCode>
      <ItemType>1</ItemType>
      <ItemName>דוריטוס גריל 185 גר`</ItemName>
      <ManufactureName>שטראוס פריטו ליי בע`מ</ManufactureName>
      <ManufactureCountry />
      <ManufactureItemDescription />
      <UnitQty>'יח</UnitQty>
      <Quantity>1.85</Quantity>
      <UnitMeasure>ל-100 גרם</UnitMeasure>
      <BisWeighted>0</BisWeighted>
      <QtyInPackage>1</QtyInPackage>
      <ItemPrice>8.50</ItemPrice>
      <UnitOfMeasurePrice>4.59</UnitOfMeasurePrice>
      <AllowDiscount>0</AllowDiscount>
      <itemStatus>1</itemStatus>
      <LastUpdateDate />
      <LastUpdateTime />
    </Product>
    <Product>
      <PriceUpdateDate>2019/01/16 14:49</PriceUpdateDate>
      <ItemCode>7290106528628</ItemCode>
      <ItemType>1</ItemType>
      <ItemName>דוריטוס dippas טבעי 185 גר`</ItemName>
      <ManufactureName>שטראוס פריטו ליי בע`מ</ManufactureName>
      <ManufactureCountry />
      <ManufactureItemDescription />
      <UnitQty>'יח</UnitQty>
      <Quantity>1.85</Quantity>
      <UnitMeasure>ל-100 גרם</UnitMeasure>
      <BisWeighted>0</BisWeighted>
      <QtyInPackage>1</QtyInPackage>
      <ItemPrice>8.50</ItemPrice>
      <UnitOfMeasurePrice>4.59</UnitOfMeasurePrice>
      <AllowDiscount>0</AllowDiscount>
      <itemStatus>1</itemStatus>
      <LastUpdateDate />
      <LastUpdateTime />
    </Product>
    <Product>
      <PriceUpdateDate>2021/03/30 06:35</PriceUpdateDate>
      <ItemCode>7290106528949</ItemCode>
      <ItemType>1</ItemType>
      <ItemName>סלט ערוגות ירקות 450גר</ItemName>
      <ManufactureName>ביכורי השדה הצפון בעמ` 1964</ManufactureName>
      <ManufactureCountry />
      <ManufactureItemDescription />
      <UnitQty>'יח</UnitQty>
      <Quantity>3</Quantity>
      <UnitMeasure>ל-100 גרם</UnitMeasure>
      <BisWeighted>0</BisWeighted>
      <QtyInPackage>1</QtyInPackage>
      <ItemPrice>12.90</ItemPrice>
      <UnitOfMeasurePrice>4.30</UnitOfMeasurePrice>
      <AllowDiscount>0</AllowDiscount>
      <itemStatus>1</itemStatus>
      <LastUpdateDate />
      <LastUpdateTime />
    </Product>
    <Product>
      <PriceUpdateDate>2019/07/03 08:47</PriceUpdateDate>
      <ItemCode>7290106570023</ItemCode>
      <ItemType>1</ItemType>
      <ItemName>בייגלה שטוחים שומשום 250גר כשלפ</ItemName>
      <ManufactureName>קבוצת אסם סחר</ManufactureName>
      <ManufactureCountry />
      <ManufactureItemDescription />
      <UnitQty>'יח</UnitQty>
      <Quantity>2.50</Quantity>
      <UnitMeasure>ל-100 גרם</UnitMeasure>
      <BisWeighted>0</BisWeighted>
      <QtyInPackage>1</QtyInPackage>
      <ItemPrice>11.90</ItemPrice>
      <UnitOfMeasurePrice>4.76</UnitOfMeasurePrice>
      <AllowDiscount>0</AllowDiscount>
      <itemStatus>1</itemStatus>
      <LastUpdateDate />
      <LastUpdateTime />
    </Product>
    <Product>
      <PriceUpdateDate>2022/05/11 11:36</PriceUpdateDate>
      <ItemCode>7290106571921</ItemCode>
      <ItemType>1</ItemType>
      <ItemName>עוגיות פיטנס חמוציות 180 גרם</ItemName>
      <ManufactureName>קבוצת אסם סחר</ManufactureName>
      <ManufactureCountry />
      <ManufactureItemDescription />
      <UnitQty>'יח</UnitQty>
      <Quantity>1.80</Quantity>
      <UnitMeasure>ל-100 גרם</UnitMeasure>
      <BisWeighted>0</BisWeighted>
      <QtyInPackage>1</QtyInPackage>
      <ItemPrice>10.90</ItemPrice>
      <UnitOfMeasurePrice>6.06</UnitOfMeasurePrice>
      <AllowDiscount>0</AllowDiscount>
      <itemStatus>1</itemStatus>
      <LastUpdateDate />
      <LastUpdateTime />
    </Product>
    <Product>
      <PriceUpdateDate>2022/07/24 18:01</PriceUpdateDate>
      <ItemCode>7290106572027</ItemCode>
      <ItemType>1</ItemType>
      <ItemName>לחמית חמישת דגנים 190 גרם</ItemName>
      <ManufactureName>קבוצת אסם סחר</ManufactureName>
      <ManufactureCountry />
      <ManufactureItemDescription />
      <UnitQty>'יח</UnitQty>
      <Quantity>1.90</Quantity>
      <UnitMeasure>ל-100 גרם</UnitMeasure>
      <BisWeighted>0</BisWeighted>
      <QtyInPackage>1</QtyInPackage>
      <ItemPrice>9.90</ItemPrice>
      <UnitOfMeasurePrice>5.21</UnitOfMeasurePrice>
      <AllowDiscount>1</AllowDiscount>
      <itemStatus>1</itemStatus>
      <LastUpdateDate />
      <LastUpdateTime />
    </Product>
    <Product>
      <PriceUpdateDate>2021/08/05 16:09</PriceUpdateDate>
      <ItemCode>7290106572065</ItemCode>
      <ItemType>1</ItemType>
      <ItemName>חטיפי פריכונים טורטיה חמוץ מתוק 60גר</ItemName>
      <ManufactureName>קבוצת אסם סחר</ManufactureName>
      <ManufactureCountry />
      <ManufactureItemDescription />
      <UnitQty>'יח</UnitQty>
      <Quantity>0.60</Quantity>
      <UnitMeasure>ל-100 גרם</UnitMeasure>
      <BisWeighted>0</BisWeighted>
      <QtyInPackage>1</QtyInPackage>
      <ItemPrice>6.90</ItemPrice>
      <UnitOfMeasurePrice>11.50</UnitOfMeasurePrice>
      <AllowDiscount>0</AllowDiscount>
      <itemStatus>1</itemStatus>
      <LastUpdateDate />
      <LastUpdateTime />
    </Product>
    <Product>
      <PriceUpdateDate>2022/06/15 12:53</PriceUpdateDate>
      <ItemCode>7290106572959</ItemCode>
      <ItemType>1</ItemType>
      <ItemName>אפרופו חטיף קלאסי 5חי*25גר</ItemName>
      <ManufactureName>קבוצת אסם סחר</ManufactureName>
      <ManufactureCountry />
      <ManufactureItemDescription />
      <UnitQty>'יח</UnitQty>
      <Quantity>1.25</Quantity>
      <UnitMeasure>ל-100 גרם</UnitMeasure>
      <BisWeighted>0</BisWeighted>
      <QtyInPackage>1</QtyInPackage>
      <ItemPrice>12.90</ItemPrice>
      <UnitOfMeasurePrice>10.32</UnitOfMeasurePrice>
      <AllowDiscount>1</AllowDiscount>
      <itemStatus>1</itemStatus>
      <LastUpdateDate />
      <LastUpdateTime />
    </Product>
    <Product>
      <PriceUpdateDate>2019/01/16 14:49</PriceUpdateDate>
      <ItemCode>7290106572997</ItemCode>
      <ItemType>1</ItemType>
      <ItemName>קמח שמרים לפיצה 1 ק"ג</ItemName>
      <ManufactureName>קבוצת אסם סחר</ManufactureName>
      <ManufactureCountry />
      <ManufactureItemDescription />
      <UnitQty>'יח</UnitQty>
      <Quantity>10</Quantity>
      <UnitMeasure>ל-100 גרם</UnitMeasure>
      <BisWeighted>0</BisWeighted>
      <QtyInPackage>1</QtyInPackage>
      <ItemPrice>10.90</ItemPrice>
      <UnitOfMeasurePrice>1.09</UnitOfMeasurePrice>
      <AllowDiscount>1</AllowDiscount>
      <itemStatus>1</itemStatus>
      <LastUpdateDate />
      <LastUpdateTime />
    </Product>
    <Product>
      <PriceUpdateDate>2021/12/23 15:45</PriceUpdateDate>
      <ItemCode>7290106574953</ItemCode>
      <ItemType>1</ItemType>
      <ItemName>בייגלה שטוחים עם שומשום 300גר</ItemName>
      <ManufactureName>קבוצת אסם סחר</ManufactureName>
      <ManufactureCountry />
      <ManufactureItemDescription />
      <UnitQty>'יח</UnitQty>
      <Quantity>3</Quantity>
      <UnitMeasure>ל-100 גרם</UnitMeasure>
      <BisWeighted>0</BisWeighted>
      <QtyInPackage>1</QtyInPackage>
      <ItemPrice>10.90</ItemPrice>
      <UnitOfMeasurePrice>3.63</UnitOfMeasurePrice>
      <AllowDiscount>1</AllowDiscount>
      <itemStatus>1</itemStatus>
      <LastUpdateDate />
      <LastUpdateTime />
    </Product>
    <Product>
      <PriceUpdateDate>2021/12/23 15:45</PriceUpdateDate>
      <ItemCode>7290106574977</ItemCode>
      <ItemType>1</ItemType>
      <ItemName>בייגלה שטוחים עם מלח 300 גרם</ItemName>
      <ManufactureName>קבוצת אסם סחר</ManufactureName>
      <ManufactureCountry />
      <ManufactureItemDescription />
      <UnitQty>'יח</UnitQty>
      <Quantity>3</Quantity>
      <UnitMeasure>ל-100 גרם</UnitMeasure>
      <BisWeighted>0</BisWeighted>
      <QtyInPackage>1</QtyInPackage>
      <ItemPrice>10.90</ItemPrice>
      <UnitOfMeasurePrice>3.63</UnitOfMeasurePrice>
      <AllowDiscount>1</AllowDiscount>
      <itemStatus>1</itemStatus>
      <LastUpdateDate />
      <LastUpdateTime />
    </Product>
    <Product>
      <PriceUpdateDate>2019/01/16 14:49</PriceUpdateDate>
      <ItemCode>7290106575431</ItemCode>
      <ItemType>1</ItemType>
      <ItemName>עוגת סופלה שוקו וניל 340 גרם</ItemName>
      <ManufactureName>קבוצת אסם סחר</ManufactureName>
      <ManufactureCountry />
      <ManufactureItemDescription />
      <UnitQty>'יח</UnitQty>
      <Quantity>3.40</Quantity>
      <UnitMeasure>ל-100 גרם</UnitMeasure>
      <BisWeighted>0</BisWeighted>
      <QtyInPackage>1</QtyInPackage>
      <ItemPrice>12.90</ItemPrice>
      <UnitOfMeasurePrice>3.79</UnitOfMeasurePrice>
      <AllowDiscount>0</AllowDiscount>
      <itemStatus>1</itemStatus>
      <LastUpdateDate />
      <LastUpdateTime />
    </Product>
    <Product>
      <PriceUpdateDate>2022/11/01 11:46</PriceUpdateDate>
      <ItemCode>7290106576162</ItemCode>
      <ItemType>1</ItemType>
      <ItemName>פנסי פיסט דגים מארז מעורב 6 8*85גרם</ItemName>
      <ManufactureName>שחורי אריה ואנסטסיה</ManufactureName>
      <ManufactureCountry />
      <ManufactureItemDescription />
      <UnitQty>'יח</UnitQty>
      <Quantity>5.10</Quantity>
      <UnitMeasure>ל-100 גרם</UnitMeasure>
      <BisWeighted>0</BisWeighted>
      <QtyInPackage>1</QtyInPackage>
      <ItemPrice>39.90</ItemPrice>
      <UnitOfMeasurePrice>7.82</UnitOfMeasurePrice>
      <AllowDiscount>0</AllowDiscount>
      <itemStatus>1</itemStatus>
      <LastUpdateDate />
      <LastUpdateTime />
    </Product>
    <Product>
      <PriceUpdateDate>2022/02/15 11:52</PriceUpdateDate>
      <ItemCode>7290106576797</ItemCode>
      <ItemType>1</ItemType>
      <ItemName>לה קרמריה וניל איטלקי כשל`פ 1.4 ליטר</ItemName>
      <ManufactureName>נגה גלידות שותפות מוגבלת</ManufactureName>
      <ManufactureCountry />
      <ManufactureItemDescription />
      <UnitQty>'יח</UnitQty>
      <Quantity>14</Quantity>
      <UnitMeasure>ל-100 מ"ל</UnitMeasure>
      <BisWeighted>0</BisWeighted>
      <QtyInPackage>1</QtyInPackage>
      <ItemPrice>19.90</ItemPrice>
      <UnitOfMeasurePrice>1.42</UnitOfMeasurePrice>
      <AllowDiscount>1</AllowDiscount>
      <itemStatus>1</itemStatus>
      <LastUpdateDate />
      <LastUpdateTime />
    </Product>
    <Product>
      <PriceUpdateDate>2022/02/15 11:52</PriceUpdateDate>
      <ItemCode>7290106576810</ItemCode>
      <ItemType>1</ItemType>
      <ItemName>לה קרמריה ריבת חלב כשל`פ 1.4 ליטר</ItemName>
      <ManufactureName>נגה גלידות שותפות מוגבלת</ManufactureName>
      <ManufactureCountry />
      <ManufactureItemDescription />
      <UnitQty>'יח</UnitQty>
      <Quantity>14</Quantity>
      <UnitMeasure>ל-100 מ"ל</UnitMeasure>
      <BisWeighted>0</BisWeighted>
      <QtyInPackage>1</QtyInPackage>
      <ItemPrice>19.90</ItemPrice>
      <UnitOfMeasurePrice>1.42</UnitOfMeasurePrice>
      <AllowDiscount>1</AllowDiscount>
      <itemStatus>1</itemStatus>
      <LastUpdateDate />
      <LastUpdateTime />
    </Product>
    <Product>
      <PriceUpdateDate>2022/02/15 11:52</PriceUpdateDate>
      <ItemCode>7290106576834</ItemCode>
      <ItemType>1</ItemType>
      <ItemName>לה קרמריה פונטש בננה כשל`פ 1.4 ליטר</ItemName>
      <ManufactureName>נגה גלידות שותפות מוגבלת</ManufactureName>
      <ManufactureCountry />
      <ManufactureItemDescription />
      <UnitQty>'יח</UnitQty>
      <Quantity>14</Quantity>
      <UnitMeasure>ל-100 מ"ל</UnitMeasure>
      <BisWeighted>0</BisWeighted>
      <QtyInPackage>1</QtyInPackage>
      <ItemPrice>19.90</ItemPrice>
      <UnitOfMeasurePrice>1.42</UnitOfMeasurePrice>
      <AllowDiscount>1</AllowDiscount>
      <itemStatus>1</itemStatus>
      <LastUpdateDate />
      <LastUpdateTime />
    </Product>
    <Product>
      <PriceUpdateDate>2022/02/15 11:52</PriceUpdateDate>
      <ItemCode>7290106576858</ItemCode>
      <ItemType>1</ItemType>
      <ItemName>לה קרמריה תותים בשמנת כשל`פ 1.4 ליטר</ItemName>
      <ManufactureName>נגה גלידות שותפות מוגבלת</ManufactureName>
      <ManufactureCountry />
      <ManufactureItemDescription />
      <UnitQty>'יח</UnitQty>
      <Quantity>14</Quantity>
      <UnitMeasure>ל-100 מ"ל</UnitMeasure>
      <BisWeighted>0</BisWeighted>
      <QtyInPackage>1</QtyInPackage>
      <ItemPrice>19.90</ItemPrice>
      <UnitOfMeasurePrice>1.42</UnitOfMeasurePrice>
      <AllowDiscount>1</AllowDiscount>
      <itemStatus>1</itemStatus>
      <LastUpdateDate />
      <LastUpdateTime />
    </Product>
    <Product>
      <PriceUpdateDate>2022/02/15 11:52</PriceUpdateDate>
      <ItemCode>7290106576957</ItemCode>
      <ItemType>1</ItemType>
      <ItemName>לה קרמריה שוקו וניל פליק כשל`פ 1.4 ליט</ItemName>
      <ManufactureName>נגה גלידות שותפות מוגבלת</ManufactureName>
      <ManufactureCountry />
      <ManufactureItemDescription />
      <UnitQty>'יח</UnitQty>
      <Quantity>14</Quantity>
      <UnitMeasure>ל-100 מ"ל</UnitMeasure>
      <BisWeighted>0</BisWeighted>
      <QtyInPackage>1</QtyInPackage>
      <ItemPrice>19.90</ItemPrice>
      <UnitOfMeasurePrice>1.42</UnitOfMeasurePrice>
      <AllowDiscount>1</AllowDiscount>
      <itemStatus>1</itemStatus>
      <LastUpdateDate />
      <LastUpdateTime />
    </Product>
    <Product>
      <PriceUpdateDate>2022/02/15 11:52</PriceUpdateDate>
      <ItemCode>7290106576971</ItemCode>
      <ItemType>1</ItemType>
      <ItemName>לה קרמריה שוקולד בלגי כשל`פ 1.4 ליטר</ItemName>
      <ManufactureName>נגה גלידות שותפות מוגבלת</ManufactureName>
      <ManufactureCountry />
      <ManufactureItemDescription />
      <UnitQty>'יח</UnitQty>
      <Quantity>14</Quantity>
      <UnitMeasure>ל-100 מ"ל</UnitMeasure>
      <BisWeighted>0</BisWeighted>
      <QtyInPackage>1</QtyInPackage>
      <ItemPrice>19.90</ItemPrice>
      <UnitOfMeasurePrice>1.42</UnitOfMeasurePrice>
      <AllowDiscount>1</AllowDiscount>
      <itemStatus>1</itemStatus>
      <LastUpdateDate />
      <LastUpdateTime />
    </Product>
    <Product>
      <PriceUpdateDate>2022/02/15 11:52</PriceUpdateDate>
      <ItemCode>7290106576995</ItemCode>
      <ItemType>1</ItemType>
      <ItemName>לה קרמריה סורבה לייט 1.4 ל`</ItemName>
      <ManufactureName>נגה גלידות שותפות מוגבלת</ManufactureName>
      <ManufactureCountry />
      <ManufactureItemDescription />
      <UnitQty>'יח</UnitQty>
      <Quantity>14</Quantity>
      <UnitMeasure>ל-100 מ"ל</UnitMeasure>
      <BisWeighted>0</BisWeighted>
      <QtyInPackage>1</QtyInPackage>
      <ItemPrice>19.90</ItemPrice>
      <UnitOfMeasurePrice>1.42</UnitOfMeasurePrice>
      <AllowDiscount>1</AllowDiscount>
      <itemStatus>1</itemStatus>
      <LastUpdateDate />
      <LastUpdateTime />
    </Product>
    <Product>
      <PriceUpdateDate>2022/02/15 11:52</PriceUpdateDate>
      <ItemCode>7290106577039</ItemCode>
      <ItemType>1</ItemType>
      <ItemName>לה קרמריה וניל שוקו פליק כשל`פ 1.4 ליט</ItemName>
      <ManufactureName>נגה גלידות שותפות מוגבלת</ManufactureName>
      <ManufactureCountry />
      <ManufactureItemDescription />
      <UnitQty>'יח</UnitQty>
      <Quantity>14</Quantity>
      <UnitMeasure>ל-100 מ"ל</UnitMeasure>
      <BisWeighted>0</BisWeighted>
      <QtyInPackage>1</QtyInPackage>
      <ItemPrice>19.90</ItemPrice>
      <UnitOfMeasurePrice>1.42</UnitOfMeasurePrice>
      <AllowDiscount>1</AllowDiscount>
      <itemStatus>1</itemStatus>
      <LastUpdateDate />
      <LastUpdateTime />
    </Product>
    <Product>
      <PriceUpdateDate>2022/01/20 14:35</PriceUpdateDate>
      <ItemCode>7290106577282</ItemCode>
      <ItemType>1</ItemType>
      <ItemName>סלט טחינה צבר 400 גרם</ItemName>
      <ManufactureName>קבוצת אסם סחר</ManufactureName>
      <ManufactureCountry />
      <ManufactureItemDescription />
      <UnitQty>'יח</UnitQty>
      <Quantity>4</Quantity>
      <UnitMeasure>ל-100 גרם</UnitMeasure>
      <BisWeighted>0</BisWeighted>
      <QtyInPackage>1</QtyInPackage>
      <ItemPrice>12.90</ItemPrice>
      <UnitOfMeasurePrice>3.23</UnitOfMeasurePrice>
      <AllowDiscount>0</AllowDiscount>
      <itemStatus>1</itemStatus>
      <LastUpdateDate />
      <LastUpdateTime />
    </Product>
    <Product>
      <PriceUpdateDate>2019/01/16 14:49</PriceUpdateDate>
      <ItemCode>7290106577480</ItemCode>
      <ItemType>1</ItemType>
      <ItemName>סלט חציל על האש בטחינה 400 גרם</ItemName>
      <ManufactureName>קבוצת אסם סחר</ManufactureName>
      <ManufactureCountry />
      <ManufactureItemDescription />
      <UnitQty>'יח</UnitQty>
      <Quantity>4</Quantity>
      <UnitMeasure>ל-100 גרם</UnitMeasure>
      <BisWeighted>0</BisWeighted>
      <QtyInPackage>1</QtyInPackage>
      <ItemPrice>14.90</ItemPrice>
      <UnitOfMeasurePrice>3.73</UnitOfMeasurePrice>
      <AllowDiscount>0</AllowDiscount>
      <itemStatus>1</itemStatus>
      <LastUpdateDate />
      <LastUpdateTime />
    </Product>
    <Product>
      <PriceUpdateDate>2022/01/20 14:35</PriceUpdateDate>
      <ItemCode>7290106577541</ItemCode>
      <ItemType>1</ItemType>
      <ItemName>סלט כרוב אדום 400 גרם</ItemName>
      <ManufactureName>קבוצת אסם סחר</ManufactureName>
      <ManufactureCountry />
      <ManufactureItemDescription />
      <UnitQty>'יח</UnitQty>
      <Quantity>4</Quantity>
      <UnitMeasure>ל-100 גרם</UnitMeasure>
      <BisWeighted>0</BisWeighted>
      <QtyInPackage>1</QtyInPackage>
      <ItemPrice>12.90</ItemPrice>
      <UnitOfMeasurePrice>3.23</UnitOfMeasurePrice>
      <AllowDiscount>0</AllowDiscount>
      <itemStatus>1</itemStatus>
      <LastUpdateDate />
      <LastUpdateTime />
    </Product>
    <Product>
      <PriceUpdateDate>2022/01/20 14:35</PriceUpdateDate>
      <ItemCode>7290106577572</ItemCode>
      <ItemType>1</ItemType>
      <ItemName>סלט מטבוחה 400 גרם</ItemName>
      <ManufactureName>קבוצת אסם סחר</ManufactureName>
      <ManufactureCountry />
      <ManufactureItemDescription />
      <UnitQty>'יח</UnitQty>
      <Quantity>4</Quantity>
      <UnitMeasure>ל-100 גרם</UnitMeasure>
      <BisWeighted>0</BisWeighted>
      <QtyInPackage>1</QtyInPackage>
      <ItemPrice>12.90</ItemPrice>
      <UnitOfMeasurePrice>3.23</UnitOfMeasurePrice>
      <AllowDiscount>0</AllowDiscount>
      <itemStatus>1</itemStatus>
      <LastUpdateDate />
      <LastUpdateTime />
    </Product>
    <Product>
      <PriceUpdateDate>2022/07/24 18:01</PriceUpdateDate>
      <ItemCode>7290106578692</ItemCode>
      <ItemType>1</ItemType>
      <ItemName>במבה ביסלי מיקס 80 גרם</ItemName>
      <ManufactureName>קבוצת אסם סחר</ManufactureName>
      <ManufactureCountry />
      <ManufactureItemDescription />
      <UnitQty>'יח</UnitQty>
      <Quantity>0.80</Quantity>
      <UnitMeasure>ל-100 גרם</UnitMeasure>
      <BisWeighted>0</BisWeighted>
      <QtyInPackage>1</QtyInPackage>
      <ItemPrice>3.90</ItemPrice>
      <UnitOfMeasurePrice>4.88</UnitOfMeasurePrice>
      <AllowDiscount>1</AllowDiscount>
      <itemStatus>1</itemStatus>
      <LastUpdateDate />
      <LastUpdateTime />
    </Product>
    <Product>
      <PriceUpdateDate>2020/05/05 14:58</PriceUpdateDate>
      <ItemCode>7290106578821</ItemCode>
      <ItemType>1</ItemType>
      <ItemName>עוגת שמרים שוקולד קלאסית 350 גרם</ItemName>
      <ManufactureName>קבוצת אסם סחר</ManufactureName>
      <ManufactureCountry />
      <ManufactureItemDescription />
      <UnitQty>'יח</UnitQty>
      <Quantity>3.50</Quantity>
      <UnitMeasure>ל-100 גרם</UnitMeasure>
      <BisWeighted>0</BisWeighted>
      <QtyInPackage>1</QtyInPackage>
      <ItemPrice>15.90</ItemPrice>
      <UnitOfMeasurePrice>4.54</UnitOfMeasurePrice>
      <AllowDiscount>0</AllowDiscount>
      <itemStatus>1</itemStatus>
      <LastUpdateDate />
      <LastUpdateTime />
    </Product>
    <Product>
      <PriceUpdateDate>2022/02/22 16:31</PriceUpdateDate>
      <ItemCode>7290106662025</ItemCode>
      <ItemType>1</ItemType>
      <ItemName>תפוצ`יפס מלח-פלפל 50 גר`</ItemName>
      <ManufactureName>שטראוס פריטו ליי בע`מ</ManufactureName>
      <ManufactureCountry />
      <ManufactureItemDescription />
      <UnitQty>'יח</UnitQty>
      <Quantity>0.50</Quantity>
      <UnitMeasure>ל-100 גרם</UnitMeasure>
      <BisWeighted>0</BisWeighted>
      <QtyInPackage>1</QtyInPackage>
      <ItemPrice>3.90</ItemPrice>
      <UnitOfMeasurePrice>7.80</UnitOfMeasurePrice>
      <AllowDiscount>1</AllowDiscount>
      <itemStatus>1</itemStatus>
      <LastUpdateDate />
      <LastUpdateTime />
    </Product>
    <Product>
      <PriceUpdateDate>2019/01/16 14:49</PriceUpdateDate>
      <ItemCode>7290106663091</ItemCode>
      <ItemType>1</ItemType>
      <ItemName>לאבנה 500גר 9%</ItemName>
      <ManufactureName>שטראוס גרופ בע`מ</ManufactureName>
      <ManufactureCountry />
      <ManufactureItemDescription />
      <UnitQty>'יח</UnitQty>
      <Quantity>5</Quantity>
      <UnitMeasure>ל-100 גרם</UnitMeasure>
      <BisWeighted>0</BisWeighted>
      <QtyInPackage>1</QtyInPackage>
      <ItemPrice>19.20</ItemPrice>
      <UnitOfMeasurePrice>3.84</UnitOfMeasurePrice>
      <AllowDiscount>0</AllowDiscount>
      <itemStatus>1</itemStatus>
      <LastUpdateDate />
      <LastUpdateTime />
    </Product>
    <Product>
      <PriceUpdateDate>2019/01/16 14:49</PriceUpdateDate>
      <ItemCode>7290106663121</ItemCode>
      <ItemType>1</ItemType>
      <ItemName>מילקי קייק עוגה בודדת</ItemName>
      <ManufactureName>שטראוס גרופ בע`מ</ManufactureName>
      <ManufactureCountry />
      <ManufactureItemDescription />
      <UnitQty>'יח</UnitQty>
      <Quantity>1.30</Quantity>
      <UnitMeasure>ל-100 מ"ל</UnitMeasure>
      <BisWeighted>0</BisWeighted>
      <QtyInPackage>24</QtyInPackage>
      <ItemPrice>3.10</ItemPrice>
      <UnitOfMeasurePrice>2.38</UnitOfMeasurePrice>
      <AllowDiscount>0</AllowDiscount>
      <itemStatus>1</itemStatus>
      <LastUpdateDate />
      <LastUpdateTime />
    </Product>
    <Product>
      <PriceUpdateDate>2021/06/01 06:38</PriceUpdateDate>
      <ItemCode>7290106663558</ItemCode>
      <ItemType>1</ItemType>
      <ItemName>רוטב טריאקי רימון 280 מ`ל</ItemName>
      <ManufactureName>שטראוס גרופ בע`מ</ManufactureName>
      <ManufactureCountry />
      <ManufactureItemDescription />
      <UnitQty>'יח</UnitQty>
      <Quantity>2.80</Quantity>
      <UnitMeasure>ל-100 מ"ל</UnitMeasure>
      <BisWeighted>0</BisWeighted>
      <QtyInPackage>9</QtyInPackage>
      <ItemPrice>12.90</ItemPrice>
      <UnitOfMeasurePrice>4.61</UnitOfMeasurePrice>
      <AllowDiscount>0</AllowDiscount>
      <itemStatus>1</itemStatus>
      <LastUpdateDate />
      <LastUpdateTime />
    </Product>
    <Product>
      <PriceUpdateDate>2021/08/25 16:14</PriceUpdateDate>
      <ItemCode>7290106664067</ItemCode>
      <ItemType>1</ItemType>
      <ItemName>לאבנה שמן זית וזעתר 10% שומן</ItemName>
      <ManufactureName>שטראוס גרופ בע`מ</ManufactureName>
      <ManufactureCountry />
      <ManufactureItemDescription />
      <UnitQty>'יח</UnitQty>
      <Quantity>4</Quantity>
      <UnitMeasure>ל-100 גרם</UnitMeasure>
      <BisWeighted>0</BisWeighted>
      <QtyInPackage>12</QtyInPackage>
      <ItemPrice>13.90</ItemPrice>
      <UnitOfMeasurePrice>3.48</UnitOfMeasurePrice>
      <AllowDiscount>0</AllowDiscount>
      <itemStatus>1</itemStatus>
      <LastUpdateDate />
      <LastUpdateTime />
    </Product>
    <Product>
      <PriceUpdateDate>2022/05/10 07:51</PriceUpdateDate>
      <ItemCode>7290106664555</ItemCode>
      <ItemType>1</ItemType>
      <ItemName>רוטב שמנת עם עגבניות 9%</ItemName>
      <ManufactureName>שטראוס גרופ בע`מ</ManufactureName>
      <ManufactureCountry />
      <ManufactureItemDescription />
      <UnitQty>'יח</UnitQty>
      <Quantity>2.50</Quantity>
      <UnitMeasure>ל-100 מ"ל</UnitMeasure>
      <BisWeighted>0</BisWeighted>
      <QtyInPackage>18</QtyInPackage>
      <ItemPrice>10.90</ItemPrice>
      <UnitOfMeasurePrice>4.36</UnitOfMeasurePrice>
      <AllowDiscount>1</AllowDiscount>
      <itemStatus>1</itemStatus>
      <LastUpdateDate />
      <LastUpdateTime />
    </Product>
    <Product>
      <PriceUpdateDate>2021/07/11 12:31</PriceUpdateDate>
      <ItemCode>7290106666788</ItemCode>
      <ItemType>1</ItemType>
      <ItemName>.סוכריות נוסטלגיה דבש ממולאות</ItemName>
      <ManufactureName>שטראוס גרופ בע`מ</ManufactureName>
      <ManufactureCountry />
      <ManufactureItemDescription />
      <UnitQty>'יח</UnitQty>
      <Quantity>1</Quantity>
      <UnitMeasure />
      <BisWeighted>0</BisWeighted>
      <QtyInPackage>1</QtyInPackage>
      <ItemPrice>5.90</ItemPrice>
      <UnitOfMeasurePrice>5.90</UnitOfMeasurePrice>
      <AllowDiscount>0</AllowDiscount>
      <itemStatus>1</itemStatus>
      <LastUpdateDate />
      <LastUpdateTime />
    </Product>
    <Product>
      <PriceUpdateDate>2019/01/16 14:49</PriceUpdateDate>
      <ItemCode>7290106667266</ItemCode>
      <ItemType>1</ItemType>
      <ItemName>דוריטוס חמוץ חריף 185 גר`</ItemName>
      <ManufactureName>שטראוס פריטו ליי בע`מ</ManufactureName>
      <ManufactureCountry />
      <ManufactureItemDescription />
      <UnitQty>'יח</UnitQty>
      <Quantity>1.85</Quantity>
      <UnitMeasure>ל-100 גרם</UnitMeasure>
      <BisWeighted>0</BisWeighted>
      <QtyInPackage>1</QtyInPackage>
      <ItemPrice>8.50</ItemPrice>
      <UnitOfMeasurePrice>4.59</UnitOfMeasurePrice>
      <AllowDiscount>0</AllowDiscount>
      <itemStatus>1</itemStatus>
      <LastUpdateDate />
      <LastUpdateTime />
    </Product>
    <Product>
      <PriceUpdateDate>2019/08/11 15:34</PriceUpdateDate>
      <ItemCode>7290106668577</ItemCode>
      <ItemType>1</ItemType>
      <ItemName>מיץ לימון טבעי 250 מ"ל</ItemName>
      <ManufactureName>שטראוס גרופ בע`מ</ManufactureName>
      <ManufactureCountry />
      <ManufactureItemDescription />
      <UnitQty>'יח</UnitQty>
      <Quantity>2.50</Quantity>
      <UnitMeasure>ל-100 מ"ל</UnitMeasure>
      <BisWeighted>0</BisWeighted>
      <QtyInPackage>12</QtyInPackage>
      <ItemPrice>7.90</ItemPrice>
      <UnitOfMeasurePrice>3.16</UnitOfMeasurePrice>
      <AllowDiscount>1</AllowDiscount>
      <itemStatus>1</itemStatus>
      <LastUpdateDate />
      <LastUpdateTime />
    </Product>
    <Product>
      <PriceUpdateDate>2019/01/16 14:49</PriceUpdateDate>
      <ItemCode>7290106668713</ItemCode>
      <ItemType>1</ItemType>
      <ItemName>דנונה פירות יער 3% 150 גרם</ItemName>
      <ManufactureName>שטראוס גרופ בע`מ</ManufactureName>
      <ManufactureCountry />
      <ManufactureItemDescription />
      <UnitQty>'יח</UnitQty>
      <Quantity>1.50</Quantity>
      <UnitMeasure>ל-100 מ"ל</UnitMeasure>
      <BisWeighted>0</BisWeighted>
      <QtyInPackage>24</QtyInPackage>
      <ItemPrice>3.90</ItemPrice>
      <UnitOfMeasurePrice>2.60</UnitOfMeasurePrice>
      <AllowDiscount>1</AllowDiscount>
      <itemStatus>1</itemStatus>
      <LastUpdateDate />
      <LastUpdateTime />
    </Product>
    <Product>
      <PriceUpdateDate>2019/01/16 14:49</PriceUpdateDate>
      <ItemCode>7290106669857</ItemCode>
      <ItemType>1</ItemType>
      <ItemName>קפסולות אספרסו טעם וניל למכונת אספרסו</ItemName>
      <ManufactureName>שטראוס גרופ בע`מ</ManufactureName>
      <ManufactureCountry />
      <ManufactureItemDescription />
      <UnitQty>'יח</UnitQty>
      <Quantity>0.50</Quantity>
      <UnitMeasure>ל-100 גרם</UnitMeasure>
      <BisWeighted>0</BisWeighted>
      <QtyInPackage>12</QtyInPackage>
      <ItemPrice>16.90</ItemPrice>
      <UnitOfMeasurePrice>33.80</UnitOfMeasurePrice>
      <AllowDiscount>1</AllowDiscount>
      <itemStatus>1</itemStatus>
      <LastUpdateDate />
      <LastUpdateTime />
    </Product>
    <Product>
      <PriceUpdateDate>2022/07/20 20:07</PriceUpdateDate>
      <ItemCode>7290106720626</ItemCode>
      <ItemType>1</ItemType>
      <ItemName>צ`יטוס גבינה 80 גר`</ItemName>
      <ManufactureName>שטראוס פריטו ליי בע`מ</ManufactureName>
      <ManufactureCountry />
      <ManufactureItemDescription />
      <UnitQty>'יח</UnitQty>
      <Quantity>0.80</Quantity>
      <UnitMeasure>ל-100 גרם</UnitMeasure>
      <BisWeighted>0</BisWeighted>
      <QtyInPackage>1</QtyInPackage>
      <ItemPrice>4.90</ItemPrice>
      <UnitOfMeasurePrice>6.13</UnitOfMeasurePrice>
      <AllowDiscount>1</AllowDiscount>
      <itemStatus>1</itemStatus>
      <LastUpdateDate />
      <LastUpdateTime />
    </Product>
    <Product>
      <PriceUpdateDate>2022/07/21 12:50</PriceUpdateDate>
      <ItemCode>7290106721807</ItemCode>
      <ItemType>1</ItemType>
      <ItemName>חציל פיקנטי 400 גר`</ItemName>
      <ManufactureName>שטראוס גרופ בע`מ</ManufactureName>
      <ManufactureCountry />
      <ManufactureItemDescription />
      <UnitQty>'יח</UnitQty>
      <Quantity>4</Quantity>
      <UnitMeasure>ל-100 גרם</UnitMeasure>
      <BisWeighted>0</BisWeighted>
      <QtyInPackage>6</QtyInPackage>
      <ItemPrice>10.90</ItemPrice>
      <UnitOfMeasurePrice>2.73</UnitOfMeasurePrice>
      <AllowDiscount>1</AllowDiscount>
      <itemStatus>1</itemStatus>
      <LastUpdateDate />
      <LastUpdateTime />
    </Product>
    <Product>
      <PriceUpdateDate>2019/07/03 08:47</PriceUpdateDate>
      <ItemCode>7290106721913</ItemCode>
      <ItemType>1</ItemType>
      <ItemName>צנצנת ריח פה צ`יקלט</ItemName>
      <ManufactureName>שטראוס גרופ בע`מ</ManufactureName>
      <ManufactureCountry />
      <ManufactureItemDescription />
      <UnitQty>'יח</UnitQty>
      <Quantity>0.66</Quantity>
      <UnitMeasure>ל-100 גרם</UnitMeasure>
      <BisWeighted>0</BisWeighted>
      <QtyInPackage>12</QtyInPackage>
      <ItemPrice>9.90</ItemPrice>
      <UnitOfMeasurePrice>15</UnitOfMeasurePrice>
      <AllowDiscount>1</AllowDiscount>
      <itemStatus>1</itemStatus>
      <LastUpdateDate />
      <LastUpdateTime />
    </Product>
    <Product>
      <PriceUpdateDate>2019/07/03 08:47</PriceUpdateDate>
      <ItemCode>7290106721920</ItemCode>
      <ItemType>1</ItemType>
      <ItemName>צנצנת ספירמינט צ`יקלט</ItemName>
      <ManufactureName>שטראוס גרופ בע`מ</ManufactureName>
      <ManufactureCountry />
      <ManufactureItemDescription />
      <UnitQty>'יח</UnitQty>
      <Quantity>1</Quantity>
      <UnitMeasure />
      <BisWeighted>0</BisWeighted>
      <QtyInPackage>12</QtyInPackage>
      <ItemPrice>9.90</ItemPrice>
      <UnitOfMeasurePrice>9.90</UnitOfMeasurePrice>
      <AllowDiscount>1</AllowDiscount>
      <itemStatus>1</itemStatus>
      <LastUpdateDate />
      <LastUpdateTime />
    </Product>
    <Product>
      <PriceUpdateDate>2020/07/13 12:52</PriceUpdateDate>
      <ItemCode>7290106723689</ItemCode>
      <ItemType>1</ItemType>
      <ItemName>עלי תרד בייבי שטראוס 200 גר</ItemName>
      <ManufactureName>ביכורי השדה הצפון בעמ` 1964</ManufactureName>
      <ManufactureCountry />
      <ManufactureItemDescription />
      <UnitQty>'יח</UnitQty>
      <Quantity>2</Quantity>
      <UnitMeasure>ל-100 גרם</UnitMeasure>
      <BisWeighted>0</BisWeighted>
      <QtyInPackage>1</QtyInPackage>
      <ItemPrice>10.90</ItemPrice>
      <UnitOfMeasurePrice>5.45</UnitOfMeasurePrice>
      <AllowDiscount>0</AllowDiscount>
      <itemStatus>1</itemStatus>
      <LastUpdateDate />
      <LastUpdateTime />
    </Product>
    <Product>
      <PriceUpdateDate>2020/05/26 16:06</PriceUpdateDate>
      <ItemCode>7290106725867</ItemCode>
      <ItemType>1</ItemType>
      <ItemName>סירופ מייפל טבעי 189 מ`ל</ItemName>
      <ManufactureName>שטראוס גרופ בע`מ</ManufactureName>
      <ManufactureCountry />
      <ManufactureItemDescription />
      <UnitQty>'יח</UnitQty>
      <Quantity>0.18</Quantity>
      <UnitMeasure>ל-100 מ"ל</UnitMeasure>
      <BisWeighted>0</BisWeighted>
      <QtyInPackage>1</QtyInPackage>
      <ItemPrice>29.90</ItemPrice>
      <UnitOfMeasurePrice>166.11</UnitOfMeasurePrice>
      <AllowDiscount>1</AllowDiscount>
      <itemStatus>1</itemStatus>
      <LastUpdateDate />
      <LastUpdateTime />
    </Product>
    <Product>
      <PriceUpdateDate>2021/10/31 14:08</PriceUpdateDate>
      <ItemCode>7290106726178</ItemCode>
      <ItemType>1</ItemType>
      <ItemName>דנונה פרו פירות יער</ItemName>
      <ManufactureName>שטראוס גרופ בע`מ</ManufactureName>
      <ManufactureCountry />
      <ManufactureItemDescription />
      <UnitQty>'יח</UnitQty>
      <Quantity>1.50</Quantity>
      <UnitMeasure>ל-100 מ"ל</UnitMeasure>
      <BisWeighted>0</BisWeighted>
      <QtyInPackage>12</QtyInPackage>
      <ItemPrice>4.90</ItemPrice>
      <UnitOfMeasurePrice>3.27</UnitOfMeasurePrice>
      <AllowDiscount>1</AllowDiscount>
      <itemStatus>1</itemStatus>
      <LastUpdateDate />
      <LastUpdateTime />
    </Product>
    <Product>
      <PriceUpdateDate>2022/11/01 11:47</PriceUpdateDate>
      <ItemCode>7290107169646</ItemCode>
      <ItemType>1</ItemType>
      <ItemName>ריוורד לחתול בטעם סלמון</ItemName>
      <ManufactureName>שחורי אריה ואנסטסיה</ManufactureName>
      <ManufactureCountry />
      <ManufactureItemDescription />
      <UnitQty>'יח</UnitQty>
      <Quantity>1</Quantity>
      <UnitMeasure />
      <BisWeighted>0</BisWeighted>
      <QtyInPackage>1</QtyInPackage>
      <ItemPrice>8.90</ItemPrice>
      <UnitOfMeasurePrice>8.90</UnitOfMeasurePrice>
      <AllowDiscount>0</AllowDiscount>
      <itemStatus>1</itemStatus>
      <LastUpdateDate />
      <LastUpdateTime />
    </Product>
    <Product>
      <PriceUpdateDate>2022/11/01 11:47</PriceUpdateDate>
      <ItemCode>7290107169660</ItemCode>
      <ItemType>1</ItemType>
      <ItemName>ריוורד לחתול בטעם ברווז סנדוויץ</ItemName>
      <ManufactureName>שחורי אריה ואנסטסיה</ManufactureName>
      <ManufactureCountry />
      <ManufactureItemDescription />
      <UnitQty>'יח</UnitQty>
      <Quantity>1</Quantity>
      <UnitMeasure />
      <BisWeighted>0</BisWeighted>
      <QtyInPackage>1</QtyInPackage>
      <ItemPrice>8.90</ItemPrice>
      <UnitOfMeasurePrice>8.90</UnitOfMeasurePrice>
      <AllowDiscount>0</AllowDiscount>
      <itemStatus>1</itemStatus>
      <LastUpdateDate />
      <LastUpdateTime />
    </Product>
    <Product>
      <PriceUpdateDate>2021/12/30 18:57</PriceUpdateDate>
      <ItemCode>7290107280013</ItemCode>
      <ItemType>1</ItemType>
      <ItemName>ליטופים חמישייה ל.מבושם</ItemName>
      <ManufactureName>החב. הדרומית לשיווק</ManufactureName>
      <ManufactureCountry />
      <ManufactureItemDescription />
      <UnitQty>'יח</UnitQty>
      <Quantity>1</Quantity>
      <UnitMeasure>'יח</UnitMeasure>
      <BisWeighted>0</BisWeighted>
      <QtyInPackage>1</QtyInPackage>
      <ItemPrice>19.90</ItemPrice>
      <UnitOfMeasurePrice>19.90</UnitOfMeasurePrice>
      <AllowDiscount>0</AllowDiscount>
      <itemStatus>1</itemStatus>
      <LastUpdateDate />
      <LastUpdateTime />
    </Product>
    <Product>
      <PriceUpdateDate>2019/07/03 08:47</PriceUpdateDate>
      <ItemCode>7290107280020</ItemCode>
      <ItemType>1</ItemType>
      <ItemName>סנו סושי 3 מטליות לחות</ItemName>
      <ManufactureName>החב. הדרומית לשיווק</ManufactureName>
      <ManufactureCountry />
      <ManufactureItemDescription />
      <UnitQty>'יח</UnitQty>
      <Quantity>1</Quantity>
      <UnitMeasure />
      <BisWeighted>0</BisWeighted>
      <QtyInPackage>8</QtyInPackage>
      <ItemPrice>19.90</ItemPrice>
      <UnitOfMeasurePrice>19.90</UnitOfMeasurePrice>
      <AllowDiscount>0</AllowDiscount>
      <itemStatus>1</itemStatus>
      <LastUpdateDate />
      <LastUpdateTime />
    </Product>
    <Product>
      <PriceUpdateDate>2022/01/17 20:43</PriceUpdateDate>
      <ItemCode>7290107280099</ItemCode>
      <ItemType>1</ItemType>
      <ItemName>סנו סופט שלישיית מגבוני טואלט לחים</ItemName>
      <ManufactureName>החב. הדרומית לשיווק</ManufactureName>
      <ManufactureCountry />
      <ManufactureItemDescription />
      <UnitQty>'יח</UnitQty>
      <Quantity>1</Quantity>
      <UnitMeasure>ל-100 גרם</UnitMeasure>
      <BisWeighted>0</BisWeighted>
      <QtyInPackage>1</QtyInPackage>
      <ItemPrice>16.90</ItemPrice>
      <UnitOfMeasurePrice>16.90</UnitOfMeasurePrice>
      <AllowDiscount>0</AllowDiscount>
      <itemStatus>1</itemStatus>
      <LastUpdateDate />
      <LastUpdateTime />
    </Product>
    <Product>
      <PriceUpdateDate>2021/12/30 18:57</PriceUpdateDate>
      <ItemCode>7290107280341</ItemCode>
      <ItemType>1</ItemType>
      <ItemName>מטליות לחות לניקוי הרצפה בניחוח מלון מ</ItemName>
      <ManufactureName>החב. הדרומית לשיווק</ManufactureName>
      <ManufactureCountry />
      <ManufactureItemDescription />
      <UnitQty>'יח</UnitQty>
      <Quantity>1</Quantity>
      <UnitMeasure />
      <BisWeighted>0</BisWeighted>
      <QtyInPackage>1</QtyInPackage>
      <ItemPrice>12.90</ItemPrice>
      <UnitOfMeasurePrice>12.90</UnitOfMeasurePrice>
      <AllowDiscount>0</AllowDiscount>
      <itemStatus>1</itemStatus>
      <LastUpdateDate />
      <LastUpdateTime />
    </Product>
    <Product>
      <PriceUpdateDate>2019/01/16 14:49</PriceUpdateDate>
      <ItemCode>7290107280396</ItemCode>
      <ItemType>1</ItemType>
      <ItemName>סנו ג`ט מרסס למטבח חדש</ItemName>
      <ManufactureName>החב. הדרומית לשיווק</ManufactureName>
      <ManufactureCountry />
      <ManufactureItemDescription />
      <UnitQty>'יח</UnitQty>
      <Quantity>1</Quantity>
      <UnitMeasure />
      <BisWeighted>0</BisWeighted>
      <QtyInPackage>12</QtyInPackage>
      <ItemPrice>12.90</ItemPrice>
      <UnitOfMeasurePrice>12.90</UnitOfMeasurePrice>
      <AllowDiscount>1</AllowDiscount>
      <itemStatus>1</itemStatus>
      <LastUpdateDate />
      <LastUpdateTime />
    </Product>
    <Product>
      <PriceUpdateDate>2022/01/17 20:43</PriceUpdateDate>
      <ItemCode>7290107280549</ItemCode>
      <ItemType>1</ItemType>
      <ItemName>סנו 400-K קטן</ItemName>
      <ManufactureName>החב. הדרומית לשיווק</ManufactureName>
      <ManufactureCountry />
      <ManufactureItemDescription />
      <UnitQty>'יח</UnitQty>
      <Quantity>1</Quantity>
      <UnitMeasure />
      <BisWeighted>0</BisWeighted>
      <QtyInPackage>12</QtyInPackage>
      <ItemPrice>12.90</ItemPrice>
      <UnitOfMeasurePrice>12.90</UnitOfMeasurePrice>
      <AllowDiscount>1</AllowDiscount>
      <itemStatus>1</itemStatus>
      <LastUpdateDate />
      <LastUpdateTime />
    </Product>
    <Product>
      <PriceUpdateDate>2019/01/16 14:49</PriceUpdateDate>
      <ItemCode>7290107280563</ItemCode>
      <ItemType>1</ItemType>
      <ItemName>סנו אוקסיג`ן ג`ל לכביסה בייבי 3 ל`</ItemName>
      <ManufactureName>החב. הדרומית לשיווק</ManufactureName>
      <ManufactureCountry />
      <ManufactureItemDescription />
      <UnitQty>'יח</UnitQty>
      <Quantity>30</Quantity>
      <UnitMeasure>ל-100 מ"ל</UnitMeasure>
      <BisWeighted>0</BisWeighted>
      <QtyInPackage>6</QtyInPackage>
      <ItemPrice>29.90</ItemPrice>
      <UnitOfMeasurePrice>1</UnitOfMeasurePrice>
      <AllowDiscount>1</AllowDiscount>
      <itemStatus>1</itemStatus>
      <LastUpdateDate />
      <LastUpdateTime />
    </Product>
    <Product>
      <PriceUpdateDate>2019/01/16 14:49</PriceUpdateDate>
      <ItemCode>7290107280570</ItemCode>
      <ItemType>1</ItemType>
      <ItemName>ג`ל כביסה סנו מקסימה 3 ל` מיקס אנד ראש</ItemName>
      <ManufactureName>החב. הדרומית לשיווק</ManufactureName>
      <ManufactureCountry />
      <ManufactureItemDescription />
      <UnitQty>'יח</UnitQty>
      <Quantity>30</Quantity>
      <UnitMeasure>ל-100 מ"ל</UnitMeasure>
      <BisWeighted>0</BisWeighted>
      <QtyInPackage>6</QtyInPackage>
      <ItemPrice>29.90</ItemPrice>
      <UnitOfMeasurePrice>1</UnitOfMeasurePrice>
      <AllowDiscount>1</AllowDiscount>
      <itemStatus>1</itemStatus>
      <LastUpdateDate />
      <LastUpdateTime />
    </Product>
    <Product>
      <PriceUpdateDate>2021/12/30 18:57</PriceUpdateDate>
      <ItemCode>7290107280716</ItemCode>
      <ItemType>1</ItemType>
      <ItemName>סנו ספארק מלח למדיח 2 ק`ג</ItemName>
      <ManufactureName>החב. הדרומית לשיווק</ManufactureName>
      <ManufactureCountry />
      <ManufactureItemDescription />
      <UnitQty>'יח</UnitQty>
      <Quantity>20</Quantity>
      <UnitMeasure>ל-100 מ"ל</UnitMeasure>
      <BisWeighted>0</BisWeighted>
      <QtyInPackage>6</QtyInPackage>
      <ItemPrice>11.90</ItemPrice>
      <UnitOfMeasurePrice>0.60</UnitOfMeasurePrice>
      <AllowDiscount>0</AllowDiscount>
      <itemStatus>1</itemStatus>
      <LastUpdateDate />
      <LastUpdateTime />
    </Product>
    <Product>
      <PriceUpdateDate>2019/07/03 08:47</PriceUpdateDate>
      <ItemCode>7290107280723</ItemCode>
      <ItemType>1</ItemType>
      <ItemName>סנו ספארק 700 מ`ל לימון</ItemName>
      <ManufactureName>החב. הדרומית לשיווק</ManufactureName>
      <ManufactureCountry />
      <ManufactureItemDescription />
      <UnitQty>'יח</UnitQty>
      <Quantity>7</Quantity>
      <UnitMeasure>ל-100 מ"ל</UnitMeasure>
      <BisWeighted>0</BisWeighted>
      <QtyInPackage>12</QtyInPackage>
      <ItemPrice>8.90</ItemPrice>
      <UnitOfMeasurePrice>1.27</UnitOfMeasurePrice>
      <AllowDiscount>0</AllowDiscount>
      <itemStatus>1</itemStatus>
      <LastUpdateDate />
      <LastUpdateTime />
    </Product>
    <Product>
      <PriceUpdateDate>2019/07/03 08:47</PriceUpdateDate>
      <ItemCode>7290107280730</ItemCode>
      <ItemType>1</ItemType>
      <ItemName>סנו ספארק נוזל כלים לבנדר 700 מ`ל</ItemName>
      <ManufactureName>החב. הדרומית לשיווק</ManufactureName>
      <ManufactureCountry />
      <ManufactureItemDescription />
      <UnitQty>'יח</UnitQty>
      <Quantity>7</Quantity>
      <UnitMeasure>ל-100 מ"ל</UnitMeasure>
      <BisWeighted>0</BisWeighted>
      <QtyInPackage>12</QtyInPackage>
      <ItemPrice>8.90</ItemPrice>
      <UnitOfMeasurePrice>1.27</UnitOfMeasurePrice>
      <AllowDiscount>0</AllowDiscount>
      <itemStatus>1</itemStatus>
      <LastUpdateDate />
      <LastUpdateTime />
    </Product>
    <Product>
      <PriceUpdateDate>2019/07/03 08:47</PriceUpdateDate>
      <ItemCode>7290107280747</ItemCode>
      <ItemType>1</ItemType>
      <ItemName>סנו ספארק 700 מ`ל קלאסי</ItemName>
      <ManufactureName>החב. הדרומית לשיווק</ManufactureName>
      <ManufactureCountry />
      <ManufactureItemDescription />
      <UnitQty>'יח</UnitQty>
      <Quantity>7</Quantity>
      <UnitMeasure>ל-100 מ"ל</UnitMeasure>
      <BisWeighted>0</BisWeighted>
      <QtyInPackage>12</QtyInPackage>
      <ItemPrice>8.90</ItemPrice>
      <UnitOfMeasurePrice>1.27</UnitOfMeasurePrice>
      <AllowDiscount>0</AllowDiscount>
      <itemStatus>1</itemStatus>
      <LastUpdateDate />
      <LastUpdateTime />
    </Product>
    <Product>
      <PriceUpdateDate>2019/07/03 08:47</PriceUpdateDate>
      <ItemCode>7290107280754</ItemCode>
      <ItemType>1</ItemType>
      <ItemName>סנו ספארק נוזל כלים היפואלרגני 700 מ`ל</ItemName>
      <ManufactureName>החב. הדרומית לשיווק</ManufactureName>
      <ManufactureCountry />
      <ManufactureItemDescription />
      <UnitQty>'יח</UnitQty>
      <Quantity>7</Quantity>
      <UnitMeasure>ל-100 מ"ל</UnitMeasure>
      <BisWeighted>0</BisWeighted>
      <QtyInPackage>12</QtyInPackage>
      <ItemPrice>8.90</ItemPrice>
      <UnitOfMeasurePrice>1.27</UnitOfMeasurePrice>
      <AllowDiscount>0</AllowDiscount>
      <itemStatus>1</itemStatus>
      <LastUpdateDate />
      <LastUpdateTime />
    </Product>
    <Product>
      <PriceUpdateDate>2022/06/22 08:53</PriceUpdateDate>
      <ItemCode>7290107280761</ItemCode>
      <ItemType>1</ItemType>
      <ItemName>סנו ספארק 1 ל`+משאבה</ItemName>
      <ManufactureName>החב. הדרומית לשיווק</ManufactureName>
      <ManufactureCountry />
      <ManufactureItemDescription />
      <UnitQty>'יח</UnitQty>
      <Quantity>10</Quantity>
      <UnitMeasure>ל-100 מ"ל</UnitMeasure>
      <BisWeighted>0</BisWeighted>
      <QtyInPackage>1</QtyInPackage>
      <ItemPrice>12.90</ItemPrice>
      <UnitOfMeasurePrice>1.29</UnitOfMeasurePrice>
      <AllowDiscount>0</AllowDiscount>
      <itemStatus>1</itemStatus>
      <LastUpdateDate />
      <LastUpdateTime />
    </Product>
    <Product>
      <PriceUpdateDate>2022/03/27 06:37</PriceUpdateDate>
      <ItemCode>7290107280822</ItemCode>
      <ItemType>1</ItemType>
      <ItemName>רצפז פ.הום ספא מרגיעה 2 ל`</ItemName>
      <ManufactureName>החב. הדרומית לשיווק</ManufactureName>
      <ManufactureCountry />
      <ManufactureItemDescription />
      <UnitQty>'יח</UnitQty>
      <Quantity>20</Quantity>
      <UnitMeasure>ל-100 מ"ל</UnitMeasure>
      <BisWeighted>0</BisWeighted>
      <QtyInPackage>8</QtyInPackage>
      <ItemPrice>21.90</ItemPrice>
      <UnitOfMeasurePrice>1.10</UnitOfMeasurePrice>
      <AllowDiscount>1</AllowDiscount>
      <itemStatus>1</itemStatus>
      <LastUpdateDate />
      <LastUpdateTime />
    </Product>
    <Product>
      <PriceUpdateDate>2019/01/16 14:49</PriceUpdateDate>
      <ItemCode>7290107644488</ItemCode>
      <ItemType>1</ItemType>
      <ItemName>בייגלה שמיניות מלח 255 גר`</ItemName>
      <ManufactureName>יוניליוור ישראל שיווק בע`מ</ManufactureName>
      <ManufactureCountry />
      <ManufactureItemDescription />
      <UnitQty>'יח</UnitQty>
      <Quantity>2.55</Quantity>
      <UnitMeasure>ל-100 גרם</UnitMeasure>
      <BisWeighted>0</BisWeighted>
      <QtyInPackage>1</QtyInPackage>
      <ItemPrice>5.90</ItemPrice>
      <UnitOfMeasurePrice>2.31</UnitOfMeasurePrice>
      <AllowDiscount>1</AllowDiscount>
      <itemStatus>1</itemStatus>
      <LastUpdateDate />
      <LastUpdateTime />
    </Product>
    <Product>
      <PriceUpdateDate>2021/12/06 08:17</PriceUpdateDate>
      <ItemCode>7290107645591</ItemCode>
      <ItemType>1</ItemType>
      <ItemName>מרק בטעם עוף רכיבים טבעיים 400 גרם</ItemName>
      <ManufactureName>יוניליוור ישראל שיווק בע`מ</ManufactureName>
      <ManufactureCountry />
      <ManufactureItemDescription />
      <UnitQty>'יח</UnitQty>
      <Quantity>4</Quantity>
      <UnitMeasure>ל-100 גרם</UnitMeasure>
      <BisWeighted>0</BisWeighted>
      <QtyInPackage>1</QtyInPackage>
      <ItemPrice>15.90</ItemPrice>
      <UnitOfMeasurePrice>3.98</UnitOfMeasurePrice>
      <AllowDiscount>0</AllowDiscount>
      <itemStatus>1</itemStatus>
      <LastUpdateDate />
      <LastUpdateTime />
    </Product>
    <Product>
      <PriceUpdateDate>2021/12/23 21:44</PriceUpdateDate>
      <ItemCode>7290107646062</ItemCode>
      <ItemType>1</ItemType>
      <ItemName>קנור מרק בצל 400  גר`רכיבים טבעיים</ItemName>
      <ManufactureName>יוניליוור ישראל שיווק בע`מ</ManufactureName>
      <ManufactureCountry />
      <ManufactureItemDescription />
      <UnitQty>'יח</UnitQty>
      <Quantity>4</Quantity>
      <UnitMeasure>ל-100 גרם</UnitMeasure>
      <BisWeighted>0</BisWeighted>
      <QtyInPackage>1</QtyInPackage>
      <ItemPrice>24.90</ItemPrice>
      <UnitOfMeasurePrice>6.23</UnitOfMeasurePrice>
      <AllowDiscount>0</AllowDiscount>
      <itemStatus>1</itemStatus>
      <LastUpdateDate />
      <LastUpdateTime />
    </Product>
    <Product>
      <PriceUpdateDate>2019/10/16 13:11</PriceUpdateDate>
      <ItemCode>7290107646147</ItemCode>
      <ItemType>1</ItemType>
      <ItemName>שוגי חטיף דגנים 8*21 גרם</ItemName>
      <ManufactureName>יוניליוור ישראל שיווק בע`מ</ManufactureName>
      <ManufactureCountry />
      <ManufactureItemDescription />
      <UnitQty>'יח</UnitQty>
      <Quantity>1.56</Quantity>
      <UnitMeasure>ל-100 גרם</UnitMeasure>
      <BisWeighted>0</BisWeighted>
      <QtyInPackage>1</QtyInPackage>
      <ItemPrice>12.90</ItemPrice>
      <UnitOfMeasurePrice>8.27</UnitOfMeasurePrice>
      <AllowDiscount>1</AllowDiscount>
      <itemStatus>1</itemStatus>
      <LastUpdateDate />
      <LastUpdateTime />
    </Product>
    <Product>
      <PriceUpdateDate>2019/10/18 09:44</PriceUpdateDate>
      <ItemCode>7290107646154</ItemCode>
      <ItemType>1</ItemType>
      <ItemName>שוגי חטיף דגנים 8*21 גרם</ItemName>
      <ManufactureName>יוניליוור ישראל שיווק בע`מ</ManufactureName>
      <ManufactureCountry />
      <ManufactureItemDescription />
      <UnitQty>'יח</UnitQty>
      <Quantity>1.56</Quantity>
      <UnitMeasure>ל-100 גרם</UnitMeasure>
      <BisWeighted>0</BisWeighted>
      <QtyInPackage>1</QtyInPackage>
      <ItemPrice>12.90</ItemPrice>
      <UnitOfMeasurePrice>8.27</UnitOfMeasurePrice>
      <AllowDiscount>1</AllowDiscount>
      <itemStatus>1</itemStatus>
      <LastUpdateDate />
      <LastUpdateTime />
    </Product>
    <Product>
      <PriceUpdateDate>2021/12/27 11:50</PriceUpdateDate>
      <ItemCode>7290107646826</ItemCode>
      <ItemType>1</ItemType>
      <ItemName>שוגי חטיף דגנים 8*21 גרם</ItemName>
      <ManufactureName>יוניליוור ישראל שיווק בע`מ</ManufactureName>
      <ManufactureCountry />
      <ManufactureItemDescription />
      <UnitQty>'יח</UnitQty>
      <Quantity>1.56</Quantity>
      <UnitMeasure>ל-100 גרם</UnitMeasure>
      <BisWeighted>0</BisWeighted>
      <QtyInPackage>1</QtyInPackage>
      <ItemPrice>12.90</ItemPrice>
      <UnitOfMeasurePrice>8.27</UnitOfMeasurePrice>
      <AllowDiscount>1</AllowDiscount>
      <itemStatus>1</itemStatus>
      <LastUpdateDate />
      <LastUpdateTime />
    </Product>
    <Product>
      <PriceUpdateDate>2021/12/27 11:50</PriceUpdateDate>
      <ItemCode>7290107646833</ItemCode>
      <ItemType>1</ItemType>
      <ItemName>קוקומן Go חטיף דגנים 8*21 גרם</ItemName>
      <ManufactureName>יוניליוור ישראל שיווק בע`מ</ManufactureName>
      <ManufactureCountry />
      <ManufactureItemDescription />
      <UnitQty>'יח</UnitQty>
      <Quantity>1.56</Quantity>
      <UnitMeasure>ל-100 גרם</UnitMeasure>
      <BisWeighted>0</BisWeighted>
      <QtyInPackage>1</QtyInPackage>
      <ItemPrice>12.90</ItemPrice>
      <UnitOfMeasurePrice>8.27</UnitOfMeasurePrice>
      <AllowDiscount>1</AllowDiscount>
      <itemStatus>1</itemStatus>
      <LastUpdateDate />
      <LastUpdateTime />
    </Product>
    <Product>
      <PriceUpdateDate>2022/01/24 19:10</PriceUpdateDate>
      <ItemCode>7290107646895</ItemCode>
      <ItemType>1</ItemType>
      <ItemName>רוטב נפוליטנה קנור</ItemName>
      <ManufactureName>יוניליוור ישראל שיווק בע`מ</ManufactureName>
      <ManufactureCountry />
      <ManufactureItemDescription />
      <UnitQty>'יח</UnitQty>
      <Quantity>4.15</Quantity>
      <UnitMeasure>ל-100 גרם</UnitMeasure>
      <BisWeighted>0</BisWeighted>
      <QtyInPackage>1</QtyInPackage>
      <ItemPrice>11.90</ItemPrice>
      <UnitOfMeasurePrice>2.87</UnitOfMeasurePrice>
      <AllowDiscount>0</AllowDiscount>
      <itemStatus>1</itemStatus>
      <LastUpdateDate />
      <LastUpdateTime />
    </Product>
    <Product>
      <PriceUpdateDate>2022/01/24 19:10</PriceUpdateDate>
      <ItemCode>7290107646918</ItemCode>
      <ItemType>1</ItemType>
      <ItemName>רוטב שקשוקה קנור</ItemName>
      <ManufactureName>יוניליוור ישראל שיווק בע`מ</ManufactureName>
      <ManufactureCountry />
      <ManufactureItemDescription />
      <UnitQty>'יח</UnitQty>
      <Quantity>4.15</Quantity>
      <UnitMeasure>ל-100 גרם</UnitMeasure>
      <BisWeighted>0</BisWeighted>
      <QtyInPackage>1</QtyInPackage>
      <ItemPrice>11.90</ItemPrice>
      <UnitOfMeasurePrice>2.87</UnitOfMeasurePrice>
      <AllowDiscount>0</AllowDiscount>
      <itemStatus>1</itemStatus>
      <LastUpdateDate />
      <LastUpdateTime />
    </Product>
    <Product>
      <PriceUpdateDate>2021/12/27 11:50</PriceUpdateDate>
      <ItemCode>7290107646925</ItemCode>
      <ItemType>1</ItemType>
      <ItemName>ברנפלקס אקסטראה פייבר 410 גרם</ItemName>
      <ManufactureName>יוניליוור ישראל שיווק בע`מ</ManufactureName>
      <ManufactureCountry />
      <ManufactureItemDescription />
      <UnitQty>'יח</UnitQty>
      <Quantity>4.10</Quantity>
      <UnitMeasure>ל-100 גרם</UnitMeasure>
      <BisWeighted>0</BisWeighted>
      <QtyInPackage>1</QtyInPackage>
      <ItemPrice>22.90</ItemPrice>
      <UnitOfMeasurePrice>5.59</UnitOfMeasurePrice>
      <AllowDiscount>1</AllowDiscount>
      <itemStatus>1</itemStatus>
      <LastUpdateDate />
      <LastUpdateTime />
    </Product>
    <Product>
      <PriceUpdateDate>2022/05/09 10:33</PriceUpdateDate>
      <ItemCode>7290107646963</ItemCode>
      <ItemType>1</ItemType>
      <ItemName>מיונז מתובל עם פלפל צ`ילי 250 גרם</ItemName>
      <ManufactureName>יוניליוור ישראל שיווק בע`מ</ManufactureName>
      <ManufactureCountry />
      <ManufactureItemDescription />
      <UnitQty>'יח</UnitQty>
      <Quantity>2.50</Quantity>
      <UnitMeasure>ל-100 גרם</UnitMeasure>
      <BisWeighted>0</BisWeighted>
      <QtyInPackage>1</QtyInPackage>
      <ItemPrice>7.90</ItemPrice>
      <UnitOfMeasurePrice>3.16</UnitOfMeasurePrice>
      <AllowDiscount>0</AllowDiscount>
      <itemStatus>1</itemStatus>
      <LastUpdateDate />
      <LastUpdateTime />
    </Product>
    <Product>
      <PriceUpdateDate>2019/11/03 14:28</PriceUpdateDate>
      <ItemCode>7290107647731</ItemCode>
      <ItemType>1</ItemType>
      <ItemName>קוקומן חום לבן 375 גרם</ItemName>
      <ManufactureName>יוניליוור ישראל שיווק בע`מ</ManufactureName>
      <ManufactureCountry />
      <ManufactureItemDescription />
      <UnitQty>'יח</UnitQty>
      <Quantity>3.75</Quantity>
      <UnitMeasure>ל-100 גרם</UnitMeasure>
      <BisWeighted>0</BisWeighted>
      <QtyInPackage>1</QtyInPackage>
      <ItemPrice>19.90</ItemPrice>
      <UnitOfMeasurePrice>5.31</UnitOfMeasurePrice>
      <AllowDiscount>1</AllowDiscount>
      <itemStatus>1</itemStatus>
      <LastUpdateDate />
      <LastUpdateTime />
    </Product>
    <Product>
      <PriceUpdateDate>2022/04/27 11:03</PriceUpdateDate>
      <ItemCode>7290107647854</ItemCode>
      <ItemType>1</ItemType>
      <ItemName>שוגי 500 גרם</ItemName>
      <ManufactureName>יוניליוור ישראל שיווק בע`מ</ManufactureName>
      <ManufactureCountry />
      <ManufactureItemDescription />
      <UnitQty>'יח</UnitQty>
      <Quantity>5</Quantity>
      <UnitMeasure>ל-100 גרם</UnitMeasure>
      <BisWeighted>0</BisWeighted>
      <QtyInPackage>1</QtyInPackage>
      <ItemPrice>19.90</ItemPrice>
      <UnitOfMeasurePrice>3.98</UnitOfMeasurePrice>
      <AllowDiscount>1</AllowDiscount>
      <itemStatus>1</itemStatus>
      <LastUpdateDate />
      <LastUpdateTime />
    </Product>
    <Product>
      <PriceUpdateDate>2022/01/24 19:10</PriceUpdateDate>
      <ItemCode>7290107648974</ItemCode>
      <ItemType>1</ItemType>
      <ItemName>רוטב עגבניות ביזילקום</ItemName>
      <ManufactureName>יוניליוור ישראל שיווק בע`מ</ManufactureName>
      <ManufactureCountry />
      <ManufactureItemDescription />
      <UnitQty>'יח</UnitQty>
      <Quantity>4.15</Quantity>
      <UnitMeasure>ל-100 גרם</UnitMeasure>
      <BisWeighted>0</BisWeighted>
      <QtyInPackage>1</QtyInPackage>
      <ItemPrice>11.90</ItemPrice>
      <UnitOfMeasurePrice>2.87</UnitOfMeasurePrice>
      <AllowDiscount>0</AllowDiscount>
      <itemStatus>1</itemStatus>
      <LastUpdateDate />
      <LastUpdateTime />
    </Product>
    <Product>
      <PriceUpdateDate>2022/01/24 19:10</PriceUpdateDate>
      <ItemCode>7290107648981</ItemCode>
      <ItemType>1</ItemType>
      <ItemName>רוטב פומודור</ItemName>
      <ManufactureName>יוניליוור ישראל שיווק בע`מ</ManufactureName>
      <ManufactureCountry />
      <ManufactureItemDescription />
      <UnitQty>'יח</UnitQty>
      <Quantity>1</Quantity>
      <UnitMeasure />
      <BisWeighted>0</BisWeighted>
      <QtyInPackage>1</QtyInPackage>
      <ItemPrice>11.90</ItemPrice>
      <UnitOfMeasurePrice>11.90</UnitOfMeasurePrice>
      <AllowDiscount>0</AllowDiscount>
      <itemStatus>1</itemStatus>
      <LastUpdateDate />
      <LastUpdateTime />
    </Product>
    <Product>
      <PriceUpdateDate>2019/01/16 14:49</PriceUpdateDate>
      <ItemCode>7290107649100</ItemCode>
      <ItemType>1</ItemType>
      <ItemName>בייגלה טבעות שומשום 300 גר`</ItemName>
      <ManufactureName>יוניליוור ישראל שיווק בע`מ</ManufactureName>
      <ManufactureCountry />
      <ManufactureItemDescription />
      <UnitQty>'יח</UnitQty>
      <Quantity>3</Quantity>
      <UnitMeasure>ל-100 גרם</UnitMeasure>
      <BisWeighted>0</BisWeighted>
      <QtyInPackage>1</QtyInPackage>
      <ItemPrice>9.90</ItemPrice>
      <UnitOfMeasurePrice>3.30</UnitOfMeasurePrice>
      <AllowDiscount>1</AllowDiscount>
      <itemStatus>1</itemStatus>
      <LastUpdateDate />
      <LastUpdateTime />
    </Product>
    <Product>
      <PriceUpdateDate>2019/01/16 14:49</PriceUpdateDate>
      <ItemCode>7290107871990</ItemCode>
      <ItemType>1</ItemType>
      <ItemName>פסטה אסם צינורות 500 גרם</ItemName>
      <ManufactureName>קבוצת אסם סחר</ManufactureName>
      <ManufactureCountry />
      <ManufactureItemDescription />
      <UnitQty>'יח</UnitQty>
      <Quantity>5</Quantity>
      <UnitMeasure>ל-100 גרם</UnitMeasure>
      <BisWeighted>0</BisWeighted>
      <QtyInPackage>1</QtyInPackage>
      <ItemPrice>5.90</ItemPrice>
      <UnitOfMeasurePrice>1.18</UnitOfMeasurePrice>
      <AllowDiscount>1</AllowDiscount>
      <itemStatus>1</itemStatus>
      <LastUpdateDate />
      <LastUpdateTime />
    </Product>
    <Product>
      <PriceUpdateDate>2019/01/16 14:49</PriceUpdateDate>
      <ItemCode>7290107874502</ItemCode>
      <ItemType>1</ItemType>
      <ItemName>ביסלי גריל מארז 4*55 גר`</ItemName>
      <ManufactureName>קבוצת אסם סחר</ManufactureName>
      <ManufactureCountry />
      <ManufactureItemDescription />
      <UnitQty>'יח</UnitQty>
      <Quantity>2.01</Quantity>
      <UnitMeasure>ל-100 גרם</UnitMeasure>
      <BisWeighted>0</BisWeighted>
      <QtyInPackage>1</QtyInPackage>
      <ItemPrice>12.90</ItemPrice>
      <UnitOfMeasurePrice>6.42</UnitOfMeasurePrice>
      <AllowDiscount>1</AllowDiscount>
      <itemStatus>1</itemStatus>
      <LastUpdateDate />
      <LastUpdateTime />
    </Product>
    <Product>
      <PriceUpdateDate>2022/01/28 13:53</PriceUpdateDate>
      <ItemCode>7290107875158</ItemCode>
      <ItemType>1</ItemType>
      <ItemName>מארז במבה 4*</ItemName>
      <ManufactureName>קבוצת אסם סחר</ManufactureName>
      <ManufactureCountry />
      <ManufactureItemDescription />
      <UnitQty>'יח</UnitQty>
      <Quantity>2.40</Quantity>
      <UnitMeasure>ל-100 גרם</UnitMeasure>
      <BisWeighted>0</BisWeighted>
      <QtyInPackage>1</QtyInPackage>
      <ItemPrice>11.90</ItemPrice>
      <UnitOfMeasurePrice>4.96</UnitOfMeasurePrice>
      <AllowDiscount>1</AllowDiscount>
      <itemStatus>1</itemStatus>
      <LastUpdateDate />
      <LastUpdateTime />
    </Product>
    <Product>
      <PriceUpdateDate>2019/01/16 14:49</PriceUpdateDate>
      <ItemCode>7290107875271</ItemCode>
      <ItemType>1</ItemType>
      <ItemName>ביסלי ברבקיו מארז 4*55 גר`</ItemName>
      <ManufactureName>קבוצת אסם סחר</ManufactureName>
      <ManufactureCountry />
      <ManufactureItemDescription />
      <UnitQty>'יח</UnitQty>
      <Quantity>2.01</Quantity>
      <UnitMeasure>ל-100 גרם</UnitMeasure>
      <BisWeighted>0</BisWeighted>
      <QtyInPackage>1</QtyInPackage>
      <ItemPrice>12.90</ItemPrice>
      <UnitOfMeasurePrice>6.42</UnitOfMeasurePrice>
      <AllowDiscount>1</AllowDiscount>
      <itemStatus>1</itemStatus>
      <LastUpdateDate />
      <LastUpdateTime />
    </Product>
    <Product>
      <PriceUpdateDate>2022/02/15 11:52</PriceUpdateDate>
      <ItemCode>7290107875400</ItemCode>
      <ItemType>1</ItemType>
      <ItemName>לה קרמריה פיסטוק פרווה 1.4 ל`</ItemName>
      <ManufactureName>נגה גלידות שותפות מוגבלת</ManufactureName>
      <ManufactureCountry />
      <ManufactureItemDescription />
      <UnitQty>'יח</UnitQty>
      <Quantity>14</Quantity>
      <UnitMeasure>ל-100 גרם</UnitMeasure>
      <BisWeighted>0</BisWeighted>
      <QtyInPackage>1</QtyInPackage>
      <ItemPrice>19.90</ItemPrice>
      <UnitOfMeasurePrice>1.42</UnitOfMeasurePrice>
      <AllowDiscount>1</AllowDiscount>
      <itemStatus>1</itemStatus>
      <LastUpdateDate />
      <LastUpdateTime />
    </Product>
    <Product>
      <PriceUpdateDate>2022/06/15 12:53</PriceUpdateDate>
      <ItemCode>7290107877619</ItemCode>
      <ItemType>1</ItemType>
      <ItemName>במבה קרם נוגט 5יח*30גר כשלפ</ItemName>
      <ManufactureName>קבוצת אסם סחר</ManufactureName>
      <ManufactureCountry />
      <ManufactureItemDescription />
      <UnitQty>'יח</UnitQty>
      <Quantity>1.50</Quantity>
      <UnitMeasure>ל-100 גרם</UnitMeasure>
      <BisWeighted>0</BisWeighted>
      <QtyInPackage>1</QtyInPackage>
      <ItemPrice>12.90</ItemPrice>
      <UnitOfMeasurePrice>8.60</UnitOfMeasurePrice>
      <AllowDiscount>1</AllowDiscount>
      <itemStatus>1</itemStatus>
      <LastUpdateDate />
      <LastUpdateTime />
    </Product>
    <Product>
      <PriceUpdateDate>2019/01/16 14:49</PriceUpdateDate>
      <ItemCode>7290107879132</ItemCode>
      <ItemType>1</ItemType>
      <ItemName>פיטנס מיני פריכיות שוקולד חלב 22*18</ItemName>
      <ManufactureName>קבוצת אסם סחר</ManufactureName>
      <ManufactureCountry />
      <ManufactureItemDescription />
      <UnitQty>'יח</UnitQty>
      <Quantity>0.22</Quantity>
      <UnitMeasure>ל-100 גרם</UnitMeasure>
      <BisWeighted>0</BisWeighted>
      <QtyInPackage>40</QtyInPackage>
      <ItemPrice>4.90</ItemPrice>
      <UnitOfMeasurePrice>22.27</UnitOfMeasurePrice>
      <AllowDiscount>0</AllowDiscount>
      <itemStatus>1</itemStatus>
      <LastUpdateDate />
      <LastUpdateTime />
    </Product>
    <Product>
      <PriceUpdateDate>2022/06/22 08:53</PriceUpdateDate>
      <ItemCode>7290107908467</ItemCode>
      <ItemType>1</ItemType>
      <ItemName>קופסא לסנדוויץ לנקניק</ItemName>
      <ManufactureName>ד.ג.ש ייבוא ושיווק בעמ</ManufactureName>
      <ManufactureCountry />
      <ManufactureItemDescription />
      <UnitQty>'יח</UnitQty>
      <Quantity>1</Quantity>
      <UnitMeasure />
      <BisWeighted>0</BisWeighted>
      <QtyInPackage>1</QtyInPackage>
      <ItemPrice>9.90</ItemPrice>
      <UnitOfMeasurePrice>9.90</UnitOfMeasurePrice>
      <AllowDiscount>0</AllowDiscount>
      <itemStatus>1</itemStatus>
      <LastUpdateDate />
      <LastUpdateTime />
    </Product>
    <Product>
      <PriceUpdateDate>2019/08/11 15:34</PriceUpdateDate>
      <ItemCode>7290107931397</ItemCode>
      <ItemType>1</ItemType>
      <ItemName>כיף כף פצפצים 40גר`</ItemName>
      <ManufactureName>שטראוס גרופ בע`מ</ManufactureName>
      <ManufactureCountry />
      <ManufactureItemDescription />
      <UnitQty>'יח</UnitQty>
      <Quantity>0.40</Quantity>
      <UnitMeasure>ל-100 גרם</UnitMeasure>
      <BisWeighted>0</BisWeighted>
      <QtyInPackage>12</QtyInPackage>
      <ItemPrice>4.90</ItemPrice>
      <UnitOfMeasurePrice>12.25</UnitOfMeasurePrice>
      <AllowDiscount>1</AllowDiscount>
      <itemStatus>1</itemStatus>
      <LastUpdateDate />
      <LastUpdateTime />
    </Product>
    <Product>
      <PriceUpdateDate>2019/10/10 09:24</PriceUpdateDate>
      <ItemCode>7290107932080</ItemCode>
      <ItemType>1</ItemType>
      <ItemName>חלב   בבקבוק%3 מועשר</ItemName>
      <ManufactureName>שטראוס גרופ בע`מ</ManufactureName>
      <ManufactureCountry />
      <ManufactureItemDescription />
      <UnitQty>'יח</UnitQty>
      <Quantity>10</Quantity>
      <UnitMeasure>ל-100 מ"ל</UnitMeasure>
      <BisWeighted>0</BisWeighted>
      <QtyInPackage>12</QtyInPackage>
      <ItemPrice>7.70</ItemPrice>
      <UnitOfMeasurePrice>0.77</UnitOfMeasurePrice>
      <AllowDiscount>0</AllowDiscount>
      <itemStatus>1</itemStatus>
      <LastUpdateDate />
      <LastUpdateTime />
    </Product>
    <Product>
      <PriceUpdateDate>2019/08/05 16:47</PriceUpdateDate>
      <ItemCode>7290107934473</ItemCode>
      <ItemType>1</ItemType>
      <ItemName>מארז מיוחד אקטיביה 1.5% 8*150 ג</ItemName>
      <ManufactureName>שטראוס גרופ בע`מ</ManufactureName>
      <ManufactureCountry />
      <ManufactureItemDescription />
      <UnitQty>'יח</UnitQty>
      <Quantity>1.50</Quantity>
      <UnitMeasure>ל-100 מ"ל</UnitMeasure>
      <BisWeighted>0</BisWeighted>
      <QtyInPackage>3</QtyInPackage>
      <ItemPrice>20.90</ItemPrice>
      <UnitOfMeasurePrice>13.93</UnitOfMeasurePrice>
      <AllowDiscount>0</AllowDiscount>
      <itemStatus>1</itemStatus>
      <LastUpdateDate />
      <LastUpdateTime />
    </Product>
    <Product>
      <PriceUpdateDate>2019/01/16 14:49</PriceUpdateDate>
      <ItemCode>7290107936309</ItemCode>
      <ItemType>1</ItemType>
      <ItemName>דנונה יווני לבן 130 גר`</ItemName>
      <ManufactureName>שטראוס גרופ בע`מ</ManufactureName>
      <ManufactureCountry />
      <ManufactureItemDescription />
      <UnitQty>'יח</UnitQty>
      <Quantity>1.30</Quantity>
      <UnitMeasure>ל-100 גרם</UnitMeasure>
      <BisWeighted>0</BisWeighted>
      <QtyInPackage>24</QtyInPackage>
      <ItemPrice>3.60</ItemPrice>
      <UnitOfMeasurePrice>2.77</UnitOfMeasurePrice>
      <AllowDiscount>0</AllowDiscount>
      <itemStatus>1</itemStatus>
      <LastUpdateDate />
      <LastUpdateTime />
    </Product>
    <Product>
      <PriceUpdateDate>2019/08/11 15:34</PriceUpdateDate>
      <ItemCode>7290107936958</ItemCode>
      <ItemType>1</ItemType>
      <ItemName>ביסקוויט עד חצות אצבעות</ItemName>
      <ManufactureName>שטראוס גרופ בע`מ</ManufactureName>
      <ManufactureCountry />
      <ManufactureItemDescription />
      <UnitQty>'יח</UnitQty>
      <Quantity>1.25</Quantity>
      <UnitMeasure>ל-100 גרם</UnitMeasure>
      <BisWeighted>0</BisWeighted>
      <QtyInPackage>12</QtyInPackage>
      <ItemPrice>9.90</ItemPrice>
      <UnitOfMeasurePrice>7.92</UnitOfMeasurePrice>
      <AllowDiscount>0</AllowDiscount>
      <itemStatus>1</itemStatus>
      <LastUpdateDate />
      <LastUpdateTime />
    </Product>
    <Product>
      <PriceUpdateDate>2019/01/16 14:49</PriceUpdateDate>
      <ItemCode>7290107937542</ItemCode>
      <ItemType>1</ItemType>
      <ItemName>דנונה אקטיביה תות %1.2 265 ג`</ItemName>
      <ManufactureName>שטראוס גרופ בע`מ</ManufactureName>
      <ManufactureCountry />
      <ManufactureItemDescription />
      <UnitQty>'יח</UnitQty>
      <Quantity>1.20</Quantity>
      <UnitMeasure>ל-100 מ"ל</UnitMeasure>
      <BisWeighted>0</BisWeighted>
      <QtyInPackage>12</QtyInPackage>
      <ItemPrice>5.20</ItemPrice>
      <UnitOfMeasurePrice>4.33</UnitOfMeasurePrice>
      <AllowDiscount>1</AllowDiscount>
      <itemStatus>1</itemStatus>
      <LastUpdateDate />
      <LastUpdateTime />
    </Product>
    <Product>
      <PriceUpdateDate>2019/08/11 15:34</PriceUpdateDate>
      <ItemCode>7290107937627</ItemCode>
      <ItemType>1</ItemType>
      <ItemName>צנצנת קוביות ספירמינט 58 גר`</ItemName>
      <ManufactureName>שטראוס גרופ בע`מ</ManufactureName>
      <ManufactureCountry />
      <ManufactureItemDescription />
      <UnitQty>'יח</UnitQty>
      <Quantity>0.58</Quantity>
      <UnitMeasure>ל-100 גרם</UnitMeasure>
      <BisWeighted>0</BisWeighted>
      <QtyInPackage>12</QtyInPackage>
      <ItemPrice>9.90</ItemPrice>
      <UnitOfMeasurePrice>17.07</UnitOfMeasurePrice>
      <AllowDiscount>1</AllowDiscount>
      <itemStatus>1</itemStatus>
      <LastUpdateDate />
      <LastUpdateTime />
    </Product>
    <Product>
      <PriceUpdateDate>2019/08/11 15:34</PriceUpdateDate>
      <ItemCode>7290107937634</ItemCode>
      <ItemType>1</ItemType>
      <ItemName>צנצנת קוביות מנטה 58 גר`</ItemName>
      <ManufactureName>שטראוס גרופ בע`מ</ManufactureName>
      <ManufactureCountry />
      <ManufactureItemDescription />
      <UnitQty>'יח</UnitQty>
      <Quantity>0.58</Quantity>
      <UnitMeasure>ל-100 גרם</UnitMeasure>
      <BisWeighted>0</BisWeighted>
      <QtyInPackage>12</QtyInPackage>
      <ItemPrice>9.90</ItemPrice>
      <UnitOfMeasurePrice>17.07</UnitOfMeasurePrice>
      <AllowDiscount>1</AllowDiscount>
      <itemStatus>1</itemStatus>
      <LastUpdateDate />
      <LastUpdateTime />
    </Product>
    <Product>
      <PriceUpdateDate>2019/08/11 15:34</PriceUpdateDate>
      <ItemCode>7290107937641</ItemCode>
      <ItemType>1</ItemType>
      <ItemName>צנצנת קוביות בזוקה 58 גר`</ItemName>
      <ManufactureName>שטראוס גרופ בע`מ</ManufactureName>
      <ManufactureCountry />
      <ManufactureItemDescription />
      <UnitQty>'יח</UnitQty>
      <Quantity>1</Quantity>
      <UnitMeasure />
      <BisWeighted>0</BisWeighted>
      <QtyInPackage>12</QtyInPackage>
      <ItemPrice>9.90</ItemPrice>
      <UnitOfMeasurePrice>9.90</UnitOfMeasurePrice>
      <AllowDiscount>1</AllowDiscount>
      <itemStatus>1</itemStatus>
      <LastUpdateDate />
      <LastUpdateTime />
    </Product>
    <Product>
      <PriceUpdateDate>2019/01/16 14:49</PriceUpdateDate>
      <ItemCode>7290107937856</ItemCode>
      <ItemType>1</ItemType>
      <ItemName>קפסולות עלית מס` 11 למכונת נספרסו</ItemName>
      <ManufactureName>שטראוס גרופ בע`מ</ManufactureName>
      <ManufactureCountry />
      <ManufactureItemDescription />
      <UnitQty>'יח</UnitQty>
      <Quantity>0.50</Quantity>
      <UnitMeasure>ל-100 גרם</UnitMeasure>
      <BisWeighted>0</BisWeighted>
      <QtyInPackage>12</QtyInPackage>
      <ItemPrice>16.90</ItemPrice>
      <UnitOfMeasurePrice>33.80</UnitOfMeasurePrice>
      <AllowDiscount>1</AllowDiscount>
      <itemStatus>1</itemStatus>
      <LastUpdateDate />
      <LastUpdateTime />
    </Product>
    <Product>
      <PriceUpdateDate>2019/11/03 14:28</PriceUpdateDate>
      <ItemCode>7290107938396</ItemCode>
      <ItemType>1</ItemType>
      <ItemName>דנונה Actimel בנים בטעם תות 8*100מל</ItemName>
      <ManufactureName>שטראוס גרופ בע`מ</ManufactureName>
      <ManufactureCountry />
      <ManufactureItemDescription />
      <UnitQty>'יח</UnitQty>
      <Quantity>8</Quantity>
      <UnitMeasure>ל-100 מ"ל</UnitMeasure>
      <BisWeighted>0</BisWeighted>
      <QtyInPackage>6</QtyInPackage>
      <ItemPrice>20.90</ItemPrice>
      <UnitOfMeasurePrice>2.61</UnitOfMeasurePrice>
      <AllowDiscount>0</AllowDiscount>
      <itemStatus>1</itemStatus>
      <LastUpdateDate />
      <LastUpdateTime />
    </Product>
    <Product>
      <PriceUpdateDate>2022/05/18 11:14</PriceUpdateDate>
      <ItemCode>7290107941266</ItemCode>
      <ItemType>1</ItemType>
      <ItemName>שעועית אדומה מבושלת</ItemName>
      <ManufactureName>ביכורי השדה הצפון בעמ` 1964</ManufactureName>
      <ManufactureCountry />
      <ManufactureItemDescription />
      <UnitQty>'יח</UnitQty>
      <Quantity>1</Quantity>
      <UnitMeasure />
      <BisWeighted>0</BisWeighted>
      <QtyInPackage>1</QtyInPackage>
      <ItemPrice>12.90</ItemPrice>
      <UnitOfMeasurePrice>12.90</UnitOfMeasurePrice>
      <AllowDiscount>0</AllowDiscount>
      <itemStatus>1</itemStatus>
      <LastUpdateDate />
      <LastUpdateTime />
    </Product>
    <Product>
      <PriceUpdateDate>2022/05/18 11:14</PriceUpdateDate>
      <ItemCode>7290107941273</ItemCode>
      <ItemType>1</ItemType>
      <ItemName>חומוס מבושל</ItemName>
      <ManufactureName>ביכורי השדה הצפון בעמ` 1964</ManufactureName>
      <ManufactureCountry />
      <ManufactureItemDescription />
      <UnitQty>'יח</UnitQty>
      <Quantity>1</Quantity>
      <UnitMeasure />
      <BisWeighted>0</BisWeighted>
      <QtyInPackage>1</QtyInPackage>
      <ItemPrice>12.90</ItemPrice>
      <UnitOfMeasurePrice>12.90</UnitOfMeasurePrice>
      <AllowDiscount>0</AllowDiscount>
      <itemStatus>1</itemStatus>
      <LastUpdateDate />
      <LastUpdateTime />
    </Product>
    <Product>
      <PriceUpdateDate>2019/01/16 14:49</PriceUpdateDate>
      <ItemCode>7290107943369</ItemCode>
      <ItemType>1</ItemType>
      <ItemName>שיבולת שועל קוואקר ללא גלוטן 511 גר`</ItemName>
      <ManufactureName>שטראוס פריטו ליי בע`מ</ManufactureName>
      <ManufactureCountry />
      <ManufactureItemDescription />
      <UnitQty>'יח</UnitQty>
      <Quantity>5.11</Quantity>
      <UnitMeasure>ל-100 גרם</UnitMeasure>
      <BisWeighted>0</BisWeighted>
      <QtyInPackage>1</QtyInPackage>
      <ItemPrice>19.90</ItemPrice>
      <UnitOfMeasurePrice>3.89</UnitOfMeasurePrice>
      <AllowDiscount>0</AllowDiscount>
      <itemStatus>1</itemStatus>
      <LastUpdateDate />
      <LastUpdateTime />
    </Product>
    <Product>
      <PriceUpdateDate>2019/11/11 12:25</PriceUpdateDate>
      <ItemCode>7290107944472</ItemCode>
      <ItemType>1</ItemType>
      <ItemName>גבינת סימפוניה 5% שום שמיר 200גרם</ItemName>
      <ManufactureName>שטראוס גרופ בע`מ</ManufactureName>
      <ManufactureCountry />
      <ManufactureItemDescription />
      <UnitQty>'יח</UnitQty>
      <Quantity>2</Quantity>
      <UnitMeasure>ל-100 גרם</UnitMeasure>
      <BisWeighted>0</BisWeighted>
      <QtyInPackage>12</QtyInPackage>
      <ItemPrice>10.90</ItemPrice>
      <UnitOfMeasurePrice>5.45</UnitOfMeasurePrice>
      <AllowDiscount>1</AllowDiscount>
      <itemStatus>1</itemStatus>
      <LastUpdateDate />
      <LastUpdateTime />
    </Product>
    <Product>
      <PriceUpdateDate>2022/02/02 13:03</PriceUpdateDate>
      <ItemCode>7290107945165</ItemCode>
      <ItemType>1</ItemType>
      <ItemName>קונפיטורת משמש 340 גרם</ItemName>
      <ManufactureName>שטראוס גרופ בע`מ</ManufactureName>
      <ManufactureCountry />
      <ManufactureItemDescription />
      <UnitQty>'יח</UnitQty>
      <Quantity>3.40</Quantity>
      <UnitMeasure>ל-100 גרם</UnitMeasure>
      <BisWeighted>0</BisWeighted>
      <QtyInPackage>6</QtyInPackage>
      <ItemPrice>14.90</ItemPrice>
      <UnitOfMeasurePrice>4.38</UnitOfMeasurePrice>
      <AllowDiscount>1</AllowDiscount>
      <itemStatus>1</itemStatus>
      <LastUpdateDate />
      <LastUpdateTime />
    </Product>
    <Product>
      <PriceUpdateDate>2019/01/16 14:50</PriceUpdateDate>
      <ItemCode>7290107950190</ItemCode>
      <ItemType>1</ItemType>
      <ItemName>מעדן דיאט שוקולד מריר 130 גר`</ItemName>
      <ManufactureName>שטראוס גרופ בע`מ</ManufactureName>
      <ManufactureCountry />
      <ManufactureItemDescription />
      <UnitQty>'יח</UnitQty>
      <Quantity>1.30</Quantity>
      <UnitMeasure>ל-100 גרם</UnitMeasure>
      <BisWeighted>0</BisWeighted>
      <QtyInPackage>24</QtyInPackage>
      <ItemPrice>3.50</ItemPrice>
      <UnitOfMeasurePrice>2.69</UnitOfMeasurePrice>
      <AllowDiscount>0</AllowDiscount>
      <itemStatus>1</itemStatus>
      <LastUpdateDate />
      <LastUpdateTime />
    </Product>
    <Product>
      <PriceUpdateDate>2019/01/16 14:50</PriceUpdateDate>
      <ItemCode>7290107950206</ItemCode>
      <ItemType>1</ItemType>
      <ItemName>מעדן דיאט שוקולד % 0 130 גר`</ItemName>
      <ManufactureName>שטראוס גרופ בע`מ</ManufactureName>
      <ManufactureCountry />
      <ManufactureItemDescription />
      <UnitQty>'יח</UnitQty>
      <Quantity>1.30</Quantity>
      <UnitMeasure>ל-100 גרם</UnitMeasure>
      <BisWeighted>0</BisWeighted>
      <QtyInPackage>24</QtyInPackage>
      <ItemPrice>3.50</ItemPrice>
      <UnitOfMeasurePrice>2.69</UnitOfMeasurePrice>
      <AllowDiscount>0</AllowDiscount>
      <itemStatus>1</itemStatus>
      <LastUpdateDate />
      <LastUpdateTime />
    </Product>
    <Product>
      <PriceUpdateDate>2019/08/11 15:34</PriceUpdateDate>
      <ItemCode>7290107951104</ItemCode>
      <ItemType>1</ItemType>
      <ItemName>בפלות שוקולד 200 גרם</ItemName>
      <ManufactureName>שטראוס גרופ בע`מ</ManufactureName>
      <ManufactureCountry />
      <ManufactureItemDescription />
      <UnitQty>'יח</UnitQty>
      <Quantity>2</Quantity>
      <UnitMeasure>ל-100 גרם</UnitMeasure>
      <BisWeighted>0</BisWeighted>
      <QtyInPackage>27</QtyInPackage>
      <ItemPrice>4.90</ItemPrice>
      <UnitOfMeasurePrice>2.45</UnitOfMeasurePrice>
      <AllowDiscount>0</AllowDiscount>
      <itemStatus>1</itemStatus>
      <LastUpdateDate />
      <LastUpdateTime />
    </Product>
    <Product>
      <PriceUpdateDate>2019/08/11 15:34</PriceUpdateDate>
      <ItemCode>7290107951715</ItemCode>
      <ItemType>1</ItemType>
      <ItemName>צנצנת קוביות ענבים 58 גר`</ItemName>
      <ManufactureName>שטראוס גרופ בע`מ</ManufactureName>
      <ManufactureCountry />
      <ManufactureItemDescription />
      <UnitQty>'יח</UnitQty>
      <Quantity>0.58</Quantity>
      <UnitMeasure>ל-100 גרם</UnitMeasure>
      <BisWeighted>0</BisWeighted>
      <QtyInPackage>12</QtyInPackage>
      <ItemPrice>9.90</ItemPrice>
      <UnitOfMeasurePrice>17.07</UnitOfMeasurePrice>
      <AllowDiscount>1</AllowDiscount>
      <itemStatus>1</itemStatus>
      <LastUpdateDate />
      <LastUpdateTime />
    </Product>
    <Product>
      <PriceUpdateDate>2019/08/11 15:34</PriceUpdateDate>
      <ItemCode>7290107953559</ItemCode>
      <ItemType>1</ItemType>
      <ItemName>קפה טורקי דרך 24*</ItemName>
      <ManufactureName>שטראוס גרופ בע`מ</ManufactureName>
      <ManufactureCountry />
      <ManufactureItemDescription />
      <UnitQty>'יח</UnitQty>
      <Quantity>1.40</Quantity>
      <UnitMeasure>ל-100 גרם</UnitMeasure>
      <BisWeighted>0</BisWeighted>
      <QtyInPackage>8</QtyInPackage>
      <ItemPrice>18.90</ItemPrice>
      <UnitOfMeasurePrice>13.50</UnitOfMeasurePrice>
      <AllowDiscount>0</AllowDiscount>
      <itemStatus>1</itemStatus>
      <LastUpdateDate />
      <LastUpdateTime />
    </Product>
    <Product>
      <PriceUpdateDate>2022/02/02 13:03</PriceUpdateDate>
      <ItemCode>7290107954709</ItemCode>
      <ItemType>1</ItemType>
      <ItemName>קונפיטורת פירות היער 340 גרם</ItemName>
      <ManufactureName>שטראוס גרופ בע`מ</ManufactureName>
      <ManufactureCountry />
      <ManufactureItemDescription />
      <UnitQty>'יח</UnitQty>
      <Quantity>3.40</Quantity>
      <UnitMeasure>ל-100 גרם</UnitMeasure>
      <BisWeighted>0</BisWeighted>
      <QtyInPackage>6</QtyInPackage>
      <ItemPrice>14.90</ItemPrice>
      <UnitOfMeasurePrice>4.38</UnitOfMeasurePrice>
      <AllowDiscount>1</AllowDiscount>
      <itemStatus>1</itemStatus>
      <LastUpdateDate />
      <LastUpdateTime />
    </Product>
    <Product>
      <PriceUpdateDate>2019/01/16 14:50</PriceUpdateDate>
      <ItemCode>7290107954976</ItemCode>
      <ItemType>1</ItemType>
      <ItemName>משקה יטבתה פרו קפה 350 מל`</ItemName>
      <ManufactureName>שטראוס גרופ בע`מ</ManufactureName>
      <ManufactureCountry />
      <ManufactureItemDescription />
      <UnitQty>'יח</UnitQty>
      <Quantity>3.50</Quantity>
      <UnitMeasure>ל-100 מ"ל</UnitMeasure>
      <BisWeighted>0</BisWeighted>
      <QtyInPackage>6</QtyInPackage>
      <ItemPrice>6.40</ItemPrice>
      <UnitOfMeasurePrice>1.83</UnitOfMeasurePrice>
      <AllowDiscount>0</AllowDiscount>
      <itemStatus>1</itemStatus>
      <LastUpdateDate />
      <LastUpdateTime />
    </Product>
    <Product>
      <PriceUpdateDate>2019/01/16 14:50</PriceUpdateDate>
      <ItemCode>7290107956895</ItemCode>
      <ItemType>1</ItemType>
      <ItemName>קפסולות אספרסו למכונת אספרסו</ItemName>
      <ManufactureName>שטראוס גרופ בע`מ</ManufactureName>
      <ManufactureCountry />
      <ManufactureItemDescription />
      <UnitQty>'יח</UnitQty>
      <Quantity>0.50</Quantity>
      <UnitMeasure>ל-100 גרם</UnitMeasure>
      <BisWeighted>0</BisWeighted>
      <QtyInPackage>12</QtyInPackage>
      <ItemPrice>16.90</ItemPrice>
      <UnitOfMeasurePrice>33.80</UnitOfMeasurePrice>
      <AllowDiscount>1</AllowDiscount>
      <itemStatus>1</itemStatus>
      <LastUpdateDate />
      <LastUpdateTime />
    </Product>
    <Product>
      <PriceUpdateDate>2019/01/16 14:50</PriceUpdateDate>
      <ItemCode>7290107956901</ItemCode>
      <ItemType>1</ItemType>
      <ItemName>קפסולות טעם אגוזים למכונת אספרסו</ItemName>
      <ManufactureName>שטראוס גרופ בע`מ</ManufactureName>
      <ManufactureCountry />
      <ManufactureItemDescription />
      <UnitQty>'יח</UnitQty>
      <Quantity>0.50</Quantity>
      <UnitMeasure>ל-100 גרם</UnitMeasure>
      <BisWeighted>0</BisWeighted>
      <QtyInPackage>12</QtyInPackage>
      <ItemPrice>16.90</ItemPrice>
      <UnitOfMeasurePrice>33.80</UnitOfMeasurePrice>
      <AllowDiscount>1</AllowDiscount>
      <itemStatus>1</itemStatus>
      <LastUpdateDate />
      <LastUpdateTime />
    </Product>
    <Product>
      <PriceUpdateDate>2019/01/16 14:50</PriceUpdateDate>
      <ItemCode>7290107956925</ItemCode>
      <ItemType>1</ItemType>
      <ItemName>קפסולות ברזיל 06 למכונת אספרסו</ItemName>
      <ManufactureName>שטראוס גרופ בע`מ</ManufactureName>
      <ManufactureCountry />
      <ManufactureItemDescription />
      <UnitQty>'יח</UnitQty>
      <Quantity>0.50</Quantity>
      <UnitMeasure>ל-100 גרם</UnitMeasure>
      <BisWeighted>0</BisWeighted>
      <QtyInPackage>12</QtyInPackage>
      <ItemPrice>16.90</ItemPrice>
      <UnitOfMeasurePrice>33.80</UnitOfMeasurePrice>
      <AllowDiscount>1</AllowDiscount>
      <itemStatus>1</itemStatus>
      <LastUpdateDate />
      <LastUpdateTime />
    </Product>
    <Product>
      <PriceUpdateDate>2019/01/16 14:50</PriceUpdateDate>
      <ItemCode>7290107956932</ItemCode>
      <ItemType>1</ItemType>
      <ItemName>קפסולות אספרסו למכונת אספרסו</ItemName>
      <ManufactureName>שטראוס גרופ בע`מ</ManufactureName>
      <ManufactureCountry />
      <ManufactureItemDescription />
      <UnitQty>'יח</UnitQty>
      <Quantity>0.50</Quantity>
      <UnitMeasure>ל-100 גרם</UnitMeasure>
      <BisWeighted>0</BisWeighted>
      <QtyInPackage>12</QtyInPackage>
      <ItemPrice>16.90</ItemPrice>
      <UnitOfMeasurePrice>33.80</UnitOfMeasurePrice>
      <AllowDiscount>1</AllowDiscount>
      <itemStatus>1</itemStatus>
      <LastUpdateDate />
      <LastUpdateTime />
    </Product>
    <Product>
      <PriceUpdateDate>2019/01/16 14:50</PriceUpdateDate>
      <ItemCode>7290107957991</ItemCode>
      <ItemType>1</ItemType>
      <ItemName>מילקי קייק *9</ItemName>
      <ManufactureName>שטראוס גרופ בע`מ</ManufactureName>
      <ManufactureCountry />
      <ManufactureItemDescription />
      <UnitQty>'יח</UnitQty>
      <Quantity>1.44</Quantity>
      <UnitMeasure>ל-100 גרם</UnitMeasure>
      <BisWeighted>0</BisWeighted>
      <QtyInPackage>6</QtyInPackage>
      <ItemPrice>14.90</ItemPrice>
      <UnitOfMeasurePrice>10.35</UnitOfMeasurePrice>
      <AllowDiscount>1</AllowDiscount>
      <itemStatus>1</itemStatus>
      <LastUpdateDate />
      <LastUpdateTime />
    </Product>
    <Product>
      <PriceUpdateDate>2019/10/18 09:44</PriceUpdateDate>
      <ItemCode>7290107958035</ItemCode>
      <ItemType>1</ItemType>
      <ItemName>יוגורט במתיקות מעודנת 2% 150 גרם *8</ItemName>
      <ManufactureName>שטראוס גרופ בע`מ</ManufactureName>
      <ManufactureCountry />
      <ManufactureItemDescription />
      <UnitQty>'יח</UnitQty>
      <Quantity>1.20</Quantity>
      <UnitMeasure>ל-100 גרם</UnitMeasure>
      <BisWeighted>0</BisWeighted>
      <QtyInPackage>1</QtyInPackage>
      <ItemPrice>18.50</ItemPrice>
      <UnitOfMeasurePrice>15.42</UnitOfMeasurePrice>
      <AllowDiscount>0</AllowDiscount>
      <itemStatus>1</itemStatus>
      <LastUpdateDate />
      <LastUpdateTime />
    </Product>
    <Product>
      <PriceUpdateDate>2022/10/19 11:20</PriceUpdateDate>
      <ItemCode>7290107973861</ItemCode>
      <ItemType>1</ItemType>
      <ItemName>מנה מארז שלישייה עגבניות מרוסקות</ItemName>
      <ManufactureName>ש. שסטוביץ בע`מ</ManufactureName>
      <ManufactureCountry />
      <ManufactureItemDescription />
      <UnitQty>'יח</UnitQty>
      <Quantity>1.20</Quantity>
      <UnitMeasure>ל-100 גרם</UnitMeasure>
      <BisWeighted>0</BisWeighted>
      <QtyInPackage>1</QtyInPackage>
      <ItemPrice>16.90</ItemPrice>
      <UnitOfMeasurePrice>14.08</UnitOfMeasurePrice>
      <AllowDiscount>1</AllowDiscount>
      <itemStatus>1</itemStatus>
      <LastUpdateDate />
      <LastUpdateTime />
    </Product>
    <Product>
      <PriceUpdateDate>2019/07/03 08:47</PriceUpdateDate>
      <ItemCode>7290107974066</ItemCode>
      <ItemType>1</ItemType>
      <ItemName>מנה עלי טורטיה קמח מלא 320 גר`</ItemName>
      <ManufactureName>ש. שסטוביץ בע`מ</ManufactureName>
      <ManufactureCountry />
      <ManufactureItemDescription />
      <UnitQty>'יח</UnitQty>
      <Quantity>3.20</Quantity>
      <UnitMeasure>ל-100 גרם</UnitMeasure>
      <BisWeighted>0</BisWeighted>
      <QtyInPackage>1</QtyInPackage>
      <ItemPrice>9.90</ItemPrice>
      <UnitOfMeasurePrice>3.09</UnitOfMeasurePrice>
      <AllowDiscount>0</AllowDiscount>
      <itemStatus>1</itemStatus>
      <LastUpdateDate />
      <LastUpdateTime />
    </Product>
    <Product>
      <PriceUpdateDate>2019/07/03 08:47</PriceUpdateDate>
      <ItemCode>7290107974073</ItemCode>
      <ItemType>1</ItemType>
      <ItemName>מנה עלי טורטיה קמח לבן 320 גר`</ItemName>
      <ManufactureName>ש. שסטוביץ בע`מ</ManufactureName>
      <ManufactureCountry />
      <ManufactureItemDescription />
      <UnitQty>'יח</UnitQty>
      <Quantity>3.20</Quantity>
      <UnitMeasure>ל-100 גרם</UnitMeasure>
      <BisWeighted>0</BisWeighted>
      <QtyInPackage>1</QtyInPackage>
      <ItemPrice>9.90</ItemPrice>
      <UnitOfMeasurePrice>3.09</UnitOfMeasurePrice>
      <AllowDiscount>0</AllowDiscount>
      <itemStatus>1</itemStatus>
      <LastUpdateDate />
      <LastUpdateTime />
    </Product>
    <Product>
      <PriceUpdateDate>2019/07/03 08:47</PriceUpdateDate>
      <ItemCode>7290107974080</ItemCode>
      <ItemType>1</ItemType>
      <ItemName>מנה עלי טורטיה קמח לבן 840 גר`</ItemName>
      <ManufactureName>ש. שסטוביץ בע`מ</ManufactureName>
      <ManufactureCountry />
      <ManufactureItemDescription />
      <UnitQty>'יח</UnitQty>
      <Quantity>8.40</Quantity>
      <UnitMeasure>ל-100 גרם</UnitMeasure>
      <BisWeighted>0</BisWeighted>
      <QtyInPackage>1</QtyInPackage>
      <ItemPrice>15.90</ItemPrice>
      <UnitOfMeasurePrice>1.89</UnitOfMeasurePrice>
      <AllowDiscount>0</AllowDiscount>
      <itemStatus>1</itemStatus>
      <LastUpdateDate />
      <LastUpdateTime />
    </Product>
    <Product>
      <PriceUpdateDate>2022/10/19 11:20</PriceUpdateDate>
      <ItemCode>7290107974820</ItemCode>
      <ItemType>1</ItemType>
      <ItemName>מנה ממרח מתובל ספייסי 252גר`</ItemName>
      <ManufactureName>ש. שסטוביץ בע`מ</ManufactureName>
      <ManufactureCountry />
      <ManufactureItemDescription />
      <UnitQty>'יח</UnitQty>
      <Quantity>2.53</Quantity>
      <UnitMeasure>ל-100 גרם</UnitMeasure>
      <BisWeighted>0</BisWeighted>
      <QtyInPackage>1</QtyInPackage>
      <ItemPrice>8.90</ItemPrice>
      <UnitOfMeasurePrice>3.52</UnitOfMeasurePrice>
      <AllowDiscount>1</AllowDiscount>
      <itemStatus>1</itemStatus>
      <LastUpdateDate />
      <LastUpdateTime />
    </Product>
    <Product>
      <PriceUpdateDate>2020/10/13 14:17</PriceUpdateDate>
      <ItemCode>7290107975360</ItemCode>
      <ItemType>1</ItemType>
      <ItemName>ליידי ספיד סטיק פיור פרנש ג`ל</ItemName>
      <ManufactureName>ש. שסטוביץ בע`מ</ManufactureName>
      <ManufactureCountry />
      <ManufactureItemDescription />
      <UnitQty>'יח</UnitQty>
      <Quantity>0.50</Quantity>
      <UnitMeasure>ל-100 מ"ל</UnitMeasure>
      <BisWeighted>0</BisWeighted>
      <QtyInPackage>1</QtyInPackage>
      <ItemPrice>19.90</ItemPrice>
      <UnitOfMeasurePrice>39.80</UnitOfMeasurePrice>
      <AllowDiscount>1</AllowDiscount>
      <itemStatus>1</itemStatus>
      <LastUpdateDate />
      <LastUpdateTime />
    </Product>
    <Product>
      <PriceUpdateDate>2021/12/01 10:09</PriceUpdateDate>
      <ItemCode>7290107976848</ItemCode>
      <ItemType>1</ItemType>
      <ItemName>פלמוליב סבון מוצק לבן 4*125 גרם</ItemName>
      <ManufactureName>ש. שסטוביץ בע`מ</ManufactureName>
      <ManufactureCountry />
      <ManufactureItemDescription />
      <UnitQty>'יח</UnitQty>
      <Quantity>3.60</Quantity>
      <UnitMeasure>ל-100 גרם</UnitMeasure>
      <BisWeighted>0</BisWeighted>
      <QtyInPackage>1</QtyInPackage>
      <ItemPrice>16.90</ItemPrice>
      <UnitOfMeasurePrice>4.69</UnitOfMeasurePrice>
      <AllowDiscount>0</AllowDiscount>
      <itemStatus>1</itemStatus>
      <LastUpdateDate />
      <LastUpdateTime />
    </Product>
    <Product>
      <PriceUpdateDate>2019/01/16 14:50</PriceUpdateDate>
      <ItemCode>7290107978330</ItemCode>
      <ItemType>1</ItemType>
      <ItemName>מאסטר שף איטריות דקות 400 גר`</ItemName>
      <ManufactureName>ש. שסטוביץ בע`מ</ManufactureName>
      <ManufactureCountry />
      <ManufactureItemDescription />
      <UnitQty>'יח</UnitQty>
      <Quantity>4</Quantity>
      <UnitMeasure>ל-100 גרם</UnitMeasure>
      <BisWeighted>0</BisWeighted>
      <QtyInPackage>1</QtyInPackage>
      <ItemPrice>6.90</ItemPrice>
      <UnitOfMeasurePrice>1.73</UnitOfMeasurePrice>
      <AllowDiscount>1</AllowDiscount>
      <itemStatus>1</itemStatus>
      <LastUpdateDate />
      <LastUpdateTime />
    </Product>
    <Product>
      <PriceUpdateDate>2019/01/16 14:50</PriceUpdateDate>
      <ItemCode>7290107978347</ItemCode>
      <ItemType>1</ItemType>
      <ItemName>מאסטר שף איטריות בינוניות 400 גר`</ItemName>
      <ManufactureName>ש. שסטוביץ בע`מ</ManufactureName>
      <ManufactureCountry />
      <ManufactureItemDescription />
      <UnitQty>'יח</UnitQty>
      <Quantity>4</Quantity>
      <UnitMeasure>ל-100 גרם</UnitMeasure>
      <BisWeighted>0</BisWeighted>
      <QtyInPackage>1</QtyInPackage>
      <ItemPrice>6.90</ItemPrice>
      <UnitOfMeasurePrice>1.73</UnitOfMeasurePrice>
      <AllowDiscount>1</AllowDiscount>
      <itemStatus>1</itemStatus>
      <LastUpdateDate />
      <LastUpdateTime />
    </Product>
    <Product>
      <PriceUpdateDate>2021/04/22 15:05</PriceUpdateDate>
      <ItemCode>7290108193787</ItemCode>
      <ItemType>1</ItemType>
      <ItemName>מדבקות ג`ל/בלונים/יצירה</ItemName>
      <ManufactureName>השלושה טריימארט בעמ</ManufactureName>
      <ManufactureCountry />
      <ManufactureItemDescription />
      <UnitQty>'יח</UnitQty>
      <Quantity>1</Quantity>
      <UnitMeasure />
      <BisWeighted>0</BisWeighted>
      <QtyInPackage>1</QtyInPackage>
      <ItemPrice>6.90</ItemPrice>
      <UnitOfMeasurePrice>6.90</UnitOfMeasurePrice>
      <AllowDiscount>0</AllowDiscount>
      <itemStatus>1</itemStatus>
      <LastUpdateDate />
      <LastUpdateTime />
    </Product>
    <Product>
      <PriceUpdateDate>2021/12/29 20:29</PriceUpdateDate>
      <ItemCode>7290108195385</ItemCode>
      <ItemType>1</ItemType>
      <ItemName>מארז 10 עטים</ItemName>
      <ManufactureName>השלושה טריימארט בעמ</ManufactureName>
      <ManufactureCountry />
      <ManufactureItemDescription />
      <UnitQty>'יח</UnitQty>
      <Quantity>1</Quantity>
      <UnitMeasure />
      <BisWeighted>0</BisWeighted>
      <QtyInPackage>1</QtyInPackage>
      <ItemPrice>6.90</ItemPrice>
      <UnitOfMeasurePrice>6.90</UnitOfMeasurePrice>
      <AllowDiscount>0</AllowDiscount>
      <itemStatus>1</itemStatus>
      <LastUpdateDate />
      <LastUpdateTime />
    </Product>
    <Product>
      <PriceUpdateDate>2019/05/26 21:38</PriceUpdateDate>
      <ItemCode>7290108201864</ItemCode>
      <ItemType>1</ItemType>
      <ItemName>קולון ג`ל קפסולות 28 יח</ItemName>
      <ManufactureName>תה ויסוצקי בע`מ</ManufactureName>
      <ManufactureCountry />
      <ManufactureItemDescription />
      <UnitQty>'יח</UnitQty>
      <Quantity>28</Quantity>
      <UnitMeasure>ל-100 גרם</UnitMeasure>
      <BisWeighted>0</BisWeighted>
      <QtyInPackage>1</QtyInPackage>
      <ItemPrice>24.90</ItemPrice>
      <UnitOfMeasurePrice>0.89</UnitOfMeasurePrice>
      <AllowDiscount>1</AllowDiscount>
      <itemStatus>1</itemStatus>
      <LastUpdateDate />
      <LastUpdateTime />
    </Product>
    <Product>
      <PriceUpdateDate>2021/12/30 18:57</PriceUpdateDate>
      <ItemCode>7290108350128</ItemCode>
      <ItemType>1</ItemType>
      <ItemName>סנו סושי 40 שקיות אשפה חזקות במיוחד</ItemName>
      <ManufactureName>החב. הדרומית לשיווק</ManufactureName>
      <ManufactureCountry />
      <ManufactureItemDescription />
      <UnitQty>'יח</UnitQty>
      <Quantity>1</Quantity>
      <UnitMeasure />
      <BisWeighted>0</BisWeighted>
      <QtyInPackage>12</QtyInPackage>
      <ItemPrice>23.90</ItemPrice>
      <UnitOfMeasurePrice>23.90</UnitOfMeasurePrice>
      <AllowDiscount>0</AllowDiscount>
      <itemStatus>1</itemStatus>
      <LastUpdateDate />
      <LastUpdateTime />
    </Product>
    <Product>
      <PriceUpdateDate>2021/12/30 18:57</PriceUpdateDate>
      <ItemCode>7290108350142</ItemCode>
      <ItemType>1</ItemType>
      <ItemName>סנו סושי 270 שקיות רב שימושיות</ItemName>
      <ManufactureName>החב. הדרומית לשיווק</ManufactureName>
      <ManufactureCountry />
      <ManufactureItemDescription />
      <UnitQty>'יח</UnitQty>
      <Quantity>1</Quantity>
      <UnitMeasure />
      <BisWeighted>0</BisWeighted>
      <QtyInPackage>24</QtyInPackage>
      <ItemPrice>13.90</ItemPrice>
      <UnitOfMeasurePrice>13.90</UnitOfMeasurePrice>
      <AllowDiscount>0</AllowDiscount>
      <itemStatus>1</itemStatus>
      <LastUpdateDate />
      <LastUpdateTime />
    </Product>
    <Product>
      <PriceUpdateDate>2019/01/16 14:50</PriceUpdateDate>
      <ItemCode>7290108350180</ItemCode>
      <ItemType>1</ItemType>
      <ItemName>סנו סופט מפיות מודפסות 100 יח`</ItemName>
      <ManufactureName>החב. הדרומית לשיווק</ManufactureName>
      <ManufactureCountry />
      <ManufactureItemDescription />
      <UnitQty>'יח</UnitQty>
      <Quantity>1</Quantity>
      <UnitMeasure />
      <BisWeighted>0</BisWeighted>
      <QtyInPackage>30</QtyInPackage>
      <ItemPrice>9.60</ItemPrice>
      <UnitOfMeasurePrice>9.60</UnitOfMeasurePrice>
      <AllowDiscount>0</AllowDiscount>
      <itemStatus>1</itemStatus>
      <LastUpdateDate />
      <LastUpdateTime />
    </Product>
    <Product>
      <PriceUpdateDate>2019/07/03 08:47</PriceUpdateDate>
      <ItemCode>7290108350210</ItemCode>
      <ItemType>1</ItemType>
      <ItemName>סנו סושי 30 שקיות אשפה XL</ItemName>
      <ManufactureName>החב. הדרומית לשיווק</ManufactureName>
      <ManufactureCountry />
      <ManufactureItemDescription />
      <UnitQty>'יח</UnitQty>
      <Quantity>30</Quantity>
      <UnitMeasure>ל-100 גרם</UnitMeasure>
      <BisWeighted>0</BisWeighted>
      <QtyInPackage>10</QtyInPackage>
      <ItemPrice>24.90</ItemPrice>
      <UnitOfMeasurePrice>0.83</UnitOfMeasurePrice>
      <AllowDiscount>0</AllowDiscount>
      <itemStatus>1</itemStatus>
      <LastUpdateDate />
      <LastUpdateTime />
    </Product>
    <Product>
      <PriceUpdateDate>2022/06/22 08:53</PriceUpdateDate>
      <ItemCode>7290108350548</ItemCode>
      <ItemType>1</ItemType>
      <ItemName>סנו ספארק נוזל לניקוי כלים עם משאבה לב</ItemName>
      <ManufactureName>החב. הדרומית לשיווק</ManufactureName>
      <ManufactureCountry />
      <ManufactureItemDescription />
      <UnitQty>'יח</UnitQty>
      <Quantity>10</Quantity>
      <UnitMeasure>ל-100 מ"ל</UnitMeasure>
      <BisWeighted>0</BisWeighted>
      <QtyInPackage>12</QtyInPackage>
      <ItemPrice>12.90</ItemPrice>
      <UnitOfMeasurePrice>1.29</UnitOfMeasurePrice>
      <AllowDiscount>0</AllowDiscount>
      <itemStatus>1</itemStatus>
      <LastUpdateDate />
      <LastUpdateTime />
    </Product>
    <Product>
      <PriceUpdateDate>2022/06/22 08:53</PriceUpdateDate>
      <ItemCode>7290108350555</ItemCode>
      <ItemType>1</ItemType>
      <ItemName>סנו ספארק נוזל לניקוי כלים עם משאבה שק</ItemName>
      <ManufactureName>החב. הדרומית לשיווק</ManufactureName>
      <ManufactureCountry />
      <ManufactureItemDescription />
      <UnitQty>'יח</UnitQty>
      <Quantity>10</Quantity>
      <UnitMeasure>ל-100 מ"ל</UnitMeasure>
      <BisWeighted>0</BisWeighted>
      <QtyInPackage>1</QtyInPackage>
      <ItemPrice>12.90</ItemPrice>
      <UnitOfMeasurePrice>1.29</UnitOfMeasurePrice>
      <AllowDiscount>0</AllowDiscount>
      <itemStatus>1</itemStatus>
      <LastUpdateDate />
      <LastUpdateTime />
    </Product>
    <Product>
      <PriceUpdateDate>2021/12/30 18:57</PriceUpdateDate>
      <ItemCode>7290108350623</ItemCode>
      <ItemType>1</ItemType>
      <ItemName>מרכך כביסה מקסימה סופר מרוכז 1 ל` סופט</ItemName>
      <ManufactureName>החב. הדרומית לשיווק</ManufactureName>
      <ManufactureCountry />
      <ManufactureItemDescription />
      <UnitQty>'יח</UnitQty>
      <Quantity>10</Quantity>
      <UnitMeasure>ל-100 מ"ל</UnitMeasure>
      <BisWeighted>0</BisWeighted>
      <QtyInPackage>12</QtyInPackage>
      <ItemPrice>18.90</ItemPrice>
      <UnitOfMeasurePrice>1.89</UnitOfMeasurePrice>
      <AllowDiscount>1</AllowDiscount>
      <itemStatus>1</itemStatus>
      <LastUpdateDate />
      <LastUpdateTime />
    </Product>
    <Product>
      <PriceUpdateDate>2022/01/17 20:43</PriceUpdateDate>
      <ItemCode>7290108350715</ItemCode>
      <ItemType>1</ItemType>
      <ItemName>סנו פורטה פלוס FREE 750</ItemName>
      <ManufactureName>החב. הדרומית לשיווק</ManufactureName>
      <ManufactureCountry />
      <ManufactureItemDescription />
      <UnitQty>'יח</UnitQty>
      <Quantity>7.50</Quantity>
      <UnitMeasure>ל-100 מ"ל</UnitMeasure>
      <BisWeighted>0</BisWeighted>
      <QtyInPackage>12</QtyInPackage>
      <ItemPrice>14.90</ItemPrice>
      <UnitOfMeasurePrice>1.99</UnitOfMeasurePrice>
      <AllowDiscount>0</AllowDiscount>
      <itemStatus>1</itemStatus>
      <LastUpdateDate />
      <LastUpdateTime />
    </Product>
    <Product>
      <PriceUpdateDate>2021/12/30 18:57</PriceUpdateDate>
      <ItemCode>7290108351149</ItemCode>
      <ItemType>1</ItemType>
      <ItemName>סנו ג`ט פלוס לניקוי כללי ורצפות</ItemName>
      <ManufactureName>החב. הדרומית לשיווק</ManufactureName>
      <ManufactureCountry />
      <ManufactureItemDescription />
      <UnitQty>'יח</UnitQty>
      <Quantity>1.50</Quantity>
      <UnitMeasure>לליטר</UnitMeasure>
      <BisWeighted>0</BisWeighted>
      <QtyInPackage>12</QtyInPackage>
      <ItemPrice>13.90</ItemPrice>
      <UnitOfMeasurePrice>9.27</UnitOfMeasurePrice>
      <AllowDiscount>1</AllowDiscount>
      <itemStatus>1</itemStatus>
      <LastUpdateDate />
      <LastUpdateTime />
    </Product>
    <Product>
      <PriceUpdateDate>2021/12/30 18:57</PriceUpdateDate>
      <ItemCode>7290108351156</ItemCode>
      <ItemType>1</ItemType>
      <ItemName>ג`יל לניקוי כללי JET 1.5 ליטר</ItemName>
      <ManufactureName>החב. הדרומית לשיווק</ManufactureName>
      <ManufactureCountry />
      <ManufactureItemDescription />
      <UnitQty>'יח</UnitQty>
      <Quantity>1.50</Quantity>
      <UnitMeasure>לליטר</UnitMeasure>
      <BisWeighted>0</BisWeighted>
      <QtyInPackage>12</QtyInPackage>
      <ItemPrice>13.90</ItemPrice>
      <UnitOfMeasurePrice>9.27</UnitOfMeasurePrice>
      <AllowDiscount>1</AllowDiscount>
      <itemStatus>1</itemStatus>
      <LastUpdateDate />
      <LastUpdateTime />
    </Product>
    <Product>
      <PriceUpdateDate>2022/01/17 20:43</PriceUpdateDate>
      <ItemCode>7290108351507</ItemCode>
      <ItemType>1</ItemType>
      <ItemName>מרכך כביסה סנו מקסימה סופט סילק 4 ליטר</ItemName>
      <ManufactureName>החב. הדרומית לשיווק</ManufactureName>
      <ManufactureCountry />
      <ManufactureItemDescription />
      <UnitQty>'יח</UnitQty>
      <Quantity>40</Quantity>
      <UnitMeasure>ל-100 מ"ל</UnitMeasure>
      <BisWeighted>0</BisWeighted>
      <QtyInPackage>1</QtyInPackage>
      <ItemPrice>21.90</ItemPrice>
      <UnitOfMeasurePrice>0.55</UnitOfMeasurePrice>
      <AllowDiscount>0</AllowDiscount>
      <itemStatus>1</itemStatus>
      <LastUpdateDate />
      <LastUpdateTime />
    </Product>
    <Product>
      <PriceUpdateDate>2022/01/17 20:43</PriceUpdateDate>
      <ItemCode>7290108351514</ItemCode>
      <ItemType>1</ItemType>
      <ItemName>מרכך כביסה סנו מקסימה סופט סילק 4 ליטר</ItemName>
      <ManufactureName>החב. הדרומית לשיווק</ManufactureName>
      <ManufactureCountry />
      <ManufactureItemDescription />
      <UnitQty>'יח</UnitQty>
      <Quantity>40</Quantity>
      <UnitMeasure>ל-100 מ"ל</UnitMeasure>
      <BisWeighted>0</BisWeighted>
      <QtyInPackage>1</QtyInPackage>
      <ItemPrice>21.90</ItemPrice>
      <UnitOfMeasurePrice>0.55</UnitOfMeasurePrice>
      <AllowDiscount>0</AllowDiscount>
      <itemStatus>1</itemStatus>
      <LastUpdateDate />
      <LastUpdateTime />
    </Product>
    <Product>
      <PriceUpdateDate>2022/01/17 20:43</PriceUpdateDate>
      <ItemCode>7290108351521</ItemCode>
      <ItemType>1</ItemType>
      <ItemName>סנו מקסימה ג`ל כביסה מרוכז 5  ל`מאסק</ItemName>
      <ManufactureName>החב. הדרומית לשיווק</ManufactureName>
      <ManufactureCountry />
      <ManufactureItemDescription />
      <UnitQty>'יח</UnitQty>
      <Quantity>50</Quantity>
      <UnitMeasure>ל-100 מ"ל</UnitMeasure>
      <BisWeighted>0</BisWeighted>
      <QtyInPackage>4</QtyInPackage>
      <ItemPrice>44.90</ItemPrice>
      <UnitOfMeasurePrice>0.90</UnitOfMeasurePrice>
      <AllowDiscount>0</AllowDiscount>
      <itemStatus>1</itemStatus>
      <LastUpdateDate />
      <LastUpdateTime />
    </Product>
    <Product>
      <PriceUpdateDate>2021/12/30 18:57</PriceUpdateDate>
      <ItemCode>7290108351552</ItemCode>
      <ItemType>1</ItemType>
      <ItemName>סנו ג`ט מרסס לניקוי כללי +חומץ טיבעי</ItemName>
      <ManufactureName>החב. הדרומית לשיווק</ManufactureName>
      <ManufactureCountry />
      <ManufactureItemDescription />
      <UnitQty>'יח</UnitQty>
      <Quantity>7.50</Quantity>
      <UnitMeasure>ל-100 מ"ל</UnitMeasure>
      <BisWeighted>0</BisWeighted>
      <QtyInPackage>12</QtyInPackage>
      <ItemPrice>13.90</ItemPrice>
      <UnitOfMeasurePrice>1.85</UnitOfMeasurePrice>
      <AllowDiscount>1</AllowDiscount>
      <itemStatus>1</itemStatus>
      <LastUpdateDate />
      <LastUpdateTime />
    </Product>
    <Product>
      <PriceUpdateDate>2022/03/27 06:37</PriceUpdateDate>
      <ItemCode>7290108351699</ItemCode>
      <ItemType>1</ItemType>
      <ItemName>מגבונים ג`ט לניקוי מארז</ItemName>
      <ManufactureName>החב. הדרומית לשיווק</ManufactureName>
      <ManufactureCountry />
      <ManufactureItemDescription />
      <UnitQty>'יח</UnitQty>
      <Quantity>1</Quantity>
      <UnitMeasure />
      <BisWeighted>0</BisWeighted>
      <QtyInPackage>8</QtyInPackage>
      <ItemPrice>19.90</ItemPrice>
      <UnitOfMeasurePrice>19.90</UnitOfMeasurePrice>
      <AllowDiscount>0</AllowDiscount>
      <itemStatus>1</itemStatus>
      <LastUpdateDate />
      <LastUpdateTime />
    </Product>
    <Product>
      <PriceUpdateDate>2020/10/19 18:24</PriceUpdateDate>
      <ItemCode>7290108351705</ItemCode>
      <ItemType>1</ItemType>
      <ItemName>פניני בישום fresh linen</ItemName>
      <ManufactureName>החב. הדרומית לשיווק</ManufactureName>
      <ManufactureCountry />
      <ManufactureItemDescription />
      <UnitQty>'יח</UnitQty>
      <Quantity>1</Quantity>
      <UnitMeasure>ל-100 גרם</UnitMeasure>
      <BisWeighted>0</BisWeighted>
      <QtyInPackage>1</QtyInPackage>
      <ItemPrice>19.90</ItemPrice>
      <UnitOfMeasurePrice>19.90</UnitOfMeasurePrice>
      <AllowDiscount>0</AllowDiscount>
      <itemStatus>1</itemStatus>
      <LastUpdateDate />
      <LastUpdateTime />
    </Product>
    <Product>
      <PriceUpdateDate>2020/10/19 18:24</PriceUpdateDate>
      <ItemCode>7290108351712</ItemCode>
      <ItemType>1</ItemType>
      <ItemName>פניני בישום lovely</ItemName>
      <ManufactureName>החב. הדרומית לשיווק</ManufactureName>
      <ManufactureCountry />
      <ManufactureItemDescription />
      <UnitQty>'יח</UnitQty>
      <Quantity>5</Quantity>
      <UnitMeasure>ל-100 גרם</UnitMeasure>
      <BisWeighted>0</BisWeighted>
      <QtyInPackage>1</QtyInPackage>
      <ItemPrice>19.90</ItemPrice>
      <UnitOfMeasurePrice>3.98</UnitOfMeasurePrice>
      <AllowDiscount>0</AllowDiscount>
      <itemStatus>1</itemStatus>
      <LastUpdateDate />
      <LastUpdateTime />
    </Product>
    <Product>
      <PriceUpdateDate>2022/01/17 20:43</PriceUpdateDate>
      <ItemCode>7290108351781</ItemCode>
      <ItemType>1</ItemType>
      <ItemName>ג`ט לניקוי אסלות 750 מל`</ItemName>
      <ManufactureName>החב. הדרומית לשיווק</ManufactureName>
      <ManufactureCountry />
      <ManufactureItemDescription />
      <UnitQty>'יח</UnitQty>
      <Quantity>1</Quantity>
      <UnitMeasure />
      <BisWeighted>0</BisWeighted>
      <QtyInPackage>12</QtyInPackage>
      <ItemPrice>10.90</ItemPrice>
      <UnitOfMeasurePrice>10.90</UnitOfMeasurePrice>
      <AllowDiscount>1</AllowDiscount>
      <itemStatus>1</itemStatus>
      <LastUpdateDate />
      <LastUpdateTime />
    </Product>
    <Product>
      <PriceUpdateDate>2021/12/30 18:57</PriceUpdateDate>
      <ItemCode>7290108351804</ItemCode>
      <ItemType>1</ItemType>
      <ItemName>מרכך כביסה מקסימה סופר מרוכז 1 ל`</ItemName>
      <ManufactureName>החב. הדרומית לשיווק</ManufactureName>
      <ManufactureCountry />
      <ManufactureItemDescription />
      <UnitQty>'יח</UnitQty>
      <Quantity>10</Quantity>
      <UnitMeasure>ל-100 מ"ל</UnitMeasure>
      <BisWeighted>0</BisWeighted>
      <QtyInPackage>12</QtyInPackage>
      <ItemPrice>18.90</ItemPrice>
      <UnitOfMeasurePrice>1.89</UnitOfMeasurePrice>
      <AllowDiscount>1</AllowDiscount>
      <itemStatus>1</itemStatus>
      <LastUpdateDate />
      <LastUpdateTime />
    </Product>
    <Product>
      <PriceUpdateDate>2021/12/30 18:57</PriceUpdateDate>
      <ItemCode>7290108351811</ItemCode>
      <ItemType>1</ItemType>
      <ItemName>מרכך כביסה מקסימה סופר מרוכז 1 ל`</ItemName>
      <ManufactureName>החב. הדרומית לשיווק</ManufactureName>
      <ManufactureCountry />
      <ManufactureItemDescription />
      <UnitQty>'יח</UnitQty>
      <Quantity>10</Quantity>
      <UnitMeasure>ל-100 מ"ל</UnitMeasure>
      <BisWeighted>0</BisWeighted>
      <QtyInPackage>12</QtyInPackage>
      <ItemPrice>18.90</ItemPrice>
      <UnitOfMeasurePrice>1.89</UnitOfMeasurePrice>
      <AllowDiscount>1</AllowDiscount>
      <itemStatus>1</itemStatus>
      <LastUpdateDate />
      <LastUpdateTime />
    </Product>
    <Product>
      <PriceUpdateDate>2022/01/17 20:43</PriceUpdateDate>
      <ItemCode>7290108351835</ItemCode>
      <ItemType>1</ItemType>
      <ItemName>מרכך כביסה סנו מקסימה פלורל  טאצ` 4 ל</ItemName>
      <ManufactureName>החב. הדרומית לשיווק</ManufactureName>
      <ManufactureCountry />
      <ManufactureItemDescription />
      <UnitQty>'יח</UnitQty>
      <Quantity>40</Quantity>
      <UnitMeasure>ל-100 מ"ל</UnitMeasure>
      <BisWeighted>0</BisWeighted>
      <QtyInPackage>6</QtyInPackage>
      <ItemPrice>21.90</ItemPrice>
      <UnitOfMeasurePrice>0.55</UnitOfMeasurePrice>
      <AllowDiscount>0</AllowDiscount>
      <itemStatus>1</itemStatus>
      <LastUpdateDate />
      <LastUpdateTime />
    </Product>
    <Product>
      <PriceUpdateDate>2022/09/20 21:57</PriceUpdateDate>
      <ItemCode>7290108352009</ItemCode>
      <ItemType>1</ItemType>
      <ItemName>ספארק קפסולות למדיח כלים 50 יח`</ItemName>
      <ManufactureName>החב. הדרומית לשיווק</ManufactureName>
      <ManufactureCountry />
      <ManufactureItemDescription />
      <UnitQty>'יח</UnitQty>
      <Quantity>1</Quantity>
      <UnitMeasure />
      <BisWeighted>0</BisWeighted>
      <QtyInPackage>1</QtyInPackage>
      <ItemPrice>39.90</ItemPrice>
      <UnitOfMeasurePrice>39.90</UnitOfMeasurePrice>
      <AllowDiscount>0</AllowDiscount>
      <itemStatus>1</itemStatus>
      <LastUpdateDate />
      <LastUpdateTime />
    </Product>
    <Product>
      <PriceUpdateDate>2020/05/05 14:58</PriceUpdateDate>
      <ItemCode>7290108352153</ItemCode>
      <ItemType>1</ItemType>
      <ItemName>סנובון נוזלי לאסלה לוטוס וסחלב 750 מ"ל</ItemName>
      <ManufactureName>החב. הדרומית לשיווק</ManufactureName>
      <ManufactureCountry />
      <ManufactureItemDescription />
      <UnitQty>'יח</UnitQty>
      <Quantity>7.50</Quantity>
      <UnitMeasure>ל-100 מ"ל</UnitMeasure>
      <BisWeighted>0</BisWeighted>
      <QtyInPackage>12</QtyInPackage>
      <ItemPrice>10.90</ItemPrice>
      <UnitOfMeasurePrice>1.45</UnitOfMeasurePrice>
      <AllowDiscount>1</AllowDiscount>
      <itemStatus>1</itemStatus>
      <LastUpdateDate />
      <LastUpdateTime />
    </Product>
    <Product>
      <PriceUpdateDate>2022/01/17 20:43</PriceUpdateDate>
      <ItemCode>7290108352207</ItemCode>
      <ItemType>1</ItemType>
      <ItemName>מקסימה 40 קפסולות לכביסה ורוד</ItemName>
      <ManufactureName>החב. הדרומית לשיווק</ManufactureName>
      <ManufactureCountry />
      <ManufactureItemDescription />
      <UnitQty>'יח</UnitQty>
      <Quantity>12</Quantity>
      <UnitMeasure>ל-100 גרם</UnitMeasure>
      <BisWeighted>0</BisWeighted>
      <QtyInPackage>1</QtyInPackage>
      <ItemPrice>34.90</ItemPrice>
      <UnitOfMeasurePrice>2.91</UnitOfMeasurePrice>
      <AllowDiscount>0</AllowDiscount>
      <itemStatus>1</itemStatus>
      <LastUpdateDate />
      <LastUpdateTime />
    </Product>
    <Product>
      <PriceUpdateDate>2022/01/17 20:43</PriceUpdateDate>
      <ItemCode>7290108352214</ItemCode>
      <ItemType>1</ItemType>
      <ItemName>מקסימה 40 קפסולות לכביסה ירוק</ItemName>
      <ManufactureName>החב. הדרומית לשיווק</ManufactureName>
      <ManufactureCountry />
      <ManufactureItemDescription />
      <UnitQty>'יח</UnitQty>
      <Quantity>12</Quantity>
      <UnitMeasure>ל-100 גרם</UnitMeasure>
      <BisWeighted>0</BisWeighted>
      <QtyInPackage>1</QtyInPackage>
      <ItemPrice>34.90</ItemPrice>
      <UnitOfMeasurePrice>2.91</UnitOfMeasurePrice>
      <AllowDiscount>0</AllowDiscount>
      <itemStatus>1</itemStatus>
      <LastUpdateDate />
      <LastUpdateTime />
    </Product>
    <Product>
      <PriceUpdateDate>2020/07/15 11:00</PriceUpdateDate>
      <ItemCode>7290108352252</ItemCode>
      <ItemType>1</ItemType>
      <ItemName>סנו ספארק נוזל לניקוי כלים קלאסי 1 ל`</ItemName>
      <ManufactureName>החב. הדרומית לשיווק</ManufactureName>
      <ManufactureCountry />
      <ManufactureItemDescription />
      <UnitQty>'יח</UnitQty>
      <Quantity>10</Quantity>
      <UnitMeasure>ל-100 מ"ל</UnitMeasure>
      <BisWeighted>0</BisWeighted>
      <QtyInPackage>1</QtyInPackage>
      <ItemPrice>12.90</ItemPrice>
      <UnitOfMeasurePrice>1.29</UnitOfMeasurePrice>
      <AllowDiscount>0</AllowDiscount>
      <itemStatus>1</itemStatus>
      <LastUpdateDate />
      <LastUpdateTime />
    </Product>
    <Product>
      <PriceUpdateDate>2022/01/06 22:10</PriceUpdateDate>
      <ItemCode>7290108352320</ItemCode>
      <ItemType>1</ItemType>
      <ItemName>פרש הום מלון בוטיק  350 מ"ל</ItemName>
      <ManufactureName>החב. הדרומית לשיווק</ManufactureName>
      <ManufactureCountry />
      <ManufactureItemDescription />
      <UnitQty>'יח</UnitQty>
      <Quantity>3.50</Quantity>
      <UnitMeasure>ל-100 גרם</UnitMeasure>
      <BisWeighted>0</BisWeighted>
      <QtyInPackage>12</QtyInPackage>
      <ItemPrice>11.90</ItemPrice>
      <UnitOfMeasurePrice>3.40</UnitOfMeasurePrice>
      <AllowDiscount>0</AllowDiscount>
      <itemStatus>1</itemStatus>
      <LastUpdateDate />
      <LastUpdateTime />
    </Product>
    <Product>
      <PriceUpdateDate>2022/03/27 06:37</PriceUpdateDate>
      <ItemCode>7290108352399</ItemCode>
      <ItemType>1</ItemType>
      <ItemName>סנו ריצפז פרש הום 2 ליטר</ItemName>
      <ManufactureName>החב. הדרומית לשיווק</ManufactureName>
      <ManufactureCountry />
      <ManufactureItemDescription />
      <UnitQty>'יח</UnitQty>
      <Quantity>20</Quantity>
      <UnitMeasure>ל-100 מ"ל</UnitMeasure>
      <BisWeighted>0</BisWeighted>
      <QtyInPackage>8</QtyInPackage>
      <ItemPrice>21.90</ItemPrice>
      <UnitOfMeasurePrice>1.10</UnitOfMeasurePrice>
      <AllowDiscount>1</AllowDiscount>
      <itemStatus>1</itemStatus>
      <LastUpdateDate />
      <LastUpdateTime />
    </Product>
    <Product>
      <PriceUpdateDate>2022/03/27 06:37</PriceUpdateDate>
      <ItemCode>7290108352450</ItemCode>
      <ItemType>1</ItemType>
      <ItemName>רצפז פרש הום בניחוח בלו בלוסום</ItemName>
      <ManufactureName>החב. הדרומית לשיווק</ManufactureName>
      <ManufactureCountry />
      <ManufactureItemDescription />
      <UnitQty>'יח</UnitQty>
      <Quantity>1</Quantity>
      <UnitMeasure />
      <BisWeighted>0</BisWeighted>
      <QtyInPackage>1</QtyInPackage>
      <ItemPrice>21.90</ItemPrice>
      <UnitOfMeasurePrice>21.90</UnitOfMeasurePrice>
      <AllowDiscount>1</AllowDiscount>
      <itemStatus>1</itemStatus>
      <LastUpdateDate />
      <LastUpdateTime />
    </Product>
    <Product>
      <PriceUpdateDate>2021/10/13 15:12</PriceUpdateDate>
      <ItemCode>7290108352535</ItemCode>
      <ItemType>1</ItemType>
      <ItemName>דפי בישום לחים למייבש כביסה מקסימה</ItemName>
      <ManufactureName>החב. הדרומית לשיווק</ManufactureName>
      <ManufactureCountry />
      <ManufactureItemDescription />
      <UnitQty>'יח</UnitQty>
      <Quantity>1</Quantity>
      <UnitMeasure>ל-100 גרם</UnitMeasure>
      <BisWeighted>0</BisWeighted>
      <QtyInPackage>1</QtyInPackage>
      <ItemPrice>12.90</ItemPrice>
      <UnitOfMeasurePrice>12.90</UnitOfMeasurePrice>
      <AllowDiscount>0</AllowDiscount>
      <itemStatus>1</itemStatus>
      <LastUpdateDate />
      <LastUpdateTime />
    </Product>
    <Product>
      <PriceUpdateDate>2021/10/13 15:12</PriceUpdateDate>
      <ItemCode>7290108352566</ItemCode>
      <ItemType>1</ItemType>
      <ItemName>מרכך כביסה סנו מקסימה ג`וי 4 ליטר</ItemName>
      <ManufactureName>החב. הדרומית לשיווק</ManufactureName>
      <ManufactureCountry />
      <ManufactureItemDescription />
      <UnitQty>'יח</UnitQty>
      <Quantity>40</Quantity>
      <UnitMeasure>ל-100 מ"ל</UnitMeasure>
      <BisWeighted>0</BisWeighted>
      <QtyInPackage>6</QtyInPackage>
      <ItemPrice>19.90</ItemPrice>
      <UnitOfMeasurePrice>0.50</UnitOfMeasurePrice>
      <AllowDiscount>0</AllowDiscount>
      <itemStatus>1</itemStatus>
      <LastUpdateDate />
      <LastUpdateTime />
    </Product>
    <Product>
      <PriceUpdateDate>2022/06/03 09:10</PriceUpdateDate>
      <ItemCode>7290108352573</ItemCode>
      <ItemType>1</ItemType>
      <ItemName>.מרכך כביסה סנו מקסימה CALM 4 ליטר</ItemName>
      <ManufactureName>החב. הדרומית לשיווק</ManufactureName>
      <ManufactureCountry />
      <ManufactureItemDescription />
      <UnitQty>'יח</UnitQty>
      <Quantity>40</Quantity>
      <UnitMeasure>ל-100 מ"ל</UnitMeasure>
      <BisWeighted>0</BisWeighted>
      <QtyInPackage>6</QtyInPackage>
      <ItemPrice>21.90</ItemPrice>
      <UnitOfMeasurePrice>0.55</UnitOfMeasurePrice>
      <AllowDiscount>0</AllowDiscount>
      <itemStatus>1</itemStatus>
      <LastUpdateDate />
      <LastUpdateTime />
    </Product>
    <Product>
      <PriceUpdateDate>2021/12/30 18:57</PriceUpdateDate>
      <ItemCode>7290108352641</ItemCode>
      <ItemType>1</ItemType>
      <ItemName>סנו סושי מטלית הפלא לניקוי כללי במארז</ItemName>
      <ManufactureName>החב. הדרומית לשיווק</ManufactureName>
      <ManufactureCountry />
      <ManufactureItemDescription />
      <UnitQty>'יח</UnitQty>
      <Quantity>1</Quantity>
      <UnitMeasure />
      <BisWeighted>0</BisWeighted>
      <QtyInPackage>12</QtyInPackage>
      <ItemPrice>14.90</ItemPrice>
      <UnitOfMeasurePrice>14.90</UnitOfMeasurePrice>
      <AllowDiscount>0</AllowDiscount>
      <itemStatus>1</itemStatus>
      <LastUpdateDate />
      <LastUpdateTime />
    </Product>
    <Product>
      <PriceUpdateDate>2019/01/16 14:50</PriceUpdateDate>
      <ItemCode>7290108352672</ItemCode>
      <ItemType>1</ItemType>
      <ItemName>סנו סושי מטלית הפלא לרצפה צמד</ItemName>
      <ManufactureName>החב. הדרומית לשיווק</ManufactureName>
      <ManufactureCountry />
      <ManufactureItemDescription />
      <UnitQty>'יח</UnitQty>
      <Quantity>1</Quantity>
      <UnitMeasure />
      <BisWeighted>0</BisWeighted>
      <QtyInPackage>12</QtyInPackage>
      <ItemPrice>19.90</ItemPrice>
      <UnitOfMeasurePrice>19.90</UnitOfMeasurePrice>
      <AllowDiscount>0</AllowDiscount>
      <itemStatus>1</itemStatus>
      <LastUpdateDate />
      <LastUpdateTime />
    </Product>
    <Product>
      <PriceUpdateDate>2019/07/03 08:47</PriceUpdateDate>
      <ItemCode>7290108352689</ItemCode>
      <ItemType>1</ItemType>
      <ItemName>כריות קרצוף ללכלוך קשה 9 יח`</ItemName>
      <ManufactureName>החב. הדרומית לשיווק</ManufactureName>
      <ManufactureCountry />
      <ManufactureItemDescription />
      <UnitQty>'יח</UnitQty>
      <Quantity>1</Quantity>
      <UnitMeasure />
      <BisWeighted>0</BisWeighted>
      <QtyInPackage>1</QtyInPackage>
      <ItemPrice>11.90</ItemPrice>
      <UnitOfMeasurePrice>11.90</UnitOfMeasurePrice>
      <AllowDiscount>0</AllowDiscount>
      <itemStatus>1</itemStatus>
      <LastUpdateDate />
      <LastUpdateTime />
    </Product>
    <Product>
      <PriceUpdateDate>2021/12/30 18:57</PriceUpdateDate>
      <ItemCode>7290108352795</ItemCode>
      <ItemType>1</ItemType>
      <ItemName>שקיות זיפר 50  יח`במידה M סנו סושי</ItemName>
      <ManufactureName>החב. הדרומית לשיווק</ManufactureName>
      <ManufactureCountry />
      <ManufactureItemDescription />
      <UnitQty>'יח</UnitQty>
      <Quantity>7.50</Quantity>
      <UnitMeasure>ל-100 מ"ל</UnitMeasure>
      <BisWeighted>0</BisWeighted>
      <QtyInPackage>1</QtyInPackage>
      <ItemPrice>11.90</ItemPrice>
      <UnitOfMeasurePrice>1.59</UnitOfMeasurePrice>
      <AllowDiscount>0</AllowDiscount>
      <itemStatus>1</itemStatus>
      <LastUpdateDate />
      <LastUpdateTime />
    </Product>
    <Product>
      <PriceUpdateDate>2019/01/16 14:50</PriceUpdateDate>
      <ItemCode>7290108352825</ItemCode>
      <ItemType>1</ItemType>
      <ItemName>ספוג הפלא נירוסטה *3</ItemName>
      <ManufactureName>החב. הדרומית לשיווק</ManufactureName>
      <ManufactureCountry />
      <ManufactureItemDescription />
      <UnitQty>'יח</UnitQty>
      <Quantity>1</Quantity>
      <UnitMeasure />
      <BisWeighted>0</BisWeighted>
      <QtyInPackage>12</QtyInPackage>
      <ItemPrice>11.90</ItemPrice>
      <UnitOfMeasurePrice>11.90</UnitOfMeasurePrice>
      <AllowDiscount>0</AllowDiscount>
      <itemStatus>1</itemStatus>
      <LastUpdateDate />
      <LastUpdateTime />
    </Product>
    <Product>
      <PriceUpdateDate>2022/11/01 09:45</PriceUpdateDate>
      <ItemCode>7290108352900</ItemCode>
      <ItemType>1</ItemType>
      <ItemName>סנו סושי מגבות נייר בגליל כפול 6 ג`</ItemName>
      <ManufactureName>החב. הדרומית לשיווק</ManufactureName>
      <ManufactureCountry />
      <ManufactureItemDescription />
      <UnitQty>'יח</UnitQty>
      <Quantity>25.50</Quantity>
      <UnitMeasure>ל-100 גרם</UnitMeasure>
      <BisWeighted>0</BisWeighted>
      <QtyInPackage>1</QtyInPackage>
      <ItemPrice>23.90</ItemPrice>
      <UnitOfMeasurePrice>0.94</UnitOfMeasurePrice>
      <AllowDiscount>0</AllowDiscount>
      <itemStatus>1</itemStatus>
      <LastUpdateDate />
      <LastUpdateTime />
    </Product>
    <Product>
      <PriceUpdateDate>2019/05/26 21:38</PriceUpdateDate>
      <ItemCode>7290108353006</ItemCode>
      <ItemType>1</ItemType>
      <ItemName>שקיות אוכל נקשרות 250 יח XL</ItemName>
      <ManufactureName>החב. הדרומית לשיווק</ManufactureName>
      <ManufactureCountry />
      <ManufactureItemDescription />
      <UnitQty>'יח</UnitQty>
      <Quantity>1</Quantity>
      <UnitMeasure />
      <BisWeighted>0</BisWeighted>
      <QtyInPackage>24</QtyInPackage>
      <ItemPrice>11.90</ItemPrice>
      <UnitOfMeasurePrice>11.90</UnitOfMeasurePrice>
      <AllowDiscount>0</AllowDiscount>
      <itemStatus>1</itemStatus>
      <LastUpdateDate />
      <LastUpdateTime />
    </Product>
    <Product>
      <PriceUpdateDate>2022/11/01 09:45</PriceUpdateDate>
      <ItemCode>7290108353075</ItemCode>
      <ItemType>1</ItemType>
      <ItemName>מפיות אירוח איכותיות 50 יח`</ItemName>
      <ManufactureName>החב. הדרומית לשיווק</ManufactureName>
      <ManufactureCountry />
      <ManufactureItemDescription />
      <UnitQty>'יח</UnitQty>
      <Quantity>1</Quantity>
      <UnitMeasure />
      <BisWeighted>0</BisWeighted>
      <QtyInPackage>1</QtyInPackage>
      <ItemPrice>11.90</ItemPrice>
      <UnitOfMeasurePrice>11.90</UnitOfMeasurePrice>
      <AllowDiscount>0</AllowDiscount>
      <itemStatus>1</itemStatus>
      <LastUpdateDate />
      <LastUpdateTime />
    </Product>
    <Product>
      <PriceUpdateDate>2022/11/01 09:45</PriceUpdateDate>
      <ItemCode>7290108353099</ItemCode>
      <ItemType>1</ItemType>
      <ItemName>ממחטות אף דו שכבתיות נשלפות אחד אח</ItemName>
      <ManufactureName>החב. הדרומית לשיווק</ManufactureName>
      <ManufactureCountry />
      <ManufactureItemDescription />
      <UnitQty>'יח</UnitQty>
      <Quantity>1</Quantity>
      <UnitMeasure>ל-100 גרם</UnitMeasure>
      <BisWeighted>0</BisWeighted>
      <QtyInPackage>1</QtyInPackage>
      <ItemPrice>14.90</ItemPrice>
      <UnitOfMeasurePrice>14.90</UnitOfMeasurePrice>
      <AllowDiscount>0</AllowDiscount>
      <itemStatus>1</itemStatus>
      <LastUpdateDate />
      <LastUpdateTime />
    </Product>
    <Product>
      <PriceUpdateDate>2019/11/04 20:06</PriceUpdateDate>
      <ItemCode>7290108353334</ItemCode>
      <ItemType>1</ItemType>
      <ItemName>כיף שמפו למניעת קשקשים עם שמן עץ התה</ItemName>
      <ManufactureName>החב. הדרומית לשיווק</ManufactureName>
      <ManufactureCountry />
      <ManufactureItemDescription />
      <UnitQty>'יח</UnitQty>
      <Quantity>7</Quantity>
      <UnitMeasure>ל-100 מ"ל</UnitMeasure>
      <BisWeighted>0</BisWeighted>
      <QtyInPackage>1</QtyInPackage>
      <ItemPrice>12.90</ItemPrice>
      <UnitOfMeasurePrice>1.84</UnitOfMeasurePrice>
      <AllowDiscount>1</AllowDiscount>
      <itemStatus>1</itemStatus>
      <LastUpdateDate />
      <LastUpdateTime />
    </Product>
    <Product>
      <PriceUpdateDate>2019/11/04 20:06</PriceUpdateDate>
      <ItemCode>7290108353341</ItemCode>
      <ItemType>1</ItemType>
      <ItemName>כיף מרכך למניעת קשקשים עם שמן עץ התה</ItemName>
      <ManufactureName>החב. הדרומית לשיווק</ManufactureName>
      <ManufactureCountry />
      <ManufactureItemDescription />
      <UnitQty>'יח</UnitQty>
      <Quantity>7</Quantity>
      <UnitMeasure>ל-100 מ"ל</UnitMeasure>
      <BisWeighted>0</BisWeighted>
      <QtyInPackage>1</QtyInPackage>
      <ItemPrice>12.90</ItemPrice>
      <UnitOfMeasurePrice>1.84</UnitOfMeasurePrice>
      <AllowDiscount>1</AllowDiscount>
      <itemStatus>1</itemStatus>
      <LastUpdateDate />
      <LastUpdateTime />
    </Product>
    <Product>
      <PriceUpdateDate>2022/06/22 08:53</PriceUpdateDate>
      <ItemCode>7290108353372</ItemCode>
      <ItemType>1</ItemType>
      <ItemName>מברשת שיניים אורביטל סיבי פחם</ItemName>
      <ManufactureName>החב. הדרומית לשיווק</ManufactureName>
      <ManufactureCountry />
      <ManufactureItemDescription />
      <UnitQty>'יח</UnitQty>
      <Quantity>1</Quantity>
      <UnitMeasure>ל-100 גרם</UnitMeasure>
      <BisWeighted>0</BisWeighted>
      <QtyInPackage>1</QtyInPackage>
      <ItemPrice>29.90</ItemPrice>
      <UnitOfMeasurePrice>29.90</UnitOfMeasurePrice>
      <AllowDiscount>0</AllowDiscount>
      <itemStatus>1</itemStatus>
      <LastUpdateDate />
      <LastUpdateTime />
    </Product>
    <Product>
      <PriceUpdateDate>2021/12/30 18:57</PriceUpdateDate>
      <ItemCode>7290108353532</ItemCode>
      <ItemType>1</ItemType>
      <ItemName>שקיות אשפה בגליל 100  יח`L</ItemName>
      <ManufactureName>החב. הדרומית לשיווק</ManufactureName>
      <ManufactureCountry />
      <ManufactureItemDescription />
      <UnitQty>'יח</UnitQty>
      <Quantity>1</Quantity>
      <UnitMeasure />
      <BisWeighted>0</BisWeighted>
      <QtyInPackage>1</QtyInPackage>
      <ItemPrice>29.90</ItemPrice>
      <UnitOfMeasurePrice>29.90</UnitOfMeasurePrice>
      <AllowDiscount>0</AllowDiscount>
      <itemStatus>1</itemStatus>
      <LastUpdateDate />
      <LastUpdateTime />
    </Product>
    <Product>
      <PriceUpdateDate>2019/12/11 13:49</PriceUpdateDate>
      <ItemCode>7290108353549</ItemCode>
      <ItemType>1</ItemType>
      <ItemName>נייר אפייה 100 דפים</ItemName>
      <ManufactureName>החב. הדרומית לשיווק</ManufactureName>
      <ManufactureCountry />
      <ManufactureItemDescription />
      <UnitQty>'יח</UnitQty>
      <Quantity>1</Quantity>
      <UnitMeasure />
      <BisWeighted>0</BisWeighted>
      <QtyInPackage>1</QtyInPackage>
      <ItemPrice>22.90</ItemPrice>
      <UnitOfMeasurePrice>22.90</UnitOfMeasurePrice>
      <AllowDiscount>0</AllowDiscount>
      <itemStatus>1</itemStatus>
      <LastUpdateDate />
      <LastUpdateTime />
    </Product>
    <Product>
      <PriceUpdateDate>2022/11/01 09:45</PriceUpdateDate>
      <ItemCode>7290108353556</ItemCode>
      <ItemType>1</ItemType>
      <ItemName>נייר טואלט סופט 32  גל`3 שכבות</ItemName>
      <ManufactureName>החב. הדרומית לשיווק</ManufactureName>
      <ManufactureCountry />
      <ManufactureItemDescription />
      <UnitQty>'יח</UnitQty>
      <Quantity>1</Quantity>
      <UnitMeasure>ל-100 גרם</UnitMeasure>
      <BisWeighted>0</BisWeighted>
      <QtyInPackage>1</QtyInPackage>
      <ItemPrice>47.90</ItemPrice>
      <UnitOfMeasurePrice>47.90</UnitOfMeasurePrice>
      <AllowDiscount>0</AllowDiscount>
      <itemStatus>1</itemStatus>
      <LastUpdateDate />
      <LastUpdateTime />
    </Product>
    <Product>
      <PriceUpdateDate>2021/10/13 15:12</PriceUpdateDate>
      <ItemCode>7290108354270</ItemCode>
      <ItemType>1</ItemType>
      <ItemName>מרכך כביסה סנו מקסימה 1 ליטר CALM</ItemName>
      <ManufactureName>החב. הדרומית לשיווק</ManufactureName>
      <ManufactureCountry />
      <ManufactureItemDescription />
      <UnitQty>'יח</UnitQty>
      <Quantity>10</Quantity>
      <UnitMeasure>ל-100 מ"ל</UnitMeasure>
      <BisWeighted>0</BisWeighted>
      <QtyInPackage>6</QtyInPackage>
      <ItemPrice>19.90</ItemPrice>
      <UnitOfMeasurePrice>1.99</UnitOfMeasurePrice>
      <AllowDiscount>1</AllowDiscount>
      <itemStatus>1</itemStatus>
      <LastUpdateDate />
      <LastUpdateTime />
    </Product>
    <Product>
      <PriceUpdateDate>2021/12/30 18:57</PriceUpdateDate>
      <ItemCode>7290108354430</ItemCode>
      <ItemType>1</ItemType>
      <ItemName>כיף שמפו לשיקום והזנה 700 מ"ל</ItemName>
      <ManufactureName>החב. הדרומית לשיווק</ManufactureName>
      <ManufactureCountry />
      <ManufactureItemDescription />
      <UnitQty>'יח</UnitQty>
      <Quantity>7</Quantity>
      <UnitMeasure>ל-100 מ"ל</UnitMeasure>
      <BisWeighted>0</BisWeighted>
      <QtyInPackage>1</QtyInPackage>
      <ItemPrice>12.90</ItemPrice>
      <UnitOfMeasurePrice>1.84</UnitOfMeasurePrice>
      <AllowDiscount>1</AllowDiscount>
      <itemStatus>1</itemStatus>
      <LastUpdateDate />
      <LastUpdateTime />
    </Product>
    <Product>
      <PriceUpdateDate>2021/12/30 18:57</PriceUpdateDate>
      <ItemCode>7290108354447</ItemCode>
      <ItemType>1</ItemType>
      <ItemName>כיף מרכך  לשיקום והזנה 700 מ"ל</ItemName>
      <ManufactureName>החב. הדרומית לשיווק</ManufactureName>
      <ManufactureCountry />
      <ManufactureItemDescription />
      <UnitQty>'יח</UnitQty>
      <Quantity>7</Quantity>
      <UnitMeasure>ל-100 מ"ל</UnitMeasure>
      <BisWeighted>0</BisWeighted>
      <QtyInPackage>1</QtyInPackage>
      <ItemPrice>12.90</ItemPrice>
      <UnitOfMeasurePrice>1.84</UnitOfMeasurePrice>
      <AllowDiscount>1</AllowDiscount>
      <itemStatus>1</itemStatus>
      <LastUpdateDate />
      <LastUpdateTime />
    </Product>
    <Product>
      <PriceUpdateDate>2022/04/14 09:32</PriceUpdateDate>
      <ItemCode>7290108354591</ItemCode>
      <ItemType>1</ItemType>
      <ItemName>נקה 7 ביו תחליב רחצה 750 מל</ItemName>
      <ManufactureName>החב. הדרומית לשיווק</ManufactureName>
      <ManufactureCountry />
      <ManufactureItemDescription />
      <UnitQty>'יח</UnitQty>
      <Quantity>7.50</Quantity>
      <UnitMeasure>ל-100 מ"ל</UnitMeasure>
      <BisWeighted>0</BisWeighted>
      <QtyInPackage>1</QtyInPackage>
      <ItemPrice>11.90</ItemPrice>
      <UnitOfMeasurePrice>1.59</UnitOfMeasurePrice>
      <AllowDiscount>0</AllowDiscount>
      <itemStatus>1</itemStatus>
      <LastUpdateDate />
      <LastUpdateTime />
    </Product>
    <Product>
      <PriceUpdateDate>2021/12/30 18:57</PriceUpdateDate>
      <ItemCode>7290108354751</ItemCode>
      <ItemType>1</ItemType>
      <ItemName>סנו ג`ט מרסס לניקוי כללי +חומץ טיבעי</ItemName>
      <ManufactureName>החב. הדרומית לשיווק</ManufactureName>
      <ManufactureCountry />
      <ManufactureItemDescription />
      <UnitQty>'יח</UnitQty>
      <Quantity>7.50</Quantity>
      <UnitMeasure>ל-100 מ"ל</UnitMeasure>
      <BisWeighted>0</BisWeighted>
      <QtyInPackage>12</QtyInPackage>
      <ItemPrice>13.90</ItemPrice>
      <UnitOfMeasurePrice>1.85</UnitOfMeasurePrice>
      <AllowDiscount>1</AllowDiscount>
      <itemStatus>1</itemStatus>
      <LastUpdateDate />
      <LastUpdateTime />
    </Product>
    <Product>
      <PriceUpdateDate>2021/12/30 18:57</PriceUpdateDate>
      <ItemCode>7290108355154</ItemCode>
      <ItemType>1</ItemType>
      <ItemName>נקה 7 שמפו לשיער שמני הזנה 750 מל</ItemName>
      <ManufactureName>החב. הדרומית לשיווק</ManufactureName>
      <ManufactureCountry />
      <ManufactureItemDescription />
      <UnitQty>'יח</UnitQty>
      <Quantity>7.50</Quantity>
      <UnitMeasure>ל-100 מ"ל</UnitMeasure>
      <BisWeighted>0</BisWeighted>
      <QtyInPackage>12</QtyInPackage>
      <ItemPrice>11.90</ItemPrice>
      <UnitOfMeasurePrice>1.59</UnitOfMeasurePrice>
      <AllowDiscount>1</AllowDiscount>
      <itemStatus>1</itemStatus>
      <LastUpdateDate />
      <LastUpdateTime />
    </Product>
    <Product>
      <PriceUpdateDate>2019/07/03 08:47</PriceUpdateDate>
      <ItemCode>7290108355192</ItemCode>
      <ItemType>1</ItemType>
      <ItemName>קרטין אינטנס-מרכך לשיער</ItemName>
      <ManufactureName>החב. הדרומית לשיווק</ManufactureName>
      <ManufactureCountry />
      <ManufactureItemDescription />
      <UnitQty>'יח</UnitQty>
      <Quantity>7</Quantity>
      <UnitMeasure>ל-100 מ"ל</UnitMeasure>
      <BisWeighted>0</BisWeighted>
      <QtyInPackage>12</QtyInPackage>
      <ItemPrice>29.90</ItemPrice>
      <UnitOfMeasurePrice>4.27</UnitOfMeasurePrice>
      <AllowDiscount>0</AllowDiscount>
      <itemStatus>1</itemStatus>
      <LastUpdateDate />
      <LastUpdateTime />
    </Product>
    <Product>
      <PriceUpdateDate>2021/12/30 18:57</PriceUpdateDate>
      <ItemCode>7290108356113</ItemCode>
      <ItemType>1</ItemType>
      <ItemName>תחליב רחצה דבש 700 מל`</ItemName>
      <ManufactureName>החב. הדרומית לשיווק</ManufactureName>
      <ManufactureCountry />
      <ManufactureItemDescription />
      <UnitQty>'יח</UnitQty>
      <Quantity>7</Quantity>
      <UnitMeasure>ל-100 מ"ל</UnitMeasure>
      <BisWeighted>0</BisWeighted>
      <QtyInPackage>12</QtyInPackage>
      <ItemPrice>12.90</ItemPrice>
      <UnitOfMeasurePrice>1.84</UnitOfMeasurePrice>
      <AllowDiscount>1</AllowDiscount>
      <itemStatus>1</itemStatus>
      <LastUpdateDate />
      <LastUpdateTime />
    </Product>
    <Product>
      <PriceUpdateDate>2022/02/21 16:41</PriceUpdateDate>
      <ItemCode>7290108356489</ItemCode>
      <ItemType>1</ItemType>
      <ItemName>כיף תחליב רחצה אפרסק 700 מ"ל</ItemName>
      <ManufactureName>החב. הדרומית לשיווק</ManufactureName>
      <ManufactureCountry />
      <ManufactureItemDescription />
      <UnitQty>'יח</UnitQty>
      <Quantity>7</Quantity>
      <UnitMeasure>ל-100 מ"ל</UnitMeasure>
      <BisWeighted>0</BisWeighted>
      <QtyInPackage>12</QtyInPackage>
      <ItemPrice>12.90</ItemPrice>
      <UnitOfMeasurePrice>1.84</UnitOfMeasurePrice>
      <AllowDiscount>0</AllowDiscount>
      <itemStatus>1</itemStatus>
      <LastUpdateDate />
      <LastUpdateTime />
    </Product>
    <Product>
      <PriceUpdateDate>2022/01/24 15:43</PriceUpdateDate>
      <ItemCode>7290108356526</ItemCode>
      <ItemType>1</ItemType>
      <ItemName>שמפו 10 לשיער יבש קרליין 700 מ"ל</ItemName>
      <ManufactureName>החב. הדרומית לשיווק</ManufactureName>
      <ManufactureCountry />
      <ManufactureItemDescription />
      <UnitQty>'יח</UnitQty>
      <Quantity>7</Quantity>
      <UnitMeasure>ל-100 מ"ל</UnitMeasure>
      <BisWeighted>0</BisWeighted>
      <QtyInPackage>1</QtyInPackage>
      <ItemPrice>12.90</ItemPrice>
      <UnitOfMeasurePrice>1.84</UnitOfMeasurePrice>
      <AllowDiscount>1</AllowDiscount>
      <itemStatus>1</itemStatus>
      <LastUpdateDate />
      <LastUpdateTime />
    </Product>
    <Product>
      <PriceUpdateDate>2022/01/24 15:43</PriceUpdateDate>
      <ItemCode>7290108356533</ItemCode>
      <ItemType>1</ItemType>
      <ItemName>קרליין שמפו 10 לשיער מתולתל 700 מ"ל</ItemName>
      <ManufactureName>החב. הדרומית לשיווק</ManufactureName>
      <ManufactureCountry />
      <ManufactureItemDescription />
      <UnitQty>'יח</UnitQty>
      <Quantity>7</Quantity>
      <UnitMeasure>ל-100 מ"ל</UnitMeasure>
      <BisWeighted>0</BisWeighted>
      <QtyInPackage>1</QtyInPackage>
      <ItemPrice>12.90</ItemPrice>
      <UnitOfMeasurePrice>1.84</UnitOfMeasurePrice>
      <AllowDiscount>1</AllowDiscount>
      <itemStatus>1</itemStatus>
      <LastUpdateDate />
      <LastUpdateTime />
    </Product>
    <Product>
      <PriceUpdateDate>2022/01/24 15:43</PriceUpdateDate>
      <ItemCode>7290108356540</ItemCode>
      <ItemType>1</ItemType>
      <ItemName>קרליין שמפו 10 לשיער צבוע 700 מ"ל</ItemName>
      <ManufactureName>החב. הדרומית לשיווק</ManufactureName>
      <ManufactureCountry />
      <ManufactureItemDescription />
      <UnitQty>'יח</UnitQty>
      <Quantity>7</Quantity>
      <UnitMeasure>ל-100 מ"ל</UnitMeasure>
      <BisWeighted>0</BisWeighted>
      <QtyInPackage>1</QtyInPackage>
      <ItemPrice>12.90</ItemPrice>
      <UnitOfMeasurePrice>1.84</UnitOfMeasurePrice>
      <AllowDiscount>1</AllowDiscount>
      <itemStatus>1</itemStatus>
      <LastUpdateDate />
      <LastUpdateTime />
    </Product>
    <Product>
      <PriceUpdateDate>2022/01/24 15:43</PriceUpdateDate>
      <ItemCode>7290108356588</ItemCode>
      <ItemType>1</ItemType>
      <ItemName>קרליין מרכך 10 לשיער מתולתל 700 מ"ל</ItemName>
      <ManufactureName>החב. הדרומית לשיווק</ManufactureName>
      <ManufactureCountry />
      <ManufactureItemDescription />
      <UnitQty>'יח</UnitQty>
      <Quantity>7</Quantity>
      <UnitMeasure>ל-100 מ"ל</UnitMeasure>
      <BisWeighted>0</BisWeighted>
      <QtyInPackage>1</QtyInPackage>
      <ItemPrice>12.90</ItemPrice>
      <UnitOfMeasurePrice>1.84</UnitOfMeasurePrice>
      <AllowDiscount>1</AllowDiscount>
      <itemStatus>1</itemStatus>
      <LastUpdateDate />
      <LastUpdateTime />
    </Product>
    <Product>
      <PriceUpdateDate>2022/06/22 08:53</PriceUpdateDate>
      <ItemCode>7290108356809</ItemCode>
      <ItemType>1</ItemType>
      <ItemName>כיף סבון ידיים בוטני ורד ומרווה 500 מ"</ItemName>
      <ManufactureName>החב. הדרומית לשיווק</ManufactureName>
      <ManufactureCountry />
      <ManufactureItemDescription />
      <UnitQty>'יח</UnitQty>
      <Quantity>1</Quantity>
      <UnitMeasure>'יח</UnitMeasure>
      <BisWeighted>0</BisWeighted>
      <QtyInPackage>1</QtyInPackage>
      <ItemPrice>14.90</ItemPrice>
      <UnitOfMeasurePrice>14.90</UnitOfMeasurePrice>
      <AllowDiscount>0</AllowDiscount>
      <itemStatus>1</itemStatus>
      <LastUpdateDate />
      <LastUpdateTime />
    </Product>
    <Product>
      <PriceUpdateDate>2021/01/24 12:30</PriceUpdateDate>
      <ItemCode>7290108356854</ItemCode>
      <ItemType>1</ItemType>
      <ItemName>מגבוני בייבי כיף חמישייה בניחוח עדין</ItemName>
      <ManufactureName>החב. הדרומית לשיווק</ManufactureName>
      <ManufactureCountry />
      <ManufactureItemDescription />
      <UnitQty>'יח</UnitQty>
      <Quantity>1</Quantity>
      <UnitMeasure>'יח</UnitMeasure>
      <BisWeighted>0</BisWeighted>
      <QtyInPackage>1</QtyInPackage>
      <ItemPrice>19.90</ItemPrice>
      <UnitOfMeasurePrice>19.90</UnitOfMeasurePrice>
      <AllowDiscount>0</AllowDiscount>
      <itemStatus>1</itemStatus>
      <LastUpdateDate />
      <LastUpdateTime />
    </Product>
    <Product>
      <PriceUpdateDate>2019/12/11 10:16</PriceUpdateDate>
      <ItemCode>7290108357011</ItemCode>
      <ItemType>1</ItemType>
      <ItemName>כיף מרכך  ורד ושמן קוקוי 700 מ"ל</ItemName>
      <ManufactureName>החב. הדרומית לשיווק</ManufactureName>
      <ManufactureCountry />
      <ManufactureItemDescription />
      <UnitQty>'יח</UnitQty>
      <Quantity>7</Quantity>
      <UnitMeasure>ל-100 מ"ל</UnitMeasure>
      <BisWeighted>0</BisWeighted>
      <QtyInPackage>1</QtyInPackage>
      <ItemPrice>12.90</ItemPrice>
      <UnitOfMeasurePrice>1.84</UnitOfMeasurePrice>
      <AllowDiscount>0</AllowDiscount>
      <itemStatus>1</itemStatus>
      <LastUpdateDate />
      <LastUpdateTime />
    </Product>
    <Product>
      <PriceUpdateDate>2021/12/30 18:57</PriceUpdateDate>
      <ItemCode>7290108357189</ItemCode>
      <ItemType>1</ItemType>
      <ItemName>מבשם ומרכך למייבש כביסה פלורל טאצ`</ItemName>
      <ManufactureName>החב. הדרומית לשיווק</ManufactureName>
      <ManufactureCountry />
      <ManufactureItemDescription />
      <UnitQty>'יח</UnitQty>
      <Quantity>7.50</Quantity>
      <UnitMeasure>ל-100 מ"ל</UnitMeasure>
      <BisWeighted>0</BisWeighted>
      <QtyInPackage>1</QtyInPackage>
      <ItemPrice>17.90</ItemPrice>
      <UnitOfMeasurePrice>2.39</UnitOfMeasurePrice>
      <AllowDiscount>1</AllowDiscount>
      <itemStatus>1</itemStatus>
      <LastUpdateDate />
      <LastUpdateTime />
    </Product>
    <Product>
      <PriceUpdateDate>2022/01/17 20:43</PriceUpdateDate>
      <ItemCode>7290108357202</ItemCode>
      <ItemType>1</ItemType>
      <ItemName>סנוקליר בניחוח בלו בלוסום 1 ל`</ItemName>
      <ManufactureName>החב. הדרומית לשיווק</ManufactureName>
      <ManufactureCountry />
      <ManufactureItemDescription />
      <UnitQty>'יח</UnitQty>
      <Quantity>10</Quantity>
      <UnitMeasure>ל-100 מ"ל</UnitMeasure>
      <BisWeighted>0</BisWeighted>
      <QtyInPackage>12</QtyInPackage>
      <ItemPrice>10.90</ItemPrice>
      <UnitOfMeasurePrice>1.09</UnitOfMeasurePrice>
      <AllowDiscount>0</AllowDiscount>
      <itemStatus>1</itemStatus>
      <LastUpdateDate />
      <LastUpdateTime />
    </Product>
    <Product>
      <PriceUpdateDate>2022/06/22 08:53</PriceUpdateDate>
      <ItemCode>7290108357257</ItemCode>
      <ItemType>1</ItemType>
      <ItemName>פרש אוטומטיק מכשיר לבישום בתוספת מילוי</ItemName>
      <ManufactureName>החב. הדרומית לשיווק</ManufactureName>
      <ManufactureCountry />
      <ManufactureItemDescription />
      <UnitQty>'יח</UnitQty>
      <Quantity>1</Quantity>
      <UnitMeasure />
      <BisWeighted>0</BisWeighted>
      <QtyInPackage>6</QtyInPackage>
      <ItemPrice>39.90</ItemPrice>
      <UnitOfMeasurePrice>39.90</UnitOfMeasurePrice>
      <AllowDiscount>0</AllowDiscount>
      <itemStatus>1</itemStatus>
      <LastUpdateDate />
      <LastUpdateTime />
    </Product>
    <Product>
      <PriceUpdateDate>2022/01/20 14:35</PriceUpdateDate>
      <ItemCode>7290108357288</ItemCode>
      <ItemType>1</ItemType>
      <ItemName>סנו ג`אוול אקונומיקה בריח פריחה לב 4 ליט</ItemName>
      <ManufactureName>החב. הדרומית לשיווק</ManufactureName>
      <ManufactureCountry />
      <ManufactureItemDescription />
      <UnitQty>'יח</UnitQty>
      <Quantity>40</Quantity>
      <UnitMeasure>ל-100 מ"ל</UnitMeasure>
      <BisWeighted>0</BisWeighted>
      <QtyInPackage>6</QtyInPackage>
      <ItemPrice>16.90</ItemPrice>
      <UnitOfMeasurePrice>0.42</UnitOfMeasurePrice>
      <AllowDiscount>0</AllowDiscount>
      <itemStatus>1</itemStatus>
      <LastUpdateDate />
      <LastUpdateTime />
    </Product>
    <Product>
      <PriceUpdateDate>2022/06/22 08:53</PriceUpdateDate>
      <ItemCode>7290108357295</ItemCode>
      <ItemType>1</ItemType>
      <ItemName>סנו אוקסיג`ן מרסס מסיר כתמים קשים 750 מ</ItemName>
      <ManufactureName>החב. הדרומית לשיווק</ManufactureName>
      <ManufactureCountry />
      <ManufactureItemDescription />
      <UnitQty>'יח</UnitQty>
      <Quantity>7.50</Quantity>
      <UnitMeasure>ל-100 מ"ל</UnitMeasure>
      <BisWeighted>0</BisWeighted>
      <QtyInPackage>12</QtyInPackage>
      <ItemPrice>17.90</ItemPrice>
      <UnitOfMeasurePrice>2.39</UnitOfMeasurePrice>
      <AllowDiscount>1</AllowDiscount>
      <itemStatus>1</itemStatus>
      <LastUpdateDate />
      <LastUpdateTime />
    </Product>
    <Product>
      <PriceUpdateDate>2021/01/27 14:40</PriceUpdateDate>
      <ItemCode>7290108357394</ItemCode>
      <ItemType>1</ItemType>
      <ItemName>תחליב רחצה קרמה חלב ודבש 700 מ"ל</ItemName>
      <ManufactureName>החב. הדרומית לשיווק</ManufactureName>
      <ManufactureCountry />
      <ManufactureItemDescription />
      <UnitQty>'יח</UnitQty>
      <Quantity>7</Quantity>
      <UnitMeasure>ל-100 מ"ל</UnitMeasure>
      <BisWeighted>0</BisWeighted>
      <QtyInPackage>1</QtyInPackage>
      <ItemPrice>17.90</ItemPrice>
      <UnitOfMeasurePrice>2.56</UnitOfMeasurePrice>
      <AllowDiscount>0</AllowDiscount>
      <itemStatus>1</itemStatus>
      <LastUpdateDate />
      <LastUpdateTime />
    </Product>
    <Product>
      <PriceUpdateDate>2021/12/30 18:57</PriceUpdateDate>
      <ItemCode>7290108357417</ItemCode>
      <ItemType>1</ItemType>
      <ItemName>קרמה קרם גוף קרמה ורד ווניל  500 מל</ItemName>
      <ManufactureName>החב. הדרומית לשיווק</ManufactureName>
      <ManufactureCountry />
      <ManufactureItemDescription />
      <UnitQty>'יח</UnitQty>
      <Quantity>5</Quantity>
      <UnitMeasure>ל-100 מ"ל</UnitMeasure>
      <BisWeighted>0</BisWeighted>
      <QtyInPackage>12</QtyInPackage>
      <ItemPrice>24.90</ItemPrice>
      <UnitOfMeasurePrice>4.98</UnitOfMeasurePrice>
      <AllowDiscount>0</AllowDiscount>
      <itemStatus>1</itemStatus>
      <LastUpdateDate />
      <LastUpdateTime />
    </Product>
    <Product>
      <PriceUpdateDate>2022/10/23 08:17</PriceUpdateDate>
      <ItemCode>7290108357653</ItemCode>
      <ItemType>1</ItemType>
      <ItemName>סנובון ג`ל אסלה אוקיינוס שלישיה</ItemName>
      <ManufactureName>החב. הדרומית לשיווק</ManufactureName>
      <ManufactureCountry />
      <ManufactureItemDescription />
      <UnitQty>'יח</UnitQty>
      <Quantity>1</Quantity>
      <UnitMeasure>'יח</UnitMeasure>
      <BisWeighted>0</BisWeighted>
      <QtyInPackage>1</QtyInPackage>
      <ItemPrice>14.90</ItemPrice>
      <UnitOfMeasurePrice>14.90</UnitOfMeasurePrice>
      <AllowDiscount>0</AllowDiscount>
      <itemStatus>1</itemStatus>
      <LastUpdateDate />
      <LastUpdateTime />
    </Product>
    <Product>
      <PriceUpdateDate>2021/12/30 18:57</PriceUpdateDate>
      <ItemCode>7290108357714</ItemCode>
      <ItemType>1</ItemType>
      <ItemName>כיף שמפו לשיער רגיל -רימונים ושמן ארגן</ItemName>
      <ManufactureName>החב. הדרומית לשיווק</ManufactureName>
      <ManufactureCountry />
      <ManufactureItemDescription />
      <UnitQty>'יח</UnitQty>
      <Quantity>7</Quantity>
      <UnitMeasure>ל-100 מ"ל</UnitMeasure>
      <BisWeighted>0</BisWeighted>
      <QtyInPackage>12</QtyInPackage>
      <ItemPrice>12.90</ItemPrice>
      <UnitOfMeasurePrice>1.84</UnitOfMeasurePrice>
      <AllowDiscount>1</AllowDiscount>
      <itemStatus>1</itemStatus>
      <LastUpdateDate />
      <LastUpdateTime />
    </Product>
    <Product>
      <PriceUpdateDate>2021/12/30 18:57</PriceUpdateDate>
      <ItemCode>7290108357745</ItemCode>
      <ItemType>1</ItemType>
      <ItemName>כיף שמפו ומרכך 2+1 תאנה ומנטה 700 מ`ל</ItemName>
      <ManufactureName>החב. הדרומית לשיווק</ManufactureName>
      <ManufactureCountry />
      <ManufactureItemDescription />
      <UnitQty>'יח</UnitQty>
      <Quantity>7</Quantity>
      <UnitMeasure>ל-100 מ"ל</UnitMeasure>
      <BisWeighted>0</BisWeighted>
      <QtyInPackage>1</QtyInPackage>
      <ItemPrice>12.90</ItemPrice>
      <UnitOfMeasurePrice>1.84</UnitOfMeasurePrice>
      <AllowDiscount>1</AllowDiscount>
      <itemStatus>1</itemStatus>
      <LastUpdateDate />
      <LastUpdateTime />
    </Product>
    <Product>
      <PriceUpdateDate>2021/12/30 18:57</PriceUpdateDate>
      <ItemCode>7290108357769</ItemCode>
      <ItemType>1</ItemType>
      <ItemName>כיף מרכך לשיער רגיל -תפוח זרעי צ`יה 70</ItemName>
      <ManufactureName>החב. הדרומית לשיווק</ManufactureName>
      <ManufactureCountry />
      <ManufactureItemDescription />
      <UnitQty>'יח</UnitQty>
      <Quantity>7</Quantity>
      <UnitMeasure>ל-100 מ"ל</UnitMeasure>
      <BisWeighted>0</BisWeighted>
      <QtyInPackage>1</QtyInPackage>
      <ItemPrice>12.90</ItemPrice>
      <UnitOfMeasurePrice>1.84</UnitOfMeasurePrice>
      <AllowDiscount>1</AllowDiscount>
      <itemStatus>1</itemStatus>
      <LastUpdateDate />
      <LastUpdateTime />
    </Product>
    <Product>
      <PriceUpdateDate>2020/09/14 18:03</PriceUpdateDate>
      <ItemCode>7290108358070</ItemCode>
      <ItemType>1</ItemType>
      <ItemName>תחליב רחצה קרמה קלאסי  700 מ"ל</ItemName>
      <ManufactureName>החב. הדרומית לשיווק</ManufactureName>
      <ManufactureCountry />
      <ManufactureItemDescription />
      <UnitQty>'יח</UnitQty>
      <Quantity>7</Quantity>
      <UnitMeasure>ל-100 מ"ל</UnitMeasure>
      <BisWeighted>0</BisWeighted>
      <QtyInPackage>1</QtyInPackage>
      <ItemPrice>17.90</ItemPrice>
      <UnitOfMeasurePrice>2.56</UnitOfMeasurePrice>
      <AllowDiscount>0</AllowDiscount>
      <itemStatus>1</itemStatus>
      <LastUpdateDate />
      <LastUpdateTime />
    </Product>
    <Product>
      <PriceUpdateDate>2021/10/13 15:12</PriceUpdateDate>
      <ItemCode>7290108359015</ItemCode>
      <ItemType>1</ItemType>
      <ItemName>שקיות זיפר 20  יח`M רב פעמיות סנו</ItemName>
      <ManufactureName>החב. הדרומית לשיווק</ManufactureName>
      <ManufactureCountry />
      <ManufactureItemDescription />
      <UnitQty>'יח</UnitQty>
      <Quantity>1</Quantity>
      <UnitMeasure>'יח</UnitMeasure>
      <BisWeighted>0</BisWeighted>
      <QtyInPackage>1</QtyInPackage>
      <ItemPrice>14.90</ItemPrice>
      <UnitOfMeasurePrice>14.90</UnitOfMeasurePrice>
      <AllowDiscount>0</AllowDiscount>
      <itemStatus>1</itemStatus>
      <LastUpdateDate />
      <LastUpdateTime />
    </Product>
    <Product>
      <PriceUpdateDate>2021/07/07 15:13</PriceUpdateDate>
      <ItemCode>7290108359046</ItemCode>
      <ItemType>1</ItemType>
      <ItemName>שקיות אשפה EXTRA חזקות במיוחד L סנו</ItemName>
      <ManufactureName>החב. הדרומית לשיווק</ManufactureName>
      <ManufactureCountry />
      <ManufactureItemDescription />
      <UnitQty>'יח</UnitQty>
      <Quantity>1</Quantity>
      <UnitMeasure>'יח</UnitMeasure>
      <BisWeighted>0</BisWeighted>
      <QtyInPackage>1</QtyInPackage>
      <ItemPrice>24.90</ItemPrice>
      <UnitOfMeasurePrice>24.90</UnitOfMeasurePrice>
      <AllowDiscount>0</AllowDiscount>
      <itemStatus>1</itemStatus>
      <LastUpdateDate />
      <LastUpdateTime />
    </Product>
    <Product>
      <PriceUpdateDate>2019/01/16 14:50</PriceUpdateDate>
      <ItemCode>7290108359831</ItemCode>
      <ItemType>1</ItemType>
      <ItemName>שמן גוף בייבי כיף 500 מל`</ItemName>
      <ManufactureName>החב. הדרומית לשיווק</ManufactureName>
      <ManufactureCountry />
      <ManufactureItemDescription />
      <UnitQty>'יח</UnitQty>
      <Quantity>5</Quantity>
      <UnitMeasure>ל-100 מ"ל</UnitMeasure>
      <BisWeighted>0</BisWeighted>
      <QtyInPackage>12</QtyInPackage>
      <ItemPrice>24.90</ItemPrice>
      <UnitOfMeasurePrice>4.98</UnitOfMeasurePrice>
      <AllowDiscount>0</AllowDiscount>
      <itemStatus>1</itemStatus>
      <LastUpdateDate />
      <LastUpdateTime />
    </Product>
    <Product>
      <PriceUpdateDate>2019/01/16 14:50</PriceUpdateDate>
      <ItemCode>7290108359879</ItemCode>
      <ItemType>1</ItemType>
      <ItemName>אלסבון בייבי כיף 750 מל`</ItemName>
      <ManufactureName>החב. הדרומית לשיווק</ManufactureName>
      <ManufactureCountry />
      <ManufactureItemDescription />
      <UnitQty>'יח</UnitQty>
      <Quantity>7.50</Quantity>
      <UnitMeasure>ל-100 מ"ל</UnitMeasure>
      <BisWeighted>0</BisWeighted>
      <QtyInPackage>1</QtyInPackage>
      <ItemPrice>17.90</ItemPrice>
      <UnitOfMeasurePrice>2.39</UnitOfMeasurePrice>
      <AllowDiscount>0</AllowDiscount>
      <itemStatus>1</itemStatus>
      <LastUpdateDate />
      <LastUpdateTime />
    </Product>
    <Product>
      <PriceUpdateDate>2022/01/20 14:35</PriceUpdateDate>
      <ItemCode>7290108359985</ItemCode>
      <ItemType>1</ItemType>
      <ItemName>סנו Javel קצף ניקוי פריחה לבנה 1 ליטר</ItemName>
      <ManufactureName>החב. הדרומית לשיווק</ManufactureName>
      <ManufactureCountry />
      <ManufactureItemDescription />
      <UnitQty>'יח</UnitQty>
      <Quantity>10</Quantity>
      <UnitMeasure>ל-100 מ"ל</UnitMeasure>
      <BisWeighted>0</BisWeighted>
      <QtyInPackage>12</QtyInPackage>
      <ItemPrice>18.90</ItemPrice>
      <UnitOfMeasurePrice>1.89</UnitOfMeasurePrice>
      <AllowDiscount>1</AllowDiscount>
      <itemStatus>1</itemStatus>
      <LastUpdateDate />
      <LastUpdateTime />
    </Product>
    <Product>
      <PriceUpdateDate>2022/10/02 18:40</PriceUpdateDate>
      <ItemCode>7290108465662</ItemCode>
      <ItemType>1</ItemType>
      <ItemName>שלישיית גרביים לגבר</ItemName>
      <ManufactureName>הום פרפקט ק.ד.מ בעמ</ManufactureName>
      <ManufactureCountry />
      <ManufactureItemDescription />
      <UnitQty>'יח</UnitQty>
      <Quantity>1</Quantity>
      <UnitMeasure />
      <BisWeighted>0</BisWeighted>
      <QtyInPackage>1</QtyInPackage>
      <ItemPrice>14.90</ItemPrice>
      <UnitOfMeasurePrice>14.90</UnitOfMeasurePrice>
      <AllowDiscount>1</AllowDiscount>
      <itemStatus>1</itemStatus>
      <LastUpdateDate />
      <LastUpdateTime />
    </Product>
    <Product>
      <PriceUpdateDate>2021/12/07 06:42</PriceUpdateDate>
      <ItemCode>7290108500677</ItemCode>
      <ItemType>1</ItemType>
      <ItemName>כבד דג שיבוט בשמן דג 115גר</ItemName>
      <ManufactureName>ג. וילי-פוד אינטרנשיונל בע`מ</ManufactureName>
      <ManufactureCountry />
      <ManufactureItemDescription />
      <UnitQty>'יח</UnitQty>
      <Quantity>1.15</Quantity>
      <UnitMeasure>ל-100 גרם</UnitMeasure>
      <BisWeighted>0</BisWeighted>
      <QtyInPackage>12</QtyInPackage>
      <ItemPrice>9.90</ItemPrice>
      <UnitOfMeasurePrice>8.61</UnitOfMeasurePrice>
      <AllowDiscount>0</AllowDiscount>
      <itemStatus>1</itemStatus>
      <LastUpdateDate />
      <LastUpdateTime />
    </Product>
    <Product>
      <PriceUpdateDate>2022/10/23 18:17</PriceUpdateDate>
      <ItemCode>7290108501346</ItemCode>
      <ItemType>1</ItemType>
      <ItemName>גבינה גאודה מגורדת 500  גר`28%</ItemName>
      <ManufactureName>ג. וילי-פוד אינטרנשיונל בע`מ</ManufactureName>
      <ManufactureCountry />
      <ManufactureItemDescription />
      <UnitQty>'יח</UnitQty>
      <Quantity>5</Quantity>
      <UnitMeasure>ל-100 גרם</UnitMeasure>
      <BisWeighted>0</BisWeighted>
      <QtyInPackage>1</QtyInPackage>
      <ItemPrice>24.90</ItemPrice>
      <UnitOfMeasurePrice>4.98</UnitOfMeasurePrice>
      <AllowDiscount>0</AllowDiscount>
      <itemStatus>1</itemStatus>
      <LastUpdateDate />
      <LastUpdateTime />
    </Product>
    <Product>
      <PriceUpdateDate>2019/01/16 14:50</PriceUpdateDate>
      <ItemCode>7290108501353</ItemCode>
      <ItemType>1</ItemType>
      <ItemName>פילה אנשובי אמיתי ארוך בשמן 50 גרם</ItemName>
      <ManufactureName>ג. וילי-פוד אינטרנשיונל בע`מ</ManufactureName>
      <ManufactureCountry />
      <ManufactureItemDescription />
      <UnitQty>'יח</UnitQty>
      <Quantity>0.50</Quantity>
      <UnitMeasure>ל-100 גרם</UnitMeasure>
      <BisWeighted>0</BisWeighted>
      <QtyInPackage>1</QtyInPackage>
      <ItemPrice>7.60</ItemPrice>
      <UnitOfMeasurePrice>15.20</UnitOfMeasurePrice>
      <AllowDiscount>0</AllowDiscount>
      <itemStatus>1</itemStatus>
      <LastUpdateDate />
      <LastUpdateTime />
    </Product>
    <Product>
      <PriceUpdateDate>2019/01/16 14:50</PriceUpdateDate>
      <ItemCode>7290108501360</ItemCode>
      <ItemType>1</ItemType>
      <ItemName>גבינת צ`דר בשלה 200 גר`</ItemName>
      <ManufactureName>ג. וילי-פוד אינטרנשיונל בע`מ</ManufactureName>
      <ManufactureCountry />
      <ManufactureItemDescription />
      <UnitQty>'יח</UnitQty>
      <Quantity>2</Quantity>
      <UnitMeasure>ל-100 גרם</UnitMeasure>
      <BisWeighted>0</BisWeighted>
      <QtyInPackage>1</QtyInPackage>
      <ItemPrice>17.90</ItemPrice>
      <UnitOfMeasurePrice>8.95</UnitOfMeasurePrice>
      <AllowDiscount>0</AllowDiscount>
      <itemStatus>1</itemStatus>
      <LastUpdateDate />
      <LastUpdateTime />
    </Product>
    <Product>
      <PriceUpdateDate>2019/01/16 14:50</PriceUpdateDate>
      <ItemCode>7290108501391</ItemCode>
      <ItemType>1</ItemType>
      <ItemName>גבינת חצי קשה מחלב עיזים פרוסות 150 גר`</ItemName>
      <ManufactureName>ג. וילי-פוד אינטרנשיונל בע`מ</ManufactureName>
      <ManufactureCountry />
      <ManufactureItemDescription />
      <UnitQty>'יח</UnitQty>
      <Quantity>1.50</Quantity>
      <UnitMeasure>ל-100 גרם</UnitMeasure>
      <BisWeighted>0</BisWeighted>
      <QtyInPackage>1</QtyInPackage>
      <ItemPrice>22.90</ItemPrice>
      <UnitOfMeasurePrice>15.27</UnitOfMeasurePrice>
      <AllowDiscount>0</AllowDiscount>
      <itemStatus>1</itemStatus>
      <LastUpdateDate />
      <LastUpdateTime />
    </Product>
    <Product>
      <PriceUpdateDate>2019/01/16 14:50</PriceUpdateDate>
      <ItemCode>7290108501650</ItemCode>
      <ItemType>1</ItemType>
      <ItemName>חתיכות אננס בסירופ קל *4</ItemName>
      <ManufactureName>ג. וילי-פוד אינטרנשיונל בע`מ</ManufactureName>
      <ManufactureCountry />
      <ManufactureItemDescription />
      <UnitQty>'יח</UnitQty>
      <Quantity>4</Quantity>
      <UnitMeasure>ל-100 גרם</UnitMeasure>
      <BisWeighted>0</BisWeighted>
      <QtyInPackage>12</QtyInPackage>
      <ItemPrice>11.90</ItemPrice>
      <UnitOfMeasurePrice>2.98</UnitOfMeasurePrice>
      <AllowDiscount>0</AllowDiscount>
      <itemStatus>1</itemStatus>
      <LastUpdateDate />
      <LastUpdateTime />
    </Product>
    <Product>
      <PriceUpdateDate>2020/05/12 18:51</PriceUpdateDate>
      <ItemCode>7290108501827</ItemCode>
      <ItemType>1</ItemType>
      <ItemName>קדאיף שערות בצק 450 גרם</ItemName>
      <ManufactureName>ג. וילי-פוד אינטרנשיונל בע`מ</ManufactureName>
      <ManufactureCountry />
      <ManufactureItemDescription />
      <UnitQty>'יח</UnitQty>
      <Quantity>4.50</Quantity>
      <UnitMeasure>ל-100 גרם</UnitMeasure>
      <BisWeighted>0</BisWeighted>
      <QtyInPackage>1</QtyInPackage>
      <ItemPrice>19.90</ItemPrice>
      <UnitOfMeasurePrice>4.42</UnitOfMeasurePrice>
      <AllowDiscount>0</AllowDiscount>
      <itemStatus>1</itemStatus>
      <LastUpdateDate />
      <LastUpdateTime />
    </Product>
    <Product>
      <PriceUpdateDate>2019/01/16 14:50</PriceUpdateDate>
      <ItemCode>7290108502268</ItemCode>
      <ItemType>1</ItemType>
      <ItemName>קרקר במליחות עדינה 250 גר`</ItemName>
      <ManufactureName>ג. וילי-פוד אינטרנשיונל בע`מ</ManufactureName>
      <ManufactureCountry />
      <ManufactureItemDescription />
      <UnitQty>'יח</UnitQty>
      <Quantity>0.25</Quantity>
      <UnitMeasure>ל-100 גרם</UnitMeasure>
      <BisWeighted>0</BisWeighted>
      <QtyInPackage>20</QtyInPackage>
      <ItemPrice>6.90</ItemPrice>
      <UnitOfMeasurePrice>27.60</UnitOfMeasurePrice>
      <AllowDiscount>0</AllowDiscount>
      <itemStatus>1</itemStatus>
      <LastUpdateDate />
      <LastUpdateTime />
    </Product>
    <Product>
      <PriceUpdateDate>2021/09/02 12:54</PriceUpdateDate>
      <ItemCode>7290108502305</ItemCode>
      <ItemType>1</ItemType>
      <ItemName>גבינה גרנה פדנו משולש 150 גר`</ItemName>
      <ManufactureName>ג. וילי-פוד אינטרנשיונל בע`מ</ManufactureName>
      <ManufactureCountry />
      <ManufactureItemDescription />
      <UnitQty>'יח</UnitQty>
      <Quantity>1.50</Quantity>
      <UnitMeasure>ל-100 גרם</UnitMeasure>
      <BisWeighted>0</BisWeighted>
      <QtyInPackage>1</QtyInPackage>
      <ItemPrice>19.90</ItemPrice>
      <UnitOfMeasurePrice>13.27</UnitOfMeasurePrice>
      <AllowDiscount>0</AllowDiscount>
      <itemStatus>1</itemStatus>
      <LastUpdateDate />
      <LastUpdateTime />
    </Product>
    <Product>
      <PriceUpdateDate>2019/07/03 08:47</PriceUpdateDate>
      <ItemCode>7290108502329</ItemCode>
      <ItemType>1</ItemType>
      <ItemName>רביעית נתחי טונה בשמן זית 160 גר`</ItemName>
      <ManufactureName>ג. וילי-פוד אינטרנשיונל בע`מ</ManufactureName>
      <ManufactureCountry />
      <ManufactureItemDescription />
      <UnitQty>'יח</UnitQty>
      <Quantity>1.60</Quantity>
      <UnitMeasure>ל-100 גרם</UnitMeasure>
      <BisWeighted>0</BisWeighted>
      <QtyInPackage>12</QtyInPackage>
      <ItemPrice>29.90</ItemPrice>
      <UnitOfMeasurePrice>18.69</UnitOfMeasurePrice>
      <AllowDiscount>0</AllowDiscount>
      <itemStatus>1</itemStatus>
      <LastUpdateDate />
      <LastUpdateTime />
    </Product>
    <Product>
      <PriceUpdateDate>2021/10/19 18:23</PriceUpdateDate>
      <ItemCode>7290108502725</ItemCode>
      <ItemType>1</ItemType>
      <ItemName>גבינת גאודה פרוסות 400 גר`</ItemName>
      <ManufactureName>ג. וילי-פוד אינטרנשיונל בע`מ</ManufactureName>
      <ManufactureCountry />
      <ManufactureItemDescription />
      <UnitQty>'יח</UnitQty>
      <Quantity>4</Quantity>
      <UnitMeasure>ל-100 גרם</UnitMeasure>
      <BisWeighted>0</BisWeighted>
      <QtyInPackage>1</QtyInPackage>
      <ItemPrice>19.90</ItemPrice>
      <UnitOfMeasurePrice>4.98</UnitOfMeasurePrice>
      <AllowDiscount>0</AllowDiscount>
      <itemStatus>1</itemStatus>
      <LastUpdateDate />
      <LastUpdateTime />
    </Product>
    <Product>
      <PriceUpdateDate>2021/11/08 10:43</PriceUpdateDate>
      <ItemCode>7290108503043</ItemCode>
      <ItemType>1</ItemType>
      <ItemName>מארז תפוחנים</ItemName>
      <ManufactureName>ג. וילי-פוד אינטרנשיונל בע`מ</ManufactureName>
      <ManufactureCountry />
      <ManufactureItemDescription />
      <UnitQty>'יח</UnitQty>
      <Quantity>0.35</Quantity>
      <UnitMeasure>ל-100 גרם</UnitMeasure>
      <BisWeighted>0</BisWeighted>
      <QtyInPackage>36</QtyInPackage>
      <ItemPrice>14.90</ItemPrice>
      <UnitOfMeasurePrice>42.57</UnitOfMeasurePrice>
      <AllowDiscount>0</AllowDiscount>
      <itemStatus>1</itemStatus>
      <LastUpdateDate />
      <LastUpdateTime />
    </Product>
    <Product>
      <PriceUpdateDate>2021/04/05 14:19</PriceUpdateDate>
      <ItemCode>7290108503067</ItemCode>
      <ItemType>1</ItemType>
      <ItemName>פרמז`נו משולש 150 גר`</ItemName>
      <ManufactureName>ג. וילי-פוד אינטרנשיונל בע`מ</ManufactureName>
      <ManufactureCountry />
      <ManufactureItemDescription />
      <UnitQty>'יח</UnitQty>
      <Quantity>1.50</Quantity>
      <UnitMeasure>ל-100 גרם</UnitMeasure>
      <BisWeighted>0</BisWeighted>
      <QtyInPackage>1</QtyInPackage>
      <ItemPrice>15.90</ItemPrice>
      <UnitOfMeasurePrice>10.60</UnitOfMeasurePrice>
      <AllowDiscount>0</AllowDiscount>
      <itemStatus>1</itemStatus>
      <LastUpdateDate />
      <LastUpdateTime />
    </Product>
    <Product>
      <PriceUpdateDate>2019/06/27 14:11</PriceUpdateDate>
      <ItemCode>7290108503692</ItemCode>
      <ItemType>1</ItemType>
      <ItemName>פיצה מרגריטה   385 גר`</ItemName>
      <ManufactureName>ג. וילי-פוד אינטרנשיונל בע`מ</ManufactureName>
      <ManufactureCountry />
      <ManufactureItemDescription />
      <UnitQty>'יח</UnitQty>
      <Quantity>0</Quantity>
      <UnitMeasure>ל-100 גרם</UnitMeasure>
      <BisWeighted>0</BisWeighted>
      <QtyInPackage>1</QtyInPackage>
      <ItemPrice>14.90</ItemPrice>
      <UnitOfMeasurePrice>14.90</UnitOfMeasurePrice>
      <AllowDiscount>0</AllowDiscount>
      <itemStatus>1</itemStatus>
      <LastUpdateDate />
      <LastUpdateTime />
    </Product>
    <Product>
      <PriceUpdateDate>2019/06/27 14:11</PriceUpdateDate>
      <ItemCode>7290108503708</ItemCode>
      <ItemType>1</ItemType>
      <ItemName>פיצה עם פטריות  385 גר`</ItemName>
      <ManufactureName>ג. וילי-פוד אינטרנשיונל בע`מ</ManufactureName>
      <ManufactureCountry />
      <ManufactureItemDescription />
      <UnitQty>'יח</UnitQty>
      <Quantity>0</Quantity>
      <UnitMeasure>ל-100 גרם</UnitMeasure>
      <BisWeighted>0</BisWeighted>
      <QtyInPackage>1</QtyInPackage>
      <ItemPrice>14.90</ItemPrice>
      <UnitOfMeasurePrice>14.90</UnitOfMeasurePrice>
      <AllowDiscount>0</AllowDiscount>
      <itemStatus>1</itemStatus>
      <LastUpdateDate />
      <LastUpdateTime />
    </Product>
    <Product>
      <PriceUpdateDate>2019/06/27 14:11</PriceUpdateDate>
      <ItemCode>7290108503715</ItemCode>
      <ItemType>1</ItemType>
      <ItemName>פיצה עם זיתים 385 גר`</ItemName>
      <ManufactureName>ג. וילי-פוד אינטרנשיונל בע`מ</ManufactureName>
      <ManufactureCountry />
      <ManufactureItemDescription />
      <UnitQty>'יח</UnitQty>
      <Quantity>0</Quantity>
      <UnitMeasure>ל-100 גרם</UnitMeasure>
      <BisWeighted>0</BisWeighted>
      <QtyInPackage>1</QtyInPackage>
      <ItemPrice>14.90</ItemPrice>
      <UnitOfMeasurePrice>14.90</UnitOfMeasurePrice>
      <AllowDiscount>0</AllowDiscount>
      <itemStatus>1</itemStatus>
      <LastUpdateDate />
      <LastUpdateTime />
    </Product>
    <Product>
      <PriceUpdateDate>2019/06/27 14:11</PriceUpdateDate>
      <ItemCode>7290108503982</ItemCode>
      <ItemType>1</ItemType>
      <ItemName>פרוסות גבינה בטעם צ`דר לכריכי 9% 150 גר`</ItemName>
      <ManufactureName>ג. וילי-פוד אינטרנשיונל בע`מ</ManufactureName>
      <ManufactureCountry />
      <ManufactureItemDescription />
      <UnitQty>'יח</UnitQty>
      <Quantity>1.50</Quantity>
      <UnitMeasure>ל-100 גרם</UnitMeasure>
      <BisWeighted>0</BisWeighted>
      <QtyInPackage>1</QtyInPackage>
      <ItemPrice>9.90</ItemPrice>
      <UnitOfMeasurePrice>6.60</UnitOfMeasurePrice>
      <AllowDiscount>1</AllowDiscount>
      <itemStatus>1</itemStatus>
      <LastUpdateDate />
      <LastUpdateTime />
    </Product>
    <Product>
      <PriceUpdateDate>2019/06/27 14:11</PriceUpdateDate>
      <ItemCode>7290108503999</ItemCode>
      <ItemType>1</ItemType>
      <ItemName>פרוסות גבינה בטעם גאודה לכריכים9% 150 ג</ItemName>
      <ManufactureName>ג. וילי-פוד אינטרנשיונל בע`מ</ManufactureName>
      <ManufactureCountry />
      <ManufactureItemDescription />
      <UnitQty>'יח</UnitQty>
      <Quantity>1.50</Quantity>
      <UnitMeasure>ל-100 גרם</UnitMeasure>
      <BisWeighted>0</BisWeighted>
      <QtyInPackage>1</QtyInPackage>
      <ItemPrice>9.90</ItemPrice>
      <UnitOfMeasurePrice>6.60</UnitOfMeasurePrice>
      <AllowDiscount>1</AllowDiscount>
      <itemStatus>1</itemStatus>
      <LastUpdateDate />
      <LastUpdateTime />
    </Product>
    <Product>
      <PriceUpdateDate>2022/08/24 16:07</PriceUpdateDate>
      <ItemCode>7290108505153</ItemCode>
      <ItemType>1</ItemType>
      <ItemName>יוגורט בטעם טבעי   150 גר` 10%</ItemName>
      <ManufactureName>ג. וילי-פוד אינטרנשיונל בע`מ</ManufactureName>
      <ManufactureCountry />
      <ManufactureItemDescription />
      <UnitQty>'יח</UnitQty>
      <Quantity>1.50</Quantity>
      <UnitMeasure>ל-100 גרם</UnitMeasure>
      <BisWeighted>0</BisWeighted>
      <QtyInPackage>1</QtyInPackage>
      <ItemPrice>5.90</ItemPrice>
      <UnitOfMeasurePrice>3.93</UnitOfMeasurePrice>
      <AllowDiscount>1</AllowDiscount>
      <itemStatus>1</itemStatus>
      <LastUpdateDate />
      <LastUpdateTime />
    </Product>
    <Product>
      <PriceUpdateDate>2022/08/24 16:07</PriceUpdateDate>
      <ItemCode>7290108505160</ItemCode>
      <ItemType>1</ItemType>
      <ItemName>יוגורט עם אגס 150 גר` 0%</ItemName>
      <ManufactureName>ג. וילי-פוד אינטרנשיונל בע`מ</ManufactureName>
      <ManufactureCountry />
      <ManufactureItemDescription />
      <UnitQty>'יח</UnitQty>
      <Quantity>1.50</Quantity>
      <UnitMeasure>ל-100 גרם</UnitMeasure>
      <BisWeighted>0</BisWeighted>
      <QtyInPackage>1</QtyInPackage>
      <ItemPrice>5.90</ItemPrice>
      <UnitOfMeasurePrice>3.93</UnitOfMeasurePrice>
      <AllowDiscount>1</AllowDiscount>
      <itemStatus>1</itemStatus>
      <LastUpdateDate />
      <LastUpdateTime />
    </Product>
    <Product>
      <PriceUpdateDate>2022/08/24 16:07</PriceUpdateDate>
      <ItemCode>7290108505177</ItemCode>
      <ItemType>1</ItemType>
      <ItemName>יוגורט עם אננס  150 גר` 0%</ItemName>
      <ManufactureName>ג. וילי-פוד אינטרנשיונל בע`מ</ManufactureName>
      <ManufactureCountry />
      <ManufactureItemDescription />
      <UnitQty>'יח</UnitQty>
      <Quantity>1.50</Quantity>
      <UnitMeasure>ל-100 גרם</UnitMeasure>
      <BisWeighted>0</BisWeighted>
      <QtyInPackage>1</QtyInPackage>
      <ItemPrice>5.90</ItemPrice>
      <UnitOfMeasurePrice>3.93</UnitOfMeasurePrice>
      <AllowDiscount>1</AllowDiscount>
      <itemStatus>1</itemStatus>
      <LastUpdateDate />
      <LastUpdateTime />
    </Product>
    <Product>
      <PriceUpdateDate>2022/08/24 16:07</PriceUpdateDate>
      <ItemCode>7290108505184</ItemCode>
      <ItemType>1</ItemType>
      <ItemName>יוגורט עם קוקוס  150 גר` 5%</ItemName>
      <ManufactureName>ג. וילי-פוד אינטרנשיונל בע`מ</ManufactureName>
      <ManufactureCountry />
      <ManufactureItemDescription />
      <UnitQty>'יח</UnitQty>
      <Quantity>1.50</Quantity>
      <UnitMeasure>ל-100 גרם</UnitMeasure>
      <BisWeighted>0</BisWeighted>
      <QtyInPackage>1</QtyInPackage>
      <ItemPrice>5.90</ItemPrice>
      <UnitOfMeasurePrice>3.93</UnitOfMeasurePrice>
      <AllowDiscount>1</AllowDiscount>
      <itemStatus>1</itemStatus>
      <LastUpdateDate />
      <LastUpdateTime />
    </Product>
    <Product>
      <PriceUpdateDate>2022/08/24 16:07</PriceUpdateDate>
      <ItemCode>7290108505191</ItemCode>
      <ItemType>1</ItemType>
      <ItemName>יוגורט עם פצפוצי שוקולד 150 גר` 5%</ItemName>
      <ManufactureName>ג. וילי-פוד אינטרנשיונל בע`מ</ManufactureName>
      <ManufactureCountry />
      <ManufactureItemDescription />
      <UnitQty>'יח</UnitQty>
      <Quantity>1.50</Quantity>
      <UnitMeasure>ל-100 גרם</UnitMeasure>
      <BisWeighted>0</BisWeighted>
      <QtyInPackage>1</QtyInPackage>
      <ItemPrice>5.90</ItemPrice>
      <UnitOfMeasurePrice>3.93</UnitOfMeasurePrice>
      <AllowDiscount>1</AllowDiscount>
      <itemStatus>1</itemStatus>
      <LastUpdateDate />
      <LastUpdateTime />
    </Product>
    <Product>
      <PriceUpdateDate>2022/08/24 16:07</PriceUpdateDate>
      <ItemCode>7290108505207</ItemCode>
      <ItemType>1</ItemType>
      <ItemName>יוגורט עם אוכמניות  150 גר` 0%</ItemName>
      <ManufactureName>ג. וילי-פוד אינטרנשיונל בע`מ</ManufactureName>
      <ManufactureCountry />
      <ManufactureItemDescription />
      <UnitQty>'יח</UnitQty>
      <Quantity>1.50</Quantity>
      <UnitMeasure>ל-100 גרם</UnitMeasure>
      <BisWeighted>0</BisWeighted>
      <QtyInPackage>1</QtyInPackage>
      <ItemPrice>5.90</ItemPrice>
      <UnitOfMeasurePrice>3.93</UnitOfMeasurePrice>
      <AllowDiscount>1</AllowDiscount>
      <itemStatus>1</itemStatus>
      <LastUpdateDate />
      <LastUpdateTime />
    </Product>
    <Product>
      <PriceUpdateDate>2022/08/24 16:07</PriceUpdateDate>
      <ItemCode>7290108505214</ItemCode>
      <ItemType>1</ItemType>
      <ItemName>יוגורט עם אפרסק 150 גר` 0%</ItemName>
      <ManufactureName>ג. וילי-פוד אינטרנשיונל בע`מ</ManufactureName>
      <ManufactureCountry />
      <ManufactureItemDescription />
      <UnitQty>'יח</UnitQty>
      <Quantity>1.50</Quantity>
      <UnitMeasure>ל-100 גרם</UnitMeasure>
      <BisWeighted>0</BisWeighted>
      <QtyInPackage>1</QtyInPackage>
      <ItemPrice>5.90</ItemPrice>
      <UnitOfMeasurePrice>3.93</UnitOfMeasurePrice>
      <AllowDiscount>1</AllowDiscount>
      <itemStatus>1</itemStatus>
      <LastUpdateDate />
      <LastUpdateTime />
    </Product>
    <Product>
      <PriceUpdateDate>2020/06/03 12:40</PriceUpdateDate>
      <ItemCode>7290108505719</ItemCode>
      <ItemType>1</ItemType>
      <ItemName>גבינת מוצרלה חצי קשה 25% 200 גר`</ItemName>
      <ManufactureName>ג. וילי-פוד אינטרנשיונל בע`מ</ManufactureName>
      <ManufactureCountry />
      <ManufactureItemDescription />
      <UnitQty>'יח</UnitQty>
      <Quantity>2</Quantity>
      <UnitMeasure>ל-100 גרם</UnitMeasure>
      <BisWeighted>0</BisWeighted>
      <QtyInPackage>1</QtyInPackage>
      <ItemPrice>13.90</ItemPrice>
      <UnitOfMeasurePrice>6.95</UnitOfMeasurePrice>
      <AllowDiscount>0</AllowDiscount>
      <itemStatus>1</itemStatus>
      <LastUpdateDate />
      <LastUpdateTime />
    </Product>
    <Product>
      <PriceUpdateDate>2020/06/03 12:40</PriceUpdateDate>
      <ItemCode>7290108505726</ItemCode>
      <ItemType>1</ItemType>
      <ItemName>אצבעות גבינה חצי קשה 25% 200 גר`</ItemName>
      <ManufactureName>ג. וילי-פוד אינטרנשיונל בע`מ</ManufactureName>
      <ManufactureCountry />
      <ManufactureItemDescription />
      <UnitQty>'יח</UnitQty>
      <Quantity>2</Quantity>
      <UnitMeasure>ל-100 גרם</UnitMeasure>
      <BisWeighted>0</BisWeighted>
      <QtyInPackage>1</QtyInPackage>
      <ItemPrice>13.90</ItemPrice>
      <UnitOfMeasurePrice>6.95</UnitOfMeasurePrice>
      <AllowDiscount>0</AllowDiscount>
      <itemStatus>1</itemStatus>
      <LastUpdateDate />
      <LastUpdateTime />
    </Product>
    <Product>
      <PriceUpdateDate>2020/06/03 12:40</PriceUpdateDate>
      <ItemCode>7290108505740</ItemCode>
      <ItemType>1</ItemType>
      <ItemName>גבינת קשקבל חצי קשה 25% 200 גר`</ItemName>
      <ManufactureName>ג. וילי-פוד אינטרנשיונל בע`מ</ManufactureName>
      <ManufactureCountry />
      <ManufactureItemDescription />
      <UnitQty>'יח</UnitQty>
      <Quantity>2</Quantity>
      <UnitMeasure>ל-100 גרם</UnitMeasure>
      <BisWeighted>0</BisWeighted>
      <QtyInPackage>1</QtyInPackage>
      <ItemPrice>13.90</ItemPrice>
      <UnitOfMeasurePrice>6.95</UnitOfMeasurePrice>
      <AllowDiscount>0</AllowDiscount>
      <itemStatus>1</itemStatus>
      <LastUpdateDate />
      <LastUpdateTime />
    </Product>
    <Product>
      <PriceUpdateDate>2022/06/22 09:22</PriceUpdateDate>
      <ItemCode>7290108506037</ItemCode>
      <ItemType>1</ItemType>
      <ItemName>יוגורט בטעם טבעי   150 גר` 5%</ItemName>
      <ManufactureName>ג. וילי-פוד אינטרנשיונל בע`מ</ManufactureName>
      <ManufactureCountry />
      <ManufactureItemDescription />
      <UnitQty>'יח</UnitQty>
      <Quantity>1.50</Quantity>
      <UnitMeasure>ל-100 גרם</UnitMeasure>
      <BisWeighted>0</BisWeighted>
      <QtyInPackage>1</QtyInPackage>
      <ItemPrice>5.90</ItemPrice>
      <UnitOfMeasurePrice>3.93</UnitOfMeasurePrice>
      <AllowDiscount>1</AllowDiscount>
      <itemStatus>1</itemStatus>
      <LastUpdateDate />
      <LastUpdateTime />
    </Product>
    <Product>
      <PriceUpdateDate>2020/04/23 18:17</PriceUpdateDate>
      <ItemCode>7290108506495</ItemCode>
      <ItemType>1</ItemType>
      <ItemName>כנאפה קפוא 192.5 גר`</ItemName>
      <ManufactureName>ג. וילי-פוד אינטרנשיונל בע`מ</ManufactureName>
      <ManufactureCountry />
      <ManufactureItemDescription />
      <UnitQty>'יח</UnitQty>
      <Quantity>1.9250</Quantity>
      <UnitMeasure>ל-100 גרם</UnitMeasure>
      <BisWeighted>0</BisWeighted>
      <QtyInPackage>1</QtyInPackage>
      <ItemPrice>13.90</ItemPrice>
      <UnitOfMeasurePrice>7.22</UnitOfMeasurePrice>
      <AllowDiscount>1</AllowDiscount>
      <itemStatus>1</itemStatus>
      <LastUpdateDate />
      <LastUpdateTime />
    </Product>
    <Product>
      <PriceUpdateDate>2022/01/26 17:01</PriceUpdateDate>
      <ItemCode>7290108506501</ItemCode>
      <ItemType>1</ItemType>
      <ItemName>אצבעות פילו ממולאות גבינה 500 גרם</ItemName>
      <ManufactureName>ג. וילי-פוד אינטרנשיונל בע`מ</ManufactureName>
      <ManufactureCountry />
      <ManufactureItemDescription />
      <UnitQty>'יח</UnitQty>
      <Quantity>5</Quantity>
      <UnitMeasure>ל-100 גרם</UnitMeasure>
      <BisWeighted>0</BisWeighted>
      <QtyInPackage>12</QtyInPackage>
      <ItemPrice>16.90</ItemPrice>
      <UnitOfMeasurePrice>3.38</UnitOfMeasurePrice>
      <AllowDiscount>1</AllowDiscount>
      <itemStatus>1</itemStatus>
      <LastUpdateDate />
      <LastUpdateTime />
    </Product>
    <Product>
      <PriceUpdateDate>2022/01/26 17:01</PriceUpdateDate>
      <ItemCode>7290108506518</ItemCode>
      <ItemType>1</ItemType>
      <ItemName>אצבעות פילו ממולאות גבינה ותרד 500 גרם</ItemName>
      <ManufactureName>ג. וילי-פוד אינטרנשיונל בע`מ</ManufactureName>
      <ManufactureCountry />
      <ManufactureItemDescription />
      <UnitQty>'יח</UnitQty>
      <Quantity>5</Quantity>
      <UnitMeasure>ל-100 גרם</UnitMeasure>
      <BisWeighted>0</BisWeighted>
      <QtyInPackage>12</QtyInPackage>
      <ItemPrice>16.90</ItemPrice>
      <UnitOfMeasurePrice>3.38</UnitOfMeasurePrice>
      <AllowDiscount>1</AllowDiscount>
      <itemStatus>1</itemStatus>
      <LastUpdateDate />
      <LastUpdateTime />
    </Product>
    <Product>
      <PriceUpdateDate>2020/06/03 12:40</PriceUpdateDate>
      <ItemCode>7290108506532</ItemCode>
      <ItemType>1</ItemType>
      <ItemName>גליליות וופל במילוי אגוזי לוז  400 גר`</ItemName>
      <ManufactureName>ג. וילי-פוד אינטרנשיונל בע`מ</ManufactureName>
      <ManufactureCountry />
      <ManufactureItemDescription />
      <UnitQty>'יח</UnitQty>
      <Quantity>4</Quantity>
      <UnitMeasure>ל-100 גרם</UnitMeasure>
      <BisWeighted>0</BisWeighted>
      <QtyInPackage>1</QtyInPackage>
      <ItemPrice>13.90</ItemPrice>
      <UnitOfMeasurePrice>3.48</UnitOfMeasurePrice>
      <AllowDiscount>0</AllowDiscount>
      <itemStatus>1</itemStatus>
      <LastUpdateDate />
      <LastUpdateTime />
    </Product>
    <Product>
      <PriceUpdateDate>2020/06/03 12:40</PriceUpdateDate>
      <ItemCode>7290108506709</ItemCode>
      <ItemType>1</ItemType>
      <ItemName>גבינת פרמגיאנו 150 גר`</ItemName>
      <ManufactureName>ג. וילי-פוד אינטרנשיונל בע`מ</ManufactureName>
      <ManufactureCountry />
      <ManufactureItemDescription />
      <UnitQty>'יח</UnitQty>
      <Quantity>1.50</Quantity>
      <UnitMeasure>ל-100 גרם</UnitMeasure>
      <BisWeighted>0</BisWeighted>
      <QtyInPackage>1</QtyInPackage>
      <ItemPrice>23.90</ItemPrice>
      <UnitOfMeasurePrice>15.93</UnitOfMeasurePrice>
      <AllowDiscount>0</AllowDiscount>
      <itemStatus>1</itemStatus>
      <LastUpdateDate />
      <LastUpdateTime />
    </Product>
    <Product>
      <PriceUpdateDate>2020/05/24 15:03</PriceUpdateDate>
      <ItemCode>7290108507010</ItemCode>
      <ItemType>1</ItemType>
      <ItemName>מאפה בורקס מים תורכי תרד וגבינה 300 ג</ItemName>
      <ManufactureName>ג. וילי-פוד אינטרנשיונל בע`מ</ManufactureName>
      <ManufactureCountry />
      <ManufactureItemDescription />
      <UnitQty>'יח</UnitQty>
      <Quantity>3</Quantity>
      <UnitMeasure>ל-100 גרם</UnitMeasure>
      <BisWeighted>0</BisWeighted>
      <QtyInPackage>1</QtyInPackage>
      <ItemPrice>14.90</ItemPrice>
      <UnitOfMeasurePrice>4.97</UnitOfMeasurePrice>
      <AllowDiscount>1</AllowDiscount>
      <itemStatus>1</itemStatus>
      <LastUpdateDate />
      <LastUpdateTime />
    </Product>
    <Product>
      <PriceUpdateDate>2022/10/08 20:16</PriceUpdateDate>
      <ItemCode>7290108507287</ItemCode>
      <ItemType>1</ItemType>
      <ItemName>סלק מבושל</ItemName>
      <ManufactureName>ביכורי השדה הצפון בעמ` 1964</ManufactureName>
      <ManufactureCountry />
      <ManufactureItemDescription />
      <UnitQty>'יח</UnitQty>
      <Quantity>0.45</Quantity>
      <UnitMeasure>ל-100 גרם</UnitMeasure>
      <BisWeighted>0</BisWeighted>
      <QtyInPackage>1</QtyInPackage>
      <ItemPrice>9.90</ItemPrice>
      <UnitOfMeasurePrice>22</UnitOfMeasurePrice>
      <AllowDiscount>0</AllowDiscount>
      <itemStatus>1</itemStatus>
      <LastUpdateDate />
      <LastUpdateTime />
    </Product>
    <Product>
      <PriceUpdateDate>2022/09/05 12:29</PriceUpdateDate>
      <ItemCode>7290108508031</ItemCode>
      <ItemType>1</ItemType>
      <ItemName>אננס שלם 830 גרם</ItemName>
      <ManufactureName>ג. וילי-פוד אינטרנשיונל בע`מ</ManufactureName>
      <ManufactureCountry />
      <ManufactureItemDescription />
      <UnitQty>'יח</UnitQty>
      <Quantity>8.30</Quantity>
      <UnitMeasure>ל-100 גרם</UnitMeasure>
      <BisWeighted>0</BisWeighted>
      <QtyInPackage>1</QtyInPackage>
      <ItemPrice>10.90</ItemPrice>
      <UnitOfMeasurePrice>1.31</UnitOfMeasurePrice>
      <AllowDiscount>0</AllowDiscount>
      <itemStatus>1</itemStatus>
      <LastUpdateDate />
      <LastUpdateTime />
    </Product>
    <Product>
      <PriceUpdateDate>2021/03/17 14:39</PriceUpdateDate>
      <ItemCode>7290108508499</ItemCode>
      <ItemType>1</ItemType>
      <ItemName>משקה יוגורט איירן בסגנון טורקי 293 מ"ל</ItemName>
      <ManufactureName>ג. וילי-פוד אינטרנשיונל בע`מ</ManufactureName>
      <ManufactureCountry />
      <ManufactureItemDescription />
      <UnitQty>'יח</UnitQty>
      <Quantity>2.93</Quantity>
      <UnitMeasure>ל-100 מ"ל</UnitMeasure>
      <BisWeighted>0</BisWeighted>
      <QtyInPackage>1</QtyInPackage>
      <ItemPrice>4.90</ItemPrice>
      <UnitOfMeasurePrice>1.67</UnitOfMeasurePrice>
      <AllowDiscount>1</AllowDiscount>
      <itemStatus>1</itemStatus>
      <LastUpdateDate />
      <LastUpdateTime />
    </Product>
    <Product>
      <PriceUpdateDate>2021/05/20 14:49</PriceUpdateDate>
      <ItemCode>7290108508765</ItemCode>
      <ItemType>1</ItemType>
      <ItemName>קונכיות פתיתים 400 גר`</ItemName>
      <ManufactureName>ג. וילי-פוד אינטרנשיונל בע`מ</ManufactureName>
      <ManufactureCountry />
      <ManufactureItemDescription />
      <UnitQty>'יח</UnitQty>
      <Quantity>4</Quantity>
      <UnitMeasure>ל-100 גרם</UnitMeasure>
      <BisWeighted>0</BisWeighted>
      <QtyInPackage>1</QtyInPackage>
      <ItemPrice>5.90</ItemPrice>
      <UnitOfMeasurePrice>1.48</UnitOfMeasurePrice>
      <AllowDiscount>0</AllowDiscount>
      <itemStatus>1</itemStatus>
      <LastUpdateDate />
      <LastUpdateTime />
    </Product>
    <Product>
      <PriceUpdateDate>2021/05/20 14:49</PriceUpdateDate>
      <ItemCode>7290108508772</ItemCode>
      <ItemType>1</ItemType>
      <ItemName>קונכיות פתיתים עם תרד 400 גרם</ItemName>
      <ManufactureName>ג. וילי-פוד אינטרנשיונל בע`מ</ManufactureName>
      <ManufactureCountry />
      <ManufactureItemDescription />
      <UnitQty>'יח</UnitQty>
      <Quantity>4</Quantity>
      <UnitMeasure>ל-100 גרם</UnitMeasure>
      <BisWeighted>0</BisWeighted>
      <QtyInPackage>1</QtyInPackage>
      <ItemPrice>5.90</ItemPrice>
      <UnitOfMeasurePrice>1.48</UnitOfMeasurePrice>
      <AllowDiscount>0</AllowDiscount>
      <itemStatus>1</itemStatus>
      <LastUpdateDate />
      <LastUpdateTime />
    </Product>
    <Product>
      <PriceUpdateDate>2022/08/24 16:07</PriceUpdateDate>
      <ItemCode>7290108508901</ItemCode>
      <ItemType>1</ItemType>
      <ItemName>יוגורט עם דובדבנים ושקדים 150 גר` 0.6%</ItemName>
      <ManufactureName>ג. וילי-פוד אינטרנשיונל בע`מ</ManufactureName>
      <ManufactureCountry />
      <ManufactureItemDescription />
      <UnitQty>'יח</UnitQty>
      <Quantity>1.50</Quantity>
      <UnitMeasure>ל-100 גרם</UnitMeasure>
      <BisWeighted>0</BisWeighted>
      <QtyInPackage>1</QtyInPackage>
      <ItemPrice>5.90</ItemPrice>
      <UnitOfMeasurePrice>3.93</UnitOfMeasurePrice>
      <AllowDiscount>1</AllowDiscount>
      <itemStatus>1</itemStatus>
      <LastUpdateDate />
      <LastUpdateTime />
    </Product>
    <Product>
      <PriceUpdateDate>2021/07/06 21:29</PriceUpdateDate>
      <ItemCode>7290108509090</ItemCode>
      <ItemType>1</ItemType>
      <ItemName>גבינה מותכת חצי שמנה 14% 200 גרם</ItemName>
      <ManufactureName>ג. וילי-פוד אינטרנשיונל בע`מ</ManufactureName>
      <ManufactureCountry />
      <ManufactureItemDescription />
      <UnitQty>'יח</UnitQty>
      <Quantity>2</Quantity>
      <UnitMeasure>ל-100 גרם</UnitMeasure>
      <BisWeighted>0</BisWeighted>
      <QtyInPackage>1</QtyInPackage>
      <ItemPrice>13.90</ItemPrice>
      <UnitOfMeasurePrice>6.95</UnitOfMeasurePrice>
      <AllowDiscount>0</AllowDiscount>
      <itemStatus>1</itemStatus>
      <LastUpdateDate />
      <LastUpdateTime />
    </Product>
    <Product>
      <PriceUpdateDate>2021/06/21 13:57</PriceUpdateDate>
      <ItemCode>7290108509106</ItemCode>
      <ItemType>1</ItemType>
      <ItemName>גבינה בולגרית מעודנת 200 גר` 13% שומן</ItemName>
      <ManufactureName>ג. וילי-פוד אינטרנשיונל בע`מ</ManufactureName>
      <ManufactureCountry />
      <ManufactureItemDescription />
      <UnitQty>'יח</UnitQty>
      <Quantity>2</Quantity>
      <UnitMeasure>ל-100 גרם</UnitMeasure>
      <BisWeighted>0</BisWeighted>
      <QtyInPackage>1</QtyInPackage>
      <ItemPrice>10.90</ItemPrice>
      <UnitOfMeasurePrice>5.45</UnitOfMeasurePrice>
      <AllowDiscount>0</AllowDiscount>
      <itemStatus>1</itemStatus>
      <LastUpdateDate />
      <LastUpdateTime />
    </Product>
    <Product>
      <PriceUpdateDate>2021/06/21 13:57</PriceUpdateDate>
      <ItemCode>7290108509113</ItemCode>
      <ItemType>1</ItemType>
      <ItemName>גבינה בולגרית מעודנת 250 גר` 18% שומן</ItemName>
      <ManufactureName>ג. וילי-פוד אינטרנשיונל בע`מ</ManufactureName>
      <ManufactureCountry />
      <ManufactureItemDescription />
      <UnitQty>'יח</UnitQty>
      <Quantity>2.50</Quantity>
      <UnitMeasure>ל-100 גרם</UnitMeasure>
      <BisWeighted>0</BisWeighted>
      <QtyInPackage>1</QtyInPackage>
      <ItemPrice>10.90</ItemPrice>
      <UnitOfMeasurePrice>4.36</UnitOfMeasurePrice>
      <AllowDiscount>0</AllowDiscount>
      <itemStatus>1</itemStatus>
      <LastUpdateDate />
      <LastUpdateTime />
    </Product>
    <Product>
      <PriceUpdateDate>2021/05/24 16:38</PriceUpdateDate>
      <ItemCode>7290108509397</ItemCode>
      <ItemType>1</ItemType>
      <ItemName>עלי בצק פילו משולשים 360 גר`</ItemName>
      <ManufactureName>ג. וילי-פוד אינטרנשיונל בע`מ</ManufactureName>
      <ManufactureCountry />
      <ManufactureItemDescription />
      <UnitQty>'יח</UnitQty>
      <Quantity>4</Quantity>
      <UnitMeasure>ל-100 גרם</UnitMeasure>
      <BisWeighted>0</BisWeighted>
      <QtyInPackage>1</QtyInPackage>
      <ItemPrice>9.90</ItemPrice>
      <UnitOfMeasurePrice>2.48</UnitOfMeasurePrice>
      <AllowDiscount>0</AllowDiscount>
      <itemStatus>1</itemStatus>
      <LastUpdateDate />
      <LastUpdateTime />
    </Product>
    <Product>
      <PriceUpdateDate>2021/09/17 06:37</PriceUpdateDate>
      <ItemCode>7290108509700</ItemCode>
      <ItemType>1</ItemType>
      <ItemName>אורז פרסי DAAWAT 1 ק"ג</ItemName>
      <ManufactureName>ג. וילי-פוד אינטרנשיונל בע`מ</ManufactureName>
      <ManufactureCountry />
      <ManufactureItemDescription />
      <UnitQty>'יח</UnitQty>
      <Quantity>10</Quantity>
      <UnitMeasure>ל-100 גרם</UnitMeasure>
      <BisWeighted>0</BisWeighted>
      <QtyInPackage>1</QtyInPackage>
      <ItemPrice>9.90</ItemPrice>
      <UnitOfMeasurePrice>0.99</UnitOfMeasurePrice>
      <AllowDiscount>0</AllowDiscount>
      <itemStatus>1</itemStatus>
      <LastUpdateDate />
      <LastUpdateTime />
    </Product>
    <Product>
      <PriceUpdateDate>2021/10/31 14:08</PriceUpdateDate>
      <ItemCode>7290108509762</ItemCode>
      <ItemType>1</ItemType>
      <ItemName>חמאת בוטנים 340 גר`</ItemName>
      <ManufactureName>ג. וילי-פוד אינטרנשיונל בע`מ</ManufactureName>
      <ManufactureCountry />
      <ManufactureItemDescription />
      <UnitQty>'יח</UnitQty>
      <Quantity>3.40</Quantity>
      <UnitMeasure>ל-100 גרם</UnitMeasure>
      <BisWeighted>0</BisWeighted>
      <QtyInPackage>1</QtyInPackage>
      <ItemPrice>9.90</ItemPrice>
      <UnitOfMeasurePrice>2.91</UnitOfMeasurePrice>
      <AllowDiscount>0</AllowDiscount>
      <itemStatus>1</itemStatus>
      <LastUpdateDate />
      <LastUpdateTime />
    </Product>
    <Product>
      <PriceUpdateDate>2021/10/31 10:02</PriceUpdateDate>
      <ItemCode>7290108509939</ItemCode>
      <ItemType>1</ItemType>
      <ItemName>פרוסות פילה טונה 120 גר`</ItemName>
      <ManufactureName>ג. וילי-פוד אינטרנשיונל בע`מ</ManufactureName>
      <ManufactureCountry />
      <ManufactureItemDescription />
      <UnitQty>'יח</UnitQty>
      <Quantity>1.20</Quantity>
      <UnitMeasure>ל-100 גרם</UnitMeasure>
      <BisWeighted>0</BisWeighted>
      <QtyInPackage>1</QtyInPackage>
      <ItemPrice>12.90</ItemPrice>
      <UnitOfMeasurePrice>10.75</UnitOfMeasurePrice>
      <AllowDiscount>1</AllowDiscount>
      <itemStatus>1</itemStatus>
      <LastUpdateDate />
      <LastUpdateTime />
    </Product>
    <Product>
      <PriceUpdateDate>2019/01/16 14:50</PriceUpdateDate>
      <ItemCode>7290109352091</ItemCode>
      <ItemType>1</ItemType>
      <ItemName>בייגלה אסם שמיניות 700 גר`</ItemName>
      <ManufactureName>קבוצת אסם סחר</ManufactureName>
      <ManufactureCountry />
      <ManufactureItemDescription />
      <UnitQty>'יח</UnitQty>
      <Quantity>7</Quantity>
      <UnitMeasure>ל-100 גרם</UnitMeasure>
      <BisWeighted>0</BisWeighted>
      <QtyInPackage>1</QtyInPackage>
      <ItemPrice>13.80</ItemPrice>
      <UnitOfMeasurePrice>1.97</UnitOfMeasurePrice>
      <AllowDiscount>0</AllowDiscount>
      <itemStatus>1</itemStatus>
      <LastUpdateDate />
      <LastUpdateTime />
    </Product>
    <Product>
      <PriceUpdateDate>2022/07/24 18:01</PriceUpdateDate>
      <ItemCode>7290109354101</ItemCode>
      <ItemType>1</ItemType>
      <ItemName>לחמית ללא גלוטן 200 גר`</ItemName>
      <ManufactureName>קבוצת אסם סחר</ManufactureName>
      <ManufactureCountry />
      <ManufactureItemDescription />
      <UnitQty>'יח</UnitQty>
      <Quantity>2</Quantity>
      <UnitMeasure>ל-100 גרם</UnitMeasure>
      <BisWeighted>0</BisWeighted>
      <QtyInPackage>1</QtyInPackage>
      <ItemPrice>9.90</ItemPrice>
      <UnitOfMeasurePrice>4.95</UnitOfMeasurePrice>
      <AllowDiscount>1</AllowDiscount>
      <itemStatus>1</itemStatus>
      <LastUpdateDate />
      <LastUpdateTime />
    </Product>
    <Product>
      <PriceUpdateDate>2019/07/03 08:47</PriceUpdateDate>
      <ItemCode>7290109354972</ItemCode>
      <ItemType>1</ItemType>
      <ItemName>פתי בר ללא גלוטן קלאסי 200 גר`</ItemName>
      <ManufactureName>קבוצת אסם סחר</ManufactureName>
      <ManufactureCountry />
      <ManufactureItemDescription />
      <UnitQty>'יח</UnitQty>
      <Quantity>2</Quantity>
      <UnitMeasure>ל-100 גרם</UnitMeasure>
      <BisWeighted>0</BisWeighted>
      <QtyInPackage>1</QtyInPackage>
      <ItemPrice>9.90</ItemPrice>
      <UnitOfMeasurePrice>4.95</UnitOfMeasurePrice>
      <AllowDiscount>0</AllowDiscount>
      <itemStatus>1</itemStatus>
      <LastUpdateDate />
      <LastUpdateTime />
    </Product>
    <Product>
      <PriceUpdateDate>2019/01/16 14:50</PriceUpdateDate>
      <ItemCode>7290109358260</ItemCode>
      <ItemType>1</ItemType>
      <ItemName>טבעול נקניקיות עם חלבון 600 גר`</ItemName>
      <ManufactureName>קבוצת אסם סחר</ManufactureName>
      <ManufactureCountry />
      <ManufactureItemDescription />
      <UnitQty>'יח</UnitQty>
      <Quantity>6</Quantity>
      <UnitMeasure>ל-100 גרם</UnitMeasure>
      <BisWeighted>0</BisWeighted>
      <QtyInPackage>1</QtyInPackage>
      <ItemPrice>29.90</ItemPrice>
      <UnitOfMeasurePrice>4.98</UnitOfMeasurePrice>
      <AllowDiscount>1</AllowDiscount>
      <itemStatus>1</itemStatus>
      <LastUpdateDate />
      <LastUpdateTime />
    </Product>
    <Product>
      <PriceUpdateDate>2019/01/16 14:50</PriceUpdateDate>
      <ItemCode>7290109358284</ItemCode>
      <ItemType>1</ItemType>
      <ItemName>שניצל תירס טבועל עם חלבון</ItemName>
      <ManufactureName>קבוצת אסם סחר</ManufactureName>
      <ManufactureCountry />
      <ManufactureItemDescription />
      <UnitQty>'יח</UnitQty>
      <Quantity>6.6440</Quantity>
      <UnitMeasure>ל-100 גרם</UnitMeasure>
      <BisWeighted>0</BisWeighted>
      <QtyInPackage>1</QtyInPackage>
      <ItemPrice>29.90</ItemPrice>
      <UnitOfMeasurePrice>4.50</UnitOfMeasurePrice>
      <AllowDiscount>1</AllowDiscount>
      <itemStatus>1</itemStatus>
      <LastUpdateDate />
      <LastUpdateTime />
    </Product>
    <Product>
      <PriceUpdateDate>2022/04/25 10:54</PriceUpdateDate>
      <ItemCode>7290109358482</ItemCode>
      <ItemType>1</ItemType>
      <ItemName>קרמוגית אסם במילוי חלווה</ItemName>
      <ManufactureName>קבוצת אסם סחר</ManufactureName>
      <ManufactureCountry />
      <ManufactureItemDescription />
      <UnitQty>'יח</UnitQty>
      <Quantity>2</Quantity>
      <UnitMeasure>ל-100 גרם</UnitMeasure>
      <BisWeighted>0</BisWeighted>
      <QtyInPackage>1</QtyInPackage>
      <ItemPrice>10.90</ItemPrice>
      <UnitOfMeasurePrice>5.45</UnitOfMeasurePrice>
      <AllowDiscount>1</AllowDiscount>
      <itemStatus>1</itemStatus>
      <LastUpdateDate />
      <LastUpdateTime />
    </Product>
    <Product>
      <PriceUpdateDate>2022/07/24 18:01</PriceUpdateDate>
      <ItemCode>7290109358765</ItemCode>
      <ItemType>1</ItemType>
      <ItemName>קראנץ רולס 450 גר`</ItemName>
      <ManufactureName>קבוצת אסם סחר</ManufactureName>
      <ManufactureCountry />
      <ManufactureItemDescription />
      <UnitQty>'יח</UnitQty>
      <Quantity>4.50</Quantity>
      <UnitMeasure>ל-100 גרם</UnitMeasure>
      <BisWeighted>0</BisWeighted>
      <QtyInPackage>1</QtyInPackage>
      <ItemPrice>19.90</ItemPrice>
      <UnitOfMeasurePrice>4.42</UnitOfMeasurePrice>
      <AllowDiscount>1</AllowDiscount>
      <itemStatus>1</itemStatus>
      <LastUpdateDate />
      <LastUpdateTime />
    </Product>
    <Product>
      <PriceUpdateDate>2022/10/02 18:40</PriceUpdateDate>
      <ItemCode>7290109492414</ItemCode>
      <ItemType>1</ItemType>
      <ItemName>סכיני מטבח שישייה</ItemName>
      <ManufactureName>הום פרפקט ק.ד.מ בעמ</ManufactureName>
      <ManufactureCountry />
      <ManufactureItemDescription />
      <UnitQty>'יח</UnitQty>
      <Quantity>1</Quantity>
      <UnitMeasure />
      <BisWeighted>0</BisWeighted>
      <QtyInPackage>1</QtyInPackage>
      <ItemPrice>14.90</ItemPrice>
      <UnitOfMeasurePrice>14.90</UnitOfMeasurePrice>
      <AllowDiscount>1</AllowDiscount>
      <itemStatus>1</itemStatus>
      <LastUpdateDate />
      <LastUpdateTime />
    </Product>
    <Product>
      <PriceUpdateDate>2020/11/09 08:11</PriceUpdateDate>
      <ItemCode>7290109580043</ItemCode>
      <ItemType>1</ItemType>
      <ItemName>שניצל תירס 1.75 ק"ג</ItemName>
      <ManufactureName>נקניק זוגלובק נהריה</ManufactureName>
      <ManufactureCountry />
      <ManufactureItemDescription />
      <UnitQty>'יח</UnitQty>
      <Quantity>17.50</Quantity>
      <UnitMeasure>ל-100 גרם</UnitMeasure>
      <BisWeighted>0</BisWeighted>
      <QtyInPackage>1</QtyInPackage>
      <ItemPrice>49.90</ItemPrice>
      <UnitOfMeasurePrice>2.85</UnitOfMeasurePrice>
      <AllowDiscount>0</AllowDiscount>
      <itemStatus>1</itemStatus>
      <LastUpdateDate />
      <LastUpdateTime />
    </Product>
    <Product>
      <PriceUpdateDate>2021/03/18 08:24</PriceUpdateDate>
      <ItemCode>7290109580050</ItemCode>
      <ItemType>1</ItemType>
      <ItemName>נקניקיות צ`וריסוס 226 גר`</ItemName>
      <ManufactureName>זוגלובק וונדרס</ManufactureName>
      <ManufactureCountry />
      <ManufactureItemDescription />
      <UnitQty>'יח</UnitQty>
      <Quantity>2.26</Quantity>
      <UnitMeasure>ל-100 גרם</UnitMeasure>
      <BisWeighted>0</BisWeighted>
      <QtyInPackage>1</QtyInPackage>
      <ItemPrice>29.90</ItemPrice>
      <UnitOfMeasurePrice>13.23</UnitOfMeasurePrice>
      <AllowDiscount>1</AllowDiscount>
      <itemStatus>1</itemStatus>
      <LastUpdateDate />
      <LastUpdateTime />
    </Product>
    <Product>
      <PriceUpdateDate>2022/02/06 14:06</PriceUpdateDate>
      <ItemCode>7290109580098</ItemCode>
      <ItemType>1</ItemType>
      <ItemName>קבנוס זוגלובק סרירצ`ה 135 גרם</ItemName>
      <ManufactureName>נקניק זוגלובק נהריה</ManufactureName>
      <ManufactureCountry />
      <ManufactureItemDescription />
      <UnitQty>'יח</UnitQty>
      <Quantity>1.35</Quantity>
      <UnitMeasure>ל-100 גרם</UnitMeasure>
      <BisWeighted>0</BisWeighted>
      <QtyInPackage>1</QtyInPackage>
      <ItemPrice>11.90</ItemPrice>
      <UnitOfMeasurePrice>8.81</UnitOfMeasurePrice>
      <AllowDiscount>0</AllowDiscount>
      <itemStatus>1</itemStatus>
      <LastUpdateDate />
      <LastUpdateTime />
    </Product>
    <Product>
      <PriceUpdateDate>2022/05/25 18:24</PriceUpdateDate>
      <ItemCode>7290109580432</ItemCode>
      <ItemType>1</ItemType>
      <ItemName>פסטרמה חזה הודו מעושן 120 גר` דק דק</ItemName>
      <ManufactureName>נקניק זוגלובק נהריה</ManufactureName>
      <ManufactureCountry />
      <ManufactureItemDescription />
      <UnitQty>'יח</UnitQty>
      <Quantity>1.20</Quantity>
      <UnitMeasure>ל-100 גרם</UnitMeasure>
      <BisWeighted>0</BisWeighted>
      <QtyInPackage>1</QtyInPackage>
      <ItemPrice>14.90</ItemPrice>
      <UnitOfMeasurePrice>12.42</UnitOfMeasurePrice>
      <AllowDiscount>1</AllowDiscount>
      <itemStatus>1</itemStatus>
      <LastUpdateDate />
      <LastUpdateTime />
    </Product>
    <Product>
      <PriceUpdateDate>2021/07/21 07:14</PriceUpdateDate>
      <ItemCode>7290109640631</ItemCode>
      <ItemType>1</ItemType>
      <ItemName>משומשו לאבנה טבעונית 9% שומן 200 גר</ItemName>
      <ManufactureName>קפוא זן תעשיות מזון בעמ</ManufactureName>
      <ManufactureCountry />
      <ManufactureItemDescription />
      <UnitQty>'יח</UnitQty>
      <Quantity>2</Quantity>
      <UnitMeasure>ל-100 גרם</UnitMeasure>
      <BisWeighted>0</BisWeighted>
      <QtyInPackage>1</QtyInPackage>
      <ItemPrice>15.90</ItemPrice>
      <UnitOfMeasurePrice>7.95</UnitOfMeasurePrice>
      <AllowDiscount>0</AllowDiscount>
      <itemStatus>1</itemStatus>
      <LastUpdateDate />
      <LastUpdateTime />
    </Product>
    <Product>
      <PriceUpdateDate>2022/07/24 18:20</PriceUpdateDate>
      <ItemCode>7290110110369</ItemCode>
      <ItemType>1</ItemType>
      <ItemName>בירה קרלסברג LUMA שישייה 330 מ"ל</ItemName>
      <ManufactureName>החברה המרכזית להפצת משקאות בע`</ManufactureName>
      <ManufactureCountry />
      <ManufactureItemDescription />
      <UnitQty>'יח</UnitQty>
      <Quantity>19.80</Quantity>
      <UnitMeasure>ל-100 מ"ל</UnitMeasure>
      <BisWeighted>0</BisWeighted>
      <QtyInPackage>1</QtyInPackage>
      <ItemPrice>39.90</ItemPrice>
      <UnitOfMeasurePrice>1.92</UnitOfMeasurePrice>
      <AllowDiscount>1</AllowDiscount>
      <itemStatus>1</itemStatus>
      <LastUpdateDate />
      <LastUpdateTime />
    </Product>
    <Product>
      <PriceUpdateDate>2022/01/03 18:30</PriceUpdateDate>
      <ItemCode>7290110110574</ItemCode>
      <ItemType>1</ItemType>
      <ItemName>פחית ק`ק סילק 330 מ`ל</ItemName>
      <ManufactureName>החברה המרכזית להפצת משקאות בע`</ManufactureName>
      <ManufactureCountry />
      <ManufactureItemDescription />
      <UnitQty>'יח</UnitQty>
      <Quantity>3.30</Quantity>
      <UnitMeasure>ל-100 מ"ל</UnitMeasure>
      <BisWeighted>0</BisWeighted>
      <QtyInPackage>24</QtyInPackage>
      <ItemPrice>4.90</ItemPrice>
      <UnitOfMeasurePrice>1.39</UnitOfMeasurePrice>
      <AllowDiscount>1</AllowDiscount>
      <itemStatus>1</itemStatus>
      <LastUpdateDate />
      <LastUpdateTime />
    </Product>
    <Product>
      <PriceUpdateDate>2022/01/03 18:30</PriceUpdateDate>
      <ItemCode>7290110110659</ItemCode>
      <ItemType>1</ItemType>
      <ItemName>דיאט ספרייט פחית סליק 330 מל</ItemName>
      <ManufactureName>החברה המרכזית להפצת משקאות בע`</ManufactureName>
      <ManufactureCountry />
      <ManufactureItemDescription />
      <UnitQty>'יח</UnitQty>
      <Quantity>3.30</Quantity>
      <UnitMeasure>ל-100 מ"ל</UnitMeasure>
      <BisWeighted>0</BisWeighted>
      <QtyInPackage>24</QtyInPackage>
      <ItemPrice>4.90</ItemPrice>
      <UnitOfMeasurePrice>1.39</UnitOfMeasurePrice>
      <AllowDiscount>1</AllowDiscount>
      <itemStatus>1</itemStatus>
      <LastUpdateDate />
      <LastUpdateTime />
    </Product>
    <Product>
      <PriceUpdateDate>2022/01/03 13:00</PriceUpdateDate>
      <ItemCode>7290110113261</ItemCode>
      <ItemType>1</ItemType>
      <ItemName>אושן ספריי רימונים</ItemName>
      <ManufactureName>החברה המרכזית להפצת משקאות בע`</ManufactureName>
      <ManufactureCountry />
      <ManufactureItemDescription />
      <UnitQty>'יח</UnitQty>
      <Quantity>10</Quantity>
      <UnitMeasure>ל-100 מ"ל</UnitMeasure>
      <BisWeighted>0</BisWeighted>
      <QtyInPackage>15</QtyInPackage>
      <ItemPrice>12.20</ItemPrice>
      <UnitOfMeasurePrice>1.19</UnitOfMeasurePrice>
      <AllowDiscount>1</AllowDiscount>
      <itemStatus>1</itemStatus>
      <LastUpdateDate />
      <LastUpdateTime />
    </Product>
    <Product>
      <PriceUpdateDate>2022/07/12 10:22</PriceUpdateDate>
      <ItemCode>7290110114787</ItemCode>
      <ItemType>1</ItemType>
      <ItemName>נביעות מים מינרלים תפוח1.5 ל פיקדון</ItemName>
      <ManufactureName>החברה המרכזית להפצת משקאות בע`</ManufactureName>
      <ManufactureCountry />
      <ManufactureItemDescription />
      <UnitQty>'יח</UnitQty>
      <Quantity>15</Quantity>
      <UnitMeasure>ל-100 מ"ל</UnitMeasure>
      <BisWeighted>0</BisWeighted>
      <QtyInPackage>12</QtyInPackage>
      <ItemPrice>9.90</ItemPrice>
      <UnitOfMeasurePrice>0.64</UnitOfMeasurePrice>
      <AllowDiscount>1</AllowDiscount>
      <itemStatus>1</itemStatus>
      <LastUpdateDate />
      <LastUpdateTime />
    </Product>
    <Product>
      <PriceUpdateDate>2022/07/12 10:22</PriceUpdateDate>
      <ItemCode>7290110114794</ItemCode>
      <ItemType>1</ItemType>
      <ItemName>נביעות מים מינרליים אפרסק 1.5ל פיקדון</ItemName>
      <ManufactureName>החברה המרכזית להפצת משקאות בע`</ManufactureName>
      <ManufactureCountry />
      <ManufactureItemDescription />
      <UnitQty>'יח</UnitQty>
      <Quantity>15</Quantity>
      <UnitMeasure>ל-100 מ"ל</UnitMeasure>
      <BisWeighted>0</BisWeighted>
      <QtyInPackage>12</QtyInPackage>
      <ItemPrice>9.90</ItemPrice>
      <UnitOfMeasurePrice>0.64</UnitOfMeasurePrice>
      <AllowDiscount>1</AllowDiscount>
      <itemStatus>1</itemStatus>
      <LastUpdateDate />
      <LastUpdateTime />
    </Product>
    <Product>
      <PriceUpdateDate>2022/07/12 10:22</PriceUpdateDate>
      <ItemCode>7290110114800</ItemCode>
      <ItemType>1</ItemType>
      <ItemName>נביעות מים מינרליים ענבים1.5 ל` פיקדון</ItemName>
      <ManufactureName>החברה המרכזית להפצת משקאות בע`</ManufactureName>
      <ManufactureCountry />
      <ManufactureItemDescription />
      <UnitQty>'יח</UnitQty>
      <Quantity>15</Quantity>
      <UnitMeasure>ל-100 מ"ל</UnitMeasure>
      <BisWeighted>0</BisWeighted>
      <QtyInPackage>12</QtyInPackage>
      <ItemPrice>9.90</ItemPrice>
      <UnitOfMeasurePrice>0.64</UnitOfMeasurePrice>
      <AllowDiscount>1</AllowDiscount>
      <itemStatus>1</itemStatus>
      <LastUpdateDate />
      <LastUpdateTime />
    </Product>
    <Product>
      <PriceUpdateDate>2022/07/28 15:03</PriceUpdateDate>
      <ItemCode>7290110114855</ItemCode>
      <ItemType>1</ItemType>
      <ItemName>נביעות שישייה מים מינרלים שקט 1.5 ל`</ItemName>
      <ManufactureName>החברה המרכזית להפצת משקאות בע`</ManufactureName>
      <ManufactureCountry />
      <ManufactureItemDescription />
      <UnitQty>'יח</UnitQty>
      <Quantity>90</Quantity>
      <UnitMeasure>ל-100 מ"ל</UnitMeasure>
      <BisWeighted>0</BisWeighted>
      <QtyInPackage>1</QtyInPackage>
      <ItemPrice>12.90</ItemPrice>
      <UnitOfMeasurePrice>0.12</UnitOfMeasurePrice>
      <AllowDiscount>0</AllowDiscount>
      <itemStatus>1</itemStatus>
      <LastUpdateDate />
      <LastUpdateTime />
    </Product>
    <Product>
      <PriceUpdateDate>2022/02/20 18:33</PriceUpdateDate>
      <ItemCode>7290110114886</ItemCode>
      <ItemType>1</ItemType>
      <ItemName>פריגת סחוט קלמנטינות 2 ליטר</ItemName>
      <ManufactureName>החברה המרכזית להפצה</ManufactureName>
      <ManufactureCountry />
      <ManufactureItemDescription />
      <UnitQty>'יח</UnitQty>
      <Quantity>20</Quantity>
      <UnitMeasure>ל-100 מ"ל</UnitMeasure>
      <BisWeighted>0</BisWeighted>
      <QtyInPackage>1</QtyInPackage>
      <ItemPrice>28.90</ItemPrice>
      <UnitOfMeasurePrice>1.43</UnitOfMeasurePrice>
      <AllowDiscount>0</AllowDiscount>
      <itemStatus>1</itemStatus>
      <LastUpdateDate />
      <LastUpdateTime />
    </Product>
    <Product>
      <PriceUpdateDate>2022/02/20 18:33</PriceUpdateDate>
      <ItemCode>7290110114893</ItemCode>
      <ItemType>1</ItemType>
      <ItemName>מיץ תפוזים מפוסטר סחוט 2 ליטר</ItemName>
      <ManufactureName>החברה המרכזית להפצה</ManufactureName>
      <ManufactureCountry />
      <ManufactureItemDescription />
      <UnitQty>'יח</UnitQty>
      <Quantity>20</Quantity>
      <UnitMeasure>ל-100 מ"ל</UnitMeasure>
      <BisWeighted>0</BisWeighted>
      <QtyInPackage>1</QtyInPackage>
      <ItemPrice>28.90</ItemPrice>
      <UnitOfMeasurePrice>1.43</UnitOfMeasurePrice>
      <AllowDiscount>1</AllowDiscount>
      <itemStatus>1</itemStatus>
      <LastUpdateDate />
      <LastUpdateTime />
    </Product>
    <Product>
      <PriceUpdateDate>2022/02/20 18:33</PriceUpdateDate>
      <ItemCode>7290110114954</ItemCode>
      <ItemType>1</ItemType>
      <ItemName>מיץ תפוז מתקתק 100% 2 ליטר</ItemName>
      <ManufactureName>החברה המרכזית להפצה</ManufactureName>
      <ManufactureCountry />
      <ManufactureItemDescription />
      <UnitQty>'יח</UnitQty>
      <Quantity>4</Quantity>
      <UnitMeasure>ל-100 מ"ל</UnitMeasure>
      <BisWeighted>0</BisWeighted>
      <QtyInPackage>1</QtyInPackage>
      <ItemPrice>21.90</ItemPrice>
      <UnitOfMeasurePrice>5.40</UnitOfMeasurePrice>
      <AllowDiscount>1</AllowDiscount>
      <itemStatus>1</itemStatus>
      <LastUpdateDate />
      <LastUpdateTime />
    </Product>
    <Product>
      <PriceUpdateDate>2022/01/09 15:44</PriceUpdateDate>
      <ItemCode>7290110114961</ItemCode>
      <ItemType>1</ItemType>
      <ItemName>פריגת משקה תפוזים 1.5 ליטר פיקדון</ItemName>
      <ManufactureName>החברה המרכזית להפצת משקאות בע`</ManufactureName>
      <ManufactureCountry />
      <ManufactureItemDescription />
      <UnitQty>'יח</UnitQty>
      <Quantity>15</Quantity>
      <UnitMeasure>ל-100 מ"ל</UnitMeasure>
      <BisWeighted>0</BisWeighted>
      <QtyInPackage>12</QtyInPackage>
      <ItemPrice>9.50</ItemPrice>
      <UnitOfMeasurePrice>0.61</UnitOfMeasurePrice>
      <AllowDiscount>1</AllowDiscount>
      <itemStatus>1</itemStatus>
      <LastUpdateDate />
      <LastUpdateTime />
    </Product>
    <Product>
      <PriceUpdateDate>2022/01/09 15:44</PriceUpdateDate>
      <ItemCode>7290110114985</ItemCode>
      <ItemType>1</ItemType>
      <ItemName>פריגת משקה אשכוליות 1.5 ליטר פיקדון</ItemName>
      <ManufactureName>החברה המרכזית להפצת משקאות בע`</ManufactureName>
      <ManufactureCountry />
      <ManufactureItemDescription />
      <UnitQty>'יח</UnitQty>
      <Quantity>15</Quantity>
      <UnitMeasure>ל-100 מ"ל</UnitMeasure>
      <BisWeighted>0</BisWeighted>
      <QtyInPackage>12</QtyInPackage>
      <ItemPrice>9.50</ItemPrice>
      <UnitOfMeasurePrice>0.61</UnitOfMeasurePrice>
      <AllowDiscount>1</AllowDiscount>
      <itemStatus>1</itemStatus>
      <LastUpdateDate />
      <LastUpdateTime />
    </Product>
    <Product>
      <PriceUpdateDate>2022/01/09 15:44</PriceUpdateDate>
      <ItemCode>7290110114992</ItemCode>
      <ItemType>1</ItemType>
      <ItemName>פריגת דיאט אשכוליות 1.5 ליטר פיקדון</ItemName>
      <ManufactureName>החברה המרכזית להפצת משקאות בע`</ManufactureName>
      <ManufactureCountry />
      <ManufactureItemDescription />
      <UnitQty>'יח</UnitQty>
      <Quantity>15</Quantity>
      <UnitMeasure>ל-100 מ"ל</UnitMeasure>
      <BisWeighted>0</BisWeighted>
      <QtyInPackage>12</QtyInPackage>
      <ItemPrice>8.90</ItemPrice>
      <UnitOfMeasurePrice>0.57</UnitOfMeasurePrice>
      <AllowDiscount>1</AllowDiscount>
      <itemStatus>1</itemStatus>
      <LastUpdateDate />
      <LastUpdateTime />
    </Product>
    <Product>
      <PriceUpdateDate>2022/01/09 15:44</PriceUpdateDate>
      <ItemCode>7290110115005</ItemCode>
      <ItemType>1</ItemType>
      <ItemName>פריגת משקה ענבים 1.5 ליטר פיקדון</ItemName>
      <ManufactureName>החברה המרכזית להפצת משקאות בע`</ManufactureName>
      <ManufactureCountry />
      <ManufactureItemDescription />
      <UnitQty>'יח</UnitQty>
      <Quantity>15</Quantity>
      <UnitMeasure>ל-100 מ"ל</UnitMeasure>
      <BisWeighted>0</BisWeighted>
      <QtyInPackage>12</QtyInPackage>
      <ItemPrice>9.50</ItemPrice>
      <UnitOfMeasurePrice>0.61</UnitOfMeasurePrice>
      <AllowDiscount>1</AllowDiscount>
      <itemStatus>1</itemStatus>
      <LastUpdateDate />
      <LastUpdateTime />
    </Product>
    <Product>
      <PriceUpdateDate>2022/01/09 15:44</PriceUpdateDate>
      <ItemCode>7290110115036</ItemCode>
      <ItemType>1</ItemType>
      <ItemName>פריגת משקה מנגו 1.5 ליטר פיקדון</ItemName>
      <ManufactureName>החברה המרכזית להפצת משקאות בע`</ManufactureName>
      <ManufactureCountry />
      <ManufactureItemDescription />
      <UnitQty>'יח</UnitQty>
      <Quantity>15</Quantity>
      <UnitMeasure>ל-100 מ"ל</UnitMeasure>
      <BisWeighted>0</BisWeighted>
      <QtyInPackage>12</QtyInPackage>
      <ItemPrice>9.50</ItemPrice>
      <UnitOfMeasurePrice>0.61</UnitOfMeasurePrice>
      <AllowDiscount>1</AllowDiscount>
      <itemStatus>1</itemStatus>
      <LastUpdateDate />
      <LastUpdateTime />
    </Product>
    <Product>
      <PriceUpdateDate>2022/01/09 15:44</PriceUpdateDate>
      <ItemCode>7290110115043</ItemCode>
      <ItemType>1</ItemType>
      <ItemName>פריגת לימונענע 1.5 ליטר פיקדון</ItemName>
      <ManufactureName>החברה המרכזית להפצת משקאות בע`</ManufactureName>
      <ManufactureCountry />
      <ManufactureItemDescription />
      <UnitQty>'יח</UnitQty>
      <Quantity>15</Quantity>
      <UnitMeasure>ל-100 מ"ל</UnitMeasure>
      <BisWeighted>0</BisWeighted>
      <QtyInPackage>12</QtyInPackage>
      <ItemPrice>9.50</ItemPrice>
      <UnitOfMeasurePrice>0.61</UnitOfMeasurePrice>
      <AllowDiscount>1</AllowDiscount>
      <itemStatus>1</itemStatus>
      <LastUpdateDate />
      <LastUpdateTime />
    </Product>
    <Product>
      <PriceUpdateDate>2022/01/09 15:44</PriceUpdateDate>
      <ItemCode>7290110115050</ItemCode>
      <ItemType>1</ItemType>
      <ItemName>פריגת מיקס תות בננה 1.5 ליטר פיקדון</ItemName>
      <ManufactureName>החברה המרכזית להפצת משקאות בע`</ManufactureName>
      <ManufactureCountry />
      <ManufactureItemDescription />
      <UnitQty>'יח</UnitQty>
      <Quantity>15</Quantity>
      <UnitMeasure>ל-100 מ"ל</UnitMeasure>
      <BisWeighted>0</BisWeighted>
      <QtyInPackage>12</QtyInPackage>
      <ItemPrice>9.50</ItemPrice>
      <UnitOfMeasurePrice>0.61</UnitOfMeasurePrice>
      <AllowDiscount>1</AllowDiscount>
      <itemStatus>1</itemStatus>
      <LastUpdateDate />
      <LastUpdateTime />
    </Product>
    <Product>
      <PriceUpdateDate>2022/01/09 15:44</PriceUpdateDate>
      <ItemCode>7290110115104</ItemCode>
      <ItemType>1</ItemType>
      <ItemName>פריגת צלול אפרסק 1.5 ל` פיקדון</ItemName>
      <ManufactureName>החברה המרכזית להפצת משקאות בע`</ManufactureName>
      <ManufactureCountry />
      <ManufactureItemDescription />
      <UnitQty>'יח</UnitQty>
      <Quantity>15</Quantity>
      <UnitMeasure>ל-100 מ"ל</UnitMeasure>
      <BisWeighted>0</BisWeighted>
      <QtyInPackage>1</QtyInPackage>
      <ItemPrice>7.90</ItemPrice>
      <UnitOfMeasurePrice>0.51</UnitOfMeasurePrice>
      <AllowDiscount>1</AllowDiscount>
      <itemStatus>1</itemStatus>
      <LastUpdateDate />
      <LastUpdateTime />
    </Product>
    <Product>
      <PriceUpdateDate>2022/01/09 15:44</PriceUpdateDate>
      <ItemCode>7290110115111</ItemCode>
      <ItemType>1</ItemType>
      <ItemName>פריגת צלול אננס 1.5 ל` פיקדון</ItemName>
      <ManufactureName>החברה המרכזית להפצת משקאות בע`</ManufactureName>
      <ManufactureCountry />
      <ManufactureItemDescription />
      <UnitQty>'יח</UnitQty>
      <Quantity>15</Quantity>
      <UnitMeasure>ל-100 מ"ל</UnitMeasure>
      <BisWeighted>0</BisWeighted>
      <QtyInPackage>12</QtyInPackage>
      <ItemPrice>7.90</ItemPrice>
      <UnitOfMeasurePrice>0.51</UnitOfMeasurePrice>
      <AllowDiscount>1</AllowDiscount>
      <itemStatus>1</itemStatus>
      <LastUpdateDate />
      <LastUpdateTime />
    </Product>
    <Product>
      <PriceUpdateDate>2022/01/03 18:30</PriceUpdateDate>
      <ItemCode>7290110115203</ItemCode>
      <ItemType>1</ItemType>
      <ItemName>קוקה קולה 1.5 ליטר פיקדון</ItemName>
      <ManufactureName>החברה המרכזית להפצת משקאות בע`</ManufactureName>
      <ManufactureCountry />
      <ManufactureItemDescription />
      <UnitQty>'יח</UnitQty>
      <Quantity>15</Quantity>
      <UnitMeasure>ל-100 מ"ל</UnitMeasure>
      <BisWeighted>0</BisWeighted>
      <QtyInPackage>12</QtyInPackage>
      <ItemPrice>8.90</ItemPrice>
      <UnitOfMeasurePrice>0.57</UnitOfMeasurePrice>
      <AllowDiscount>0</AllowDiscount>
      <itemStatus>1</itemStatus>
      <LastUpdateDate />
      <LastUpdateTime />
    </Product>
    <Product>
      <PriceUpdateDate>2022/01/03 18:30</PriceUpdateDate>
      <ItemCode>7290110115210</ItemCode>
      <ItemType>1</ItemType>
      <ItemName>קוקה קולה דיאט 1.5 ליטר פיקדון</ItemName>
      <ManufactureName>החברה המרכזית להפצת משקאות בע`</ManufactureName>
      <ManufactureCountry />
      <ManufactureItemDescription />
      <UnitQty>'יח</UnitQty>
      <Quantity>10</Quantity>
      <UnitMeasure>ל-100 מ"ל</UnitMeasure>
      <BisWeighted>0</BisWeighted>
      <QtyInPackage>12</QtyInPackage>
      <ItemPrice>8.40</ItemPrice>
      <UnitOfMeasurePrice>0.81</UnitOfMeasurePrice>
      <AllowDiscount>0</AllowDiscount>
      <itemStatus>1</itemStatus>
      <LastUpdateDate />
      <LastUpdateTime />
    </Product>
    <Product>
      <PriceUpdateDate>2022/01/03 18:30</PriceUpdateDate>
      <ItemCode>7290110115227</ItemCode>
      <ItemType>1</ItemType>
      <ItemName>קוקה קולה Zero בקבוק 1.5 ליטר פיקדון</ItemName>
      <ManufactureName>החברה המרכזית להפצת משקאות בע`</ManufactureName>
      <ManufactureCountry />
      <ManufactureItemDescription />
      <UnitQty>'יח</UnitQty>
      <Quantity>15</Quantity>
      <UnitMeasure>ל-100 מ"ל</UnitMeasure>
      <BisWeighted>0</BisWeighted>
      <QtyInPackage>1</QtyInPackage>
      <ItemPrice>8.40</ItemPrice>
      <UnitOfMeasurePrice>0.54</UnitOfMeasurePrice>
      <AllowDiscount>0</AllowDiscount>
      <itemStatus>1</itemStatus>
      <LastUpdateDate />
      <LastUpdateTime />
    </Product>
    <Product>
      <PriceUpdateDate>2022/01/03 18:30</PriceUpdateDate>
      <ItemCode>7290110115234</ItemCode>
      <ItemType>1</ItemType>
      <ItemName>קוקה קולה דיאט זירו 1.5 ליטר פיקדון</ItemName>
      <ManufactureName>החברה המרכזית להפצת משקאות בע`</ManufactureName>
      <ManufactureCountry />
      <ManufactureItemDescription />
      <UnitQty>'יח</UnitQty>
      <Quantity>15</Quantity>
      <UnitMeasure>ל-100 מ"ל</UnitMeasure>
      <BisWeighted>0</BisWeighted>
      <QtyInPackage>12</QtyInPackage>
      <ItemPrice>8.40</ItemPrice>
      <UnitOfMeasurePrice>0.54</UnitOfMeasurePrice>
      <AllowDiscount>0</AllowDiscount>
      <itemStatus>1</itemStatus>
      <LastUpdateDate />
      <LastUpdateTime />
    </Product>
    <Product>
      <PriceUpdateDate>2022/01/03 18:30</PriceUpdateDate>
      <ItemCode>7290110115241</ItemCode>
      <ItemType>1</ItemType>
      <ItemName>קוקה קולה דיאט לימון 1.5 ליטר פיקדון</ItemName>
      <ManufactureName>החברה המרכזית להפצת משקאות בע`</ManufactureName>
      <ManufactureCountry />
      <ManufactureItemDescription />
      <UnitQty>'יח</UnitQty>
      <Quantity>15</Quantity>
      <UnitMeasure>ל-100 מ"ל</UnitMeasure>
      <BisWeighted>0</BisWeighted>
      <QtyInPackage>12</QtyInPackage>
      <ItemPrice>8.40</ItemPrice>
      <UnitOfMeasurePrice>0.54</UnitOfMeasurePrice>
      <AllowDiscount>0</AllowDiscount>
      <itemStatus>1</itemStatus>
      <LastUpdateDate />
      <LastUpdateTime />
    </Product>
    <Product>
      <PriceUpdateDate>2022/01/03 18:30</PriceUpdateDate>
      <ItemCode>7290110115258</ItemCode>
      <ItemType>1</ItemType>
      <ItemName>קוקה קולה זירו מנגו  1.5 ליטר פיקדון</ItemName>
      <ManufactureName>החברה המרכזית להפצת משקאות בע`</ManufactureName>
      <ManufactureCountry />
      <ManufactureItemDescription />
      <UnitQty>'יח</UnitQty>
      <Quantity>15</Quantity>
      <UnitMeasure>ל-100 מ"ל</UnitMeasure>
      <BisWeighted>0</BisWeighted>
      <QtyInPackage>12</QtyInPackage>
      <ItemPrice>8.40</ItemPrice>
      <UnitOfMeasurePrice>0.54</UnitOfMeasurePrice>
      <AllowDiscount>0</AllowDiscount>
      <itemStatus>1</itemStatus>
      <LastUpdateDate />
      <LastUpdateTime />
    </Product>
    <Product>
      <PriceUpdateDate>2022/01/03 18:30</PriceUpdateDate>
      <ItemCode>7290110115265</ItemCode>
      <ItemType>1</ItemType>
      <ItemName>ספרייט 1.5 ליטר פיקדון</ItemName>
      <ManufactureName>החברה המרכזית להפצת משקאות בע`</ManufactureName>
      <ManufactureCountry />
      <ManufactureItemDescription />
      <UnitQty>'יח</UnitQty>
      <Quantity>15</Quantity>
      <UnitMeasure>ל-100 מ"ל</UnitMeasure>
      <BisWeighted>0</BisWeighted>
      <QtyInPackage>12</QtyInPackage>
      <ItemPrice>8.90</ItemPrice>
      <UnitOfMeasurePrice>0.57</UnitOfMeasurePrice>
      <AllowDiscount>1</AllowDiscount>
      <itemStatus>1</itemStatus>
      <LastUpdateDate />
      <LastUpdateTime />
    </Product>
    <Product>
      <PriceUpdateDate>2022/01/03 13:00</PriceUpdateDate>
      <ItemCode>7290110115272</ItemCode>
      <ItemType>1</ItemType>
      <ItemName>ספרייט זירו 1.5 ליטר</ItemName>
      <ManufactureName>החברה המרכזית להפצת משקאות בע`</ManufactureName>
      <ManufactureCountry />
      <ManufactureItemDescription />
      <UnitQty>'יח</UnitQty>
      <Quantity>15</Quantity>
      <UnitMeasure>ל-100 מ"ל</UnitMeasure>
      <BisWeighted>0</BisWeighted>
      <QtyInPackage>12</QtyInPackage>
      <ItemPrice>8.80</ItemPrice>
      <UnitOfMeasurePrice>0.57</UnitOfMeasurePrice>
      <AllowDiscount>1</AllowDiscount>
      <itemStatus>1</itemStatus>
      <LastUpdateDate />
      <LastUpdateTime />
    </Product>
    <Product>
      <PriceUpdateDate>2022/08/22 20:25</PriceUpdateDate>
      <ItemCode>7290110115289</ItemCode>
      <ItemType>1</ItemType>
      <ItemName>ספרייט 19 קל` לימון נענע  1.5 ליטר פי</ItemName>
      <ManufactureName>החברה המרכזית להפצת משקאות בע`</ManufactureName>
      <ManufactureCountry />
      <ManufactureItemDescription />
      <UnitQty>'יח</UnitQty>
      <Quantity>15</Quantity>
      <UnitMeasure>ל-100 מ"ל</UnitMeasure>
      <BisWeighted>0</BisWeighted>
      <QtyInPackage>12</QtyInPackage>
      <ItemPrice>8.90</ItemPrice>
      <UnitOfMeasurePrice>0.57</UnitOfMeasurePrice>
      <AllowDiscount>1</AllowDiscount>
      <itemStatus>1</itemStatus>
      <LastUpdateDate />
      <LastUpdateTime />
    </Product>
    <Product>
      <PriceUpdateDate>2022/01/03 18:30</PriceUpdateDate>
      <ItemCode>7290110115296</ItemCode>
      <ItemType>1</ItemType>
      <ItemName>גזוז בטעם תפוז פאנטה 1.5 ליטר פיקדון</ItemName>
      <ManufactureName>החברה המרכזית להפצת משקאות בע`</ManufactureName>
      <ManufactureCountry />
      <ManufactureItemDescription />
      <UnitQty>'יח</UnitQty>
      <Quantity>15</Quantity>
      <UnitMeasure>ל-100 מ"ל</UnitMeasure>
      <BisWeighted>0</BisWeighted>
      <QtyInPackage>12</QtyInPackage>
      <ItemPrice>8.90</ItemPrice>
      <UnitOfMeasurePrice>0.57</UnitOfMeasurePrice>
      <AllowDiscount>1</AllowDiscount>
      <itemStatus>1</itemStatus>
      <LastUpdateDate />
      <LastUpdateTime />
    </Product>
    <Product>
      <PriceUpdateDate>2022/01/03 18:30</PriceUpdateDate>
      <ItemCode>7290110115302</ItemCode>
      <ItemType>1</ItemType>
      <ItemName>פאנטה ZERO אורנג`  1.5 ליטר פיקדון</ItemName>
      <ManufactureName>החברה המרכזית להפצת משקאות בע`</ManufactureName>
      <ManufactureCountry />
      <ManufactureItemDescription />
      <UnitQty>'יח</UnitQty>
      <Quantity>15</Quantity>
      <UnitMeasure>ל-100 מ"ל</UnitMeasure>
      <BisWeighted>0</BisWeighted>
      <QtyInPackage>12</QtyInPackage>
      <ItemPrice>8.40</ItemPrice>
      <UnitOfMeasurePrice>0.54</UnitOfMeasurePrice>
      <AllowDiscount>1</AllowDiscount>
      <itemStatus>1</itemStatus>
      <LastUpdateDate />
      <LastUpdateTime />
    </Product>
    <Product>
      <PriceUpdateDate>2022/01/03 18:30</PriceUpdateDate>
      <ItemCode>7290110115319</ItemCode>
      <ItemType>1</ItemType>
      <ItemName>פאנטה אקזוטי פירות טרופיים 1.5ל פיקדון</ItemName>
      <ManufactureName>החברה המרכזית להפצת משקאות בע`</ManufactureName>
      <ManufactureCountry />
      <ManufactureItemDescription />
      <UnitQty>'יח</UnitQty>
      <Quantity>15</Quantity>
      <UnitMeasure>ל-100 מ"ל</UnitMeasure>
      <BisWeighted>0</BisWeighted>
      <QtyInPackage>12</QtyInPackage>
      <ItemPrice>8.90</ItemPrice>
      <UnitOfMeasurePrice>0.57</UnitOfMeasurePrice>
      <AllowDiscount>1</AllowDiscount>
      <itemStatus>1</itemStatus>
      <LastUpdateDate />
      <LastUpdateTime />
    </Product>
    <Product>
      <PriceUpdateDate>2022/01/03 18:30</PriceUpdateDate>
      <ItemCode>7290110115326</ItemCode>
      <ItemType>1</ItemType>
      <ItemName>פאנטה אורנג`מנגו מוגז 1.5 ליטר פיקדון</ItemName>
      <ManufactureName>החברה המרכזית להפצת משקאות בע`</ManufactureName>
      <ManufactureCountry />
      <ManufactureItemDescription />
      <UnitQty>'יח</UnitQty>
      <Quantity>15</Quantity>
      <UnitMeasure>ל-100 מ"ל</UnitMeasure>
      <BisWeighted>0</BisWeighted>
      <QtyInPackage>12</QtyInPackage>
      <ItemPrice>8.90</ItemPrice>
      <UnitOfMeasurePrice>0.57</UnitOfMeasurePrice>
      <AllowDiscount>1</AllowDiscount>
      <itemStatus>1</itemStatus>
      <LastUpdateDate />
      <LastUpdateTime />
    </Product>
    <Product>
      <PriceUpdateDate>2022/01/03 18:30</PriceUpdateDate>
      <ItemCode>7290110115333</ItemCode>
      <ItemType>1</ItemType>
      <ItemName>גזוז בטעם תות פאנטה 1.5 ליטר פיקדון</ItemName>
      <ManufactureName>החברה המרכזית להפצת משקאות בע`</ManufactureName>
      <ManufactureCountry />
      <ManufactureItemDescription />
      <UnitQty>'יח</UnitQty>
      <Quantity>15</Quantity>
      <UnitMeasure>ל-100 מ"ל</UnitMeasure>
      <BisWeighted>0</BisWeighted>
      <QtyInPackage>1</QtyInPackage>
      <ItemPrice>8.90</ItemPrice>
      <UnitOfMeasurePrice>0.57</UnitOfMeasurePrice>
      <AllowDiscount>1</AllowDiscount>
      <itemStatus>1</itemStatus>
      <LastUpdateDate />
      <LastUpdateTime />
    </Product>
    <Product>
      <PriceUpdateDate>2022/01/09 15:44</PriceUpdateDate>
      <ItemCode>7290110115357</ItemCode>
      <ItemType>1</ItemType>
      <ItemName>קינלי סודה 1.5 ליטר פיקדון</ItemName>
      <ManufactureName>החברה המרכזית להפצת משקאות בע`</ManufactureName>
      <ManufactureCountry />
      <ManufactureItemDescription />
      <UnitQty>'יח</UnitQty>
      <Quantity>15</Quantity>
      <UnitMeasure>ל-100 מ"ל</UnitMeasure>
      <BisWeighted>0</BisWeighted>
      <QtyInPackage>12</QtyInPackage>
      <ItemPrice>4.20</ItemPrice>
      <UnitOfMeasurePrice>0.26</UnitOfMeasurePrice>
      <AllowDiscount>0</AllowDiscount>
      <itemStatus>1</itemStatus>
      <LastUpdateDate />
      <LastUpdateTime />
    </Product>
    <Product>
      <PriceUpdateDate>2022/01/03 18:30</PriceUpdateDate>
      <ItemCode>7290110115364</ItemCode>
      <ItemType>1</ItemType>
      <ItemName>קוקה קולה שישיה 1.5 ליטר פיקדון</ItemName>
      <ManufactureName>החברה המרכזית להפצת משקאות בע`</ManufactureName>
      <ManufactureCountry />
      <ManufactureItemDescription />
      <UnitQty>'יח</UnitQty>
      <Quantity>90</Quantity>
      <UnitMeasure>ל-100 מ"ל</UnitMeasure>
      <BisWeighted>0</BisWeighted>
      <QtyInPackage>1</QtyInPackage>
      <ItemPrice>51.90</ItemPrice>
      <UnitOfMeasurePrice>0.56</UnitOfMeasurePrice>
      <AllowDiscount>0</AllowDiscount>
      <itemStatus>1</itemStatus>
      <LastUpdateDate />
      <LastUpdateTime />
    </Product>
    <Product>
      <PriceUpdateDate>2022/01/03 18:30</PriceUpdateDate>
      <ItemCode>7290110115388</ItemCode>
      <ItemType>1</ItemType>
      <ItemName>ספרייט ליים שישייה 1.5 ליטר פיקדון</ItemName>
      <ManufactureName>החברה המרכזית להפצת משקאות בע`</ManufactureName>
      <ManufactureCountry />
      <ManufactureItemDescription />
      <UnitQty>'יח</UnitQty>
      <Quantity>90</Quantity>
      <UnitMeasure>ל-100 מ"ל</UnitMeasure>
      <BisWeighted>0</BisWeighted>
      <QtyInPackage>1</QtyInPackage>
      <ItemPrice>51.90</ItemPrice>
      <UnitOfMeasurePrice>0.56</UnitOfMeasurePrice>
      <AllowDiscount>0</AllowDiscount>
      <itemStatus>1</itemStatus>
      <LastUpdateDate />
      <LastUpdateTime />
    </Product>
    <Product>
      <PriceUpdateDate>2022/01/03 18:30</PriceUpdateDate>
      <ItemCode>7290110115395</ItemCode>
      <ItemType>1</ItemType>
      <ItemName>ספרייט זירו שישיות 1.5 ליטר פיקדון</ItemName>
      <ManufactureName>החברה המרכזית להפצת משקאות בע`</ManufactureName>
      <ManufactureCountry />
      <ManufactureItemDescription />
      <UnitQty>'יח</UnitQty>
      <Quantity>90</Quantity>
      <UnitMeasure>ל-100 מ"ל</UnitMeasure>
      <BisWeighted>0</BisWeighted>
      <QtyInPackage>1</QtyInPackage>
      <ItemPrice>49.90</ItemPrice>
      <UnitOfMeasurePrice>0.53</UnitOfMeasurePrice>
      <AllowDiscount>0</AllowDiscount>
      <itemStatus>1</itemStatus>
      <LastUpdateDate />
      <LastUpdateTime />
    </Product>
    <Product>
      <PriceUpdateDate>2022/09/09 09:05</PriceUpdateDate>
      <ItemCode>7290110115401</ItemCode>
      <ItemType>1</ItemType>
      <ItemName>קינלי סודה 6*1.5 ליטר פיקדון</ItemName>
      <ManufactureName>החברה המרכזית להפצת משקאות בע`</ManufactureName>
      <ManufactureCountry />
      <ManufactureItemDescription />
      <UnitQty>'יח</UnitQty>
      <Quantity>90</Quantity>
      <UnitMeasure>ל-100 מ"ל</UnitMeasure>
      <BisWeighted>0</BisWeighted>
      <QtyInPackage>1</QtyInPackage>
      <ItemPrice>15.90</ItemPrice>
      <UnitOfMeasurePrice>0.16</UnitOfMeasurePrice>
      <AllowDiscount>0</AllowDiscount>
      <itemStatus>1</itemStatus>
      <LastUpdateDate />
      <LastUpdateTime />
    </Product>
    <Product>
      <PriceUpdateDate>2022/01/03 18:30</PriceUpdateDate>
      <ItemCode>7290110115418</ItemCode>
      <ItemType>1</ItemType>
      <ItemName>קוקה קולה Zero בקבוק 6*1.5 ליטר פיקדון</ItemName>
      <ManufactureName>החברה המרכזית להפצת משקאות בע`</ManufactureName>
      <ManufactureCountry />
      <ManufactureItemDescription />
      <UnitQty>'יח</UnitQty>
      <Quantity>90</Quantity>
      <UnitMeasure>ל-100 מ"ל</UnitMeasure>
      <BisWeighted>0</BisWeighted>
      <QtyInPackage>1</QtyInPackage>
      <ItemPrice>49.90</ItemPrice>
      <UnitOfMeasurePrice>0.53</UnitOfMeasurePrice>
      <AllowDiscount>0</AllowDiscount>
      <itemStatus>1</itemStatus>
      <LastUpdateDate />
      <LastUpdateTime />
    </Product>
    <Product>
      <PriceUpdateDate>2022/01/03 13:00</PriceUpdateDate>
      <ItemCode>7290110115425</ItemCode>
      <ItemType>1</ItemType>
      <ItemName>פיוז-טי לימון נענע 1.5 ליטר</ItemName>
      <ManufactureName>החברה המרכזית להפצת משקאות בע`</ManufactureName>
      <ManufactureCountry />
      <ManufactureItemDescription />
      <UnitQty>'יח</UnitQty>
      <Quantity>15</Quantity>
      <UnitMeasure>ל-100 מ"ל</UnitMeasure>
      <BisWeighted>0</BisWeighted>
      <QtyInPackage>12</QtyInPackage>
      <ItemPrice>9.20</ItemPrice>
      <UnitOfMeasurePrice>0.59</UnitOfMeasurePrice>
      <AllowDiscount>1</AllowDiscount>
      <itemStatus>1</itemStatus>
      <LastUpdateDate />
      <LastUpdateTime />
    </Product>
    <Product>
      <PriceUpdateDate>2022/01/03 18:30</PriceUpdateDate>
      <ItemCode>7290110115449</ItemCode>
      <ItemType>1</ItemType>
      <ItemName>פיוז-טי תה מנגו אננס 1.5 ליטר פיקדון</ItemName>
      <ManufactureName>החברה המרכזית להפצת משקאות בע`</ManufactureName>
      <ManufactureCountry />
      <ManufactureItemDescription />
      <UnitQty>'יח</UnitQty>
      <Quantity>15</Quantity>
      <UnitMeasure>ל-100 מ"ל</UnitMeasure>
      <BisWeighted>0</BisWeighted>
      <QtyInPackage>12</QtyInPackage>
      <ItemPrice>9.20</ItemPrice>
      <UnitOfMeasurePrice>0.59</UnitOfMeasurePrice>
      <AllowDiscount>1</AllowDiscount>
      <itemStatus>1</itemStatus>
      <LastUpdateDate />
      <LastUpdateTime />
    </Product>
    <Product>
      <PriceUpdateDate>2022/01/03 18:30</PriceUpdateDate>
      <ItemCode>7290110115456</ItemCode>
      <ItemType>1</ItemType>
      <ItemName>פיוז-טי תה אפרסק 1.5 ליטר 19 קל פיקדון</ItemName>
      <ManufactureName>החברה המרכזית להפצת משקאות בע`</ManufactureName>
      <ManufactureCountry />
      <ManufactureItemDescription />
      <UnitQty>'יח</UnitQty>
      <Quantity>15</Quantity>
      <UnitMeasure>ל-100 מ"ל</UnitMeasure>
      <BisWeighted>0</BisWeighted>
      <QtyInPackage>12</QtyInPackage>
      <ItemPrice>8.60</ItemPrice>
      <UnitOfMeasurePrice>0.55</UnitOfMeasurePrice>
      <AllowDiscount>1</AllowDiscount>
      <itemStatus>1</itemStatus>
      <LastUpdateDate />
      <LastUpdateTime />
    </Product>
    <Product>
      <PriceUpdateDate>2022/08/22 20:25</PriceUpdateDate>
      <ItemCode>7290110115463</ItemCode>
      <ItemType>1</ItemType>
      <ItemName>פיוז-טי תה אפרסק  1.5 ליטר פיקדון</ItemName>
      <ManufactureName>החברה המרכזית להפצת משקאות בע`</ManufactureName>
      <ManufactureCountry />
      <ManufactureItemDescription />
      <UnitQty>'יח</UnitQty>
      <Quantity>15</Quantity>
      <UnitMeasure>ל-100 מ"ל</UnitMeasure>
      <BisWeighted>0</BisWeighted>
      <QtyInPackage>12</QtyInPackage>
      <ItemPrice>8.90</ItemPrice>
      <UnitOfMeasurePrice>0.57</UnitOfMeasurePrice>
      <AllowDiscount>1</AllowDiscount>
      <itemStatus>1</itemStatus>
      <LastUpdateDate />
      <LastUpdateTime />
    </Product>
    <Product>
      <PriceUpdateDate>2022/08/22 20:25</PriceUpdateDate>
      <ItemCode>7290110115494</ItemCode>
      <ItemType>1</ItemType>
      <ItemName>פיוז-טי תה ענבים 1.5 ליטר פיקדון</ItemName>
      <ManufactureName>החברה המרכזית להפצת משקאות בע`</ManufactureName>
      <ManufactureCountry />
      <ManufactureItemDescription />
      <UnitQty>'יח</UnitQty>
      <Quantity>15</Quantity>
      <UnitMeasure>ל-100 מ"ל</UnitMeasure>
      <BisWeighted>0</BisWeighted>
      <QtyInPackage>12</QtyInPackage>
      <ItemPrice>8.90</ItemPrice>
      <UnitOfMeasurePrice>0.57</UnitOfMeasurePrice>
      <AllowDiscount>1</AllowDiscount>
      <itemStatus>1</itemStatus>
      <LastUpdateDate />
      <LastUpdateTime />
    </Product>
    <Product>
      <PriceUpdateDate>2022/08/22 20:25</PriceUpdateDate>
      <ItemCode>7290110115623</ItemCode>
      <ItemType>1</ItemType>
      <ItemName>פיוז-טי תה אפרסק זירו  1.5 ליטר פיקדון</ItemName>
      <ManufactureName>החברה המרכזית להפצת משקאות בע`</ManufactureName>
      <ManufactureCountry />
      <ManufactureItemDescription />
      <UnitQty>'יח</UnitQty>
      <Quantity>15</Quantity>
      <UnitMeasure>ל-100 מ"ל</UnitMeasure>
      <BisWeighted>0</BisWeighted>
      <QtyInPackage>12</QtyInPackage>
      <ItemPrice>8.90</ItemPrice>
      <UnitOfMeasurePrice>0.57</UnitOfMeasurePrice>
      <AllowDiscount>1</AllowDiscount>
      <itemStatus>1</itemStatus>
      <LastUpdateDate />
      <LastUpdateTime />
    </Product>
    <Product>
      <PriceUpdateDate>2022/05/18 18:30</PriceUpdateDate>
      <ItemCode>7290110116064</ItemCode>
      <ItemType>1</ItemType>
      <ItemName>פאנטה זירו בטעם פירות ירוק 1.5 ל פיקדון</ItemName>
      <ManufactureName>החברה המרכזית להפצת משקאות בע`</ManufactureName>
      <ManufactureCountry />
      <ManufactureItemDescription />
      <UnitQty>'יח</UnitQty>
      <Quantity>15</Quantity>
      <UnitMeasure>ל-100 מ"ל</UnitMeasure>
      <BisWeighted>0</BisWeighted>
      <QtyInPackage>12</QtyInPackage>
      <ItemPrice>8.90</ItemPrice>
      <UnitOfMeasurePrice>0.57</UnitOfMeasurePrice>
      <AllowDiscount>0</AllowDiscount>
      <itemStatus>1</itemStatus>
      <LastUpdateDate />
      <LastUpdateTime />
    </Product>
    <Product>
      <PriceUpdateDate>2022/07/12 10:22</PriceUpdateDate>
      <ItemCode>7290110116132</ItemCode>
      <ItemType>1</ItemType>
      <ItemName>סירופ פריגת בטעם לימון 750 מ"ל פיקדון</ItemName>
      <ManufactureName>החברה המרכזית להפצת משקאות בע`</ManufactureName>
      <ManufactureCountry />
      <ManufactureItemDescription />
      <UnitQty>'יח</UnitQty>
      <Quantity>7.50</Quantity>
      <UnitMeasure>ל-100 מ"ל</UnitMeasure>
      <BisWeighted>0</BisWeighted>
      <QtyInPackage>1</QtyInPackage>
      <ItemPrice>24.90</ItemPrice>
      <UnitOfMeasurePrice>3.28</UnitOfMeasurePrice>
      <AllowDiscount>1</AllowDiscount>
      <itemStatus>1</itemStatus>
      <LastUpdateDate />
      <LastUpdateTime />
    </Product>
    <Product>
      <PriceUpdateDate>2022/08/04 07:33</PriceUpdateDate>
      <ItemCode>7290110116194</ItemCode>
      <ItemType>1</ItemType>
      <ItemName>נביעות+ לימון  1.5 ל` 0 קלוריות</ItemName>
      <ManufactureName>החברה המרכזית להפצת משקאות בע`</ManufactureName>
      <ManufactureCountry />
      <ManufactureItemDescription />
      <UnitQty>'יח</UnitQty>
      <Quantity>15</Quantity>
      <UnitMeasure>ל-100 מ"ל</UnitMeasure>
      <BisWeighted>0</BisWeighted>
      <QtyInPackage>12</QtyInPackage>
      <ItemPrice>9.90</ItemPrice>
      <UnitOfMeasurePrice>0.64</UnitOfMeasurePrice>
      <AllowDiscount>0</AllowDiscount>
      <itemStatus>1</itemStatus>
      <LastUpdateDate />
      <LastUpdateTime />
    </Product>
    <Product>
      <PriceUpdateDate>2022/08/04 07:33</PriceUpdateDate>
      <ItemCode>7290110116217</ItemCode>
      <ItemType>1</ItemType>
      <ItemName>נביעות+ אשכוליות  1.5 ל` 0 קלוריות</ItemName>
      <ManufactureName>החברה המרכזית להפצת משקאות בע`</ManufactureName>
      <ManufactureCountry />
      <ManufactureItemDescription />
      <UnitQty>'יח</UnitQty>
      <Quantity>15</Quantity>
      <UnitMeasure>ל-100 מ"ל</UnitMeasure>
      <BisWeighted>0</BisWeighted>
      <QtyInPackage>12</QtyInPackage>
      <ItemPrice>9.90</ItemPrice>
      <UnitOfMeasurePrice>0.64</UnitOfMeasurePrice>
      <AllowDiscount>0</AllowDiscount>
      <itemStatus>1</itemStatus>
      <LastUpdateDate />
      <LastUpdateTime />
    </Product>
    <Product>
      <PriceUpdateDate>2022/03/14 12:47</PriceUpdateDate>
      <ItemCode>7290110116316</ItemCode>
      <ItemType>1</ItemType>
      <ItemName>קוקה קולה שישיה 1.5 ליטר פיקדון כשלפ</ItemName>
      <ManufactureName>החברה המרכזית להפצת משקאות בע`</ManufactureName>
      <ManufactureCountry />
      <ManufactureItemDescription />
      <UnitQty>'יח</UnitQty>
      <Quantity>90</Quantity>
      <UnitMeasure>ל-100 מ"ל</UnitMeasure>
      <BisWeighted>0</BisWeighted>
      <QtyInPackage>1</QtyInPackage>
      <ItemPrice>51.90</ItemPrice>
      <UnitOfMeasurePrice>0.56</UnitOfMeasurePrice>
      <AllowDiscount>0</AllowDiscount>
      <itemStatus>1</itemStatus>
      <LastUpdateDate />
      <LastUpdateTime />
    </Product>
    <Product>
      <PriceUpdateDate>2022/03/14 12:47</PriceUpdateDate>
      <ItemCode>7290110116323</ItemCode>
      <ItemType>1</ItemType>
      <ItemName>קוקה קולה Zero בקבוק 6*1.5 ליטר כשלפ</ItemName>
      <ManufactureName>החברה המרכזית להפצת משקאות בע`</ManufactureName>
      <ManufactureCountry />
      <ManufactureItemDescription />
      <UnitQty>'יח</UnitQty>
      <Quantity>90</Quantity>
      <UnitMeasure>ל-100 מ"ל</UnitMeasure>
      <BisWeighted>0</BisWeighted>
      <QtyInPackage>1</QtyInPackage>
      <ItemPrice>49.90</ItemPrice>
      <UnitOfMeasurePrice>0.53</UnitOfMeasurePrice>
      <AllowDiscount>0</AllowDiscount>
      <itemStatus>1</itemStatus>
      <LastUpdateDate />
      <LastUpdateTime />
    </Product>
    <Product>
      <PriceUpdateDate>2022/10/31 14:53</PriceUpdateDate>
      <ItemCode>7290110116484</ItemCode>
      <ItemType>1</ItemType>
      <ItemName>פריגת מיקס תות 1 ליטר</ItemName>
      <ManufactureName>החברה המרכזית להפצה</ManufactureName>
      <ManufactureCountry />
      <ManufactureItemDescription />
      <UnitQty>'יח</UnitQty>
      <Quantity>1</Quantity>
      <UnitMeasure>לליטר</UnitMeasure>
      <BisWeighted>0</BisWeighted>
      <QtyInPackage>1</QtyInPackage>
      <ItemPrice>17.90</ItemPrice>
      <UnitOfMeasurePrice>17.90</UnitOfMeasurePrice>
      <AllowDiscount>0</AllowDiscount>
      <itemStatus>1</itemStatus>
      <LastUpdateDate />
      <LastUpdateTime />
    </Product>
    <Product>
      <PriceUpdateDate>2022/10/31 14:53</PriceUpdateDate>
      <ItemCode>7290110116491</ItemCode>
      <ItemType>1</ItemType>
      <ItemName>פריגת מיקס אפרסק 1 ליטר</ItemName>
      <ManufactureName>החברה המרכזית להפצה</ManufactureName>
      <ManufactureCountry />
      <ManufactureItemDescription />
      <UnitQty>'יח</UnitQty>
      <Quantity>1</Quantity>
      <UnitMeasure>לליטר</UnitMeasure>
      <BisWeighted>0</BisWeighted>
      <QtyInPackage>1</QtyInPackage>
      <ItemPrice>17.90</ItemPrice>
      <UnitOfMeasurePrice>17.90</UnitOfMeasurePrice>
      <AllowDiscount>0</AllowDiscount>
      <itemStatus>1</itemStatus>
      <LastUpdateDate />
      <LastUpdateTime />
    </Product>
    <Product>
      <PriceUpdateDate>2022/10/31 14:53</PriceUpdateDate>
      <ItemCode>7290110116507</ItemCode>
      <ItemType>1</ItemType>
      <ItemName>פריגת מיקס אננס 1 ליטר</ItemName>
      <ManufactureName>החברה המרכזית להפצה</ManufactureName>
      <ManufactureCountry />
      <ManufactureItemDescription />
      <UnitQty>'יח</UnitQty>
      <Quantity>1</Quantity>
      <UnitMeasure>לליטר</UnitMeasure>
      <BisWeighted>0</BisWeighted>
      <QtyInPackage>1</QtyInPackage>
      <ItemPrice>17.90</ItemPrice>
      <UnitOfMeasurePrice>17.90</UnitOfMeasurePrice>
      <AllowDiscount>0</AllowDiscount>
      <itemStatus>1</itemStatus>
      <LastUpdateDate />
      <LastUpdateTime />
    </Product>
    <Product>
      <PriceUpdateDate>2022/10/31 14:53</PriceUpdateDate>
      <ItemCode>7290110116514</ItemCode>
      <ItemType>1</ItemType>
      <ItemName>פריגת מיקס תות 400 מ"ל</ItemName>
      <ManufactureName>החברה המרכזית להפצה</ManufactureName>
      <ManufactureCountry />
      <ManufactureItemDescription />
      <UnitQty>'יח</UnitQty>
      <Quantity>4</Quantity>
      <UnitMeasure>ל-100 מ"ל</UnitMeasure>
      <BisWeighted>0</BisWeighted>
      <QtyInPackage>1</QtyInPackage>
      <ItemPrice>9.90</ItemPrice>
      <UnitOfMeasurePrice>2.40</UnitOfMeasurePrice>
      <AllowDiscount>0</AllowDiscount>
      <itemStatus>1</itemStatus>
      <LastUpdateDate />
      <LastUpdateTime />
    </Product>
    <Product>
      <PriceUpdateDate>2022/10/31 14:53</PriceUpdateDate>
      <ItemCode>7290110116521</ItemCode>
      <ItemType>1</ItemType>
      <ItemName>פריגת מיקס 400 מ"ל</ItemName>
      <ManufactureName>החברה המרכזית להפצה</ManufactureName>
      <ManufactureCountry />
      <ManufactureItemDescription />
      <UnitQty>'יח</UnitQty>
      <Quantity>4</Quantity>
      <UnitMeasure>ל-100 מ"ל</UnitMeasure>
      <BisWeighted>0</BisWeighted>
      <QtyInPackage>1</QtyInPackage>
      <ItemPrice>9.90</ItemPrice>
      <UnitOfMeasurePrice>2.40</UnitOfMeasurePrice>
      <AllowDiscount>0</AllowDiscount>
      <itemStatus>1</itemStatus>
      <LastUpdateDate />
      <LastUpdateTime />
    </Product>
    <Product>
      <PriceUpdateDate>2022/10/08 20:16</PriceUpdateDate>
      <ItemCode>7290110116552</ItemCode>
      <ItemType>1</ItemType>
      <ItemName>ספרייט 1.5 ליטר LEMON HIT פיקדון</ItemName>
      <ManufactureName>החברה המרכזית להפצת משקאות בע`</ManufactureName>
      <ManufactureCountry />
      <ManufactureItemDescription />
      <UnitQty>'יח</UnitQty>
      <Quantity>15</Quantity>
      <UnitMeasure>ל-100 מ"ל</UnitMeasure>
      <BisWeighted>0</BisWeighted>
      <QtyInPackage>12</QtyInPackage>
      <ItemPrice>8.90</ItemPrice>
      <UnitOfMeasurePrice>0.57</UnitOfMeasurePrice>
      <AllowDiscount>1</AllowDiscount>
      <itemStatus>1</itemStatus>
      <LastUpdateDate />
      <LastUpdateTime />
    </Product>
    <Product>
      <PriceUpdateDate>2022/10/08 20:16</PriceUpdateDate>
      <ItemCode>7290110116569</ItemCode>
      <ItemType>1</ItemType>
      <ItemName>ספרייט זירו 1.5 ליטר LEMON HIT פיקדון</ItemName>
      <ManufactureName>החברה המרכזית להפצת משקאות בע`</ManufactureName>
      <ManufactureCountry />
      <ManufactureItemDescription />
      <UnitQty>'יח</UnitQty>
      <Quantity>15</Quantity>
      <UnitMeasure>ל-100 מ"ל</UnitMeasure>
      <BisWeighted>0</BisWeighted>
      <QtyInPackage>12</QtyInPackage>
      <ItemPrice>8.80</ItemPrice>
      <UnitOfMeasurePrice>0.57</UnitOfMeasurePrice>
      <AllowDiscount>1</AllowDiscount>
      <itemStatus>1</itemStatus>
      <LastUpdateDate />
      <LastUpdateTime />
    </Product>
    <Product>
      <PriceUpdateDate>2019/01/16 14:50</PriceUpdateDate>
      <ItemCode>7290110320850</ItemCode>
      <ItemType>1</ItemType>
      <ItemName>פתיתי גבינת עמק 200 גר</ItemName>
      <ManufactureName>תנובה חלב</ManufactureName>
      <ManufactureCountry />
      <ManufactureItemDescription />
      <UnitQty>'יח</UnitQty>
      <Quantity>2</Quantity>
      <UnitMeasure>ל-100 גרם</UnitMeasure>
      <BisWeighted>0</BisWeighted>
      <QtyInPackage>1</QtyInPackage>
      <ItemPrice>15.20</ItemPrice>
      <UnitOfMeasurePrice>7.60</UnitOfMeasurePrice>
      <AllowDiscount>0</AllowDiscount>
      <itemStatus>1</itemStatus>
      <LastUpdateDate />
      <LastUpdateTime />
    </Product>
    <Product>
      <PriceUpdateDate>2019/01/16 14:50</PriceUpdateDate>
      <ItemCode>7290110320867</ItemCode>
      <ItemType>1</ItemType>
      <ItemName>פתיתי גבינת עמק למאפים 500 גר</ItemName>
      <ManufactureName>תנובה חלב</ManufactureName>
      <ManufactureCountry />
      <ManufactureItemDescription />
      <UnitQty>'יח</UnitQty>
      <Quantity>2</Quantity>
      <UnitMeasure>ל-100 גרם</UnitMeasure>
      <BisWeighted>0</BisWeighted>
      <QtyInPackage>1</QtyInPackage>
      <ItemPrice>34.90</ItemPrice>
      <UnitOfMeasurePrice>17.45</UnitOfMeasurePrice>
      <AllowDiscount>0</AllowDiscount>
      <itemStatus>1</itemStatus>
      <LastUpdateDate />
      <LastUpdateTime />
    </Product>
    <Product>
      <PriceUpdateDate>2019/01/16 14:50</PriceUpdateDate>
      <ItemCode>7290110321277</ItemCode>
      <ItemType>1</ItemType>
      <ItemName>קוט`ג 5% 80 גר`</ItemName>
      <ManufactureName>תנובה חלב</ManufactureName>
      <ManufactureCountry />
      <ManufactureItemDescription />
      <UnitQty>'יח</UnitQty>
      <Quantity>0.80</Quantity>
      <UnitMeasure>ל-100 גרם</UnitMeasure>
      <BisWeighted>0</BisWeighted>
      <QtyInPackage>1</QtyInPackage>
      <ItemPrice>2.50</ItemPrice>
      <UnitOfMeasurePrice>3.13</UnitOfMeasurePrice>
      <AllowDiscount>0</AllowDiscount>
      <itemStatus>1</itemStatus>
      <LastUpdateDate />
      <LastUpdateTime />
    </Product>
    <Product>
      <PriceUpdateDate>2019/01/16 14:50</PriceUpdateDate>
      <ItemCode>7290110321284</ItemCode>
      <ItemType>1</ItemType>
      <ItemName>קוט`ג בקטנה 5% 80 גר`</ItemName>
      <ManufactureName>תנובה חלב</ManufactureName>
      <ManufactureCountry />
      <ManufactureItemDescription />
      <UnitQty>'יח</UnitQty>
      <Quantity>0.80</Quantity>
      <UnitMeasure>ל-100 גרם</UnitMeasure>
      <BisWeighted>0</BisWeighted>
      <QtyInPackage>1</QtyInPackage>
      <ItemPrice>2.50</ItemPrice>
      <UnitOfMeasurePrice>3.13</UnitOfMeasurePrice>
      <AllowDiscount>0</AllowDiscount>
      <itemStatus>1</itemStatus>
      <LastUpdateDate />
      <LastUpdateTime />
    </Product>
    <Product>
      <PriceUpdateDate>2019/01/16 14:50</PriceUpdateDate>
      <ItemCode>7290110321680</ItemCode>
      <ItemType>1</ItemType>
      <ItemName>יופלה GO תות</ItemName>
      <ManufactureName>תנובה חלב</ManufactureName>
      <ManufactureCountry />
      <ManufactureItemDescription />
      <UnitQty>'יח</UnitQty>
      <Quantity>2</Quantity>
      <UnitMeasure>ל-100 גרם</UnitMeasure>
      <BisWeighted>0</BisWeighted>
      <QtyInPackage>1</QtyInPackage>
      <ItemPrice>5.90</ItemPrice>
      <UnitOfMeasurePrice>2.95</UnitOfMeasurePrice>
      <AllowDiscount>0</AllowDiscount>
      <itemStatus>1</itemStatus>
      <LastUpdateDate />
      <LastUpdateTime />
    </Product>
    <Product>
      <PriceUpdateDate>2019/01/16 14:50</PriceUpdateDate>
      <ItemCode>7290110321697</ItemCode>
      <ItemType>1</ItemType>
      <ItemName>יופלה GO אפרסק 200 מל`</ItemName>
      <ManufactureName>תנובה חלב</ManufactureName>
      <ManufactureCountry />
      <ManufactureItemDescription />
      <UnitQty>'יח</UnitQty>
      <Quantity>2</Quantity>
      <UnitMeasure>ל-100 גרם</UnitMeasure>
      <BisWeighted>0</BisWeighted>
      <QtyInPackage>1</QtyInPackage>
      <ItemPrice>5.90</ItemPrice>
      <UnitOfMeasurePrice>2.95</UnitOfMeasurePrice>
      <AllowDiscount>0</AllowDiscount>
      <itemStatus>1</itemStatus>
      <LastUpdateDate />
      <LastUpdateTime />
    </Product>
    <Product>
      <PriceUpdateDate>2019/01/16 14:50</PriceUpdateDate>
      <ItemCode>7290110321703</ItemCode>
      <ItemType>1</ItemType>
      <ItemName>יופלה GO פירות היער</ItemName>
      <ManufactureName>תנובה חלב</ManufactureName>
      <ManufactureCountry />
      <ManufactureItemDescription />
      <UnitQty>'יח</UnitQty>
      <Quantity>1.50</Quantity>
      <UnitMeasure>ל-100 גרם</UnitMeasure>
      <BisWeighted>0</BisWeighted>
      <QtyInPackage>1</QtyInPackage>
      <ItemPrice>5.90</ItemPrice>
      <UnitOfMeasurePrice>3.93</UnitOfMeasurePrice>
      <AllowDiscount>0</AllowDiscount>
      <itemStatus>1</itemStatus>
      <LastUpdateDate />
      <LastUpdateTime />
    </Product>
    <Product>
      <PriceUpdateDate>2019/01/16 14:50</PriceUpdateDate>
      <ItemCode>7290110321826</ItemCode>
      <ItemType>1</ItemType>
      <ItemName>קוטג% `7250 גר`</ItemName>
      <ManufactureName>תנובה חלב</ManufactureName>
      <ManufactureCountry />
      <ManufactureItemDescription />
      <UnitQty>'יח</UnitQty>
      <Quantity>2.50</Quantity>
      <UnitMeasure>ל-100 גרם</UnitMeasure>
      <BisWeighted>0</BisWeighted>
      <QtyInPackage>1</QtyInPackage>
      <ItemPrice>5.60</ItemPrice>
      <UnitOfMeasurePrice>2.24</UnitOfMeasurePrice>
      <AllowDiscount>0</AllowDiscount>
      <itemStatus>1</itemStatus>
      <LastUpdateDate />
      <LastUpdateTime />
    </Product>
    <Product>
      <PriceUpdateDate>2019/01/16 14:50</PriceUpdateDate>
      <ItemCode>7290110322014</ItemCode>
      <ItemType>1</ItemType>
      <ItemName>טופו טבעי 300 גר`</ItemName>
      <ManufactureName>תנובה חלב</ManufactureName>
      <ManufactureCountry />
      <ManufactureItemDescription />
      <UnitQty>'יח</UnitQty>
      <Quantity>3</Quantity>
      <UnitMeasure>ל-100 גרם</UnitMeasure>
      <BisWeighted>0</BisWeighted>
      <QtyInPackage>1</QtyInPackage>
      <ItemPrice>12.90</ItemPrice>
      <UnitOfMeasurePrice>4.30</UnitOfMeasurePrice>
      <AllowDiscount>1</AllowDiscount>
      <itemStatus>1</itemStatus>
      <LastUpdateDate />
      <LastUpdateTime />
    </Product>
    <Product>
      <PriceUpdateDate>2019/01/16 14:50</PriceUpdateDate>
      <ItemCode>7290110322021</ItemCode>
      <ItemType>1</ItemType>
      <ItemName>טופו בזיליקום 300 גר`</ItemName>
      <ManufactureName>תנובה חלב</ManufactureName>
      <ManufactureCountry />
      <ManufactureItemDescription />
      <UnitQty>'יח</UnitQty>
      <Quantity>3</Quantity>
      <UnitMeasure>ל-100 גרם</UnitMeasure>
      <BisWeighted>0</BisWeighted>
      <QtyInPackage>1</QtyInPackage>
      <ItemPrice>12.90</ItemPrice>
      <UnitOfMeasurePrice>4.30</UnitOfMeasurePrice>
      <AllowDiscount>1</AllowDiscount>
      <itemStatus>1</itemStatus>
      <LastUpdateDate />
      <LastUpdateTime />
    </Product>
    <Product>
      <PriceUpdateDate>2019/01/16 14:50</PriceUpdateDate>
      <ItemCode>7290110322038</ItemCode>
      <ItemType>1</ItemType>
      <ItemName>טופו פיקנטי 300 גר`</ItemName>
      <ManufactureName>תנובה חלב</ManufactureName>
      <ManufactureCountry />
      <ManufactureItemDescription />
      <UnitQty>'יח</UnitQty>
      <Quantity>3</Quantity>
      <UnitMeasure>ל-100 גרם</UnitMeasure>
      <BisWeighted>0</BisWeighted>
      <QtyInPackage>1</QtyInPackage>
      <ItemPrice>12.90</ItemPrice>
      <UnitOfMeasurePrice>4.30</UnitOfMeasurePrice>
      <AllowDiscount>1</AllowDiscount>
      <itemStatus>1</itemStatus>
      <LastUpdateDate />
      <LastUpdateTime />
    </Product>
    <Product>
      <PriceUpdateDate>2019/01/16 14:50</PriceUpdateDate>
      <ItemCode>7290110323073</ItemCode>
      <ItemType>1</ItemType>
      <ItemName>יוגורט משקה מעושר בחלבון תות ופטל</ItemName>
      <ManufactureName>תנובה חלב</ManufactureName>
      <ManufactureCountry />
      <ManufactureItemDescription />
      <UnitQty>'יח</UnitQty>
      <Quantity>2.50</Quantity>
      <UnitMeasure>ל-100 מ"ל</UnitMeasure>
      <BisWeighted>0</BisWeighted>
      <QtyInPackage>1</QtyInPackage>
      <ItemPrice>6.50</ItemPrice>
      <UnitOfMeasurePrice>2.60</UnitOfMeasurePrice>
      <AllowDiscount>0</AllowDiscount>
      <itemStatus>1</itemStatus>
      <LastUpdateDate />
      <LastUpdateTime />
    </Product>
    <Product>
      <PriceUpdateDate>2019/01/16 14:50</PriceUpdateDate>
      <ItemCode>7290110323585</ItemCode>
      <ItemType>1</ItemType>
      <ItemName>יופלה GO לייט דובדבן</ItemName>
      <ManufactureName>תנובה חלב</ManufactureName>
      <ManufactureCountry />
      <ManufactureItemDescription />
      <UnitQty>'יח</UnitQty>
      <Quantity>2</Quantity>
      <UnitMeasure>ל-100 גרם</UnitMeasure>
      <BisWeighted>0</BisWeighted>
      <QtyInPackage>1</QtyInPackage>
      <ItemPrice>5.90</ItemPrice>
      <UnitOfMeasurePrice>2.95</UnitOfMeasurePrice>
      <AllowDiscount>0</AllowDiscount>
      <itemStatus>1</itemStatus>
      <LastUpdateDate />
      <LastUpdateTime />
    </Product>
    <Product>
      <PriceUpdateDate>2019/01/16 14:50</PriceUpdateDate>
      <ItemCode>7290110323592</ItemCode>
      <ItemType>1</ItemType>
      <ItemName>יופלה GO לייט פירות היער</ItemName>
      <ManufactureName>תנובה חלב</ManufactureName>
      <ManufactureCountry />
      <ManufactureItemDescription />
      <UnitQty>'יח</UnitQty>
      <Quantity>2</Quantity>
      <UnitMeasure>ל-100 גרם</UnitMeasure>
      <BisWeighted>0</BisWeighted>
      <QtyInPackage>1</QtyInPackage>
      <ItemPrice>5.90</ItemPrice>
      <UnitOfMeasurePrice>2.95</UnitOfMeasurePrice>
      <AllowDiscount>0</AllowDiscount>
      <itemStatus>1</itemStatus>
      <LastUpdateDate />
      <LastUpdateTime />
    </Product>
    <Product>
      <PriceUpdateDate>2019/05/26 21:38</PriceUpdateDate>
      <ItemCode>7290110324353</ItemCode>
      <ItemType>1</ItemType>
      <ItemName>יופלה GO לייט בטעם אננס</ItemName>
      <ManufactureName>תנובה חלב</ManufactureName>
      <ManufactureCountry />
      <ManufactureItemDescription />
      <UnitQty>'יח</UnitQty>
      <Quantity>1.70</Quantity>
      <UnitMeasure>ל-100 גרם</UnitMeasure>
      <BisWeighted>0</BisWeighted>
      <QtyInPackage>1</QtyInPackage>
      <ItemPrice>5.90</ItemPrice>
      <UnitOfMeasurePrice>3.47</UnitOfMeasurePrice>
      <AllowDiscount>0</AllowDiscount>
      <itemStatus>1</itemStatus>
      <LastUpdateDate />
      <LastUpdateTime />
    </Product>
    <Product>
      <PriceUpdateDate>2019/05/26 21:38</PriceUpdateDate>
      <ItemCode>7290110324551</ItemCode>
      <ItemType>1</ItemType>
      <ItemName>יופלה טיוב יוגורט במרקם חלק תות</ItemName>
      <ManufactureName>תנובה חלב</ManufactureName>
      <ManufactureCountry />
      <ManufactureItemDescription />
      <UnitQty>'יח</UnitQty>
      <Quantity>3.48</Quantity>
      <UnitMeasure>ל-100 מ"ל</UnitMeasure>
      <BisWeighted>0</BisWeighted>
      <QtyInPackage>1</QtyInPackage>
      <ItemPrice>12.90</ItemPrice>
      <UnitOfMeasurePrice>3.71</UnitOfMeasurePrice>
      <AllowDiscount>1</AllowDiscount>
      <itemStatus>1</itemStatus>
      <LastUpdateDate />
      <LastUpdateTime />
    </Product>
    <Product>
      <PriceUpdateDate>2019/11/28 14:58</PriceUpdateDate>
      <ItemCode>7290110324872</ItemCode>
      <ItemType>1</ItemType>
      <ItemName>גבינת צהובה גלבוע 5% 200 גר`</ItemName>
      <ManufactureName>תנובה חלב</ManufactureName>
      <ManufactureCountry />
      <ManufactureItemDescription />
      <UnitQty>'יח</UnitQty>
      <Quantity>2</Quantity>
      <UnitMeasure>ל-100 גרם</UnitMeasure>
      <BisWeighted>0</BisWeighted>
      <QtyInPackage>1</QtyInPackage>
      <ItemPrice>17.90</ItemPrice>
      <UnitOfMeasurePrice>8.95</UnitOfMeasurePrice>
      <AllowDiscount>0</AllowDiscount>
      <itemStatus>1</itemStatus>
      <LastUpdateDate />
      <LastUpdateTime />
    </Product>
    <Product>
      <PriceUpdateDate>2021/01/12 16:26</PriceUpdateDate>
      <ItemCode>7290110324926</ItemCode>
      <ItemType>1</ItemType>
      <ItemName>משקה סויה מועשר ללא סוכר  1 ליטר</ItemName>
      <ManufactureName>תנובה חלב</ManufactureName>
      <ManufactureCountry />
      <ManufactureItemDescription />
      <UnitQty>'יח</UnitQty>
      <Quantity>10</Quantity>
      <UnitMeasure>ל-100 מ"ל</UnitMeasure>
      <BisWeighted>0</BisWeighted>
      <QtyInPackage>1</QtyInPackage>
      <ItemPrice>10.90</ItemPrice>
      <UnitOfMeasurePrice>1.09</UnitOfMeasurePrice>
      <AllowDiscount>0</AllowDiscount>
      <itemStatus>1</itemStatus>
      <LastUpdateDate />
      <LastUpdateTime />
    </Product>
    <Product>
      <PriceUpdateDate>2019/08/21 08:59</PriceUpdateDate>
      <ItemCode>7290110325114</ItemCode>
      <ItemType>1</ItemType>
      <ItemName>משקה יוגורט גו לייט תות בננה</ItemName>
      <ManufactureName>תנובה חלב</ManufactureName>
      <ManufactureCountry />
      <ManufactureItemDescription />
      <UnitQty>'יח</UnitQty>
      <Quantity>2.50</Quantity>
      <UnitMeasure>ל-100 מ"ל</UnitMeasure>
      <BisWeighted>0</BisWeighted>
      <QtyInPackage>1</QtyInPackage>
      <ItemPrice>6.50</ItemPrice>
      <UnitOfMeasurePrice>2.60</UnitOfMeasurePrice>
      <AllowDiscount>0</AllowDiscount>
      <itemStatus>1</itemStatus>
      <LastUpdateDate />
      <LastUpdateTime />
    </Product>
    <Product>
      <PriceUpdateDate>2021/08/25 16:14</PriceUpdateDate>
      <ItemCode>7290110325619</ItemCode>
      <ItemType>1</ItemType>
      <ItemName>משקה שיבולת שועל 1 ליטר</ItemName>
      <ManufactureName>תנובה חלב</ManufactureName>
      <ManufactureCountry />
      <ManufactureItemDescription />
      <UnitQty>'יח</UnitQty>
      <Quantity>10</Quantity>
      <UnitMeasure>ל-100 מ"ל</UnitMeasure>
      <BisWeighted>0</BisWeighted>
      <QtyInPackage>1</QtyInPackage>
      <ItemPrice>11.90</ItemPrice>
      <UnitOfMeasurePrice>1.19</UnitOfMeasurePrice>
      <AllowDiscount>0</AllowDiscount>
      <itemStatus>1</itemStatus>
      <LastUpdateDate />
      <LastUpdateTime />
    </Product>
    <Product>
      <PriceUpdateDate>2021/12/17 07:54</PriceUpdateDate>
      <ItemCode>7290110325879</ItemCode>
      <ItemType>1</ItemType>
      <ItemName>פתיתי  גאודה 200 גר`</ItemName>
      <ManufactureName>תנובה חלב</ManufactureName>
      <ManufactureCountry />
      <ManufactureItemDescription />
      <UnitQty>'יח</UnitQty>
      <Quantity>2</Quantity>
      <UnitMeasure>ל-100 גרם</UnitMeasure>
      <BisWeighted>0</BisWeighted>
      <QtyInPackage>1</QtyInPackage>
      <ItemPrice>16.90</ItemPrice>
      <UnitOfMeasurePrice>8.45</UnitOfMeasurePrice>
      <AllowDiscount>0</AllowDiscount>
      <itemStatus>1</itemStatus>
      <LastUpdateDate />
      <LastUpdateTime />
    </Product>
    <Product>
      <PriceUpdateDate>2020/01/09 10:11</PriceUpdateDate>
      <ItemCode>7290110325893</ItemCode>
      <ItemType>1</ItemType>
      <ItemName>משקה GO חלב אייס קפה  27  גר`חלבון</ItemName>
      <ManufactureName>תנובה חלב</ManufactureName>
      <ManufactureCountry />
      <ManufactureItemDescription />
      <UnitQty>'יח</UnitQty>
      <Quantity>3.50</Quantity>
      <UnitMeasure>ל-100 מ"ל</UnitMeasure>
      <BisWeighted>0</BisWeighted>
      <QtyInPackage>1</QtyInPackage>
      <ItemPrice>7.90</ItemPrice>
      <UnitOfMeasurePrice>2.26</UnitOfMeasurePrice>
      <AllowDiscount>0</AllowDiscount>
      <itemStatus>1</itemStatus>
      <LastUpdateDate />
      <LastUpdateTime />
    </Product>
    <Product>
      <PriceUpdateDate>2020/04/12 15:23</PriceUpdateDate>
      <ItemCode>7290110326227</ItemCode>
      <ItemType>1</ItemType>
      <ItemName>יופלה און טופ קורנפלקס   157 גר`</ItemName>
      <ManufactureName>תנובה חלב</ManufactureName>
      <ManufactureCountry />
      <ManufactureItemDescription />
      <UnitQty>'יח</UnitQty>
      <Quantity>1.57</Quantity>
      <UnitMeasure>ל-100 מ"ל</UnitMeasure>
      <BisWeighted>0</BisWeighted>
      <QtyInPackage>1</QtyInPackage>
      <ItemPrice>5.50</ItemPrice>
      <UnitOfMeasurePrice>3.50</UnitOfMeasurePrice>
      <AllowDiscount>0</AllowDiscount>
      <itemStatus>1</itemStatus>
      <LastUpdateDate />
      <LastUpdateTime />
    </Product>
    <Product>
      <PriceUpdateDate>2020/04/12 15:23</PriceUpdateDate>
      <ItemCode>7290110326234</ItemCode>
      <ItemType>1</ItemType>
      <ItemName>יופלה און טופ כוכבים  157 גר`</ItemName>
      <ManufactureName>תנובה חלב</ManufactureName>
      <ManufactureCountry />
      <ManufactureItemDescription />
      <UnitQty>'יח</UnitQty>
      <Quantity>1.57</Quantity>
      <UnitMeasure>ל-100 מ"ל</UnitMeasure>
      <BisWeighted>0</BisWeighted>
      <QtyInPackage>1</QtyInPackage>
      <ItemPrice>5.50</ItemPrice>
      <UnitOfMeasurePrice>3.50</UnitOfMeasurePrice>
      <AllowDiscount>0</AllowDiscount>
      <itemStatus>1</itemStatus>
      <LastUpdateDate />
      <LastUpdateTime />
    </Product>
    <Product>
      <PriceUpdateDate>2020/04/12 15:23</PriceUpdateDate>
      <ItemCode>7290110326241</ItemCode>
      <ItemType>1</ItemType>
      <ItemName>יופלה און טופ גרנולה 157 גר`</ItemName>
      <ManufactureName>תנובה חלב</ManufactureName>
      <ManufactureCountry />
      <ManufactureItemDescription />
      <UnitQty>'יח</UnitQty>
      <Quantity>1.57</Quantity>
      <UnitMeasure>ל-100 מ"ל</UnitMeasure>
      <BisWeighted>0</BisWeighted>
      <QtyInPackage>1</QtyInPackage>
      <ItemPrice>5.50</ItemPrice>
      <UnitOfMeasurePrice>3.50</UnitOfMeasurePrice>
      <AllowDiscount>0</AllowDiscount>
      <itemStatus>1</itemStatus>
      <LastUpdateDate />
      <LastUpdateTime />
    </Product>
    <Product>
      <PriceUpdateDate>2020/08/24 09:52</PriceUpdateDate>
      <ItemCode>7290110327033</ItemCode>
      <ItemType>1</ItemType>
      <ItemName>משקה סויה GO במתיקות מופחתת 1 ליטר</ItemName>
      <ManufactureName>תנובה חלב</ManufactureName>
      <ManufactureCountry />
      <ManufactureItemDescription />
      <UnitQty>'יח</UnitQty>
      <Quantity>10</Quantity>
      <UnitMeasure>ל-100 מ"ל</UnitMeasure>
      <BisWeighted>0</BisWeighted>
      <QtyInPackage>1</QtyInPackage>
      <ItemPrice>12.90</ItemPrice>
      <UnitOfMeasurePrice>1.29</UnitOfMeasurePrice>
      <AllowDiscount>0</AllowDiscount>
      <itemStatus>1</itemStatus>
      <LastUpdateDate />
      <LastUpdateTime />
    </Product>
    <Product>
      <PriceUpdateDate>2021/10/21 13:52</PriceUpdateDate>
      <ItemCode>7290110327514</ItemCode>
      <ItemType>1</ItemType>
      <ItemName>משקה שיבולת שועל בטעם אגוזי לוז 1 ליט</ItemName>
      <ManufactureName>תנובה חלב</ManufactureName>
      <ManufactureCountry />
      <ManufactureItemDescription />
      <UnitQty>'יח</UnitQty>
      <Quantity>10</Quantity>
      <UnitMeasure>ל-100 מ"ל</UnitMeasure>
      <BisWeighted>0</BisWeighted>
      <QtyInPackage>1</QtyInPackage>
      <ItemPrice>11.90</ItemPrice>
      <UnitOfMeasurePrice>1.19</UnitOfMeasurePrice>
      <AllowDiscount>0</AllowDiscount>
      <itemStatus>1</itemStatus>
      <LastUpdateDate />
      <LastUpdateTime />
    </Product>
    <Product>
      <PriceUpdateDate>2020/11/15 17:15</PriceUpdateDate>
      <ItemCode>7290110327545</ItemCode>
      <ItemType>1</ItemType>
      <ItemName>יופלה און טופ תות עם פיצפוצים 157 גר`</ItemName>
      <ManufactureName>תנובה חלב</ManufactureName>
      <ManufactureCountry />
      <ManufactureItemDescription />
      <UnitQty>'יח</UnitQty>
      <Quantity>1.57</Quantity>
      <UnitMeasure>ל-100 מ"ל</UnitMeasure>
      <BisWeighted>0</BisWeighted>
      <QtyInPackage>1</QtyInPackage>
      <ItemPrice>5.50</ItemPrice>
      <UnitOfMeasurePrice>3.50</UnitOfMeasurePrice>
      <AllowDiscount>0</AllowDiscount>
      <itemStatus>1</itemStatus>
      <LastUpdateDate />
      <LastUpdateTime />
    </Product>
    <Product>
      <PriceUpdateDate>2021/06/22 12:35</PriceUpdateDate>
      <ItemCode>7290110327798</ItemCode>
      <ItemType>1</ItemType>
      <ItemName>חטיף חלבון GO בטעם שוקולד בודד</ItemName>
      <ManufactureName>שקד תבל בע`מ</ManufactureName>
      <ManufactureCountry />
      <ManufactureItemDescription />
      <UnitQty>'יח</UnitQty>
      <Quantity>1</Quantity>
      <UnitMeasure>ל-100 גרם</UnitMeasure>
      <BisWeighted>0</BisWeighted>
      <QtyInPackage>1</QtyInPackage>
      <ItemPrice>11.90</ItemPrice>
      <UnitOfMeasurePrice>11.90</UnitOfMeasurePrice>
      <AllowDiscount>0</AllowDiscount>
      <itemStatus>1</itemStatus>
      <LastUpdateDate />
      <LastUpdateTime />
    </Product>
    <Product>
      <PriceUpdateDate>2021/06/22 12:35</PriceUpdateDate>
      <ItemCode>7290110327804</ItemCode>
      <ItemType>1</ItemType>
      <ItemName>חטיף חלבון GO בטעם עוגיות בודד</ItemName>
      <ManufactureName>שקד תבל בע`מ</ManufactureName>
      <ManufactureCountry />
      <ManufactureItemDescription />
      <UnitQty>'יח</UnitQty>
      <Quantity>1</Quantity>
      <UnitMeasure>ל-100 גרם</UnitMeasure>
      <BisWeighted>0</BisWeighted>
      <QtyInPackage>1</QtyInPackage>
      <ItemPrice>11.90</ItemPrice>
      <UnitOfMeasurePrice>11.90</UnitOfMeasurePrice>
      <AllowDiscount>0</AllowDiscount>
      <itemStatus>1</itemStatus>
      <LastUpdateDate />
      <LastUpdateTime />
    </Product>
    <Product>
      <PriceUpdateDate>2021/05/20 14:49</PriceUpdateDate>
      <ItemCode>7290110328627</ItemCode>
      <ItemType>1</ItemType>
      <ItemName>יוגורט גו סמיך 0% בננה קרמל  200 גר`</ItemName>
      <ManufactureName>תנובה חלב</ManufactureName>
      <ManufactureCountry />
      <ManufactureItemDescription />
      <UnitQty>'יח</UnitQty>
      <Quantity>2</Quantity>
      <UnitMeasure>ל-100 גרם</UnitMeasure>
      <BisWeighted>0</BisWeighted>
      <QtyInPackage>1</QtyInPackage>
      <ItemPrice>5.90</ItemPrice>
      <UnitOfMeasurePrice>2.95</UnitOfMeasurePrice>
      <AllowDiscount>0</AllowDiscount>
      <itemStatus>1</itemStatus>
      <LastUpdateDate />
      <LastUpdateTime />
    </Product>
    <Product>
      <PriceUpdateDate>2021/05/20 14:49</PriceUpdateDate>
      <ItemCode>7290110328764</ItemCode>
      <ItemType>1</ItemType>
      <ItemName>יוגורט גו סמיך 0% תות 200 גרם</ItemName>
      <ManufactureName>תנובה חלב</ManufactureName>
      <ManufactureCountry />
      <ManufactureItemDescription />
      <UnitQty>'יח</UnitQty>
      <Quantity>2</Quantity>
      <UnitMeasure>ל-100 גרם</UnitMeasure>
      <BisWeighted>0</BisWeighted>
      <QtyInPackage>1</QtyInPackage>
      <ItemPrice>5.90</ItemPrice>
      <UnitOfMeasurePrice>2.95</UnitOfMeasurePrice>
      <AllowDiscount>0</AllowDiscount>
      <itemStatus>1</itemStatus>
      <LastUpdateDate />
      <LastUpdateTime />
    </Product>
    <Product>
      <PriceUpdateDate>2021/05/20 14:49</PriceUpdateDate>
      <ItemCode>7290110328771</ItemCode>
      <ItemType>1</ItemType>
      <ItemName>יוגורט גו סמיך 0% פירות יער 200 גר`</ItemName>
      <ManufactureName>תנובה חלב</ManufactureName>
      <ManufactureCountry />
      <ManufactureItemDescription />
      <UnitQty>'יח</UnitQty>
      <Quantity>2</Quantity>
      <UnitMeasure>ל-100 גרם</UnitMeasure>
      <BisWeighted>0</BisWeighted>
      <QtyInPackage>1</QtyInPackage>
      <ItemPrice>5.90</ItemPrice>
      <UnitOfMeasurePrice>2.95</UnitOfMeasurePrice>
      <AllowDiscount>0</AllowDiscount>
      <itemStatus>1</itemStatus>
      <LastUpdateDate />
      <LastUpdateTime />
    </Product>
    <Product>
      <PriceUpdateDate>2021/05/20 14:49</PriceUpdateDate>
      <ItemCode>7290110328788</ItemCode>
      <ItemType>1</ItemType>
      <ItemName>יוגורט גו סמיך 0% אפרסק 200 גר`</ItemName>
      <ManufactureName>תנובה חלב</ManufactureName>
      <ManufactureCountry />
      <ManufactureItemDescription />
      <UnitQty>'יח</UnitQty>
      <Quantity>2</Quantity>
      <UnitMeasure>ל-100 גרם</UnitMeasure>
      <BisWeighted>0</BisWeighted>
      <QtyInPackage>1</QtyInPackage>
      <ItemPrice>5.90</ItemPrice>
      <UnitOfMeasurePrice>2.95</UnitOfMeasurePrice>
      <AllowDiscount>0</AllowDiscount>
      <itemStatus>1</itemStatus>
      <LastUpdateDate />
      <LastUpdateTime />
    </Product>
    <Product>
      <PriceUpdateDate>2021/10/12 15:11</PriceUpdateDate>
      <ItemCode>7290110329136</ItemCode>
      <ItemType>1</ItemType>
      <ItemName>מעדן חלב GO בטעם שוקולד 12 גר חלבון</ItemName>
      <ManufactureName>תנובה חלב</ManufactureName>
      <ManufactureCountry />
      <ManufactureItemDescription />
      <UnitQty>'יח</UnitQty>
      <Quantity>1.50</Quantity>
      <UnitMeasure>ל-100 גרם</UnitMeasure>
      <BisWeighted>0</BisWeighted>
      <QtyInPackage>1</QtyInPackage>
      <ItemPrice>4.90</ItemPrice>
      <UnitOfMeasurePrice>3.27</UnitOfMeasurePrice>
      <AllowDiscount>0</AllowDiscount>
      <itemStatus>1</itemStatus>
      <LastUpdateDate />
      <LastUpdateTime />
    </Product>
    <Product>
      <PriceUpdateDate>2021/10/12 15:11</PriceUpdateDate>
      <ItemCode>7290110329143</ItemCode>
      <ItemType>1</ItemType>
      <ItemName>מעדן חלב GO וניל 12 גר חלבון</ItemName>
      <ManufactureName>תנובה חלב</ManufactureName>
      <ManufactureCountry />
      <ManufactureItemDescription />
      <UnitQty>'יח</UnitQty>
      <Quantity>1.50</Quantity>
      <UnitMeasure>ל-100 גרם</UnitMeasure>
      <BisWeighted>0</BisWeighted>
      <QtyInPackage>1</QtyInPackage>
      <ItemPrice>4.90</ItemPrice>
      <UnitOfMeasurePrice>3.27</UnitOfMeasurePrice>
      <AllowDiscount>0</AllowDiscount>
      <itemStatus>1</itemStatus>
      <LastUpdateDate />
      <LastUpdateTime />
    </Product>
    <Product>
      <PriceUpdateDate>2021/10/12 15:11</PriceUpdateDate>
      <ItemCode>7290110329686</ItemCode>
      <ItemType>1</ItemType>
      <ItemName>משקה GO חלב בטעם עוגיות  27  גר`חלבון</ItemName>
      <ManufactureName>תנובה חלב</ManufactureName>
      <ManufactureCountry />
      <ManufactureItemDescription />
      <UnitQty>'יח</UnitQty>
      <Quantity>3.50</Quantity>
      <UnitMeasure>ל-100 מ"ל</UnitMeasure>
      <BisWeighted>0</BisWeighted>
      <QtyInPackage>1</QtyInPackage>
      <ItemPrice>7.90</ItemPrice>
      <UnitOfMeasurePrice>2.26</UnitOfMeasurePrice>
      <AllowDiscount>0</AllowDiscount>
      <itemStatus>1</itemStatus>
      <LastUpdateDate />
      <LastUpdateTime />
    </Product>
    <Product>
      <PriceUpdateDate>2022/04/27 10:14</PriceUpdateDate>
      <ItemCode>7290110329792</ItemCode>
      <ItemType>1</ItemType>
      <ItemName>מעדן סויה ביו אפרסק ALTERNATIVE 150 גר</ItemName>
      <ManufactureName>תנובה חלב</ManufactureName>
      <ManufactureCountry />
      <ManufactureItemDescription />
      <UnitQty>'יח</UnitQty>
      <Quantity>1.50</Quantity>
      <UnitMeasure>ל-100 גרם</UnitMeasure>
      <BisWeighted>0</BisWeighted>
      <QtyInPackage>1</QtyInPackage>
      <ItemPrice>4.90</ItemPrice>
      <UnitOfMeasurePrice>3.27</UnitOfMeasurePrice>
      <AllowDiscount>0</AllowDiscount>
      <itemStatus>1</itemStatus>
      <LastUpdateDate />
      <LastUpdateTime />
    </Product>
    <Product>
      <PriceUpdateDate>2022/04/27 10:14</PriceUpdateDate>
      <ItemCode>7290110329808</ItemCode>
      <ItemType>1</ItemType>
      <ItemName>מעדן סויה ביו תות ALTERNATIVE 150 גרם</ItemName>
      <ManufactureName>תנובה חלב</ManufactureName>
      <ManufactureCountry />
      <ManufactureItemDescription />
      <UnitQty>'יח</UnitQty>
      <Quantity>1.50</Quantity>
      <UnitMeasure>ל-100 גרם</UnitMeasure>
      <BisWeighted>0</BisWeighted>
      <QtyInPackage>1</QtyInPackage>
      <ItemPrice>4.90</ItemPrice>
      <UnitOfMeasurePrice>3.27</UnitOfMeasurePrice>
      <AllowDiscount>0</AllowDiscount>
      <itemStatus>1</itemStatus>
      <LastUpdateDate />
      <LastUpdateTime />
    </Product>
    <Product>
      <PriceUpdateDate>2022/04/27 10:14</PriceUpdateDate>
      <ItemCode>7290110329815</ItemCode>
      <ItemType>1</ItemType>
      <ItemName>סויה ביו במתיקות מעודנת 150 גרם</ItemName>
      <ManufactureName>תנובה חלב</ManufactureName>
      <ManufactureCountry />
      <ManufactureItemDescription />
      <UnitQty>'יח</UnitQty>
      <Quantity>1.50</Quantity>
      <UnitMeasure>ל-100 גרם</UnitMeasure>
      <BisWeighted>0</BisWeighted>
      <QtyInPackage>1</QtyInPackage>
      <ItemPrice>4.90</ItemPrice>
      <UnitOfMeasurePrice>3.27</UnitOfMeasurePrice>
      <AllowDiscount>0</AllowDiscount>
      <itemStatus>1</itemStatus>
      <LastUpdateDate />
      <LastUpdateTime />
    </Product>
    <Product>
      <PriceUpdateDate>2022/04/27 10:14</PriceUpdateDate>
      <ItemCode>7290110329846</ItemCode>
      <ItemType>1</ItemType>
      <ItemName>מעדן סויה ביו טבעי ALTERNATIVE 150 גר</ItemName>
      <ManufactureName>תנובה חלב</ManufactureName>
      <ManufactureCountry />
      <ManufactureItemDescription />
      <UnitQty>'יח</UnitQty>
      <Quantity>1.50</Quantity>
      <UnitMeasure>ל-100 גרם</UnitMeasure>
      <BisWeighted>0</BisWeighted>
      <QtyInPackage>1</QtyInPackage>
      <ItemPrice>4.90</ItemPrice>
      <UnitOfMeasurePrice>3.27</UnitOfMeasurePrice>
      <AllowDiscount>0</AllowDiscount>
      <itemStatus>1</itemStatus>
      <LastUpdateDate />
      <LastUpdateTime />
    </Product>
    <Product>
      <PriceUpdateDate>2022/10/30 19:02</PriceUpdateDate>
      <ItemCode>7290110335199</ItemCode>
      <ItemType>1</ItemType>
      <ItemName>מטריה מתהפכת מחוזקת</ItemName>
      <ManufactureName>ד.ג.ש ייבוא ושיווק בעמ</ManufactureName>
      <ManufactureCountry />
      <ManufactureItemDescription />
      <UnitQty>'יח</UnitQty>
      <Quantity>1</Quantity>
      <UnitMeasure />
      <BisWeighted>0</BisWeighted>
      <QtyInPackage>1</QtyInPackage>
      <ItemPrice>39.90</ItemPrice>
      <UnitOfMeasurePrice>39.90</UnitOfMeasurePrice>
      <AllowDiscount>0</AllowDiscount>
      <itemStatus>1</itemStatus>
      <LastUpdateDate />
      <LastUpdateTime />
    </Product>
    <Product>
      <PriceUpdateDate>2021/12/02 15:10</PriceUpdateDate>
      <ItemCode>7290110552220</ItemCode>
      <ItemType>1</ItemType>
      <ItemName>דנונה פרו תות ללא סוכר 200 גר`</ItemName>
      <ManufactureName>שטראוס גרופ בע`מ</ManufactureName>
      <ManufactureCountry />
      <ManufactureItemDescription />
      <UnitQty>'יח</UnitQty>
      <Quantity>1.55</Quantity>
      <UnitMeasure>ל-100 מ"ל</UnitMeasure>
      <BisWeighted>0</BisWeighted>
      <QtyInPackage>12</QtyInPackage>
      <ItemPrice>5.90</ItemPrice>
      <UnitOfMeasurePrice>3.81</UnitOfMeasurePrice>
      <AllowDiscount>0</AllowDiscount>
      <itemStatus>1</itemStatus>
      <LastUpdateDate />
      <LastUpdateTime />
    </Product>
    <Product>
      <PriceUpdateDate>2021/12/02 15:10</PriceUpdateDate>
      <ItemCode>7290110552237</ItemCode>
      <ItemType>1</ItemType>
      <ItemName>דנונה פרו אפרסק מנגו 200 גר`</ItemName>
      <ManufactureName>שטראוס גרופ בע`מ</ManufactureName>
      <ManufactureCountry />
      <ManufactureItemDescription />
      <UnitQty>'יח</UnitQty>
      <Quantity>1.55</Quantity>
      <UnitMeasure>ל-100 מ"ל</UnitMeasure>
      <BisWeighted>0</BisWeighted>
      <QtyInPackage>12</QtyInPackage>
      <ItemPrice>5.90</ItemPrice>
      <UnitOfMeasurePrice>3.81</UnitOfMeasurePrice>
      <AllowDiscount>0</AllowDiscount>
      <itemStatus>1</itemStatus>
      <LastUpdateDate />
      <LastUpdateTime />
    </Product>
    <Product>
      <PriceUpdateDate>2022/06/06 17:45</PriceUpdateDate>
      <ItemCode>7290110552817</ItemCode>
      <ItemType>1</ItemType>
      <ItemName>צנצנת מאסט בטעם גלידה לימון 58 גרם</ItemName>
      <ManufactureName>שטראוס גרופ בע`מ</ManufactureName>
      <ManufactureCountry />
      <ManufactureItemDescription />
      <UnitQty>'יח</UnitQty>
      <Quantity>1</Quantity>
      <UnitMeasure>'יח</UnitMeasure>
      <BisWeighted>0</BisWeighted>
      <QtyInPackage>12</QtyInPackage>
      <ItemPrice>9.90</ItemPrice>
      <UnitOfMeasurePrice>9.90</UnitOfMeasurePrice>
      <AllowDiscount>0</AllowDiscount>
      <itemStatus>1</itemStatus>
      <LastUpdateDate />
      <LastUpdateTime />
    </Product>
    <Product>
      <PriceUpdateDate>2022/07/04 08:42</PriceUpdateDate>
      <ItemCode>7290110553210</ItemCode>
      <ItemType>1</ItemType>
      <ItemName>סבבה בוטנים הוט באפלו ווינגס 50 גר`</ItemName>
      <ManufactureName>שטראוס פריטו ליי בע`מ</ManufactureName>
      <ManufactureCountry />
      <ManufactureItemDescription />
      <UnitQty>'יח</UnitQty>
      <Quantity>0.50</Quantity>
      <UnitMeasure>ל-100 גרם</UnitMeasure>
      <BisWeighted>0</BisWeighted>
      <QtyInPackage>1</QtyInPackage>
      <ItemPrice>1.90</ItemPrice>
      <UnitOfMeasurePrice>3.80</UnitOfMeasurePrice>
      <AllowDiscount>0</AllowDiscount>
      <itemStatus>1</itemStatus>
      <LastUpdateDate />
      <LastUpdateTime />
    </Product>
    <Product>
      <PriceUpdateDate>2022/07/20 20:07</PriceUpdateDate>
      <ItemCode>7290110553623</ItemCode>
      <ItemType>1</ItemType>
      <ItemName>צ`יטוס צ`דר חלפיניו 80 גר`</ItemName>
      <ManufactureName>שטראוס פריטו ליי בע`מ</ManufactureName>
      <ManufactureCountry />
      <ManufactureItemDescription />
      <UnitQty>'יח</UnitQty>
      <Quantity>0.80</Quantity>
      <UnitMeasure>ל-100 גרם</UnitMeasure>
      <BisWeighted>0</BisWeighted>
      <QtyInPackage>1</QtyInPackage>
      <ItemPrice>4.90</ItemPrice>
      <UnitOfMeasurePrice>6.13</UnitOfMeasurePrice>
      <AllowDiscount>1</AllowDiscount>
      <itemStatus>1</itemStatus>
      <LastUpdateDate />
      <LastUpdateTime />
    </Product>
    <Product>
      <PriceUpdateDate>2022/03/24 11:57</PriceUpdateDate>
      <ItemCode>7290110554101</ItemCode>
      <ItemType>1</ItemType>
      <ItemName>סירופ מייפל טבעי בפאוץ 125 מ"ל</ItemName>
      <ManufactureName>שטראוס גרופ בע`מ</ManufactureName>
      <ManufactureCountry />
      <ManufactureItemDescription />
      <UnitQty>'יח</UnitQty>
      <Quantity>1.25</Quantity>
      <UnitMeasure>ל-100 מ"ל</UnitMeasure>
      <BisWeighted>0</BisWeighted>
      <QtyInPackage>1</QtyInPackage>
      <ItemPrice>15.90</ItemPrice>
      <UnitOfMeasurePrice>12.72</UnitOfMeasurePrice>
      <AllowDiscount>1</AllowDiscount>
      <itemStatus>1</itemStatus>
      <LastUpdateDate />
      <LastUpdateTime />
    </Product>
    <Product>
      <PriceUpdateDate>2021/12/23 16:11</PriceUpdateDate>
      <ItemCode>7290110554583</ItemCode>
      <ItemType>1</ItemType>
      <ItemName>צ`יטוס מארז פאפאס גבינה  20*10</ItemName>
      <ManufactureName>שטראוס פריטו ליי בע`מ</ManufactureName>
      <ManufactureCountry />
      <ManufactureItemDescription />
      <UnitQty>'יח</UnitQty>
      <Quantity>2</Quantity>
      <UnitMeasure>ל-100 גרם</UnitMeasure>
      <BisWeighted>0</BisWeighted>
      <QtyInPackage>1</QtyInPackage>
      <ItemPrice>13.90</ItemPrice>
      <UnitOfMeasurePrice>6.95</UnitOfMeasurePrice>
      <AllowDiscount>0</AllowDiscount>
      <itemStatus>1</itemStatus>
      <LastUpdateDate />
      <LastUpdateTime />
    </Product>
    <Product>
      <PriceUpdateDate>2022/07/06 14:26</PriceUpdateDate>
      <ItemCode>7290110554699</ItemCode>
      <ItemType>1</ItemType>
      <ItemName>קפסולות קפה עולה אספרסו NESPRESO</ItemName>
      <ManufactureName>שטראוס גרופ בע`מ</ManufactureName>
      <ManufactureCountry />
      <ManufactureItemDescription />
      <UnitQty>'יח</UnitQty>
      <Quantity>1</Quantity>
      <UnitMeasure>'יח</UnitMeasure>
      <BisWeighted>0</BisWeighted>
      <QtyInPackage>1</QtyInPackage>
      <ItemPrice>17.90</ItemPrice>
      <UnitOfMeasurePrice>17.90</UnitOfMeasurePrice>
      <AllowDiscount>1</AllowDiscount>
      <itemStatus>1</itemStatus>
      <LastUpdateDate />
      <LastUpdateTime />
    </Product>
    <Product>
      <PriceUpdateDate>2022/07/06 14:26</PriceUpdateDate>
      <ItemCode>7290110554705</ItemCode>
      <ItemType>1</ItemType>
      <ItemName>קפסולות קפה אספרסו יוניקו NESPRESO</ItemName>
      <ManufactureName>שטראוס גרופ בע`מ</ManufactureName>
      <ManufactureCountry />
      <ManufactureItemDescription />
      <UnitQty>'יח</UnitQty>
      <Quantity>1</Quantity>
      <UnitMeasure>'יח</UnitMeasure>
      <BisWeighted>0</BisWeighted>
      <QtyInPackage>1</QtyInPackage>
      <ItemPrice>17.90</ItemPrice>
      <UnitOfMeasurePrice>17.90</UnitOfMeasurePrice>
      <AllowDiscount>1</AllowDiscount>
      <itemStatus>1</itemStatus>
      <LastUpdateDate />
      <LastUpdateTime />
    </Product>
    <Product>
      <PriceUpdateDate>2022/02/02 12:29</PriceUpdateDate>
      <ItemCode>7290110554729</ItemCode>
      <ItemType>1</ItemType>
      <ItemName>קפסולות אספרסו חזק למכונת אספרסו 04</ItemName>
      <ManufactureName>שטראוס גרופ בע`מ</ManufactureName>
      <ManufactureCountry />
      <ManufactureItemDescription />
      <UnitQty>'יח</UnitQty>
      <Quantity>0.50</Quantity>
      <UnitMeasure>ל-100 גרם</UnitMeasure>
      <BisWeighted>0</BisWeighted>
      <QtyInPackage>12</QtyInPackage>
      <ItemPrice>16.90</ItemPrice>
      <UnitOfMeasurePrice>33.80</UnitOfMeasurePrice>
      <AllowDiscount>1</AllowDiscount>
      <itemStatus>1</itemStatus>
      <LastUpdateDate />
      <LastUpdateTime />
    </Product>
    <Product>
      <PriceUpdateDate>2022/08/18 11:55</PriceUpdateDate>
      <ItemCode>7290110556242</ItemCode>
      <ItemType>1</ItemType>
      <ItemName>שוקולד פרה מריר</ItemName>
      <ManufactureName>שטראוס גרופ בע`מ</ManufactureName>
      <ManufactureCountry />
      <ManufactureItemDescription />
      <UnitQty>'יח</UnitQty>
      <Quantity>1</Quantity>
      <UnitMeasure>ל-100 גרם</UnitMeasure>
      <BisWeighted>0</BisWeighted>
      <QtyInPackage>1</QtyInPackage>
      <ItemPrice>5.90</ItemPrice>
      <UnitOfMeasurePrice>5.90</UnitOfMeasurePrice>
      <AllowDiscount>1</AllowDiscount>
      <itemStatus>1</itemStatus>
      <LastUpdateDate />
      <LastUpdateTime />
    </Product>
    <Product>
      <PriceUpdateDate>2021/11/04 10:46</PriceUpdateDate>
      <ItemCode>7290110557027</ItemCode>
      <ItemType>1</ItemType>
      <ItemName>אחלה חומוס 50% בתוספת טחינה 400 גר`</ItemName>
      <ManufactureName>שטראוס גרופ בע`מ</ManufactureName>
      <ManufactureCountry />
      <ManufactureItemDescription />
      <UnitQty>'יח</UnitQty>
      <Quantity>4</Quantity>
      <UnitMeasure>ל-100 גרם</UnitMeasure>
      <BisWeighted>0</BisWeighted>
      <QtyInPackage>6</QtyInPackage>
      <ItemPrice>14.90</ItemPrice>
      <UnitOfMeasurePrice>3.73</UnitOfMeasurePrice>
      <AllowDiscount>0</AllowDiscount>
      <itemStatus>1</itemStatus>
      <LastUpdateDate />
      <LastUpdateTime />
    </Product>
    <Product>
      <PriceUpdateDate>2022/04/25 11:22</PriceUpdateDate>
      <ItemCode>7290110557102</ItemCode>
      <ItemType>1</ItemType>
      <ItemName>מעדן פרו עם שוקולד 11 גר` חלבון 150 גר</ItemName>
      <ManufactureName>שטראוס גרופ בע`מ</ManufactureName>
      <ManufactureCountry />
      <ManufactureItemDescription />
      <UnitQty>'יח</UnitQty>
      <Quantity>1.50</Quantity>
      <UnitMeasure>ל-100 גרם</UnitMeasure>
      <BisWeighted>0</BisWeighted>
      <QtyInPackage>24</QtyInPackage>
      <ItemPrice>5.90</ItemPrice>
      <UnitOfMeasurePrice>3.93</UnitOfMeasurePrice>
      <AllowDiscount>1</AllowDiscount>
      <itemStatus>1</itemStatus>
      <LastUpdateDate />
      <LastUpdateTime />
    </Product>
    <Product>
      <PriceUpdateDate>2021/10/07 16:12</PriceUpdateDate>
      <ItemCode>7290110557133</ItemCode>
      <ItemType>1</ItemType>
      <ItemName>מעדן הגולן וניל  125 גר`</ItemName>
      <ManufactureName>שטראוס גרופ בע`מ</ManufactureName>
      <ManufactureCountry />
      <ManufactureItemDescription />
      <UnitQty>'יח</UnitQty>
      <Quantity>1.25</Quantity>
      <UnitMeasure>ל-100 גרם</UnitMeasure>
      <BisWeighted>0</BisWeighted>
      <QtyInPackage>1</QtyInPackage>
      <ItemPrice>2.90</ItemPrice>
      <UnitOfMeasurePrice>2.32</UnitOfMeasurePrice>
      <AllowDiscount>1</AllowDiscount>
      <itemStatus>1</itemStatus>
      <LastUpdateDate />
      <LastUpdateTime />
    </Product>
    <Product>
      <PriceUpdateDate>2022/02/02 12:29</PriceUpdateDate>
      <ItemCode>7290110557478</ItemCode>
      <ItemType>1</ItemType>
      <ItemName>חומוס גלילי 600 גרם</ItemName>
      <ManufactureName>שטראוס גרופ בע`מ</ManufactureName>
      <ManufactureCountry />
      <ManufactureItemDescription />
      <UnitQty>'יח</UnitQty>
      <Quantity>6</Quantity>
      <UnitMeasure>ל-100 גרם</UnitMeasure>
      <BisWeighted>0</BisWeighted>
      <QtyInPackage>1</QtyInPackage>
      <ItemPrice>12.90</ItemPrice>
      <UnitOfMeasurePrice>2.15</UnitOfMeasurePrice>
      <AllowDiscount>1</AllowDiscount>
      <itemStatus>1</itemStatus>
      <LastUpdateDate />
      <LastUpdateTime />
    </Product>
    <Product>
      <PriceUpdateDate>2022/07/07 07:20</PriceUpdateDate>
      <ItemCode>7290110558222</ItemCode>
      <ItemType>1</ItemType>
      <ItemName>דנונה בנופי WOW</ItemName>
      <ManufactureName>שטראוס גרופ בע`מ</ManufactureName>
      <ManufactureCountry />
      <ManufactureItemDescription />
      <UnitQty>'יח</UnitQty>
      <Quantity>1.50</Quantity>
      <UnitMeasure>ל-100 מ"ל</UnitMeasure>
      <BisWeighted>0</BisWeighted>
      <QtyInPackage>12</QtyInPackage>
      <ItemPrice>4.90</ItemPrice>
      <UnitOfMeasurePrice>3.27</UnitOfMeasurePrice>
      <AllowDiscount>1</AllowDiscount>
      <itemStatus>1</itemStatus>
      <LastUpdateDate />
      <LastUpdateTime />
    </Product>
    <Product>
      <PriceUpdateDate>2022/06/06 17:46</PriceUpdateDate>
      <ItemCode>7290110558284</ItemCode>
      <ItemType>1</ItemType>
      <ItemName>דנונה ביו מולטי 200 גרם</ItemName>
      <ManufactureName>שטראוס גרופ בע`מ</ManufactureName>
      <ManufactureCountry />
      <ManufactureItemDescription />
      <UnitQty>'יח</UnitQty>
      <Quantity>2</Quantity>
      <UnitMeasure>ל-100 גרם</UnitMeasure>
      <BisWeighted>0</BisWeighted>
      <QtyInPackage>3</QtyInPackage>
      <ItemPrice>4.90</ItemPrice>
      <UnitOfMeasurePrice>2.45</UnitOfMeasurePrice>
      <AllowDiscount>0</AllowDiscount>
      <itemStatus>1</itemStatus>
      <LastUpdateDate />
      <LastUpdateTime />
    </Product>
    <Product>
      <PriceUpdateDate>2022/07/07 07:20</PriceUpdateDate>
      <ItemCode>7290110558314</ItemCode>
      <ItemType>1</ItemType>
      <ItemName>דנונה פרו 20 פיסטוק 200  גר`לל"ס</ItemName>
      <ManufactureName>שטראוס גרופ בע`מ</ManufactureName>
      <ManufactureCountry />
      <ManufactureItemDescription />
      <UnitQty>'יח</UnitQty>
      <Quantity>1.50</Quantity>
      <UnitMeasure>ל-100 מ"ל</UnitMeasure>
      <BisWeighted>0</BisWeighted>
      <QtyInPackage>12</QtyInPackage>
      <ItemPrice>5.90</ItemPrice>
      <UnitOfMeasurePrice>3.93</UnitOfMeasurePrice>
      <AllowDiscount>0</AllowDiscount>
      <itemStatus>1</itemStatus>
      <LastUpdateDate />
      <LastUpdateTime />
    </Product>
    <Product>
      <PriceUpdateDate>2022/05/16 09:48</PriceUpdateDate>
      <ItemCode>7290110559762</ItemCode>
      <ItemType>1</ItemType>
      <ItemName>ריל מאגדת אגוזים תמרים וקוקוס 3*35 גרם</ItemName>
      <ManufactureName>שטראוס גרופ בע`מ</ManufactureName>
      <ManufactureCountry />
      <ManufactureItemDescription />
      <UnitQty>'יח</UnitQty>
      <Quantity>1</Quantity>
      <UnitMeasure>ל-100 גרם</UnitMeasure>
      <BisWeighted>0</BisWeighted>
      <QtyInPackage>1</QtyInPackage>
      <ItemPrice>13.90</ItemPrice>
      <UnitOfMeasurePrice>13.90</UnitOfMeasurePrice>
      <AllowDiscount>1</AllowDiscount>
      <itemStatus>1</itemStatus>
      <LastUpdateDate />
      <LastUpdateTime />
    </Product>
    <Product>
      <PriceUpdateDate>2019/01/16 14:50</PriceUpdateDate>
      <ItemCode>7290110560300</ItemCode>
      <ItemType>1</ItemType>
      <ItemName>פריכיות משולשות פלפל שחור</ItemName>
      <ManufactureName>שטראוס גרופ בע`מ</ManufactureName>
      <ManufactureCountry />
      <ManufactureItemDescription />
      <UnitQty>'יח</UnitQty>
      <Quantity>0.30</Quantity>
      <UnitMeasure>ל-100 גרם</UnitMeasure>
      <BisWeighted>0</BisWeighted>
      <QtyInPackage>24</QtyInPackage>
      <ItemPrice>4.90</ItemPrice>
      <UnitOfMeasurePrice>16.33</UnitOfMeasurePrice>
      <AllowDiscount>0</AllowDiscount>
      <itemStatus>1</itemStatus>
      <LastUpdateDate />
      <LastUpdateTime />
    </Product>
    <Product>
      <PriceUpdateDate>2019/01/16 14:50</PriceUpdateDate>
      <ItemCode>7290110560317</ItemCode>
      <ItemType>1</ItemType>
      <ItemName>פריכיות משולשות מלח ים</ItemName>
      <ManufactureName>שטראוס גרופ בע`מ</ManufactureName>
      <ManufactureCountry />
      <ManufactureItemDescription />
      <UnitQty>'יח</UnitQty>
      <Quantity>0.30</Quantity>
      <UnitMeasure>ל-100 גרם</UnitMeasure>
      <BisWeighted>0</BisWeighted>
      <QtyInPackage>24</QtyInPackage>
      <ItemPrice>4.90</ItemPrice>
      <UnitOfMeasurePrice>16.33</UnitOfMeasurePrice>
      <AllowDiscount>0</AllowDiscount>
      <itemStatus>1</itemStatus>
      <LastUpdateDate />
      <LastUpdateTime />
    </Product>
    <Product>
      <PriceUpdateDate>2019/01/16 14:50</PriceUpdateDate>
      <ItemCode>7290110560324</ItemCode>
      <ItemType>1</ItemType>
      <ItemName>פריכיות משולשות אפונה ירוקה</ItemName>
      <ManufactureName>שטראוס גרופ בע`מ</ManufactureName>
      <ManufactureCountry />
      <ManufactureItemDescription />
      <UnitQty>'יח</UnitQty>
      <Quantity>0.30</Quantity>
      <UnitMeasure>ל-100 גרם</UnitMeasure>
      <BisWeighted>0</BisWeighted>
      <QtyInPackage>24</QtyInPackage>
      <ItemPrice>4.90</ItemPrice>
      <UnitOfMeasurePrice>16.33</UnitOfMeasurePrice>
      <AllowDiscount>0</AllowDiscount>
      <itemStatus>1</itemStatus>
      <LastUpdateDate />
      <LastUpdateTime />
    </Product>
    <Product>
      <PriceUpdateDate>2019/01/16 14:50</PriceUpdateDate>
      <ItemCode>7290110561352</ItemCode>
      <ItemType>1</ItemType>
      <ItemName>דנונה דל לקטוז 3%</ItemName>
      <ManufactureName>שטראוס גרופ בע`מ</ManufactureName>
      <ManufactureCountry />
      <ManufactureItemDescription />
      <UnitQty>'יח</UnitQty>
      <Quantity>2</Quantity>
      <UnitMeasure>ל-100 מ"ל</UnitMeasure>
      <BisWeighted>0</BisWeighted>
      <QtyInPackage>24</QtyInPackage>
      <ItemPrice>3.70</ItemPrice>
      <UnitOfMeasurePrice>1.85</UnitOfMeasurePrice>
      <AllowDiscount>0</AllowDiscount>
      <itemStatus>1</itemStatus>
      <LastUpdateDate />
      <LastUpdateTime />
    </Product>
    <Product>
      <PriceUpdateDate>2019/01/16 14:50</PriceUpdateDate>
      <ItemCode>7290110561604</ItemCode>
      <ItemType>1</ItemType>
      <ItemName>מארז שמינייה גמדים</ItemName>
      <ManufactureName>שטראוס גרופ בע`מ</ManufactureName>
      <ManufactureCountry />
      <ManufactureItemDescription />
      <UnitQty>'יח</UnitQty>
      <Quantity>8</Quantity>
      <UnitMeasure>ל-100 גרם</UnitMeasure>
      <BisWeighted>0</BisWeighted>
      <QtyInPackage>6</QtyInPackage>
      <ItemPrice>19.90</ItemPrice>
      <UnitOfMeasurePrice>2.49</UnitOfMeasurePrice>
      <AllowDiscount>0</AllowDiscount>
      <itemStatus>1</itemStatus>
      <LastUpdateDate />
      <LastUpdateTime />
    </Product>
    <Product>
      <PriceUpdateDate>2019/05/26 21:38</PriceUpdateDate>
      <ItemCode>7290110563431</ItemCode>
      <ItemType>1</ItemType>
      <ItemName>משקה קפה קר בסגנון קלאסי 1.6% שומן</ItemName>
      <ManufactureName>שטראוס גרופ בע`מ</ManufactureName>
      <ManufactureCountry />
      <ManufactureItemDescription />
      <UnitQty>'יח</UnitQty>
      <Quantity>2.30</Quantity>
      <UnitMeasure>ל-100 מ"ל</UnitMeasure>
      <BisWeighted>0</BisWeighted>
      <QtyInPackage>1</QtyInPackage>
      <ItemPrice>7.90</ItemPrice>
      <UnitOfMeasurePrice>3.43</UnitOfMeasurePrice>
      <AllowDiscount>1</AllowDiscount>
      <itemStatus>1</itemStatus>
      <LastUpdateDate />
      <LastUpdateTime />
    </Product>
    <Product>
      <PriceUpdateDate>2019/05/26 21:38</PriceUpdateDate>
      <ItemCode>7290110563448</ItemCode>
      <ItemType>1</ItemType>
      <ItemName>משקה קפה קר בסגנון מועדן 1.6% שומן</ItemName>
      <ManufactureName>שטראוס גרופ בע`מ</ManufactureName>
      <ManufactureCountry />
      <ManufactureItemDescription />
      <UnitQty>'יח</UnitQty>
      <Quantity>2.30</Quantity>
      <UnitMeasure>ל-100 מ"ל</UnitMeasure>
      <BisWeighted>0</BisWeighted>
      <QtyInPackage>1</QtyInPackage>
      <ItemPrice>7.90</ItemPrice>
      <UnitOfMeasurePrice>3.43</UnitOfMeasurePrice>
      <AllowDiscount>1</AllowDiscount>
      <itemStatus>1</itemStatus>
      <LastUpdateDate />
      <LastUpdateTime />
    </Product>
    <Product>
      <PriceUpdateDate>2019/01/16 14:50</PriceUpdateDate>
      <ItemCode>7290110564339</ItemCode>
      <ItemType>1</ItemType>
      <ItemName>אחלה חומוס 30% בתוספת טחינה 400 גר`</ItemName>
      <ManufactureName>שטראוס גרופ בע`מ</ManufactureName>
      <ManufactureCountry />
      <ManufactureItemDescription />
      <UnitQty>'יח</UnitQty>
      <Quantity>4</Quantity>
      <UnitMeasure>ל-100 גרם</UnitMeasure>
      <BisWeighted>0</BisWeighted>
      <QtyInPackage>6</QtyInPackage>
      <ItemPrice>14.90</ItemPrice>
      <UnitOfMeasurePrice>3.73</UnitOfMeasurePrice>
      <AllowDiscount>0</AllowDiscount>
      <itemStatus>1</itemStatus>
      <LastUpdateDate />
      <LastUpdateTime />
    </Product>
    <Product>
      <PriceUpdateDate>2019/01/16 14:50</PriceUpdateDate>
      <ItemCode>7290110564360</ItemCode>
      <ItemType>1</ItemType>
      <ItemName>אחלה חומוס 40% בתוספת טחינה 400 גר`</ItemName>
      <ManufactureName>שטראוס גרופ בע`מ</ManufactureName>
      <ManufactureCountry />
      <ManufactureItemDescription />
      <UnitQty>'יח</UnitQty>
      <Quantity>4</Quantity>
      <UnitMeasure>ל-100 גרם</UnitMeasure>
      <BisWeighted>0</BisWeighted>
      <QtyInPackage>6</QtyInPackage>
      <ItemPrice>14.90</ItemPrice>
      <UnitOfMeasurePrice>3.73</UnitOfMeasurePrice>
      <AllowDiscount>0</AllowDiscount>
      <itemStatus>1</itemStatus>
      <LastUpdateDate />
      <LastUpdateTime />
    </Product>
    <Product>
      <PriceUpdateDate>2019/01/16 14:50</PriceUpdateDate>
      <ItemCode>7290110565435</ItemCode>
      <ItemType>1</ItemType>
      <ItemName>לימבו פטל 125 גרם בגביע</ItemName>
      <ManufactureName>שטראוס גרופ בע`מ</ManufactureName>
      <ManufactureCountry />
      <ManufactureItemDescription />
      <UnitQty>'יח</UnitQty>
      <Quantity>1.25</Quantity>
      <UnitMeasure>ל-100 גרם</UnitMeasure>
      <BisWeighted>0</BisWeighted>
      <QtyInPackage>24</QtyInPackage>
      <ItemPrice>2.20</ItemPrice>
      <UnitOfMeasurePrice>1.76</UnitOfMeasurePrice>
      <AllowDiscount>1</AllowDiscount>
      <itemStatus>1</itemStatus>
      <LastUpdateDate />
      <LastUpdateTime />
    </Product>
    <Product>
      <PriceUpdateDate>2019/01/16 14:50</PriceUpdateDate>
      <ItemCode>7290110565527</ItemCode>
      <ItemType>1</ItemType>
      <ItemName>דנונה פרו עשיר בחלבון 200 גר`</ItemName>
      <ManufactureName>שטראוס גרופ בע`מ</ManufactureName>
      <ManufactureCountry />
      <ManufactureItemDescription />
      <UnitQty>'יח</UnitQty>
      <Quantity>1.50</Quantity>
      <UnitMeasure>ל-100 מ"ל</UnitMeasure>
      <BisWeighted>0</BisWeighted>
      <QtyInPackage>12</QtyInPackage>
      <ItemPrice>5.90</ItemPrice>
      <UnitOfMeasurePrice>3.93</UnitOfMeasurePrice>
      <AllowDiscount>0</AllowDiscount>
      <itemStatus>1</itemStatus>
      <LastUpdateDate />
      <LastUpdateTime />
    </Product>
    <Product>
      <PriceUpdateDate>2019/07/29 12:53</PriceUpdateDate>
      <ItemCode>7290110565572</ItemCode>
      <ItemType>1</ItemType>
      <ItemName>קפה טורקי דרך עם הל  24*</ItemName>
      <ManufactureName>שטראוס גרופ בע`מ</ManufactureName>
      <ManufactureCountry />
      <ManufactureItemDescription />
      <UnitQty>'יח</UnitQty>
      <Quantity>1.40</Quantity>
      <UnitMeasure>ל-100 גרם</UnitMeasure>
      <BisWeighted>0</BisWeighted>
      <QtyInPackage>8</QtyInPackage>
      <ItemPrice>17.90</ItemPrice>
      <UnitOfMeasurePrice>12.79</UnitOfMeasurePrice>
      <AllowDiscount>0</AllowDiscount>
      <itemStatus>1</itemStatus>
      <LastUpdateDate />
      <LastUpdateTime />
    </Product>
    <Product>
      <PriceUpdateDate>2019/01/16 14:50</PriceUpdateDate>
      <ItemCode>7290110566975</ItemCode>
      <ItemType>1</ItemType>
      <ItemName>דנונה פרו תות 200 גר`</ItemName>
      <ManufactureName>שטראוס גרופ בע`מ</ManufactureName>
      <ManufactureCountry />
      <ManufactureItemDescription />
      <UnitQty>'יח</UnitQty>
      <Quantity>1.55</Quantity>
      <UnitMeasure>ל-100 מ"ל</UnitMeasure>
      <BisWeighted>0</BisWeighted>
      <QtyInPackage>12</QtyInPackage>
      <ItemPrice>5.90</ItemPrice>
      <UnitOfMeasurePrice>3.81</UnitOfMeasurePrice>
      <AllowDiscount>0</AllowDiscount>
      <itemStatus>1</itemStatus>
      <LastUpdateDate />
      <LastUpdateTime />
    </Product>
    <Product>
      <PriceUpdateDate>2020/12/11 06:50</PriceUpdateDate>
      <ItemCode>7290110568238</ItemCode>
      <ItemType>1</ItemType>
      <ItemName>קצפת צמחית 21%</ItemName>
      <ManufactureName>שטראוס גרופ בע`מ</ManufactureName>
      <ManufactureCountry />
      <ManufactureItemDescription />
      <UnitQty>'יח</UnitQty>
      <Quantity>2.50</Quantity>
      <UnitMeasure>ל-100 מ"ל</UnitMeasure>
      <BisWeighted>0</BisWeighted>
      <QtyInPackage>18</QtyInPackage>
      <ItemPrice>7.90</ItemPrice>
      <UnitOfMeasurePrice>3.16</UnitOfMeasurePrice>
      <AllowDiscount>0</AllowDiscount>
      <itemStatus>1</itemStatus>
      <LastUpdateDate />
      <LastUpdateTime />
    </Product>
    <Product>
      <PriceUpdateDate>2019/01/16 14:50</PriceUpdateDate>
      <ItemCode>7290110568276</ItemCode>
      <ItemType>1</ItemType>
      <ItemName>משקה יטבתה פרו וניל 350 מל`</ItemName>
      <ManufactureName>שטראוס גרופ בע`מ</ManufactureName>
      <ManufactureCountry />
      <ManufactureItemDescription />
      <UnitQty>'יח</UnitQty>
      <Quantity>3.50</Quantity>
      <UnitMeasure>ל-100 מ"ל</UnitMeasure>
      <BisWeighted>0</BisWeighted>
      <QtyInPackage>6</QtyInPackage>
      <ItemPrice>6.40</ItemPrice>
      <UnitOfMeasurePrice>1.83</UnitOfMeasurePrice>
      <AllowDiscount>0</AllowDiscount>
      <itemStatus>1</itemStatus>
      <LastUpdateDate />
      <LastUpdateTime />
    </Product>
    <Product>
      <PriceUpdateDate>2022/04/25 11:22</PriceUpdateDate>
      <ItemCode>7290110571382</ItemCode>
      <ItemType>1</ItemType>
      <ItemName>מעדן פרו בטעם וניל 11 גר` חלבון 150 גר</ItemName>
      <ManufactureName>שטראוס גרופ בע`מ</ManufactureName>
      <ManufactureCountry />
      <ManufactureItemDescription />
      <UnitQty>'יח</UnitQty>
      <Quantity>1.50</Quantity>
      <UnitMeasure>ל-100 גרם</UnitMeasure>
      <BisWeighted>0</BisWeighted>
      <QtyInPackage>24</QtyInPackage>
      <ItemPrice>5.90</ItemPrice>
      <UnitOfMeasurePrice>3.93</UnitOfMeasurePrice>
      <AllowDiscount>1</AllowDiscount>
      <itemStatus>1</itemStatus>
      <LastUpdateDate />
      <LastUpdateTime />
    </Product>
    <Product>
      <PriceUpdateDate>2022/06/06 17:45</PriceUpdateDate>
      <ItemCode>7290110571399</ItemCode>
      <ItemType>1</ItemType>
      <ItemName>צנצנת מאסט בטעם גלידה תות 58 גרם</ItemName>
      <ManufactureName>שטראוס גרופ בע`מ</ManufactureName>
      <ManufactureCountry />
      <ManufactureItemDescription />
      <UnitQty>'יח</UnitQty>
      <Quantity>1</Quantity>
      <UnitMeasure>'יח</UnitMeasure>
      <BisWeighted>0</BisWeighted>
      <QtyInPackage>12</QtyInPackage>
      <ItemPrice>9.90</ItemPrice>
      <UnitOfMeasurePrice>9.90</UnitOfMeasurePrice>
      <AllowDiscount>0</AllowDiscount>
      <itemStatus>1</itemStatus>
      <LastUpdateDate />
      <LastUpdateTime />
    </Product>
    <Product>
      <PriceUpdateDate>2022/10/12 19:26</PriceUpdateDate>
      <ItemCode>7290110571405</ItemCode>
      <ItemType>1</ItemType>
      <ItemName>מיני פינוקיות בגביע פסק זמן 180 גרם</ItemName>
      <ManufactureName>שטראוס גרופ בע`מ</ManufactureName>
      <ManufactureCountry />
      <ManufactureItemDescription />
      <UnitQty>'יח</UnitQty>
      <Quantity>1.80</Quantity>
      <UnitMeasure>ל-100 גרם</UnitMeasure>
      <BisWeighted>0</BisWeighted>
      <QtyInPackage>1</QtyInPackage>
      <ItemPrice>9.90</ItemPrice>
      <UnitOfMeasurePrice>5.50</UnitOfMeasurePrice>
      <AllowDiscount>0</AllowDiscount>
      <itemStatus>1</itemStatus>
      <LastUpdateDate />
      <LastUpdateTime />
    </Product>
    <Product>
      <PriceUpdateDate>2022/10/12 19:26</PriceUpdateDate>
      <ItemCode>7290110571412</ItemCode>
      <ItemType>1</ItemType>
      <ItemName>מיני פינוקיות בגביע  פאדג`180 גרם</ItemName>
      <ManufactureName>שטראוס גרופ בע`מ</ManufactureName>
      <ManufactureCountry />
      <ManufactureItemDescription />
      <UnitQty>'יח</UnitQty>
      <Quantity>1.80</Quantity>
      <UnitMeasure>ל-100 גרם</UnitMeasure>
      <BisWeighted>0</BisWeighted>
      <QtyInPackage>1</QtyInPackage>
      <ItemPrice>9.90</ItemPrice>
      <UnitOfMeasurePrice>5.50</UnitOfMeasurePrice>
      <AllowDiscount>0</AllowDiscount>
      <itemStatus>1</itemStatus>
      <LastUpdateDate />
      <LastUpdateTime />
    </Product>
    <Product>
      <PriceUpdateDate>2022/06/06 17:45</PriceUpdateDate>
      <ItemCode>7290110571474</ItemCode>
      <ItemType>1</ItemType>
      <ItemName>רבע לשבע טבעוני פופקורן</ItemName>
      <ManufactureName>שטראוס גרופ בע`מ</ManufactureName>
      <ManufactureCountry />
      <ManufactureItemDescription />
      <UnitQty>'יח</UnitQty>
      <Quantity>1.20</Quantity>
      <UnitMeasure>ל-100 גרם</UnitMeasure>
      <BisWeighted>0</BisWeighted>
      <QtyInPackage>1</QtyInPackage>
      <ItemPrice>11.90</ItemPrice>
      <UnitOfMeasurePrice>9.92</UnitOfMeasurePrice>
      <AllowDiscount>1</AllowDiscount>
      <itemStatus>1</itemStatus>
      <LastUpdateDate />
      <LastUpdateTime />
    </Product>
    <Product>
      <PriceUpdateDate>2022/07/06 14:26</PriceUpdateDate>
      <ItemCode>7290110572976</ItemCode>
      <ItemType>1</ItemType>
      <ItemName>כיף כף פצפצים קרם לבן 135 גר`</ItemName>
      <ManufactureName>שטראוס גרופ בע`מ</ManufactureName>
      <ManufactureCountry />
      <ManufactureItemDescription />
      <UnitQty>'יח</UnitQty>
      <Quantity>1.35</Quantity>
      <UnitMeasure>ל-100 גרם</UnitMeasure>
      <BisWeighted>0</BisWeighted>
      <QtyInPackage>24</QtyInPackage>
      <ItemPrice>9.90</ItemPrice>
      <UnitOfMeasurePrice>7.33</UnitOfMeasurePrice>
      <AllowDiscount>1</AllowDiscount>
      <itemStatus>1</itemStatus>
      <LastUpdateDate />
      <LastUpdateTime />
    </Product>
    <Product>
      <PriceUpdateDate>2022/07/06 14:26</PriceUpdateDate>
      <ItemCode>7290110576318</ItemCode>
      <ItemType>1</ItemType>
      <ItemName>מאגדת שלישייה שוקולד לבן עם אגוזי לוז</ItemName>
      <ManufactureName>שטראוס גרופ בע`מ</ManufactureName>
      <ManufactureCountry />
      <ManufactureItemDescription />
      <UnitQty>'יח</UnitQty>
      <Quantity>3</Quantity>
      <UnitMeasure>ל-100 גרם</UnitMeasure>
      <BisWeighted>0</BisWeighted>
      <QtyInPackage>1</QtyInPackage>
      <ItemPrice>21.90</ItemPrice>
      <UnitOfMeasurePrice>7.30</UnitOfMeasurePrice>
      <AllowDiscount>1</AllowDiscount>
      <itemStatus>1</itemStatus>
      <LastUpdateDate />
      <LastUpdateTime />
    </Product>
    <Product>
      <PriceUpdateDate>2022/10/24 11:27</PriceUpdateDate>
      <ItemCode>7290110576356</ItemCode>
      <ItemType>1</ItemType>
      <ItemName>ספלנדיד שוקולד מריר פרו 64%</ItemName>
      <ManufactureName>שטראוס גרופ בע`מ</ManufactureName>
      <ManufactureCountry />
      <ManufactureItemDescription />
      <UnitQty>'יח</UnitQty>
      <Quantity>1</Quantity>
      <UnitMeasure />
      <BisWeighted>0</BisWeighted>
      <QtyInPackage>1</QtyInPackage>
      <ItemPrice>8.90</ItemPrice>
      <UnitOfMeasurePrice>8.90</UnitOfMeasurePrice>
      <AllowDiscount>1</AllowDiscount>
      <itemStatus>1</itemStatus>
      <LastUpdateDate />
      <LastUpdateTime />
    </Product>
    <Product>
      <PriceUpdateDate>2022/10/24 11:27</PriceUpdateDate>
      <ItemCode>7290110576363</ItemCode>
      <ItemType>1</ItemType>
      <ItemName>ספלנדיד שוקולד מריר אוגנדה 80%</ItemName>
      <ManufactureName>שטראוס גרופ בע`מ</ManufactureName>
      <ManufactureCountry />
      <ManufactureItemDescription />
      <UnitQty>'יח</UnitQty>
      <Quantity>1</Quantity>
      <UnitMeasure />
      <BisWeighted>0</BisWeighted>
      <QtyInPackage>1</QtyInPackage>
      <ItemPrice>8.90</ItemPrice>
      <UnitOfMeasurePrice>8.90</UnitOfMeasurePrice>
      <AllowDiscount>1</AllowDiscount>
      <itemStatus>1</itemStatus>
      <LastUpdateDate />
      <LastUpdateTime />
    </Product>
    <Product>
      <PriceUpdateDate>2022/07/06 14:26</PriceUpdateDate>
      <ItemCode>7290110576370</ItemCode>
      <ItemType>1</ItemType>
      <ItemName>מאגדת שלישייה שוקולד מריר עם אגוזי לוז</ItemName>
      <ManufactureName>שטראוס גרופ בע`מ</ManufactureName>
      <ManufactureCountry />
      <ManufactureItemDescription />
      <UnitQty>'יח</UnitQty>
      <Quantity>3</Quantity>
      <UnitMeasure>ל-100 גרם</UnitMeasure>
      <BisWeighted>0</BisWeighted>
      <QtyInPackage>1</QtyInPackage>
      <ItemPrice>21.90</ItemPrice>
      <UnitOfMeasurePrice>7.30</UnitOfMeasurePrice>
      <AllowDiscount>1</AllowDiscount>
      <itemStatus>1</itemStatus>
      <LastUpdateDate />
      <LastUpdateTime />
    </Product>
    <Product>
      <PriceUpdateDate>2022/07/06 14:26</PriceUpdateDate>
      <ItemCode>7290110576387</ItemCode>
      <ItemType>1</ItemType>
      <ItemName>מאגדת שלישייה שוקולד חלב עם אגוזי לוז</ItemName>
      <ManufactureName>שטראוס גרופ בע`מ</ManufactureName>
      <ManufactureCountry />
      <ManufactureItemDescription />
      <UnitQty>'יח</UnitQty>
      <Quantity>3</Quantity>
      <UnitMeasure>ל-100 גרם</UnitMeasure>
      <BisWeighted>0</BisWeighted>
      <QtyInPackage>1</QtyInPackage>
      <ItemPrice>21.90</ItemPrice>
      <UnitOfMeasurePrice>7.30</UnitOfMeasurePrice>
      <AllowDiscount>1</AllowDiscount>
      <itemStatus>1</itemStatus>
      <LastUpdateDate />
      <LastUpdateTime />
    </Product>
    <Product>
      <PriceUpdateDate>2021/09/15 06:38</PriceUpdateDate>
      <ItemCode>7290111097041</ItemCode>
      <ItemType>1</ItemType>
      <ItemName>בייביסיטר שמינייה בבישום עדין</ItemName>
      <ManufactureName>שקד תבל בע`מ</ManufactureName>
      <ManufactureCountry />
      <ManufactureItemDescription />
      <UnitQty>'יח</UnitQty>
      <Quantity>1</Quantity>
      <UnitMeasure>'יח</UnitMeasure>
      <BisWeighted>0</BisWeighted>
      <QtyInPackage>1</QtyInPackage>
      <ItemPrice>19.90</ItemPrice>
      <UnitOfMeasurePrice>19.90</UnitOfMeasurePrice>
      <AllowDiscount>0</AllowDiscount>
      <itemStatus>1</itemStatus>
      <LastUpdateDate />
      <LastUpdateTime />
    </Product>
    <Product>
      <PriceUpdateDate>2019/05/26 21:38</PriceUpdateDate>
      <ItemCode>7290111289453</ItemCode>
      <ItemType>1</ItemType>
      <ItemName>סט משאבה עם בלונים כוח פי ג`י</ItemName>
      <ManufactureName>שמחה זה אנחנו בע`מ</ManufactureName>
      <ManufactureCountry />
      <ManufactureItemDescription />
      <UnitQty>'יח</UnitQty>
      <Quantity>1</Quantity>
      <UnitMeasure />
      <BisWeighted>0</BisWeighted>
      <QtyInPackage>1</QtyInPackage>
      <ItemPrice>18.90</ItemPrice>
      <UnitOfMeasurePrice>18.90</UnitOfMeasurePrice>
      <AllowDiscount>0</AllowDiscount>
      <itemStatus>1</itemStatus>
      <LastUpdateDate />
      <LastUpdateTime />
    </Product>
    <Product>
      <PriceUpdateDate>2022/10/30 19:02</PriceUpdateDate>
      <ItemCode>7290111303746</ItemCode>
      <ItemType>1</ItemType>
      <ItemName>מטריה סילקון אוטומטית</ItemName>
      <ManufactureName>ד.ג.ש ייבוא ושיווק בעמ</ManufactureName>
      <ManufactureCountry />
      <ManufactureItemDescription />
      <UnitQty>'יח</UnitQty>
      <Quantity>1</Quantity>
      <UnitMeasure />
      <BisWeighted>0</BisWeighted>
      <QtyInPackage>1</QtyInPackage>
      <ItemPrice>39.90</ItemPrice>
      <UnitOfMeasurePrice>39.90</UnitOfMeasurePrice>
      <AllowDiscount>0</AllowDiscount>
      <itemStatus>1</itemStatus>
      <LastUpdateDate />
      <LastUpdateTime />
    </Product>
    <Product>
      <PriceUpdateDate>2022/01/19 11:03</PriceUpdateDate>
      <ItemCode>7290111340178</ItemCode>
      <ItemType>1</ItemType>
      <ItemName>ניקול מטליות לחות לניקוי כללי דוחה אבק</ItemName>
      <ManufactureName>חוגלה קימברלי שיווק בע`מ</ManufactureName>
      <ManufactureCountry />
      <ManufactureItemDescription />
      <UnitQty>'יח</UnitQty>
      <Quantity>1</Quantity>
      <UnitMeasure />
      <BisWeighted>0</BisWeighted>
      <QtyInPackage>12</QtyInPackage>
      <ItemPrice>10.90</ItemPrice>
      <UnitOfMeasurePrice>10.90</UnitOfMeasurePrice>
      <AllowDiscount>1</AllowDiscount>
      <itemStatus>1</itemStatus>
      <LastUpdateDate />
      <LastUpdateTime />
    </Product>
    <Product>
      <PriceUpdateDate>2022/01/19 11:03</PriceUpdateDate>
      <ItemCode>7290111340185</ItemCode>
      <ItemType>1</ItemType>
      <ItemName>ניקול מטליות לחות לניקוי רצפה בניחוח מ</ItemName>
      <ManufactureName>חוגלה קימברלי שיווק בע`מ</ManufactureName>
      <ManufactureCountry />
      <ManufactureItemDescription />
      <UnitQty>'יח</UnitQty>
      <Quantity>1</Quantity>
      <UnitMeasure />
      <BisWeighted>0</BisWeighted>
      <QtyInPackage>12</QtyInPackage>
      <ItemPrice>10.90</ItemPrice>
      <UnitOfMeasurePrice>10.90</UnitOfMeasurePrice>
      <AllowDiscount>1</AllowDiscount>
      <itemStatus>1</itemStatus>
      <LastUpdateDate />
      <LastUpdateTime />
    </Product>
    <Product>
      <PriceUpdateDate>2019/11/24 12:13</PriceUpdateDate>
      <ItemCode>7290111340956</ItemCode>
      <ItemType>1</ItemType>
      <ItemName>ניקול מטליות לחות לרצפה בניחוח מרכך</ItemName>
      <ManufactureName>חוגלה קימברלי שיווק בע`מ</ManufactureName>
      <ManufactureCountry />
      <ManufactureItemDescription />
      <UnitQty>'יח</UnitQty>
      <Quantity>1</Quantity>
      <UnitMeasure />
      <BisWeighted>0</BisWeighted>
      <QtyInPackage>1</QtyInPackage>
      <ItemPrice>11.90</ItemPrice>
      <UnitOfMeasurePrice>11.90</UnitOfMeasurePrice>
      <AllowDiscount>1</AllowDiscount>
      <itemStatus>1</itemStatus>
      <LastUpdateDate />
      <LastUpdateTime />
    </Product>
    <Product>
      <PriceUpdateDate>2019/01/16 14:50</PriceUpdateDate>
      <ItemCode>7290111341366</ItemCode>
      <ItemType>1</ItemType>
      <ItemName>ניקול מפיות 30*30 150 דף</ItemName>
      <ManufactureName>חוגלה קימברלי שיווק בע`מ</ManufactureName>
      <ManufactureCountry />
      <ManufactureItemDescription />
      <UnitQty>'יח</UnitQty>
      <Quantity>1</Quantity>
      <UnitMeasure />
      <BisWeighted>0</BisWeighted>
      <QtyInPackage>14</QtyInPackage>
      <ItemPrice>8.90</ItemPrice>
      <UnitOfMeasurePrice>8.90</UnitOfMeasurePrice>
      <AllowDiscount>1</AllowDiscount>
      <itemStatus>1</itemStatus>
      <LastUpdateDate />
      <LastUpdateTime />
    </Product>
    <Product>
      <PriceUpdateDate>2022/01/19 11:03</PriceUpdateDate>
      <ItemCode>7290111341984</ItemCode>
      <ItemType>1</ItemType>
      <ItemName>נייר טואלט לילי לח מארז רביעייה</ItemName>
      <ManufactureName>חוגלה קימברלי שיווק בע`מ</ManufactureName>
      <ManufactureCountry />
      <ManufactureItemDescription />
      <UnitQty>'יח</UnitQty>
      <Quantity>1</Quantity>
      <UnitMeasure>ל-100 גרם</UnitMeasure>
      <BisWeighted>0</BisWeighted>
      <QtyInPackage>1</QtyInPackage>
      <ItemPrice>19.90</ItemPrice>
      <UnitOfMeasurePrice>19.90</UnitOfMeasurePrice>
      <AllowDiscount>0</AllowDiscount>
      <itemStatus>1</itemStatus>
      <LastUpdateDate />
      <LastUpdateTime />
    </Product>
    <Product>
      <PriceUpdateDate>2022/01/19 11:03</PriceUpdateDate>
      <ItemCode>7290111342059</ItemCode>
      <ItemType>1</ItemType>
      <ItemName>מטליות לחות  אנטיבקטריאלי</ItemName>
      <ManufactureName>חוגלה קימברלי שיווק בע`מ</ManufactureName>
      <ManufactureCountry />
      <ManufactureItemDescription />
      <UnitQty>'יח</UnitQty>
      <Quantity>1</Quantity>
      <UnitMeasure />
      <BisWeighted>0</BisWeighted>
      <QtyInPackage>1</QtyInPackage>
      <ItemPrice>10.90</ItemPrice>
      <UnitOfMeasurePrice>10.90</UnitOfMeasurePrice>
      <AllowDiscount>1</AllowDiscount>
      <itemStatus>1</itemStatus>
      <LastUpdateDate />
      <LastUpdateTime />
    </Product>
    <Product>
      <PriceUpdateDate>2022/01/19 11:03</PriceUpdateDate>
      <ItemCode>7290111342738</ItemCode>
      <ItemType>1</ItemType>
      <ItemName>נייר טואלט לילי לח מארז רביעייה-kids</ItemName>
      <ManufactureName>חוגלה קימברלי שיווק בע`מ</ManufactureName>
      <ManufactureCountry />
      <ManufactureItemDescription />
      <UnitQty>'יח</UnitQty>
      <Quantity>1</Quantity>
      <UnitMeasure>ל-100 גרם</UnitMeasure>
      <BisWeighted>0</BisWeighted>
      <QtyInPackage>1</QtyInPackage>
      <ItemPrice>19.90</ItemPrice>
      <UnitOfMeasurePrice>19.90</UnitOfMeasurePrice>
      <AllowDiscount>0</AllowDiscount>
      <itemStatus>1</itemStatus>
      <LastUpdateDate />
      <LastUpdateTime />
    </Product>
    <Product>
      <PriceUpdateDate>2022/06/15 13:49</PriceUpdateDate>
      <ItemCode>7290111343117</ItemCode>
      <ItemType>1</ItemType>
      <ItemName>קלינקס לושן סופט פק זוגות 140 דף</ItemName>
      <ManufactureName>חוגלה קימברלי שיווק בע`מ</ManufactureName>
      <ManufactureCountry />
      <ManufactureItemDescription />
      <UnitQty>'יח</UnitQty>
      <Quantity>1</Quantity>
      <UnitMeasure>ל-100 גרם</UnitMeasure>
      <BisWeighted>0</BisWeighted>
      <QtyInPackage>1</QtyInPackage>
      <ItemPrice>13.90</ItemPrice>
      <UnitOfMeasurePrice>13.90</UnitOfMeasurePrice>
      <AllowDiscount>1</AllowDiscount>
      <itemStatus>1</itemStatus>
      <LastUpdateDate />
      <LastUpdateTime />
    </Product>
    <Product>
      <PriceUpdateDate>2022/05/09 20:18</PriceUpdateDate>
      <ItemCode>7290111344206</ItemCode>
      <ItemType>1</ItemType>
      <ItemName>מגבוני האגיס NATURAL CARE</ItemName>
      <ManufactureName>חוגלה קימברלי שיווק בע`מ</ManufactureName>
      <ManufactureCountry />
      <ManufactureItemDescription />
      <UnitQty>'יח</UnitQty>
      <Quantity>1</Quantity>
      <UnitMeasure>'יח</UnitMeasure>
      <BisWeighted>0</BisWeighted>
      <QtyInPackage>6</QtyInPackage>
      <ItemPrice>19.90</ItemPrice>
      <UnitOfMeasurePrice>19.90</UnitOfMeasurePrice>
      <AllowDiscount>0</AllowDiscount>
      <itemStatus>1</itemStatus>
      <LastUpdateDate />
      <LastUpdateTime />
    </Product>
    <Product>
      <PriceUpdateDate>2022/08/17 10:18</PriceUpdateDate>
      <ItemCode>7290111344701</ItemCode>
      <ItemType>1</ItemType>
      <ItemName>ניקול שקיות אוכל סנדוויצון מיניונים</ItemName>
      <ManufactureName>חוגלה קימברלי שיווק בע`מ</ManufactureName>
      <ManufactureCountry />
      <ManufactureItemDescription />
      <UnitQty>'יח</UnitQty>
      <Quantity>1</Quantity>
      <UnitMeasure>'יח</UnitMeasure>
      <BisWeighted>0</BisWeighted>
      <QtyInPackage>1</QtyInPackage>
      <ItemPrice>12.90</ItemPrice>
      <UnitOfMeasurePrice>12.90</UnitOfMeasurePrice>
      <AllowDiscount>0</AllowDiscount>
      <itemStatus>1</itemStatus>
      <LastUpdateDate />
      <LastUpdateTime />
    </Product>
    <Product>
      <PriceUpdateDate>2022/01/19 11:03</PriceUpdateDate>
      <ItemCode>7290111344732</ItemCode>
      <ItemType>1</ItemType>
      <ItemName>קלינקס אלרג`י קומפורט</ItemName>
      <ManufactureName>חוגלה קימברלי שיווק בע`מ</ManufactureName>
      <ManufactureCountry />
      <ManufactureItemDescription />
      <UnitQty>'יח</UnitQty>
      <Quantity>1</Quantity>
      <UnitMeasure>ל-100 גרם</UnitMeasure>
      <BisWeighted>0</BisWeighted>
      <QtyInPackage>1</QtyInPackage>
      <ItemPrice>10.90</ItemPrice>
      <UnitOfMeasurePrice>10.90</UnitOfMeasurePrice>
      <AllowDiscount>0</AllowDiscount>
      <itemStatus>1</itemStatus>
      <LastUpdateDate />
      <LastUpdateTime />
    </Product>
    <Product>
      <PriceUpdateDate>2021/10/31 14:53</PriceUpdateDate>
      <ItemCode>7290111344930</ItemCode>
      <ItemType>1</ItemType>
      <ItemName>ניקול מטליות לחות לרצפה בניחוח מרכך</ItemName>
      <ManufactureName>חוגלה קימברלי שיווק בע`מ</ManufactureName>
      <ManufactureCountry />
      <ManufactureItemDescription />
      <UnitQty>'יח</UnitQty>
      <Quantity>1</Quantity>
      <UnitMeasure />
      <BisWeighted>0</BisWeighted>
      <QtyInPackage>1</QtyInPackage>
      <ItemPrice>11.90</ItemPrice>
      <UnitOfMeasurePrice>11.90</UnitOfMeasurePrice>
      <AllowDiscount>1</AllowDiscount>
      <itemStatus>1</itemStatus>
      <LastUpdateDate />
      <LastUpdateTime />
    </Product>
    <Product>
      <PriceUpdateDate>2022/06/29 09:52</PriceUpdateDate>
      <ItemCode>7290111346088</ItemCode>
      <ItemType>1</ItemType>
      <ItemName>נייר טואלט מולט 30 גלילים</ItemName>
      <ManufactureName>חוגלה קימברלי שיווק בע`מ</ManufactureName>
      <ManufactureCountry />
      <ManufactureItemDescription />
      <UnitQty>'יח</UnitQty>
      <Quantity>1</Quantity>
      <UnitMeasure>ל-100 גרם</UnitMeasure>
      <BisWeighted>0</BisWeighted>
      <QtyInPackage>1</QtyInPackage>
      <ItemPrice>29.90</ItemPrice>
      <UnitOfMeasurePrice>29.90</UnitOfMeasurePrice>
      <AllowDiscount>1</AllowDiscount>
      <itemStatus>1</itemStatus>
      <LastUpdateDate />
      <LastUpdateTime />
    </Product>
    <Product>
      <PriceUpdateDate>2022/09/06 08:04</PriceUpdateDate>
      <ItemCode>7290111346125</ItemCode>
      <ItemType>1</ItemType>
      <ItemName>מגבוני האגיס דיילי קר ללא בישום 56*3</ItemName>
      <ManufactureName>חוגלה קימברלי שיווק בע`מ</ManufactureName>
      <ManufactureCountry />
      <ManufactureItemDescription />
      <UnitQty>'יח</UnitQty>
      <Quantity>1</Quantity>
      <UnitMeasure>'יח</UnitMeasure>
      <BisWeighted>0</BisWeighted>
      <QtyInPackage>1</QtyInPackage>
      <ItemPrice>16.90</ItemPrice>
      <UnitOfMeasurePrice>16.90</UnitOfMeasurePrice>
      <AllowDiscount>1</AllowDiscount>
      <itemStatus>1</itemStatus>
      <LastUpdateDate />
      <LastUpdateTime />
    </Product>
    <Product>
      <PriceUpdateDate>2022/05/09 07:57</PriceUpdateDate>
      <ItemCode>7290111346293</ItemCode>
      <ItemType>1</ItemType>
      <ItemName>מגבת נייר שישייה ניקול</ItemName>
      <ManufactureName>חוגלה קימברלי שיווק בע`מ</ManufactureName>
      <ManufactureCountry />
      <ManufactureItemDescription />
      <UnitQty>'יח</UnitQty>
      <Quantity>1</Quantity>
      <UnitMeasure>ל-100 גרם</UnitMeasure>
      <BisWeighted>0</BisWeighted>
      <QtyInPackage>1</QtyInPackage>
      <ItemPrice>11.90</ItemPrice>
      <UnitOfMeasurePrice>11.90</UnitOfMeasurePrice>
      <AllowDiscount>1</AllowDiscount>
      <itemStatus>1</itemStatus>
      <LastUpdateDate />
      <LastUpdateTime />
    </Product>
    <Product>
      <PriceUpdateDate>2022/09/21 12:06</PriceUpdateDate>
      <ItemCode>7290111346347</ItemCode>
      <ItemType>1</ItemType>
      <ItemName>טישו קליניק חמישיה</ItemName>
      <ManufactureName>חוגלה קימברלי שיווק בע`מ</ManufactureName>
      <ManufactureCountry />
      <ManufactureItemDescription />
      <UnitQty>'יח</UnitQty>
      <Quantity>1</Quantity>
      <UnitMeasure>'יח</UnitMeasure>
      <BisWeighted>0</BisWeighted>
      <QtyInPackage>1</QtyInPackage>
      <ItemPrice>15.90</ItemPrice>
      <UnitOfMeasurePrice>15.90</UnitOfMeasurePrice>
      <AllowDiscount>0</AllowDiscount>
      <itemStatus>1</itemStatus>
      <LastUpdateDate />
      <LastUpdateTime />
    </Product>
    <Product>
      <PriceUpdateDate>2019/01/16 14:50</PriceUpdateDate>
      <ItemCode>7290111350047</ItemCode>
      <ItemType>1</ItemType>
      <ItemName>תמרים מזן מג`הול ללא חרצנים</ItemName>
      <ManufactureName>ליימן שליסל בע`מ</ManufactureName>
      <ManufactureCountry />
      <ManufactureItemDescription />
      <UnitQty>'יח</UnitQty>
      <Quantity>5</Quantity>
      <UnitMeasure>ל-100 גרם</UnitMeasure>
      <BisWeighted>0</BisWeighted>
      <QtyInPackage>1</QtyInPackage>
      <ItemPrice>14.90</ItemPrice>
      <UnitOfMeasurePrice>2.98</UnitOfMeasurePrice>
      <AllowDiscount>1</AllowDiscount>
      <itemStatus>1</itemStatus>
      <LastUpdateDate />
      <LastUpdateTime />
    </Product>
    <Product>
      <PriceUpdateDate>2020/09/30 20:18</PriceUpdateDate>
      <ItemCode>7290111353055</ItemCode>
      <ItemType>1</ItemType>
      <ItemName>גומי בטעם דובדבן 200 גרם</ItemName>
      <ManufactureName>ליימן שליסל בע`מ</ManufactureName>
      <ManufactureCountry />
      <ManufactureItemDescription />
      <UnitQty>'יח</UnitQty>
      <Quantity>0.20</Quantity>
      <UnitMeasure>ל-100 גרם</UnitMeasure>
      <BisWeighted>0</BisWeighted>
      <QtyInPackage>18</QtyInPackage>
      <ItemPrice>8.90</ItemPrice>
      <UnitOfMeasurePrice>44.50</UnitOfMeasurePrice>
      <AllowDiscount>1</AllowDiscount>
      <itemStatus>1</itemStatus>
      <LastUpdateDate />
      <LastUpdateTime />
    </Product>
    <Product>
      <PriceUpdateDate>2022/09/19 16:22</PriceUpdateDate>
      <ItemCode>7290111353093</ItemCode>
      <ItemType>1</ItemType>
      <ItemName>נ סוכריות טופי בטעמי פירות מקלות 600 גר`</ItemName>
      <ManufactureName>ליימן שליסל בע`מ</ManufactureName>
      <ManufactureCountry />
      <ManufactureItemDescription />
      <UnitQty>'יח</UnitQty>
      <Quantity>6</Quantity>
      <UnitMeasure>ל-100 גרם</UnitMeasure>
      <BisWeighted>0</BisWeighted>
      <QtyInPackage>1</QtyInPackage>
      <ItemPrice>14.90</ItemPrice>
      <UnitOfMeasurePrice>2.48</UnitOfMeasurePrice>
      <AllowDiscount>1</AllowDiscount>
      <itemStatus>1</itemStatus>
      <LastUpdateDate />
      <LastUpdateTime />
    </Product>
    <Product>
      <PriceUpdateDate>2020/09/30 20:18</PriceUpdateDate>
      <ItemCode>7290111353239</ItemCode>
      <ItemType>1</ItemType>
      <ItemName>גומי טעם פירות 200 גר`</ItemName>
      <ManufactureName>ליימן שליסל בע`מ</ManufactureName>
      <ManufactureCountry />
      <ManufactureItemDescription />
      <UnitQty>'יח</UnitQty>
      <Quantity>0.20</Quantity>
      <UnitMeasure>ל-100 גרם</UnitMeasure>
      <BisWeighted>0</BisWeighted>
      <QtyInPackage>18</QtyInPackage>
      <ItemPrice>8.90</ItemPrice>
      <UnitOfMeasurePrice>44.50</UnitOfMeasurePrice>
      <AllowDiscount>1</AllowDiscount>
      <itemStatus>1</itemStatus>
      <LastUpdateDate />
      <LastUpdateTime />
    </Product>
    <Product>
      <PriceUpdateDate>2021/01/17 14:20</PriceUpdateDate>
      <ItemCode>7290111353475</ItemCode>
      <ItemType>1</ItemType>
      <ItemName>שטיחים חמוצים יוגטה 200 גר`</ItemName>
      <ManufactureName>ליימן שליסל בע`מ</ManufactureName>
      <ManufactureCountry />
      <ManufactureItemDescription />
      <UnitQty>'יח</UnitQty>
      <Quantity>2</Quantity>
      <UnitMeasure>ל-100 גרם</UnitMeasure>
      <BisWeighted>0</BisWeighted>
      <QtyInPackage>1</QtyInPackage>
      <ItemPrice>7.90</ItemPrice>
      <UnitOfMeasurePrice>3.95</UnitOfMeasurePrice>
      <AllowDiscount>1</AllowDiscount>
      <itemStatus>1</itemStatus>
      <LastUpdateDate />
      <LastUpdateTime />
    </Product>
    <Product>
      <PriceUpdateDate>2021/01/17 14:20</PriceUpdateDate>
      <ItemCode>7290111353482</ItemCode>
      <ItemType>1</ItemType>
      <ItemName>מקלות חמוצים בטעמי פירות יוגטה 200 גר`</ItemName>
      <ManufactureName>ליימן שליסל בע`מ</ManufactureName>
      <ManufactureCountry />
      <ManufactureItemDescription />
      <UnitQty>'יח</UnitQty>
      <Quantity>2</Quantity>
      <UnitMeasure>ל-100 גרם</UnitMeasure>
      <BisWeighted>0</BisWeighted>
      <QtyInPackage>1</QtyInPackage>
      <ItemPrice>7.90</ItemPrice>
      <UnitOfMeasurePrice>3.95</UnitOfMeasurePrice>
      <AllowDiscount>1</AllowDiscount>
      <itemStatus>1</itemStatus>
      <LastUpdateDate />
      <LastUpdateTime />
    </Product>
    <Product>
      <PriceUpdateDate>2020/12/27 09:51</PriceUpdateDate>
      <ItemCode>7290111353567</ItemCode>
      <ItemType>1</ItemType>
      <ItemName>ממרח שקדים טבעי 300 גרם</ItemName>
      <ManufactureName>ליימן שליסל בע`מ</ManufactureName>
      <ManufactureCountry />
      <ManufactureItemDescription />
      <UnitQty>'יח</UnitQty>
      <Quantity>3</Quantity>
      <UnitMeasure>ל-100 גרם</UnitMeasure>
      <BisWeighted>0</BisWeighted>
      <QtyInPackage>1</QtyInPackage>
      <ItemPrice>33.90</ItemPrice>
      <UnitOfMeasurePrice>11.30</UnitOfMeasurePrice>
      <AllowDiscount>0</AllowDiscount>
      <itemStatus>1</itemStatus>
      <LastUpdateDate />
      <LastUpdateTime />
    </Product>
    <Product>
      <PriceUpdateDate>2019/05/27 18:42</PriceUpdateDate>
      <ItemCode>7290111560910</ItemCode>
      <ItemType>1</ItemType>
      <ItemName>אוסם וופל טעם שוקולד אקסרט מילוי 200 ג</ItemName>
      <ManufactureName>קבוצת אסם סחר</ManufactureName>
      <ManufactureCountry />
      <ManufactureItemDescription />
      <UnitQty>'יח</UnitQty>
      <Quantity>2</Quantity>
      <UnitMeasure>ל-100 גרם</UnitMeasure>
      <BisWeighted>0</BisWeighted>
      <QtyInPackage>1</QtyInPackage>
      <ItemPrice>4.40</ItemPrice>
      <UnitOfMeasurePrice>2.20</UnitOfMeasurePrice>
      <AllowDiscount>1</AllowDiscount>
      <itemStatus>1</itemStatus>
      <LastUpdateDate />
      <LastUpdateTime />
    </Product>
    <Product>
      <PriceUpdateDate>2022/01/20 14:35</PriceUpdateDate>
      <ItemCode>7290111563492</ItemCode>
      <ItemType>1</ItemType>
      <ItemName>סלט צבר מטבוחה 400 גר`</ItemName>
      <ManufactureName>קבוצת אסם סחר</ManufactureName>
      <ManufactureCountry />
      <ManufactureItemDescription />
      <UnitQty>'יח</UnitQty>
      <Quantity>4</Quantity>
      <UnitMeasure>ל-100 גרם</UnitMeasure>
      <BisWeighted>0</BisWeighted>
      <QtyInPackage>1</QtyInPackage>
      <ItemPrice>12.90</ItemPrice>
      <UnitOfMeasurePrice>3.23</UnitOfMeasurePrice>
      <AllowDiscount>0</AllowDiscount>
      <itemStatus>1</itemStatus>
      <LastUpdateDate />
      <LastUpdateTime />
    </Product>
    <Product>
      <PriceUpdateDate>2019/07/03 08:47</PriceUpdateDate>
      <ItemCode>7290111564277</ItemCode>
      <ItemType>1</ItemType>
      <ItemName>פיטנס פריכיות 3 דגנים דקות 120 גר`</ItemName>
      <ManufactureName>קבוצת אסם סחר</ManufactureName>
      <ManufactureCountry />
      <ManufactureItemDescription />
      <UnitQty>'יח</UnitQty>
      <Quantity>1.20</Quantity>
      <UnitMeasure>ל-100 גרם</UnitMeasure>
      <BisWeighted>0</BisWeighted>
      <QtyInPackage>1</QtyInPackage>
      <ItemPrice>9.90</ItemPrice>
      <UnitOfMeasurePrice>8.25</UnitOfMeasurePrice>
      <AllowDiscount>0</AllowDiscount>
      <itemStatus>1</itemStatus>
      <LastUpdateDate />
      <LastUpdateTime />
    </Product>
    <Product>
      <PriceUpdateDate>2019/07/03 08:47</PriceUpdateDate>
      <ItemCode>7290111564291</ItemCode>
      <ItemType>1</ItemType>
      <ItemName>פיטנס פריכיות 3 דקות עם קינואה 120 גר`</ItemName>
      <ManufactureName>קבוצת אסם סחר</ManufactureName>
      <ManufactureCountry />
      <ManufactureItemDescription />
      <UnitQty>'יח</UnitQty>
      <Quantity>1.20</Quantity>
      <UnitMeasure>ל-100 גרם</UnitMeasure>
      <BisWeighted>0</BisWeighted>
      <QtyInPackage>1</QtyInPackage>
      <ItemPrice>9.90</ItemPrice>
      <UnitOfMeasurePrice>8.25</UnitOfMeasurePrice>
      <AllowDiscount>0</AllowDiscount>
      <itemStatus>1</itemStatus>
      <LastUpdateDate />
      <LastUpdateTime />
    </Product>
    <Product>
      <PriceUpdateDate>2022/04/25 10:54</PriceUpdateDate>
      <ItemCode>7290111564727</ItemCode>
      <ItemType>1</ItemType>
      <ItemName>קרמוגית אסם במילוי קרם אגוזים</ItemName>
      <ManufactureName>קבוצת אסם סחר</ManufactureName>
      <ManufactureCountry />
      <ManufactureItemDescription />
      <UnitQty>'יח</UnitQty>
      <Quantity>2</Quantity>
      <UnitMeasure>ל-100 גרם</UnitMeasure>
      <BisWeighted>0</BisWeighted>
      <QtyInPackage>1</QtyInPackage>
      <ItemPrice>10.90</ItemPrice>
      <UnitOfMeasurePrice>5.45</UnitOfMeasurePrice>
      <AllowDiscount>1</AllowDiscount>
      <itemStatus>1</itemStatus>
      <LastUpdateDate />
      <LastUpdateTime />
    </Product>
    <Product>
      <PriceUpdateDate>2021/12/23 15:45</PriceUpdateDate>
      <ItemCode>7290111564956</ItemCode>
      <ItemType>1</ItemType>
      <ItemName>במבה ביסלי מיקס 200 גר`</ItemName>
      <ManufactureName>קבוצת אסם סחר</ManufactureName>
      <ManufactureCountry />
      <ManufactureItemDescription />
      <UnitQty>'יח</UnitQty>
      <Quantity>2</Quantity>
      <UnitMeasure>ל-100 גרם</UnitMeasure>
      <BisWeighted>0</BisWeighted>
      <QtyInPackage>1</QtyInPackage>
      <ItemPrice>9.90</ItemPrice>
      <UnitOfMeasurePrice>4.95</UnitOfMeasurePrice>
      <AllowDiscount>1</AllowDiscount>
      <itemStatus>1</itemStatus>
      <LastUpdateDate />
      <LastUpdateTime />
    </Product>
    <Product>
      <PriceUpdateDate>2022/02/15 11:52</PriceUpdateDate>
      <ItemCode>7290111565038</ItemCode>
      <ItemType>1</ItemType>
      <ItemName>לה קרמריה וניל קוקילידה 1.4 ל`</ItemName>
      <ManufactureName>נגה גלידות שותפות מוגבלת</ManufactureName>
      <ManufactureCountry />
      <ManufactureItemDescription />
      <UnitQty>'יח</UnitQty>
      <Quantity>14</Quantity>
      <UnitMeasure>ל-100 מ"ל</UnitMeasure>
      <BisWeighted>0</BisWeighted>
      <QtyInPackage>1</QtyInPackage>
      <ItemPrice>19.90</ItemPrice>
      <UnitOfMeasurePrice>1.42</UnitOfMeasurePrice>
      <AllowDiscount>1</AllowDiscount>
      <itemStatus>1</itemStatus>
      <LastUpdateDate />
      <LastUpdateTime />
    </Product>
    <Product>
      <PriceUpdateDate>2019/01/16 14:50</PriceUpdateDate>
      <ItemCode>7290111566271</ItemCode>
      <ItemType>1</ItemType>
      <ItemName>טבעול חטיפי תירס 657 גרם קפוא</ItemName>
      <ManufactureName>קבוצת אסם סחר</ManufactureName>
      <ManufactureCountry />
      <ManufactureItemDescription />
      <UnitQty>'יח</UnitQty>
      <Quantity>6.57</Quantity>
      <UnitMeasure>ל-100 גרם</UnitMeasure>
      <BisWeighted>0</BisWeighted>
      <QtyInPackage>1</QtyInPackage>
      <ItemPrice>26.90</ItemPrice>
      <UnitOfMeasurePrice>4.09</UnitOfMeasurePrice>
      <AllowDiscount>1</AllowDiscount>
      <itemStatus>1</itemStatus>
      <LastUpdateDate />
      <LastUpdateTime />
    </Product>
    <Product>
      <PriceUpdateDate>2019/01/16 14:50</PriceUpdateDate>
      <ItemCode>7290111566318</ItemCode>
      <ItemType>1</ItemType>
      <ItemName>טבעול שניצל דק מן הצומח 564 גר`</ItemName>
      <ManufactureName>קבוצת אסם סחר</ManufactureName>
      <ManufactureCountry />
      <ManufactureItemDescription />
      <UnitQty>'יח</UnitQty>
      <Quantity>5.64</Quantity>
      <UnitMeasure>ל-100 גרם</UnitMeasure>
      <BisWeighted>0</BisWeighted>
      <QtyInPackage>1</QtyInPackage>
      <ItemPrice>27.90</ItemPrice>
      <UnitOfMeasurePrice>4.95</UnitOfMeasurePrice>
      <AllowDiscount>1</AllowDiscount>
      <itemStatus>1</itemStatus>
      <LastUpdateDate />
      <LastUpdateTime />
    </Product>
    <Product>
      <PriceUpdateDate>2019/01/16 14:50</PriceUpdateDate>
      <ItemCode>7290111566417</ItemCode>
      <ItemType>1</ItemType>
      <ItemName>טבעול טחון צמחוני 500 גר`</ItemName>
      <ManufactureName>קבוצת אסם סחר</ManufactureName>
      <ManufactureCountry />
      <ManufactureItemDescription />
      <UnitQty>'יח</UnitQty>
      <Quantity>5</Quantity>
      <UnitMeasure>ל-100 גרם</UnitMeasure>
      <BisWeighted>0</BisWeighted>
      <QtyInPackage>1</QtyInPackage>
      <ItemPrice>27.90</ItemPrice>
      <UnitOfMeasurePrice>5.58</UnitOfMeasurePrice>
      <AllowDiscount>1</AllowDiscount>
      <itemStatus>1</itemStatus>
      <LastUpdateDate />
      <LastUpdateTime />
    </Product>
    <Product>
      <PriceUpdateDate>2019/01/16 14:50</PriceUpdateDate>
      <ItemCode>7290111566547</ItemCode>
      <ItemType>1</ItemType>
      <ItemName>טבעול חזה בגריל צמחוני 99 קל` 560 גר`</ItemName>
      <ManufactureName>קבוצת אסם סחר</ManufactureName>
      <ManufactureCountry />
      <ManufactureItemDescription />
      <UnitQty>'יח</UnitQty>
      <Quantity>5.60</Quantity>
      <UnitMeasure>ל-100 גרם</UnitMeasure>
      <BisWeighted>0</BisWeighted>
      <QtyInPackage>1</QtyInPackage>
      <ItemPrice>27.90</ItemPrice>
      <UnitOfMeasurePrice>4.98</UnitOfMeasurePrice>
      <AllowDiscount>1</AllowDiscount>
      <itemStatus>1</itemStatus>
      <LastUpdateDate />
      <LastUpdateTime />
    </Product>
    <Product>
      <PriceUpdateDate>2019/01/16 14:50</PriceUpdateDate>
      <ItemCode>7290111566585</ItemCode>
      <ItemType>1</ItemType>
      <ItemName>טבעול שניצל צמחוני 99 קלוריות 650 גר`</ItemName>
      <ManufactureName>קבוצת אסם סחר</ManufactureName>
      <ManufactureCountry />
      <ManufactureItemDescription />
      <UnitQty>'יח</UnitQty>
      <Quantity>6.50</Quantity>
      <UnitMeasure>ל-100 גרם</UnitMeasure>
      <BisWeighted>0</BisWeighted>
      <QtyInPackage>1</QtyInPackage>
      <ItemPrice>27.90</ItemPrice>
      <UnitOfMeasurePrice>4.29</UnitOfMeasurePrice>
      <AllowDiscount>1</AllowDiscount>
      <itemStatus>1</itemStatus>
      <LastUpdateDate />
      <LastUpdateTime />
    </Product>
    <Product>
      <PriceUpdateDate>2019/01/16 14:50</PriceUpdateDate>
      <ItemCode>7290111566660</ItemCode>
      <ItemType>1</ItemType>
      <ItemName>טבעול קציצות עדשים כתומות 530 גר`</ItemName>
      <ManufactureName>קבוצת אסם סחר</ManufactureName>
      <ManufactureCountry />
      <ManufactureItemDescription />
      <UnitQty>'יח</UnitQty>
      <Quantity>5.30</Quantity>
      <UnitMeasure>ל-100 גרם</UnitMeasure>
      <BisWeighted>0</BisWeighted>
      <QtyInPackage>1</QtyInPackage>
      <ItemPrice>27.90</ItemPrice>
      <UnitOfMeasurePrice>5.26</UnitOfMeasurePrice>
      <AllowDiscount>1</AllowDiscount>
      <itemStatus>1</itemStatus>
      <LastUpdateDate />
      <LastUpdateTime />
    </Product>
    <Product>
      <PriceUpdateDate>2019/01/16 14:50</PriceUpdateDate>
      <ItemCode>7290111566691</ItemCode>
      <ItemType>1</ItemType>
      <ItemName>טבעול שניצל תרד 99 קלוריות 693 גר`</ItemName>
      <ManufactureName>קבוצת אסם סחר</ManufactureName>
      <ManufactureCountry />
      <ManufactureItemDescription />
      <UnitQty>'יח</UnitQty>
      <Quantity>6.93</Quantity>
      <UnitMeasure>ל-100 גרם</UnitMeasure>
      <BisWeighted>0</BisWeighted>
      <QtyInPackage>1</QtyInPackage>
      <ItemPrice>27.90</ItemPrice>
      <UnitOfMeasurePrice>4.03</UnitOfMeasurePrice>
      <AllowDiscount>1</AllowDiscount>
      <itemStatus>1</itemStatus>
      <LastUpdateDate />
      <LastUpdateTime />
    </Product>
    <Product>
      <PriceUpdateDate>2019/01/16 14:50</PriceUpdateDate>
      <ItemCode>7290111566752</ItemCode>
      <ItemType>1</ItemType>
      <ItemName>טבעול שניצל תירס 99 קלוריות 693 גר`</ItemName>
      <ManufactureName>קבוצת אסם סחר</ManufactureName>
      <ManufactureCountry />
      <ManufactureItemDescription />
      <UnitQty>'יח</UnitQty>
      <Quantity>6.93</Quantity>
      <UnitMeasure>ל-100 גרם</UnitMeasure>
      <BisWeighted>0</BisWeighted>
      <QtyInPackage>1</QtyInPackage>
      <ItemPrice>27.90</ItemPrice>
      <UnitOfMeasurePrice>4.03</UnitOfMeasurePrice>
      <AllowDiscount>1</AllowDiscount>
      <itemStatus>1</itemStatus>
      <LastUpdateDate />
      <LastUpdateTime />
    </Product>
    <Product>
      <PriceUpdateDate>2019/01/16 14:50</PriceUpdateDate>
      <ItemCode>7290111566776</ItemCode>
      <ItemType>1</ItemType>
      <ItemName>טבעול נקנקיות קוקטייל צמחוני 680 גר`</ItemName>
      <ManufactureName>קבוצת אסם סחר</ManufactureName>
      <ManufactureCountry />
      <ManufactureItemDescription />
      <UnitQty>'יח</UnitQty>
      <Quantity>6.80</Quantity>
      <UnitMeasure>ל-100 גרם</UnitMeasure>
      <BisWeighted>0</BisWeighted>
      <QtyInPackage>1</QtyInPackage>
      <ItemPrice>27.90</ItemPrice>
      <UnitOfMeasurePrice>4.10</UnitOfMeasurePrice>
      <AllowDiscount>1</AllowDiscount>
      <itemStatus>1</itemStatus>
      <LastUpdateDate />
      <LastUpdateTime />
    </Product>
    <Product>
      <PriceUpdateDate>2022/02/21 20:23</PriceUpdateDate>
      <ItemCode>7290111568206</ItemCode>
      <ItemType>1</ItemType>
      <ItemName>ביסלי פארטי מיקס 150 גר`</ItemName>
      <ManufactureName>קבוצת אסם סחר</ManufactureName>
      <ManufactureCountry />
      <ManufactureItemDescription />
      <UnitQty>'יח</UnitQty>
      <Quantity>1.50</Quantity>
      <UnitMeasure>ל-100 גרם</UnitMeasure>
      <BisWeighted>0</BisWeighted>
      <QtyInPackage>1</QtyInPackage>
      <ItemPrice>7.90</ItemPrice>
      <UnitOfMeasurePrice>5.27</UnitOfMeasurePrice>
      <AllowDiscount>1</AllowDiscount>
      <itemStatus>1</itemStatus>
      <LastUpdateDate />
      <LastUpdateTime />
    </Product>
    <Product>
      <PriceUpdateDate>2019/01/16 14:50</PriceUpdateDate>
      <ItemCode>7290111568275</ItemCode>
      <ItemType>1</ItemType>
      <ItemName>נודלס אטריות אורז רחבות 300 גרם</ItemName>
      <ManufactureName>קבוצת אסם סחר</ManufactureName>
      <ManufactureCountry />
      <ManufactureItemDescription />
      <UnitQty>'יח</UnitQty>
      <Quantity>3</Quantity>
      <UnitMeasure>ל-100 גרם</UnitMeasure>
      <BisWeighted>0</BisWeighted>
      <QtyInPackage>1</QtyInPackage>
      <ItemPrice>9.90</ItemPrice>
      <UnitOfMeasurePrice>3.30</UnitOfMeasurePrice>
      <AllowDiscount>1</AllowDiscount>
      <itemStatus>1</itemStatus>
      <LastUpdateDate />
      <LastUpdateTime />
    </Product>
    <Product>
      <PriceUpdateDate>2019/01/16 14:50</PriceUpdateDate>
      <ItemCode>7290111568466</ItemCode>
      <ItemType>1</ItemType>
      <ItemName>רוטב אסיאתי למוקפץ 290 מל`</ItemName>
      <ManufactureName>קבוצת אסם סחר</ManufactureName>
      <ManufactureCountry />
      <ManufactureItemDescription />
      <UnitQty>'יח</UnitQty>
      <Quantity>2.90</Quantity>
      <UnitMeasure>ל-100 מ"ל</UnitMeasure>
      <BisWeighted>0</BisWeighted>
      <QtyInPackage>1</QtyInPackage>
      <ItemPrice>12.90</ItemPrice>
      <UnitOfMeasurePrice>4.45</UnitOfMeasurePrice>
      <AllowDiscount>1</AllowDiscount>
      <itemStatus>1</itemStatus>
      <LastUpdateDate />
      <LastUpdateTime />
    </Product>
    <Product>
      <PriceUpdateDate>2019/12/24 08:42</PriceUpdateDate>
      <ItemCode>7290111568961</ItemCode>
      <ItemType>1</ItemType>
      <ItemName>אסם בייגלה טבעות מלוח 400 גר`</ItemName>
      <ManufactureName>קבוצת אסם סחר</ManufactureName>
      <ManufactureCountry />
      <ManufactureItemDescription />
      <UnitQty>'יח</UnitQty>
      <Quantity>4</Quantity>
      <UnitMeasure>ל-100 גרם</UnitMeasure>
      <BisWeighted>0</BisWeighted>
      <QtyInPackage>1</QtyInPackage>
      <ItemPrice>9.90</ItemPrice>
      <UnitOfMeasurePrice>2.48</UnitOfMeasurePrice>
      <AllowDiscount>1</AllowDiscount>
      <itemStatus>1</itemStatus>
      <LastUpdateDate />
      <LastUpdateTime />
    </Product>
    <Product>
      <PriceUpdateDate>2022/10/02 18:40</PriceUpdateDate>
      <ItemCode>7290111736889</ItemCode>
      <ItemType>1</ItemType>
      <ItemName>סט שלישיית גרבי נשים</ItemName>
      <ManufactureName>הום פרפקט ק.ד.מ בעמ</ManufactureName>
      <ManufactureCountry />
      <ManufactureItemDescription />
      <UnitQty>'יח</UnitQty>
      <Quantity>1</Quantity>
      <UnitMeasure />
      <BisWeighted>0</BisWeighted>
      <QtyInPackage>1</QtyInPackage>
      <ItemPrice>14.90</ItemPrice>
      <UnitOfMeasurePrice>14.90</UnitOfMeasurePrice>
      <AllowDiscount>1</AllowDiscount>
      <itemStatus>1</itemStatus>
      <LastUpdateDate />
      <LastUpdateTime />
    </Product>
    <Product>
      <PriceUpdateDate>2019/01/16 14:50</PriceUpdateDate>
      <ItemCode>7290111930898</ItemCode>
      <ItemType>1</ItemType>
      <ItemName>פוף כוכבים גריל 40 גר`</ItemName>
      <ManufactureName>ש. שסטוביץ בע`מ</ManufactureName>
      <ManufactureCountry />
      <ManufactureItemDescription />
      <UnitQty>'יח</UnitQty>
      <Quantity>0.40</Quantity>
      <UnitMeasure>ל-100 גרם</UnitMeasure>
      <BisWeighted>0</BisWeighted>
      <QtyInPackage>1</QtyInPackage>
      <ItemPrice>3.90</ItemPrice>
      <UnitOfMeasurePrice>9.75</UnitOfMeasurePrice>
      <AllowDiscount>1</AllowDiscount>
      <itemStatus>1</itemStatus>
      <LastUpdateDate />
      <LastUpdateTime />
    </Product>
    <Product>
      <PriceUpdateDate>2019/01/16 14:50</PriceUpdateDate>
      <ItemCode>7290111930904</ItemCode>
      <ItemType>1</ItemType>
      <ItemName>פוף כוכבים בצל 40 גר`</ItemName>
      <ManufactureName>ש. שסטוביץ בע`מ</ManufactureName>
      <ManufactureCountry />
      <ManufactureItemDescription />
      <UnitQty>'יח</UnitQty>
      <Quantity>0.40</Quantity>
      <UnitMeasure>ל-100 גרם</UnitMeasure>
      <BisWeighted>0</BisWeighted>
      <QtyInPackage>1</QtyInPackage>
      <ItemPrice>3.90</ItemPrice>
      <UnitOfMeasurePrice>9.75</UnitOfMeasurePrice>
      <AllowDiscount>1</AllowDiscount>
      <itemStatus>1</itemStatus>
      <LastUpdateDate />
      <LastUpdateTime />
    </Product>
    <Product>
      <PriceUpdateDate>2019/01/16 14:50</PriceUpdateDate>
      <ItemCode>7290111930911</ItemCode>
      <ItemType>1</ItemType>
      <ItemName>פוף לבבות קלאסי 40 גר`</ItemName>
      <ManufactureName>ש. שסטוביץ בע`מ</ManufactureName>
      <ManufactureCountry />
      <ManufactureItemDescription />
      <UnitQty>'יח</UnitQty>
      <Quantity>0.40</Quantity>
      <UnitMeasure>ל-100 גרם</UnitMeasure>
      <BisWeighted>0</BisWeighted>
      <QtyInPackage>1</QtyInPackage>
      <ItemPrice>3.90</ItemPrice>
      <UnitOfMeasurePrice>9.75</UnitOfMeasurePrice>
      <AllowDiscount>1</AllowDiscount>
      <itemStatus>1</itemStatus>
      <LastUpdateDate />
      <LastUpdateTime />
    </Product>
    <Product>
      <PriceUpdateDate>2019/01/16 14:50</PriceUpdateDate>
      <ItemCode>7290111930928</ItemCode>
      <ItemType>1</ItemType>
      <ItemName>פוף לבבות גריל 40 גר`</ItemName>
      <ManufactureName>ש. שסטוביץ בע`מ</ManufactureName>
      <ManufactureCountry />
      <ManufactureItemDescription />
      <UnitQty>'יח</UnitQty>
      <Quantity>0.40</Quantity>
      <UnitMeasure>ל-100 גרם</UnitMeasure>
      <BisWeighted>0</BisWeighted>
      <QtyInPackage>1</QtyInPackage>
      <ItemPrice>3.90</ItemPrice>
      <UnitOfMeasurePrice>9.75</UnitOfMeasurePrice>
      <AllowDiscount>1</AllowDiscount>
      <itemStatus>1</itemStatus>
      <LastUpdateDate />
      <LastUpdateTime />
    </Product>
    <Product>
      <PriceUpdateDate>2019/01/16 14:50</PriceUpdateDate>
      <ItemCode>7290111930935</ItemCode>
      <ItemType>1</ItemType>
      <ItemName>פוף טבעות קלאסי 40 גר`</ItemName>
      <ManufactureName>ש. שסטוביץ בע`מ</ManufactureName>
      <ManufactureCountry />
      <ManufactureItemDescription />
      <UnitQty>'יח</UnitQty>
      <Quantity>0.40</Quantity>
      <UnitMeasure>ל-100 גרם</UnitMeasure>
      <BisWeighted>0</BisWeighted>
      <QtyInPackage>1</QtyInPackage>
      <ItemPrice>3.90</ItemPrice>
      <UnitOfMeasurePrice>9.75</UnitOfMeasurePrice>
      <AllowDiscount>1</AllowDiscount>
      <itemStatus>1</itemStatus>
      <LastUpdateDate />
      <LastUpdateTime />
    </Product>
    <Product>
      <PriceUpdateDate>2021/03/18 08:24</PriceUpdateDate>
      <ItemCode>7290111933554</ItemCode>
      <ItemType>1</ItemType>
      <ItemName>מנה מארז שלישייה עגבניות מרוסקות</ItemName>
      <ManufactureName>ש. שסטוביץ בע`מ</ManufactureName>
      <ManufactureCountry />
      <ManufactureItemDescription />
      <UnitQty>'יח</UnitQty>
      <Quantity>1.20</Quantity>
      <UnitMeasure>ל-100 גרם</UnitMeasure>
      <BisWeighted>0</BisWeighted>
      <QtyInPackage>1</QtyInPackage>
      <ItemPrice>16.90</ItemPrice>
      <UnitOfMeasurePrice>14.08</UnitOfMeasurePrice>
      <AllowDiscount>1</AllowDiscount>
      <itemStatus>1</itemStatus>
      <LastUpdateDate />
      <LastUpdateTime />
    </Product>
    <Product>
      <PriceUpdateDate>2019/05/26 21:38</PriceUpdateDate>
      <ItemCode>7290111933561</ItemCode>
      <ItemType>1</ItemType>
      <ItemName>מנה תערובת ציפוי נגטס 250 גר`</ItemName>
      <ManufactureName>ש. שסטוביץ בע`מ</ManufactureName>
      <ManufactureCountry />
      <ManufactureItemDescription />
      <UnitQty>'יח</UnitQty>
      <Quantity>2.50</Quantity>
      <UnitMeasure>ל-100 גרם</UnitMeasure>
      <BisWeighted>0</BisWeighted>
      <QtyInPackage>1</QtyInPackage>
      <ItemPrice>7.90</ItemPrice>
      <UnitOfMeasurePrice>3.16</UnitOfMeasurePrice>
      <AllowDiscount>0</AllowDiscount>
      <itemStatus>1</itemStatus>
      <LastUpdateDate />
      <LastUpdateTime />
    </Product>
    <Product>
      <PriceUpdateDate>2021/12/01 10:09</PriceUpdateDate>
      <ItemCode>7290111935527</ItemCode>
      <ItemType>1</ItemType>
      <ItemName>קולגייט טוטל קלין מינט כשל`פ זוג 100 מ</ItemName>
      <ManufactureName>ש. שסטוביץ בע`מ</ManufactureName>
      <ManufactureCountry />
      <ManufactureItemDescription />
      <UnitQty>'יח</UnitQty>
      <Quantity>1</Quantity>
      <UnitMeasure>ל-100 מ"ל</UnitMeasure>
      <BisWeighted>0</BisWeighted>
      <QtyInPackage>1</QtyInPackage>
      <ItemPrice>34.90</ItemPrice>
      <UnitOfMeasurePrice>34.90</UnitOfMeasurePrice>
      <AllowDiscount>1</AllowDiscount>
      <itemStatus>1</itemStatus>
      <LastUpdateDate />
      <LastUpdateTime />
    </Product>
    <Product>
      <PriceUpdateDate>2019/05/26 21:38</PriceUpdateDate>
      <ItemCode>7290111935923</ItemCode>
      <ItemType>1</ItemType>
      <ItemName>מאסטר שף זיתים חרוזית 350 גר`</ItemName>
      <ManufactureName>ש. שסטוביץ בע`מ</ManufactureName>
      <ManufactureCountry />
      <ManufactureItemDescription />
      <UnitQty>'יח</UnitQty>
      <Quantity>3.50</Quantity>
      <UnitMeasure>ל-100 גרם</UnitMeasure>
      <BisWeighted>0</BisWeighted>
      <QtyInPackage>1</QtyInPackage>
      <ItemPrice>8.90</ItemPrice>
      <UnitOfMeasurePrice>2.54</UnitOfMeasurePrice>
      <AllowDiscount>1</AllowDiscount>
      <itemStatus>1</itemStatus>
      <LastUpdateDate />
      <LastUpdateTime />
    </Product>
    <Product>
      <PriceUpdateDate>2022/01/19 11:02</PriceUpdateDate>
      <ItemCode>7290111938481</ItemCode>
      <ItemType>1</ItemType>
      <ItemName>מאזטר שף רוטב סויה בהירה 300 מ"ל</ItemName>
      <ManufactureName>ש. שסטוביץ בע`מ</ManufactureName>
      <ManufactureCountry />
      <ManufactureItemDescription />
      <UnitQty>'יח</UnitQty>
      <Quantity>3</Quantity>
      <UnitMeasure>ל-100 מ"ל</UnitMeasure>
      <BisWeighted>0</BisWeighted>
      <QtyInPackage>1</QtyInPackage>
      <ItemPrice>9.90</ItemPrice>
      <UnitOfMeasurePrice>3.30</UnitOfMeasurePrice>
      <AllowDiscount>0</AllowDiscount>
      <itemStatus>1</itemStatus>
      <LastUpdateDate />
      <LastUpdateTime />
    </Product>
    <Product>
      <PriceUpdateDate>2021/12/29 20:18</PriceUpdateDate>
      <ItemCode>7290112001023</ItemCode>
      <ItemType>1</ItemType>
      <ItemName>אירוויק מילוי פרשמטיק תענוגות האביב</ItemName>
      <ManufactureName>תה ויסוצקי בע`מ</ManufactureName>
      <ManufactureCountry />
      <ManufactureItemDescription />
      <UnitQty>'יח</UnitQty>
      <Quantity>2.50</Quantity>
      <UnitMeasure>ל-100 מ"ל</UnitMeasure>
      <BisWeighted>0</BisWeighted>
      <QtyInPackage>1</QtyInPackage>
      <ItemPrice>14.90</ItemPrice>
      <UnitOfMeasurePrice>5.96</UnitOfMeasurePrice>
      <AllowDiscount>1</AllowDiscount>
      <itemStatus>1</itemStatus>
      <LastUpdateDate />
      <LastUpdateTime />
    </Product>
    <Product>
      <PriceUpdateDate>2021/12/29 20:18</PriceUpdateDate>
      <ItemCode>7290112001030</ItemCode>
      <ItemType>1</ItemType>
      <ItemName>איירוויק מילוי פרשמטיק פיור פריחת הדוב</ItemName>
      <ManufactureName>תה ויסוצקי בע`מ</ManufactureName>
      <ManufactureCountry />
      <ManufactureItemDescription />
      <UnitQty>'יח</UnitQty>
      <Quantity>2.50</Quantity>
      <UnitMeasure>ל-100 מ"ל</UnitMeasure>
      <BisWeighted>0</BisWeighted>
      <QtyInPackage>1</QtyInPackage>
      <ItemPrice>14.90</ItemPrice>
      <UnitOfMeasurePrice>5.96</UnitOfMeasurePrice>
      <AllowDiscount>1</AllowDiscount>
      <itemStatus>1</itemStatus>
      <LastUpdateDate />
      <LastUpdateTime />
    </Product>
    <Product>
      <PriceUpdateDate>2021/12/29 20:18</PriceUpdateDate>
      <ItemCode>7290112001122</ItemCode>
      <ItemType>1</ItemType>
      <ItemName>פיניש 52 טבליות מונו קופסא AIO</ItemName>
      <ManufactureName>תה ויסוצקי בע`מ</ManufactureName>
      <ManufactureCountry />
      <ManufactureItemDescription />
      <UnitQty>'יח</UnitQty>
      <Quantity>1</Quantity>
      <UnitMeasure />
      <BisWeighted>0</BisWeighted>
      <QtyInPackage>1</QtyInPackage>
      <ItemPrice>34.90</ItemPrice>
      <UnitOfMeasurePrice>34.90</UnitOfMeasurePrice>
      <AllowDiscount>1</AllowDiscount>
      <itemStatus>1</itemStatus>
      <LastUpdateDate />
      <LastUpdateTime />
    </Product>
    <Product>
      <PriceUpdateDate>2022/10/26 16:38</PriceUpdateDate>
      <ItemCode>7290112001436</ItemCode>
      <ItemType>1</ItemType>
      <ItemName>פיניש מנקה ומחדש בניחוח לימון</ItemName>
      <ManufactureName>תה ויסוצקי בע`מ</ManufactureName>
      <ManufactureCountry />
      <ManufactureItemDescription />
      <UnitQty>'יח</UnitQty>
      <Quantity>1</Quantity>
      <UnitMeasure />
      <BisWeighted>0</BisWeighted>
      <QtyInPackage>1</QtyInPackage>
      <ItemPrice>14.90</ItemPrice>
      <UnitOfMeasurePrice>14.90</UnitOfMeasurePrice>
      <AllowDiscount>1</AllowDiscount>
      <itemStatus>1</itemStatus>
      <LastUpdateDate />
      <LastUpdateTime />
    </Product>
    <Product>
      <PriceUpdateDate>2021/10/12 15:11</PriceUpdateDate>
      <ItemCode>7290112002099</ItemCode>
      <ItemType>1</ItemType>
      <ItemName>קולון ג`ל כחול רגיל 2.5 ליטר</ItemName>
      <ManufactureName>תה ויסוצקי בע`מ</ManufactureName>
      <ManufactureCountry />
      <ManufactureItemDescription />
      <UnitQty>'יח</UnitQty>
      <Quantity>25</Quantity>
      <UnitMeasure>ל-100 מ"ל</UnitMeasure>
      <BisWeighted>0</BisWeighted>
      <QtyInPackage>1</QtyInPackage>
      <ItemPrice>24.90</ItemPrice>
      <UnitOfMeasurePrice>1</UnitOfMeasurePrice>
      <AllowDiscount>1</AllowDiscount>
      <itemStatus>1</itemStatus>
      <LastUpdateDate />
      <LastUpdateTime />
    </Product>
    <Product>
      <PriceUpdateDate>2021/10/12 15:11</PriceUpdateDate>
      <ItemCode>7290112002112</ItemCode>
      <ItemType>1</ItemType>
      <ItemName>קולון ג`ל בניחוח ורדים ורוד 2.5 ליטר</ItemName>
      <ManufactureName>תה ויסוצקי בע`מ</ManufactureName>
      <ManufactureCountry />
      <ManufactureItemDescription />
      <UnitQty>'יח</UnitQty>
      <Quantity>25</Quantity>
      <UnitMeasure>ל-100 מ"ל</UnitMeasure>
      <BisWeighted>0</BisWeighted>
      <QtyInPackage>1</QtyInPackage>
      <ItemPrice>24.90</ItemPrice>
      <UnitOfMeasurePrice>1</UnitOfMeasurePrice>
      <AllowDiscount>1</AllowDiscount>
      <itemStatus>1</itemStatus>
      <LastUpdateDate />
      <LastUpdateTime />
    </Product>
    <Product>
      <PriceUpdateDate>2021/12/29 20:18</PriceUpdateDate>
      <ItemCode>7290112002136</ItemCode>
      <ItemType>1</ItemType>
      <ItemName>קולון ג`ל רגיל כחול 4 ליטר</ItemName>
      <ManufactureName>תה ויסוצקי בע`מ</ManufactureName>
      <ManufactureCountry />
      <ManufactureItemDescription />
      <UnitQty>'יח</UnitQty>
      <Quantity>40</Quantity>
      <UnitMeasure>ל-100 מ"ל</UnitMeasure>
      <BisWeighted>0</BisWeighted>
      <QtyInPackage>1</QtyInPackage>
      <ItemPrice>34.90</ItemPrice>
      <UnitOfMeasurePrice>0.87</UnitOfMeasurePrice>
      <AllowDiscount>1</AllowDiscount>
      <itemStatus>1</itemStatus>
      <LastUpdateDate />
      <LastUpdateTime />
    </Product>
    <Product>
      <PriceUpdateDate>2021/12/29 20:18</PriceUpdateDate>
      <ItemCode>7290112002150</ItemCode>
      <ItemType>1</ItemType>
      <ItemName>ג`ל כביסה קולון 4 ל` בניחוח ורדים</ItemName>
      <ManufactureName>תה ויסוצקי בע`מ</ManufactureName>
      <ManufactureCountry />
      <ManufactureItemDescription />
      <UnitQty>'יח</UnitQty>
      <Quantity>40</Quantity>
      <UnitMeasure>ל-100 מ"ל</UnitMeasure>
      <BisWeighted>0</BisWeighted>
      <QtyInPackage>1</QtyInPackage>
      <ItemPrice>34.90</ItemPrice>
      <UnitOfMeasurePrice>0.87</UnitOfMeasurePrice>
      <AllowDiscount>1</AllowDiscount>
      <itemStatus>1</itemStatus>
      <LastUpdateDate />
      <LastUpdateTime />
    </Product>
    <Product>
      <PriceUpdateDate>2021/12/29 20:18</PriceUpdateDate>
      <ItemCode>7290112002167</ItemCode>
      <ItemType>1</ItemType>
      <ItemName>ג`ל כביסה קולון 4 ל` ירוק בניחוח מרענן</ItemName>
      <ManufactureName>תה ויסוצקי בע`מ</ManufactureName>
      <ManufactureCountry />
      <ManufactureItemDescription />
      <UnitQty>'יח</UnitQty>
      <Quantity>40</Quantity>
      <UnitMeasure>ל-100 מ"ל</UnitMeasure>
      <BisWeighted>0</BisWeighted>
      <QtyInPackage>1</QtyInPackage>
      <ItemPrice>34.90</ItemPrice>
      <UnitOfMeasurePrice>0.87</UnitOfMeasurePrice>
      <AllowDiscount>1</AllowDiscount>
      <itemStatus>1</itemStatus>
      <LastUpdateDate />
      <LastUpdateTime />
    </Product>
    <Product>
      <PriceUpdateDate>2020/12/13 15:45</PriceUpdateDate>
      <ItemCode>7290112003478</ItemCode>
      <ItemType>1</ItemType>
      <ItemName>אירוויק ספריי אננס ורוזמרין  236 מ"ל</ItemName>
      <ManufactureName>תה ויסוצקי בע`מ</ManufactureName>
      <ManufactureCountry />
      <ManufactureItemDescription />
      <UnitQty>'יח</UnitQty>
      <Quantity>2.36</Quantity>
      <UnitMeasure>ל-100 מ"ל</UnitMeasure>
      <BisWeighted>0</BisWeighted>
      <QtyInPackage>1</QtyInPackage>
      <ItemPrice>19.90</ItemPrice>
      <UnitOfMeasurePrice>8.43</UnitOfMeasurePrice>
      <AllowDiscount>0</AllowDiscount>
      <itemStatus>1</itemStatus>
      <LastUpdateDate />
      <LastUpdateTime />
    </Product>
    <Product>
      <PriceUpdateDate>2022/03/03 22:23</PriceUpdateDate>
      <ItemCode>7290112003980</ItemCode>
      <ItemType>1</ItemType>
      <ItemName>וניש גולד אבקה 1.35 ק`ג לבנה</ItemName>
      <ManufactureName>תה ויסוצקי בע`מ</ManufactureName>
      <ManufactureCountry />
      <ManufactureItemDescription />
      <UnitQty>'יח</UnitQty>
      <Quantity>1.35</Quantity>
      <UnitMeasure>ל-100 גרם</UnitMeasure>
      <BisWeighted>0</BisWeighted>
      <QtyInPackage>1</QtyInPackage>
      <ItemPrice>34.90</ItemPrice>
      <UnitOfMeasurePrice>25.85</UnitOfMeasurePrice>
      <AllowDiscount>1</AllowDiscount>
      <itemStatus>1</itemStatus>
      <LastUpdateDate />
      <LastUpdateTime />
    </Product>
    <Product>
      <PriceUpdateDate>2022/04/25 16:27</PriceUpdateDate>
      <ItemCode>7290112004161</ItemCode>
      <ItemType>1</ItemType>
      <ItemName>אירוויק מילוי פרשמטיק פיור עשבי בר</ItemName>
      <ManufactureName>תה ויסוצקי בע`מ</ManufactureName>
      <ManufactureCountry />
      <ManufactureItemDescription />
      <UnitQty>'יח</UnitQty>
      <Quantity>2.50</Quantity>
      <UnitMeasure>ל-100 מ"ל</UnitMeasure>
      <BisWeighted>0</BisWeighted>
      <QtyInPackage>1</QtyInPackage>
      <ItemPrice>14.90</ItemPrice>
      <UnitOfMeasurePrice>5.96</UnitOfMeasurePrice>
      <AllowDiscount>1</AllowDiscount>
      <itemStatus>1</itemStatus>
      <LastUpdateDate />
      <LastUpdateTime />
    </Product>
    <Product>
      <PriceUpdateDate>2022/04/25 16:27</PriceUpdateDate>
      <ItemCode>7290112004413</ItemCode>
      <ItemType>1</ItemType>
      <ItemName>קליה אוקסי ספריי להסרת כתמים 750 מ`ל</ItemName>
      <ManufactureName>תה ויסוצקי בע`מ</ManufactureName>
      <ManufactureCountry />
      <ManufactureItemDescription />
      <UnitQty>'יח</UnitQty>
      <Quantity>7.50</Quantity>
      <UnitMeasure>ל-100 מ"ל</UnitMeasure>
      <BisWeighted>0</BisWeighted>
      <QtyInPackage>1</QtyInPackage>
      <ItemPrice>16.90</ItemPrice>
      <UnitOfMeasurePrice>2.25</UnitOfMeasurePrice>
      <AllowDiscount>1</AllowDiscount>
      <itemStatus>1</itemStatus>
      <LastUpdateDate />
      <LastUpdateTime />
    </Product>
    <Product>
      <PriceUpdateDate>2022/03/07 10:41</PriceUpdateDate>
      <ItemCode>7290112197238</ItemCode>
      <ItemType>1</ItemType>
      <ItemName>מיני כריות בציפוי שוקולד חלב 65 גרםללג</ItemName>
      <ManufactureName>גורי מוצרי צריכה 1991 בע`מ</ManufactureName>
      <ManufactureCountry />
      <ManufactureItemDescription />
      <UnitQty>'יח</UnitQty>
      <Quantity>0.65</Quantity>
      <UnitMeasure>ל-100 גרם</UnitMeasure>
      <BisWeighted>0</BisWeighted>
      <QtyInPackage>1</QtyInPackage>
      <ItemPrice>7.90</ItemPrice>
      <UnitOfMeasurePrice>12.15</UnitOfMeasurePrice>
      <AllowDiscount>1</AllowDiscount>
      <itemStatus>1</itemStatus>
      <LastUpdateDate />
      <LastUpdateTime />
    </Product>
    <Product>
      <PriceUpdateDate>2022/10/26 21:16</PriceUpdateDate>
      <ItemCode>7290112197702</ItemCode>
      <ItemType>1</ItemType>
      <ItemName>פיצה משפחתית מרגריטה לל"ג 330 גרם</ItemName>
      <ManufactureName>גורי מוצרי צריכה 1991 בע`מ</ManufactureName>
      <ManufactureCountry />
      <ManufactureItemDescription />
      <UnitQty>'יח</UnitQty>
      <Quantity>3.30</Quantity>
      <UnitMeasure>ל-100 גרם</UnitMeasure>
      <BisWeighted>0</BisWeighted>
      <QtyInPackage>1</QtyInPackage>
      <ItemPrice>29.90</ItemPrice>
      <UnitOfMeasurePrice>9.06</UnitOfMeasurePrice>
      <AllowDiscount>0</AllowDiscount>
      <itemStatus>1</itemStatus>
      <LastUpdateDate />
      <LastUpdateTime />
    </Product>
    <Product>
      <PriceUpdateDate>2022/10/26 21:16</PriceUpdateDate>
      <ItemCode>7290112197719</ItemCode>
      <ItemType>1</ItemType>
      <ItemName>פיצה משפחתית זיתים לל"ג 330 גרם</ItemName>
      <ManufactureName>גורי מוצרי צריכה 1991 בע`מ</ManufactureName>
      <ManufactureCountry />
      <ManufactureItemDescription />
      <UnitQty>'יח</UnitQty>
      <Quantity>3.30</Quantity>
      <UnitMeasure>ל-100 גרם</UnitMeasure>
      <BisWeighted>0</BisWeighted>
      <QtyInPackage>1</QtyInPackage>
      <ItemPrice>29.90</ItemPrice>
      <UnitOfMeasurePrice>9.06</UnitOfMeasurePrice>
      <AllowDiscount>0</AllowDiscount>
      <itemStatus>1</itemStatus>
      <LastUpdateDate />
      <LastUpdateTime />
    </Product>
    <Product>
      <PriceUpdateDate>2019/05/26 21:38</PriceUpdateDate>
      <ItemCode>7290112330352</ItemCode>
      <ItemType>1</ItemType>
      <ItemName>דנונה פרו וניל 200 גר` 0%</ItemName>
      <ManufactureName>שטראוס גרופ בע`מ</ManufactureName>
      <ManufactureCountry />
      <ManufactureItemDescription />
      <UnitQty>'יח</UnitQty>
      <Quantity>2</Quantity>
      <UnitMeasure>ל-100 מ"ל</UnitMeasure>
      <BisWeighted>0</BisWeighted>
      <QtyInPackage>12</QtyInPackage>
      <ItemPrice>5.90</ItemPrice>
      <UnitOfMeasurePrice>2.95</UnitOfMeasurePrice>
      <AllowDiscount>0</AllowDiscount>
      <itemStatus>1</itemStatus>
      <LastUpdateDate />
      <LastUpdateTime />
    </Product>
    <Product>
      <PriceUpdateDate>2019/05/26 21:38</PriceUpdateDate>
      <ItemCode>7290112330390</ItemCode>
      <ItemType>1</ItemType>
      <ItemName>דנונה פרו פירות יער 200 גר`</ItemName>
      <ManufactureName>שטראוס גרופ בע`מ</ManufactureName>
      <ManufactureCountry />
      <ManufactureItemDescription />
      <UnitQty>'יח</UnitQty>
      <Quantity>2</Quantity>
      <UnitMeasure>ל-100 מ"ל</UnitMeasure>
      <BisWeighted>0</BisWeighted>
      <QtyInPackage>12</QtyInPackage>
      <ItemPrice>5.90</ItemPrice>
      <UnitOfMeasurePrice>2.95</UnitOfMeasurePrice>
      <AllowDiscount>0</AllowDiscount>
      <itemStatus>1</itemStatus>
      <LastUpdateDate />
      <LastUpdateTime />
    </Product>
    <Product>
      <PriceUpdateDate>2019/06/27 14:11</PriceUpdateDate>
      <ItemCode>7290112332585</ItemCode>
      <ItemType>1</ItemType>
      <ItemName>פריכיות תפוא אורז בתיבול סלק ומלח ים</ItemName>
      <ManufactureName>שטראוס גרופ בע`מ</ManufactureName>
      <ManufactureCountry />
      <ManufactureItemDescription />
      <UnitQty>'יח</UnitQty>
      <Quantity>0.30</Quantity>
      <UnitMeasure>ל-100 גרם</UnitMeasure>
      <BisWeighted>0</BisWeighted>
      <QtyInPackage>24</QtyInPackage>
      <ItemPrice>4.90</ItemPrice>
      <UnitOfMeasurePrice>16.33</UnitOfMeasurePrice>
      <AllowDiscount>0</AllowDiscount>
      <itemStatus>1</itemStatus>
      <LastUpdateDate />
      <LastUpdateTime />
    </Product>
    <Product>
      <PriceUpdateDate>2019/07/29 12:53</PriceUpdateDate>
      <ItemCode>7290112332691</ItemCode>
      <ItemType>1</ItemType>
      <ItemName>עוגיית קרם פסק זמן אגוזים 200 גרם</ItemName>
      <ManufactureName>שטראוס גרופ בע`מ</ManufactureName>
      <ManufactureCountry />
      <ManufactureItemDescription />
      <UnitQty>'יח</UnitQty>
      <Quantity>2</Quantity>
      <UnitMeasure>ל-100 גרם</UnitMeasure>
      <BisWeighted>0</BisWeighted>
      <QtyInPackage>1</QtyInPackage>
      <ItemPrice>9.90</ItemPrice>
      <UnitOfMeasurePrice>4.95</UnitOfMeasurePrice>
      <AllowDiscount>1</AllowDiscount>
      <itemStatus>1</itemStatus>
      <LastUpdateDate />
      <LastUpdateTime />
    </Product>
    <Product>
      <PriceUpdateDate>2019/08/11 15:34</PriceUpdateDate>
      <ItemCode>7290112332899</ItemCode>
      <ItemType>1</ItemType>
      <ItemName>צנצנת בזוקה פופים  58 גר`</ItemName>
      <ManufactureName>שטראוס גרופ בע`מ</ManufactureName>
      <ManufactureCountry />
      <ManufactureItemDescription />
      <UnitQty>'יח</UnitQty>
      <Quantity>0.66</Quantity>
      <UnitMeasure>ל-100 גרם</UnitMeasure>
      <BisWeighted>0</BisWeighted>
      <QtyInPackage>12</QtyInPackage>
      <ItemPrice>9.90</ItemPrice>
      <UnitOfMeasurePrice>15</UnitOfMeasurePrice>
      <AllowDiscount>1</AllowDiscount>
      <itemStatus>1</itemStatus>
      <LastUpdateDate />
      <LastUpdateTime />
    </Product>
    <Product>
      <PriceUpdateDate>2019/08/11 15:34</PriceUpdateDate>
      <ItemCode>7290112335111</ItemCode>
      <ItemType>1</ItemType>
      <ItemName>מאסט קוביות בטעם בזוקה 86 גר`</ItemName>
      <ManufactureName>שטראוס גרופ בע`מ</ManufactureName>
      <ManufactureCountry />
      <ManufactureItemDescription />
      <UnitQty>'יח</UnitQty>
      <Quantity>0.86</Quantity>
      <UnitMeasure>ל-100 גרם</UnitMeasure>
      <BisWeighted>0</BisWeighted>
      <QtyInPackage>1</QtyInPackage>
      <ItemPrice>14.90</ItemPrice>
      <UnitOfMeasurePrice>17.33</UnitOfMeasurePrice>
      <AllowDiscount>0</AllowDiscount>
      <itemStatus>1</itemStatus>
      <LastUpdateDate />
      <LastUpdateTime />
    </Product>
    <Product>
      <PriceUpdateDate>2019/05/26 21:38</PriceUpdateDate>
      <ItemCode>7290112335487</ItemCode>
      <ItemType>1</ItemType>
      <ItemName>פריכיות טעימות קצח ודגנים 135 גר`</ItemName>
      <ManufactureName>שטראוס גרופ בע`מ</ManufactureName>
      <ManufactureCountry />
      <ManufactureItemDescription />
      <UnitQty>'יח</UnitQty>
      <Quantity>1.35</Quantity>
      <UnitMeasure>ל-100 גרם</UnitMeasure>
      <BisWeighted>0</BisWeighted>
      <QtyInPackage>1</QtyInPackage>
      <ItemPrice>11.90</ItemPrice>
      <UnitOfMeasurePrice>8.81</UnitOfMeasurePrice>
      <AllowDiscount>0</AllowDiscount>
      <itemStatus>1</itemStatus>
      <LastUpdateDate />
      <LastUpdateTime />
    </Product>
    <Product>
      <PriceUpdateDate>2019/05/26 21:38</PriceUpdateDate>
      <ItemCode>7290112335494</ItemCode>
      <ItemType>1</ItemType>
      <ItemName>פריכיות טעימות פוטטוס 135 גר`</ItemName>
      <ManufactureName>שטראוס גרופ בע`מ</ManufactureName>
      <ManufactureCountry />
      <ManufactureItemDescription />
      <UnitQty>'יח</UnitQty>
      <Quantity>1.35</Quantity>
      <UnitMeasure>ל-100 גרם</UnitMeasure>
      <BisWeighted>0</BisWeighted>
      <QtyInPackage>1</QtyInPackage>
      <ItemPrice>11.90</ItemPrice>
      <UnitOfMeasurePrice>8.81</UnitOfMeasurePrice>
      <AllowDiscount>0</AllowDiscount>
      <itemStatus>1</itemStatus>
      <LastUpdateDate />
      <LastUpdateTime />
    </Product>
    <Product>
      <PriceUpdateDate>2019/05/26 21:38</PriceUpdateDate>
      <ItemCode>7290112335500</ItemCode>
      <ItemType>1</ItemType>
      <ItemName>פריכיות טעימות חלבון 135 גר`</ItemName>
      <ManufactureName>שטראוס גרופ בע`מ</ManufactureName>
      <ManufactureCountry />
      <ManufactureItemDescription />
      <UnitQty>'יח</UnitQty>
      <Quantity>1.35</Quantity>
      <UnitMeasure>ל-100 גרם</UnitMeasure>
      <BisWeighted>0</BisWeighted>
      <QtyInPackage>1</QtyInPackage>
      <ItemPrice>11.90</ItemPrice>
      <UnitOfMeasurePrice>8.81</UnitOfMeasurePrice>
      <AllowDiscount>0</AllowDiscount>
      <itemStatus>1</itemStatus>
      <LastUpdateDate />
      <LastUpdateTime />
    </Product>
    <Product>
      <PriceUpdateDate>2019/09/22 08:52</PriceUpdateDate>
      <ItemCode>7290112336637</ItemCode>
      <ItemType>1</ItemType>
      <ItemName>סוכריות Must ללא סוכר יוגורט תות אוכמניו</ItemName>
      <ManufactureName>שטראוס גרופ בע`מ</ManufactureName>
      <ManufactureCountry />
      <ManufactureItemDescription />
      <UnitQty>'יח</UnitQty>
      <Quantity>0.80</Quantity>
      <UnitMeasure>ל-100 גרם</UnitMeasure>
      <BisWeighted>0</BisWeighted>
      <QtyInPackage>12</QtyInPackage>
      <ItemPrice>7.90</ItemPrice>
      <UnitOfMeasurePrice>9.88</UnitOfMeasurePrice>
      <AllowDiscount>0</AllowDiscount>
      <itemStatus>1</itemStatus>
      <LastUpdateDate />
      <LastUpdateTime />
    </Product>
    <Product>
      <PriceUpdateDate>2019/09/22 08:52</PriceUpdateDate>
      <ItemCode>7290112336651</ItemCode>
      <ItemType>1</ItemType>
      <ItemName>סוכריות Must ללא סוכר ריבת חלב   80 גר`</ItemName>
      <ManufactureName>שטראוס גרופ בע`מ</ManufactureName>
      <ManufactureCountry />
      <ManufactureItemDescription />
      <UnitQty>'יח</UnitQty>
      <Quantity>0.80</Quantity>
      <UnitMeasure>ל-100 גרם</UnitMeasure>
      <BisWeighted>0</BisWeighted>
      <QtyInPackage>12</QtyInPackage>
      <ItemPrice>7.90</ItemPrice>
      <UnitOfMeasurePrice>9.88</UnitOfMeasurePrice>
      <AllowDiscount>0</AllowDiscount>
      <itemStatus>1</itemStatus>
      <LastUpdateDate />
      <LastUpdateTime />
    </Product>
    <Product>
      <PriceUpdateDate>2019/05/26 21:38</PriceUpdateDate>
      <ItemCode>7290112336712</ItemCode>
      <ItemType>1</ItemType>
      <ItemName>דנונה פרו 21 גר` חלבון 0% שומן</ItemName>
      <ManufactureName>שטראוס גרופ בע`מ</ManufactureName>
      <ManufactureCountry />
      <ManufactureItemDescription />
      <UnitQty>'יח</UnitQty>
      <Quantity>2</Quantity>
      <UnitMeasure>ל-100 מ"ל</UnitMeasure>
      <BisWeighted>0</BisWeighted>
      <QtyInPackage>12</QtyInPackage>
      <ItemPrice>5.90</ItemPrice>
      <UnitOfMeasurePrice>2.95</UnitOfMeasurePrice>
      <AllowDiscount>0</AllowDiscount>
      <itemStatus>1</itemStatus>
      <LastUpdateDate />
      <LastUpdateTime />
    </Product>
    <Product>
      <PriceUpdateDate>2019/09/22 08:52</PriceUpdateDate>
      <ItemCode>7290112337474</ItemCode>
      <ItemType>1</ItemType>
      <ItemName>סוכריות Must ללא סוכר פטל לימון 80 גר`</ItemName>
      <ManufactureName>שטראוס גרופ בע`מ</ManufactureName>
      <ManufactureCountry />
      <ManufactureItemDescription />
      <UnitQty>'יח</UnitQty>
      <Quantity>0.80</Quantity>
      <UnitMeasure>ל-100 גרם</UnitMeasure>
      <BisWeighted>0</BisWeighted>
      <QtyInPackage>12</QtyInPackage>
      <ItemPrice>7.90</ItemPrice>
      <UnitOfMeasurePrice>9.88</UnitOfMeasurePrice>
      <AllowDiscount>0</AllowDiscount>
      <itemStatus>1</itemStatus>
      <LastUpdateDate />
      <LastUpdateTime />
    </Product>
    <Product>
      <PriceUpdateDate>2019/09/22 08:52</PriceUpdateDate>
      <ItemCode>7290112337481</ItemCode>
      <ItemType>1</ItemType>
      <ItemName>סוכריות Must ללא סוכר קפוצינו  80 גר`</ItemName>
      <ManufactureName>שטראוס גרופ בע`מ</ManufactureName>
      <ManufactureCountry />
      <ManufactureItemDescription />
      <UnitQty>'יח</UnitQty>
      <Quantity>0.80</Quantity>
      <UnitMeasure>ל-100 גרם</UnitMeasure>
      <BisWeighted>0</BisWeighted>
      <QtyInPackage>12</QtyInPackage>
      <ItemPrice>7.90</ItemPrice>
      <UnitOfMeasurePrice>9.88</UnitOfMeasurePrice>
      <AllowDiscount>0</AllowDiscount>
      <itemStatus>1</itemStatus>
      <LastUpdateDate />
      <LastUpdateTime />
    </Product>
    <Product>
      <PriceUpdateDate>2019/05/26 21:38</PriceUpdateDate>
      <ItemCode>7290112339867</ItemCode>
      <ItemType>1</ItemType>
      <ItemName>גמדים סקוויז לשתיה בטעם תות</ItemName>
      <ManufactureName>שטראוס גרופ בע`מ</ManufactureName>
      <ManufactureCountry />
      <ManufactureItemDescription />
      <UnitQty>'יח</UnitQty>
      <Quantity>1</Quantity>
      <UnitMeasure>ל-100 גרם</UnitMeasure>
      <BisWeighted>0</BisWeighted>
      <QtyInPackage>7</QtyInPackage>
      <ItemPrice>5.90</ItemPrice>
      <UnitOfMeasurePrice>5.90</UnitOfMeasurePrice>
      <AllowDiscount>0</AllowDiscount>
      <itemStatus>1</itemStatus>
      <LastUpdateDate />
      <LastUpdateTime />
    </Product>
    <Product>
      <PriceUpdateDate>2019/05/26 21:38</PriceUpdateDate>
      <ItemCode>7290112339874</ItemCode>
      <ItemType>1</ItemType>
      <ItemName>.גמדים סקוויז לשתיה בטעם תות בננה</ItemName>
      <ManufactureName>שטראוס גרופ בע`מ</ManufactureName>
      <ManufactureCountry />
      <ManufactureItemDescription />
      <UnitQty>'יח</UnitQty>
      <Quantity>2</Quantity>
      <UnitMeasure>ל-100 גרם</UnitMeasure>
      <BisWeighted>0</BisWeighted>
      <QtyInPackage>7</QtyInPackage>
      <ItemPrice>5.90</ItemPrice>
      <UnitOfMeasurePrice>2.95</UnitOfMeasurePrice>
      <AllowDiscount>0</AllowDiscount>
      <itemStatus>1</itemStatus>
      <LastUpdateDate />
      <LastUpdateTime />
    </Product>
    <Product>
      <PriceUpdateDate>2019/05/26 21:38</PriceUpdateDate>
      <ItemCode>7290112340122</ItemCode>
      <ItemType>1</ItemType>
      <ItemName>פריכיות טעימות 3 דגנים 135 גר`</ItemName>
      <ManufactureName>שטראוס גרופ בע`מ</ManufactureName>
      <ManufactureCountry />
      <ManufactureItemDescription />
      <UnitQty>'יח</UnitQty>
      <Quantity>1.35</Quantity>
      <UnitMeasure>ל-100 גרם</UnitMeasure>
      <BisWeighted>0</BisWeighted>
      <QtyInPackage>1</QtyInPackage>
      <ItemPrice>11.90</ItemPrice>
      <UnitOfMeasurePrice>8.81</UnitOfMeasurePrice>
      <AllowDiscount>0</AllowDiscount>
      <itemStatus>1</itemStatus>
      <LastUpdateDate />
      <LastUpdateTime />
    </Product>
    <Product>
      <PriceUpdateDate>2019/05/26 21:38</PriceUpdateDate>
      <ItemCode>7290112340245</ItemCode>
      <ItemType>1</ItemType>
      <ItemName>3צנצנת מאסט בטעם דובדבן</ItemName>
      <ManufactureName>שטראוס גרופ בע`מ</ManufactureName>
      <ManufactureCountry />
      <ManufactureItemDescription />
      <UnitQty>'יח</UnitQty>
      <Quantity>0.58</Quantity>
      <UnitMeasure>ל-100 גרם</UnitMeasure>
      <BisWeighted>0</BisWeighted>
      <QtyInPackage>1</QtyInPackage>
      <ItemPrice>9.90</ItemPrice>
      <UnitOfMeasurePrice>17.07</UnitOfMeasurePrice>
      <AllowDiscount>1</AllowDiscount>
      <itemStatus>1</itemStatus>
      <LastUpdateDate />
      <LastUpdateTime />
    </Product>
    <Product>
      <PriceUpdateDate>2019/05/26 21:38</PriceUpdateDate>
      <ItemCode>7290112340252</ItemCode>
      <ItemType>1</ItemType>
      <ItemName>צנצנת מאסט בטעם אבטיח מלון</ItemName>
      <ManufactureName>שטראוס גרופ בע`מ</ManufactureName>
      <ManufactureCountry />
      <ManufactureItemDescription />
      <UnitQty>'יח</UnitQty>
      <Quantity>0.58</Quantity>
      <UnitMeasure>ל-100 גרם</UnitMeasure>
      <BisWeighted>0</BisWeighted>
      <QtyInPackage>1</QtyInPackage>
      <ItemPrice>9.90</ItemPrice>
      <UnitOfMeasurePrice>17.07</UnitOfMeasurePrice>
      <AllowDiscount>1</AllowDiscount>
      <itemStatus>1</itemStatus>
      <LastUpdateDate />
      <LastUpdateTime />
    </Product>
    <Product>
      <PriceUpdateDate>2020/09/02 18:43</PriceUpdateDate>
      <ItemCode>7290112340900</ItemCode>
      <ItemType>1</ItemType>
      <ItemName>קפה האג טורקי שקית נטול  200 ג</ItemName>
      <ManufactureName>שטראוס גרופ בע`מ</ManufactureName>
      <ManufactureCountry />
      <ManufactureItemDescription />
      <UnitQty>'יח</UnitQty>
      <Quantity>2</Quantity>
      <UnitMeasure>ל-100 גרם</UnitMeasure>
      <BisWeighted>0</BisWeighted>
      <QtyInPackage>24</QtyInPackage>
      <ItemPrice>25.90</ItemPrice>
      <UnitOfMeasurePrice>12.95</UnitOfMeasurePrice>
      <AllowDiscount>0</AllowDiscount>
      <itemStatus>1</itemStatus>
      <LastUpdateDate />
      <LastUpdateTime />
    </Product>
    <Product>
      <PriceUpdateDate>2019/09/22 08:52</PriceUpdateDate>
      <ItemCode>7290112341686</ItemCode>
      <ItemType>1</ItemType>
      <ItemName>מארז אקטיביה 3% 150 גר`</ItemName>
      <ManufactureName>שטראוס גרופ בע`מ</ManufactureName>
      <ManufactureCountry />
      <ManufactureItemDescription />
      <UnitQty>'יח</UnitQty>
      <Quantity>1.50</Quantity>
      <UnitMeasure>ל-100 גרם</UnitMeasure>
      <BisWeighted>0</BisWeighted>
      <QtyInPackage>3</QtyInPackage>
      <ItemPrice>23.50</ItemPrice>
      <UnitOfMeasurePrice>15.67</UnitOfMeasurePrice>
      <AllowDiscount>0</AllowDiscount>
      <itemStatus>1</itemStatus>
      <LastUpdateDate />
      <LastUpdateTime />
    </Product>
    <Product>
      <PriceUpdateDate>2020/01/08 11:24</PriceUpdateDate>
      <ItemCode>7290112342102</ItemCode>
      <ItemType>1</ItemType>
      <ItemName>גבינת סימפוניה 5% בצל מקורמל  200גרם</ItemName>
      <ManufactureName>שטראוס גרופ בע`מ</ManufactureName>
      <ManufactureCountry />
      <ManufactureItemDescription />
      <UnitQty>'יח</UnitQty>
      <Quantity>2</Quantity>
      <UnitMeasure>ל-100 גרם</UnitMeasure>
      <BisWeighted>0</BisWeighted>
      <QtyInPackage>12</QtyInPackage>
      <ItemPrice>10.90</ItemPrice>
      <UnitOfMeasurePrice>5.45</UnitOfMeasurePrice>
      <AllowDiscount>1</AllowDiscount>
      <itemStatus>1</itemStatus>
      <LastUpdateDate />
      <LastUpdateTime />
    </Product>
    <Product>
      <PriceUpdateDate>2022/07/20 20:07</PriceUpdateDate>
      <ItemCode>7290112342508</ItemCode>
      <ItemType>1</ItemType>
      <ItemName>חטיף דוריטוס צ`יזי טוויסט  70 גרם</ItemName>
      <ManufactureName>שטראוס פריטו ליי בע`מ</ManufactureName>
      <ManufactureCountry />
      <ManufactureItemDescription />
      <UnitQty>'יח</UnitQty>
      <Quantity>0.70</Quantity>
      <UnitMeasure>ל-100 גרם</UnitMeasure>
      <BisWeighted>0</BisWeighted>
      <QtyInPackage>1</QtyInPackage>
      <ItemPrice>3.90</ItemPrice>
      <UnitOfMeasurePrice>5.57</UnitOfMeasurePrice>
      <AllowDiscount>1</AllowDiscount>
      <itemStatus>1</itemStatus>
      <LastUpdateDate />
      <LastUpdateTime />
    </Product>
    <Product>
      <PriceUpdateDate>2022/05/10 07:51</PriceUpdateDate>
      <ItemCode>7290112343260</ItemCode>
      <ItemType>1</ItemType>
      <ItemName>רוטב שמנת קלאסי 9%</ItemName>
      <ManufactureName>שטראוס גרופ בע`מ</ManufactureName>
      <ManufactureCountry />
      <ManufactureItemDescription />
      <UnitQty>'יח</UnitQty>
      <Quantity>2.50</Quantity>
      <UnitMeasure>ל-100 מ"ל</UnitMeasure>
      <BisWeighted>0</BisWeighted>
      <QtyInPackage>18</QtyInPackage>
      <ItemPrice>10.90</ItemPrice>
      <UnitOfMeasurePrice>4.36</UnitOfMeasurePrice>
      <AllowDiscount>1</AllowDiscount>
      <itemStatus>1</itemStatus>
      <LastUpdateDate />
      <LastUpdateTime />
    </Product>
    <Product>
      <PriceUpdateDate>2022/07/20 20:07</PriceUpdateDate>
      <ItemCode>7290112343499</ItemCode>
      <ItemType>1</ItemType>
      <ItemName>צ`יטוס PUFFS 55 גרם</ItemName>
      <ManufactureName>שטראוס פריטו ליי בע`מ</ManufactureName>
      <ManufactureCountry />
      <ManufactureItemDescription />
      <UnitQty>'יח</UnitQty>
      <Quantity>0.55</Quantity>
      <UnitMeasure>ל-100 גרם</UnitMeasure>
      <BisWeighted>0</BisWeighted>
      <QtyInPackage>1</QtyInPackage>
      <ItemPrice>3.90</ItemPrice>
      <UnitOfMeasurePrice>7.09</UnitOfMeasurePrice>
      <AllowDiscount>1</AllowDiscount>
      <itemStatus>1</itemStatus>
      <LastUpdateDate />
      <LastUpdateTime />
    </Product>
    <Product>
      <PriceUpdateDate>2019/12/09 17:47</PriceUpdateDate>
      <ItemCode>7290112344724</ItemCode>
      <ItemType>1</ItemType>
      <ItemName>מילקי בטעם שוקולד בלונדי</ItemName>
      <ManufactureName>שטראוס גרופ בע`מ</ManufactureName>
      <ManufactureCountry />
      <ManufactureItemDescription />
      <UnitQty>'יח</UnitQty>
      <Quantity>1.35</Quantity>
      <UnitMeasure>ל-100 גרם</UnitMeasure>
      <BisWeighted>0</BisWeighted>
      <QtyInPackage>1</QtyInPackage>
      <ItemPrice>4</ItemPrice>
      <UnitOfMeasurePrice>2.96</UnitOfMeasurePrice>
      <AllowDiscount>0</AllowDiscount>
      <itemStatus>1</itemStatus>
      <LastUpdateDate />
      <LastUpdateTime />
    </Product>
    <Product>
      <PriceUpdateDate>2020/12/08 15:13</PriceUpdateDate>
      <ItemCode>7290112344755</ItemCode>
      <ItemType>1</ItemType>
      <ItemName>מילקי טעם שוקולד 26% פחות סוכר</ItemName>
      <ManufactureName>שטראוס גרופ בע`מ</ManufactureName>
      <ManufactureCountry />
      <ManufactureItemDescription />
      <UnitQty>'יח</UnitQty>
      <Quantity>1.30</Quantity>
      <UnitMeasure>ל-100 מ"ל</UnitMeasure>
      <BisWeighted>0</BisWeighted>
      <QtyInPackage>24</QtyInPackage>
      <ItemPrice>2.90</ItemPrice>
      <UnitOfMeasurePrice>2.23</UnitOfMeasurePrice>
      <AllowDiscount>0</AllowDiscount>
      <itemStatus>1</itemStatus>
      <LastUpdateDate />
      <LastUpdateTime />
    </Product>
    <Product>
      <PriceUpdateDate>2020/01/08 11:24</PriceUpdateDate>
      <ItemCode>7290112346360</ItemCode>
      <ItemType>1</ItemType>
      <ItemName>בפלות אחת אחת בציפוי שוקולד חלב</ItemName>
      <ManufactureName>שטראוס גרופ בע`מ</ManufactureName>
      <ManufactureCountry />
      <ManufactureItemDescription />
      <UnitQty>'יח</UnitQty>
      <Quantity>1.25</Quantity>
      <UnitMeasure>ל-100 גרם</UnitMeasure>
      <BisWeighted>0</BisWeighted>
      <QtyInPackage>1</QtyInPackage>
      <ItemPrice>11.90</ItemPrice>
      <UnitOfMeasurePrice>9.52</UnitOfMeasurePrice>
      <AllowDiscount>1</AllowDiscount>
      <itemStatus>1</itemStatus>
      <LastUpdateDate />
      <LastUpdateTime />
    </Product>
    <Product>
      <PriceUpdateDate>2019/12/09 15:08</PriceUpdateDate>
      <ItemCode>7290112346537</ItemCode>
      <ItemType>1</ItemType>
      <ItemName>פינוקיות טורטית 200 גרם</ItemName>
      <ManufactureName>שטראוס גרופ בע`מ</ManufactureName>
      <ManufactureCountry />
      <ManufactureItemDescription />
      <UnitQty>'יח</UnitQty>
      <Quantity>2</Quantity>
      <UnitMeasure>ל-100 גרם</UnitMeasure>
      <BisWeighted>0</BisWeighted>
      <QtyInPackage>1</QtyInPackage>
      <ItemPrice>9.90</ItemPrice>
      <UnitOfMeasurePrice>4.95</UnitOfMeasurePrice>
      <AllowDiscount>1</AllowDiscount>
      <itemStatus>1</itemStatus>
      <LastUpdateDate />
      <LastUpdateTime />
    </Product>
    <Product>
      <PriceUpdateDate>2020/06/14 09:49</PriceUpdateDate>
      <ItemCode>7290112346629</ItemCode>
      <ItemType>1</ItemType>
      <ItemName>דנונה בר קרונפלקס חלב ולבן  183 מ`ל</ItemName>
      <ManufactureName>שטראוס גרופ בע`מ</ManufactureName>
      <ManufactureCountry />
      <ManufactureItemDescription />
      <UnitQty>'יח</UnitQty>
      <Quantity>1.83</Quantity>
      <UnitMeasure>ל-100 מ"ל</UnitMeasure>
      <BisWeighted>0</BisWeighted>
      <QtyInPackage>24</QtyInPackage>
      <ItemPrice>4.60</ItemPrice>
      <UnitOfMeasurePrice>2.51</UnitOfMeasurePrice>
      <AllowDiscount>0</AllowDiscount>
      <itemStatus>1</itemStatus>
      <LastUpdateDate />
      <LastUpdateTime />
    </Product>
    <Product>
      <PriceUpdateDate>2020/12/08 15:13</PriceUpdateDate>
      <ItemCode>7290112348999</ItemCode>
      <ItemType>1</ItemType>
      <ItemName>פריכיות טעימות תירס דקות 135 גר`</ItemName>
      <ManufactureName>שטראוס גרופ בע`מ</ManufactureName>
      <ManufactureCountry />
      <ManufactureItemDescription />
      <UnitQty>'יח</UnitQty>
      <Quantity>1.35</Quantity>
      <UnitMeasure>ל-100 גרם</UnitMeasure>
      <BisWeighted>0</BisWeighted>
      <QtyInPackage>1</QtyInPackage>
      <ItemPrice>11.90</ItemPrice>
      <UnitOfMeasurePrice>8.81</UnitOfMeasurePrice>
      <AllowDiscount>0</AllowDiscount>
      <itemStatus>1</itemStatus>
      <LastUpdateDate />
      <LastUpdateTime />
    </Product>
    <Product>
      <PriceUpdateDate>2020/03/25 10:04</PriceUpdateDate>
      <ItemCode>7290112349316</ItemCode>
      <ItemType>1</ItemType>
      <ItemName>מסטיק בזוקה ביג פופים בטעם תות 86 גר`</ItemName>
      <ManufactureName>שטראוס גרופ בע`מ</ManufactureName>
      <ManufactureCountry />
      <ManufactureItemDescription />
      <UnitQty>'יח</UnitQty>
      <Quantity>0.86</Quantity>
      <UnitMeasure>ל-100 גרם</UnitMeasure>
      <BisWeighted>0</BisWeighted>
      <QtyInPackage>1</QtyInPackage>
      <ItemPrice>14.90</ItemPrice>
      <UnitOfMeasurePrice>17.33</UnitOfMeasurePrice>
      <AllowDiscount>0</AllowDiscount>
      <itemStatus>1</itemStatus>
      <LastUpdateDate />
      <LastUpdateTime />
    </Product>
    <Product>
      <PriceUpdateDate>2021/12/02 15:10</PriceUpdateDate>
      <ItemCode>7290112349606</ItemCode>
      <ItemType>1</ItemType>
      <ItemName>מעדן דניאלה תות בננה 88 גרם</ItemName>
      <ManufactureName>שטראוס גרופ בע`מ</ManufactureName>
      <ManufactureCountry />
      <ManufactureItemDescription />
      <UnitQty>'יח</UnitQty>
      <Quantity>0.88</Quantity>
      <UnitMeasure>ל-100 מ"ל</UnitMeasure>
      <BisWeighted>0</BisWeighted>
      <QtyInPackage>1</QtyInPackage>
      <ItemPrice>4.30</ItemPrice>
      <UnitOfMeasurePrice>4.89</UnitOfMeasurePrice>
      <AllowDiscount>0</AllowDiscount>
      <itemStatus>1</itemStatus>
      <LastUpdateDate />
      <LastUpdateTime />
    </Product>
    <Product>
      <PriceUpdateDate>2020/01/21 09:13</PriceUpdateDate>
      <ItemCode>7290112349736</ItemCode>
      <ItemType>1</ItemType>
      <ItemName>בזיליקום-רוטב עגבניות לפסטה 350 גר`</ItemName>
      <ManufactureName>שטראוס גרופ בע`מ</ManufactureName>
      <ManufactureCountry />
      <ManufactureItemDescription />
      <UnitQty>'יח</UnitQty>
      <Quantity>3.50</Quantity>
      <UnitMeasure>ל-100 גרם</UnitMeasure>
      <BisWeighted>0</BisWeighted>
      <QtyInPackage>1</QtyInPackage>
      <ItemPrice>10.90</ItemPrice>
      <UnitOfMeasurePrice>3.11</UnitOfMeasurePrice>
      <AllowDiscount>1</AllowDiscount>
      <itemStatus>1</itemStatus>
      <LastUpdateDate />
      <LastUpdateTime />
    </Product>
    <Product>
      <PriceUpdateDate>2020/01/21 09:13</PriceUpdateDate>
      <ItemCode>7290112349750</ItemCode>
      <ItemType>1</ItemType>
      <ItemName>פיצה -רוטב עגבניות לפיצה  350 גרם</ItemName>
      <ManufactureName>שטראוס גרופ בע`מ</ManufactureName>
      <ManufactureCountry />
      <ManufactureItemDescription />
      <UnitQty>'יח</UnitQty>
      <Quantity>3.50</Quantity>
      <UnitMeasure>ל-100 גרם</UnitMeasure>
      <BisWeighted>0</BisWeighted>
      <QtyInPackage>1</QtyInPackage>
      <ItemPrice>10.90</ItemPrice>
      <UnitOfMeasurePrice>3.11</UnitOfMeasurePrice>
      <AllowDiscount>1</AllowDiscount>
      <itemStatus>1</itemStatus>
      <LastUpdateDate />
      <LastUpdateTime />
    </Product>
    <Product>
      <PriceUpdateDate>2020/03/25 10:04</PriceUpdateDate>
      <ItemCode>7290112349897</ItemCode>
      <ItemType>1</ItemType>
      <ItemName>מאסט קוביות בטעם מנטה  86 גר`</ItemName>
      <ManufactureName>שטראוס גרופ בע`מ</ManufactureName>
      <ManufactureCountry />
      <ManufactureItemDescription />
      <UnitQty>'יח</UnitQty>
      <Quantity>0.80</Quantity>
      <UnitMeasure>ל-100 גרם</UnitMeasure>
      <BisWeighted>0</BisWeighted>
      <QtyInPackage>1</QtyInPackage>
      <ItemPrice>14.90</ItemPrice>
      <UnitOfMeasurePrice>18.63</UnitOfMeasurePrice>
      <AllowDiscount>0</AllowDiscount>
      <itemStatus>1</itemStatus>
      <LastUpdateDate />
      <LastUpdateTime />
    </Product>
    <Product>
      <PriceUpdateDate>2022/03/24 11:57</PriceUpdateDate>
      <ItemCode>7290112349903</ItemCode>
      <ItemType>1</ItemType>
      <ItemName>רוטב שמנת עם גרגירי וניל 260 גרם 9%</ItemName>
      <ManufactureName>שטראוס גרופ בע`מ</ManufactureName>
      <ManufactureCountry />
      <ManufactureItemDescription />
      <UnitQty>'יח</UnitQty>
      <Quantity>2.60</Quantity>
      <UnitMeasure>ל-100 מ"ל</UnitMeasure>
      <BisWeighted>0</BisWeighted>
      <QtyInPackage>1</QtyInPackage>
      <ItemPrice>11.70</ItemPrice>
      <UnitOfMeasurePrice>4.50</UnitOfMeasurePrice>
      <AllowDiscount>0</AllowDiscount>
      <itemStatus>1</itemStatus>
      <LastUpdateDate />
      <LastUpdateTime />
    </Product>
    <Product>
      <PriceUpdateDate>2020/02/19 08:44</PriceUpdateDate>
      <ItemCode>7290112350275</ItemCode>
      <ItemType>1</ItemType>
      <ItemName>קפסולות לונגו  למכונת נספרסו 12 יח`</ItemName>
      <ManufactureName>שטראוס גרופ בע`מ</ManufactureName>
      <ManufactureCountry />
      <ManufactureItemDescription />
      <UnitQty>'יח</UnitQty>
      <Quantity>0.50</Quantity>
      <UnitMeasure>ל-100 גרם</UnitMeasure>
      <BisWeighted>0</BisWeighted>
      <QtyInPackage>1</QtyInPackage>
      <ItemPrice>16.90</ItemPrice>
      <UnitOfMeasurePrice>33.80</UnitOfMeasurePrice>
      <AllowDiscount>1</AllowDiscount>
      <itemStatus>1</itemStatus>
      <LastUpdateDate />
      <LastUpdateTime />
    </Product>
    <Product>
      <PriceUpdateDate>2020/09/06 10:49</PriceUpdateDate>
      <ItemCode>7290112350312</ItemCode>
      <ItemType>1</ItemType>
      <ItemName>קפסולות ברזיל 15 למכונת אספרסו</ItemName>
      <ManufactureName>שטראוס גרופ בע`מ</ManufactureName>
      <ManufactureCountry />
      <ManufactureItemDescription />
      <UnitQty>'יח</UnitQty>
      <Quantity>0.50</Quantity>
      <UnitMeasure>ל-100 גרם</UnitMeasure>
      <BisWeighted>0</BisWeighted>
      <QtyInPackage>12</QtyInPackage>
      <ItemPrice>16.90</ItemPrice>
      <UnitOfMeasurePrice>33.80</UnitOfMeasurePrice>
      <AllowDiscount>1</AllowDiscount>
      <itemStatus>1</itemStatus>
      <LastUpdateDate />
      <LastUpdateTime />
    </Product>
    <Product>
      <PriceUpdateDate>2020/09/02 18:43</PriceUpdateDate>
      <ItemCode>7290112351258</ItemCode>
      <ItemType>1</ItemType>
      <ItemName>פינוקיות שחור לבן</ItemName>
      <ManufactureName>קבוצת אסם סחר</ManufactureName>
      <ManufactureCountry />
      <ManufactureItemDescription />
      <UnitQty>'יח</UnitQty>
      <Quantity>2</Quantity>
      <UnitMeasure>ל-100 גרם</UnitMeasure>
      <BisWeighted>0</BisWeighted>
      <QtyInPackage>1</QtyInPackage>
      <ItemPrice>9.90</ItemPrice>
      <UnitOfMeasurePrice>4.95</UnitOfMeasurePrice>
      <AllowDiscount>1</AllowDiscount>
      <itemStatus>1</itemStatus>
      <LastUpdateDate />
      <LastUpdateTime />
    </Product>
    <Product>
      <PriceUpdateDate>2020/06/14 09:49</PriceUpdateDate>
      <ItemCode>7290112351463</ItemCode>
      <ItemType>1</ItemType>
      <ItemName>שלישיית סוכריות FRESH פטל לימון 45 גר`</ItemName>
      <ManufactureName>שטראוס גרופ בע`מ</ManufactureName>
      <ManufactureCountry />
      <ManufactureItemDescription />
      <UnitQty>'יח</UnitQty>
      <Quantity>0.45</Quantity>
      <UnitMeasure>ל-100 גרם</UnitMeasure>
      <BisWeighted>0</BisWeighted>
      <QtyInPackage>1</QtyInPackage>
      <ItemPrice>7.90</ItemPrice>
      <UnitOfMeasurePrice>17.56</UnitOfMeasurePrice>
      <AllowDiscount>0</AllowDiscount>
      <itemStatus>1</itemStatus>
      <LastUpdateDate />
      <LastUpdateTime />
    </Product>
    <Product>
      <PriceUpdateDate>2020/06/14 09:49</PriceUpdateDate>
      <ItemCode>7290112351470</ItemCode>
      <ItemType>1</ItemType>
      <ItemName>שלישיית סוכריות FRESH רימון תות 45 גר`</ItemName>
      <ManufactureName>שטראוס גרופ בע`מ</ManufactureName>
      <ManufactureCountry />
      <ManufactureItemDescription />
      <UnitQty>'יח</UnitQty>
      <Quantity>0.45</Quantity>
      <UnitMeasure>ל-100 גרם</UnitMeasure>
      <BisWeighted>0</BisWeighted>
      <QtyInPackage>1</QtyInPackage>
      <ItemPrice>7.90</ItemPrice>
      <UnitOfMeasurePrice>17.56</UnitOfMeasurePrice>
      <AllowDiscount>0</AllowDiscount>
      <itemStatus>1</itemStatus>
      <LastUpdateDate />
      <LastUpdateTime />
    </Product>
    <Product>
      <PriceUpdateDate>2020/09/02 18:43</PriceUpdateDate>
      <ItemCode>7290112353412</ItemCode>
      <ItemType>1</ItemType>
      <ItemName>פריכיות משולשות תירס אפונה מלח סלק</ItemName>
      <ManufactureName>שטראוס גרופ בע`מ</ManufactureName>
      <ManufactureCountry />
      <ManufactureItemDescription />
      <UnitQty>'יח</UnitQty>
      <Quantity>0.30</Quantity>
      <UnitMeasure>ל-100 גרם</UnitMeasure>
      <BisWeighted>0</BisWeighted>
      <QtyInPackage>24</QtyInPackage>
      <ItemPrice>4.90</ItemPrice>
      <UnitOfMeasurePrice>16.33</UnitOfMeasurePrice>
      <AllowDiscount>0</AllowDiscount>
      <itemStatus>1</itemStatus>
      <LastUpdateDate />
      <LastUpdateTime />
    </Product>
    <Product>
      <PriceUpdateDate>2022/10/26 10:28</PriceUpdateDate>
      <ItemCode>7290112354969</ItemCode>
      <ItemType>1</ItemType>
      <ItemName>תפוציפס טבעי WAVY 200 גרם</ItemName>
      <ManufactureName>שטראוס פריטו ליי בע`מ</ManufactureName>
      <ManufactureCountry />
      <ManufactureItemDescription />
      <UnitQty>'יח</UnitQty>
      <Quantity>2</Quantity>
      <UnitMeasure>ל-100 גרם</UnitMeasure>
      <BisWeighted>0</BisWeighted>
      <QtyInPackage>1</QtyInPackage>
      <ItemPrice>10.90</ItemPrice>
      <UnitOfMeasurePrice>5.45</UnitOfMeasurePrice>
      <AllowDiscount>1</AllowDiscount>
      <itemStatus>1</itemStatus>
      <LastUpdateDate />
      <LastUpdateTime />
    </Product>
    <Product>
      <PriceUpdateDate>2020/12/08 15:13</PriceUpdateDate>
      <ItemCode>7290112355027</ItemCode>
      <ItemType>1</ItemType>
      <ItemName>דנונה פרו 20 גר` קרמל מלוח 200 גר`</ItemName>
      <ManufactureName>שטראוס גרופ בע`מ</ManufactureName>
      <ManufactureCountry />
      <ManufactureItemDescription />
      <UnitQty>'יח</UnitQty>
      <Quantity>2</Quantity>
      <UnitMeasure>ל-100 מ"ל</UnitMeasure>
      <BisWeighted>0</BisWeighted>
      <QtyInPackage>12</QtyInPackage>
      <ItemPrice>5.90</ItemPrice>
      <UnitOfMeasurePrice>2.95</UnitOfMeasurePrice>
      <AllowDiscount>0</AllowDiscount>
      <itemStatus>1</itemStatus>
      <LastUpdateDate />
      <LastUpdateTime />
    </Product>
    <Product>
      <PriceUpdateDate>2021/01/05 15:46</PriceUpdateDate>
      <ItemCode>7290112355102</ItemCode>
      <ItemType>1</ItemType>
      <ItemName>.גמדים סקוויז לשתיה בטעם פירות</ItemName>
      <ManufactureName>שטראוס גרופ בע`מ</ManufactureName>
      <ManufactureCountry />
      <ManufactureItemDescription />
      <UnitQty>'יח</UnitQty>
      <Quantity>2</Quantity>
      <UnitMeasure>ל-100 גרם</UnitMeasure>
      <BisWeighted>0</BisWeighted>
      <QtyInPackage>7</QtyInPackage>
      <ItemPrice>5.90</ItemPrice>
      <UnitOfMeasurePrice>2.95</UnitOfMeasurePrice>
      <AllowDiscount>0</AllowDiscount>
      <itemStatus>1</itemStatus>
      <LastUpdateDate />
      <LastUpdateTime />
    </Product>
    <Product>
      <PriceUpdateDate>2022/03/24 11:57</PriceUpdateDate>
      <ItemCode>7290112355386</ItemCode>
      <ItemType>1</ItemType>
      <ItemName>רוטב שמנת בטעם קרמל מלוח 260 גרם 9%</ItemName>
      <ManufactureName>שטראוס גרופ בע`מ</ManufactureName>
      <ManufactureCountry />
      <ManufactureItemDescription />
      <UnitQty>'יח</UnitQty>
      <Quantity>2.60</Quantity>
      <UnitMeasure>ל-100 מ"ל</UnitMeasure>
      <BisWeighted>0</BisWeighted>
      <QtyInPackage>1</QtyInPackage>
      <ItemPrice>11.70</ItemPrice>
      <UnitOfMeasurePrice>4.50</UnitOfMeasurePrice>
      <AllowDiscount>0</AllowDiscount>
      <itemStatus>1</itemStatus>
      <LastUpdateDate />
      <LastUpdateTime />
    </Product>
    <Product>
      <PriceUpdateDate>2022/07/07 07:20</PriceUpdateDate>
      <ItemCode>7290112355775</ItemCode>
      <ItemType>1</ItemType>
      <ItemName>גבינת סימפוניה 5% עירית 200גרם</ItemName>
      <ManufactureName>שטראוס גרופ בע`מ</ManufactureName>
      <ManufactureCountry />
      <ManufactureItemDescription />
      <UnitQty>'יח</UnitQty>
      <Quantity>2</Quantity>
      <UnitMeasure>ל-100 גרם</UnitMeasure>
      <BisWeighted>0</BisWeighted>
      <QtyInPackage>12</QtyInPackage>
      <ItemPrice>11.90</ItemPrice>
      <UnitOfMeasurePrice>5.95</UnitOfMeasurePrice>
      <AllowDiscount>1</AllowDiscount>
      <itemStatus>1</itemStatus>
      <LastUpdateDate />
      <LastUpdateTime />
    </Product>
    <Product>
      <PriceUpdateDate>2020/07/14 08:14</PriceUpdateDate>
      <ItemCode>7290112356536</ItemCode>
      <ItemType>1</ItemType>
      <ItemName>עלית אבקת קקאו 150 גרם%+10</ItemName>
      <ManufactureName>שטראוס גרופ בע`מ</ManufactureName>
      <ManufactureCountry />
      <ManufactureItemDescription />
      <UnitQty>'יח</UnitQty>
      <Quantity>1.50</Quantity>
      <UnitMeasure>ל-100 גרם</UnitMeasure>
      <BisWeighted>0</BisWeighted>
      <QtyInPackage>1</QtyInPackage>
      <ItemPrice>9.90</ItemPrice>
      <UnitOfMeasurePrice>6.60</UnitOfMeasurePrice>
      <AllowDiscount>0</AllowDiscount>
      <itemStatus>1</itemStatus>
      <LastUpdateDate />
      <LastUpdateTime />
    </Product>
    <Product>
      <PriceUpdateDate>2020/05/06 13:59</PriceUpdateDate>
      <ItemCode>7290112357106</ItemCode>
      <ItemType>1</ItemType>
      <ItemName>שעועית אדומה  טעם הטבע 380 גר`</ItemName>
      <ManufactureName>שטראוס גרופ בע`מ</ManufactureName>
      <ManufactureCountry />
      <ManufactureItemDescription />
      <UnitQty>'יח</UnitQty>
      <Quantity>3.80</Quantity>
      <UnitMeasure>ל-100 גרם</UnitMeasure>
      <BisWeighted>0</BisWeighted>
      <QtyInPackage>1</QtyInPackage>
      <ItemPrice>6.90</ItemPrice>
      <UnitOfMeasurePrice>1.82</UnitOfMeasurePrice>
      <AllowDiscount>1</AllowDiscount>
      <itemStatus>1</itemStatus>
      <LastUpdateDate />
      <LastUpdateTime />
    </Product>
    <Product>
      <PriceUpdateDate>2020/05/06 13:59</PriceUpdateDate>
      <ItemCode>7290112357113</ItemCode>
      <ItemType>1</ItemType>
      <ItemName>גרגרי חומוס טעם הטבע 380 גרם</ItemName>
      <ManufactureName>שטראוס גרופ בע`מ</ManufactureName>
      <ManufactureCountry />
      <ManufactureItemDescription />
      <UnitQty>'יח</UnitQty>
      <Quantity>3.80</Quantity>
      <UnitMeasure>ל-100 גרם</UnitMeasure>
      <BisWeighted>0</BisWeighted>
      <QtyInPackage>1</QtyInPackage>
      <ItemPrice>6.90</ItemPrice>
      <UnitOfMeasurePrice>1.82</UnitOfMeasurePrice>
      <AllowDiscount>1</AllowDiscount>
      <itemStatus>1</itemStatus>
      <LastUpdateDate />
      <LastUpdateTime />
    </Product>
    <Product>
      <PriceUpdateDate>2020/02/19 08:44</PriceUpdateDate>
      <ItemCode>7290112357175</ItemCode>
      <ItemType>1</ItemType>
      <ItemName>קפסולות בוסט למכונת נספרסו 12 יח`</ItemName>
      <ManufactureName>שטראוס גרופ בע`מ</ManufactureName>
      <ManufactureCountry />
      <ManufactureItemDescription />
      <UnitQty>'יח</UnitQty>
      <Quantity>0.50</Quantity>
      <UnitMeasure>ל-100 גרם</UnitMeasure>
      <BisWeighted>0</BisWeighted>
      <QtyInPackage>1</QtyInPackage>
      <ItemPrice>16.90</ItemPrice>
      <UnitOfMeasurePrice>33.80</UnitOfMeasurePrice>
      <AllowDiscount>1</AllowDiscount>
      <itemStatus>1</itemStatus>
      <LastUpdateDate />
      <LastUpdateTime />
    </Product>
    <Product>
      <PriceUpdateDate>2020/10/27 15:09</PriceUpdateDate>
      <ItemCode>7290112358004</ItemCode>
      <ItemType>1</ItemType>
      <ItemName>פסק זמן  קראנץ`32 גר`</ItemName>
      <ManufactureName>שטראוס גרופ בע`מ</ManufactureName>
      <ManufactureCountry />
      <ManufactureItemDescription />
      <UnitQty>'יח</UnitQty>
      <Quantity>0.32</Quantity>
      <UnitMeasure>ל-100 גרם</UnitMeasure>
      <BisWeighted>0</BisWeighted>
      <QtyInPackage>24</QtyInPackage>
      <ItemPrice>5.30</ItemPrice>
      <UnitOfMeasurePrice>16.56</UnitOfMeasurePrice>
      <AllowDiscount>0</AllowDiscount>
      <itemStatus>1</itemStatus>
      <LastUpdateDate />
      <LastUpdateTime />
    </Product>
    <Product>
      <PriceUpdateDate>2021/06/01 06:38</PriceUpdateDate>
      <ItemCode>7290112358240</ItemCode>
      <ItemType>1</ItemType>
      <ItemName>רוטב לגריל 300 גר`</ItemName>
      <ManufactureName>שטראוס גרופ בע`מ</ManufactureName>
      <ManufactureCountry />
      <ManufactureItemDescription />
      <UnitQty>'יח</UnitQty>
      <Quantity>3</Quantity>
      <UnitMeasure>ל-100 מ"ל</UnitMeasure>
      <BisWeighted>0</BisWeighted>
      <QtyInPackage>1</QtyInPackage>
      <ItemPrice>12.90</ItemPrice>
      <UnitOfMeasurePrice>4.30</UnitOfMeasurePrice>
      <AllowDiscount>0</AllowDiscount>
      <itemStatus>1</itemStatus>
      <LastUpdateDate />
      <LastUpdateTime />
    </Product>
    <Product>
      <PriceUpdateDate>2021/04/11 10:47</PriceUpdateDate>
      <ItemCode>7290112358431</ItemCode>
      <ItemType>1</ItemType>
      <ItemName>עד חצות דאבל 200 גר`</ItemName>
      <ManufactureName>שטראוס גרופ בע`מ</ManufactureName>
      <ManufactureCountry />
      <ManufactureItemDescription />
      <UnitQty>'יח</UnitQty>
      <Quantity>2</Quantity>
      <UnitMeasure>ל-100 גרם</UnitMeasure>
      <BisWeighted>0</BisWeighted>
      <QtyInPackage>1</QtyInPackage>
      <ItemPrice>11.90</ItemPrice>
      <UnitOfMeasurePrice>5.95</UnitOfMeasurePrice>
      <AllowDiscount>0</AllowDiscount>
      <itemStatus>1</itemStatus>
      <LastUpdateDate />
      <LastUpdateTime />
    </Product>
    <Product>
      <PriceUpdateDate>2021/07/05 10:39</PriceUpdateDate>
      <ItemCode>7290112359353</ItemCode>
      <ItemType>1</ItemType>
      <ItemName>קפה טורקי אלדין 200 גרם</ItemName>
      <ManufactureName>שטראוס גרופ בע`מ</ManufactureName>
      <ManufactureCountry />
      <ManufactureItemDescription />
      <UnitQty>'יח</UnitQty>
      <Quantity>2</Quantity>
      <UnitMeasure>ל-100 גרם</UnitMeasure>
      <BisWeighted>0</BisWeighted>
      <QtyInPackage>1</QtyInPackage>
      <ItemPrice>20.90</ItemPrice>
      <UnitOfMeasurePrice>10.45</UnitOfMeasurePrice>
      <AllowDiscount>0</AllowDiscount>
      <itemStatus>1</itemStatus>
      <LastUpdateDate />
      <LastUpdateTime />
    </Product>
    <Product>
      <PriceUpdateDate>2019/01/16 14:51</PriceUpdateDate>
      <ItemCode>7290112490209</ItemCode>
      <ItemType>1</ItemType>
      <ItemName>נמס בכוס עגבניות 56 גרם</ItemName>
      <ManufactureName>יוניליוור ישראל שיווק בע`מ</ManufactureName>
      <ManufactureCountry />
      <ManufactureItemDescription />
      <UnitQty>'יח</UnitQty>
      <Quantity>0.64</Quantity>
      <UnitMeasure>ל-100 גרם</UnitMeasure>
      <BisWeighted>0</BisWeighted>
      <QtyInPackage>1</QtyInPackage>
      <ItemPrice>6.40</ItemPrice>
      <UnitOfMeasurePrice>10</UnitOfMeasurePrice>
      <AllowDiscount>1</AllowDiscount>
      <itemStatus>1</itemStatus>
      <LastUpdateDate />
      <LastUpdateTime />
    </Product>
    <Product>
      <PriceUpdateDate>2019/01/16 14:51</PriceUpdateDate>
      <ItemCode>7290112490230</ItemCode>
      <ItemType>1</ItemType>
      <ItemName>נמס בכוס מרק אפונה 50 גרם</ItemName>
      <ManufactureName>יוניליוור ישראל שיווק בע`מ</ManufactureName>
      <ManufactureCountry />
      <ManufactureItemDescription />
      <UnitQty>'יח</UnitQty>
      <Quantity>0.64</Quantity>
      <UnitMeasure>ל-100 גרם</UnitMeasure>
      <BisWeighted>0</BisWeighted>
      <QtyInPackage>1</QtyInPackage>
      <ItemPrice>6.40</ItemPrice>
      <UnitOfMeasurePrice>10</UnitOfMeasurePrice>
      <AllowDiscount>1</AllowDiscount>
      <itemStatus>1</itemStatus>
      <LastUpdateDate />
      <LastUpdateTime />
    </Product>
    <Product>
      <PriceUpdateDate>2019/01/16 14:51</PriceUpdateDate>
      <ItemCode>7290112490599</ItemCode>
      <ItemType>1</ItemType>
      <ItemName>חרדל צרפתי עם גרגרים</ItemName>
      <ManufactureName>יוניליוור ישראל שיווק בע`מ</ManufactureName>
      <ManufactureCountry />
      <ManufactureItemDescription />
      <UnitQty>'יח</UnitQty>
      <Quantity>0.54</Quantity>
      <UnitMeasure>ל-100 גרם</UnitMeasure>
      <BisWeighted>0</BisWeighted>
      <QtyInPackage>1</QtyInPackage>
      <ItemPrice>14.90</ItemPrice>
      <UnitOfMeasurePrice>27.59</UnitOfMeasurePrice>
      <AllowDiscount>0</AllowDiscount>
      <itemStatus>1</itemStatus>
      <LastUpdateDate />
      <LastUpdateTime />
    </Product>
    <Product>
      <PriceUpdateDate>2022/03/16 18:21</PriceUpdateDate>
      <ItemCode>7290112490650</ItemCode>
      <ItemType>1</ItemType>
      <ItemName>778 קונפיטורה תות שדה 340 גר`</ItemName>
      <ManufactureName>יוניליוור ישראל שיווק בע`מ</ManufactureName>
      <ManufactureCountry />
      <ManufactureItemDescription />
      <UnitQty>'יח</UnitQty>
      <Quantity>3.40</Quantity>
      <UnitMeasure>ל-100 גרם</UnitMeasure>
      <BisWeighted>0</BisWeighted>
      <QtyInPackage>1</QtyInPackage>
      <ItemPrice>13.90</ItemPrice>
      <UnitOfMeasurePrice>4.09</UnitOfMeasurePrice>
      <AllowDiscount>0</AllowDiscount>
      <itemStatus>1</itemStatus>
      <LastUpdateDate />
      <LastUpdateTime />
    </Product>
    <Product>
      <PriceUpdateDate>2022/04/27 11:03</PriceUpdateDate>
      <ItemCode>7290112490674</ItemCode>
      <ItemType>1</ItemType>
      <ItemName>778 קונפיטורה דובדבנים 340 גר`</ItemName>
      <ManufactureName>יוניליוור ישראל שיווק בע`מ</ManufactureName>
      <ManufactureCountry />
      <ManufactureItemDescription />
      <UnitQty>'יח</UnitQty>
      <Quantity>3.40</Quantity>
      <UnitMeasure>ל-100 גרם</UnitMeasure>
      <BisWeighted>0</BisWeighted>
      <QtyInPackage>1</QtyInPackage>
      <ItemPrice>13.90</ItemPrice>
      <UnitOfMeasurePrice>4.09</UnitOfMeasurePrice>
      <AllowDiscount>0</AllowDiscount>
      <itemStatus>1</itemStatus>
      <LastUpdateDate />
      <LastUpdateTime />
    </Product>
    <Product>
      <PriceUpdateDate>2022/04/27 11:03</PriceUpdateDate>
      <ItemCode>7290112490698</ItemCode>
      <ItemType>1</ItemType>
      <ItemName>778 מעדן פרי תות לייט 250 גר`</ItemName>
      <ManufactureName>יוניליוור ישראל שיווק בע`מ</ManufactureName>
      <ManufactureCountry />
      <ManufactureItemDescription />
      <UnitQty>'יח</UnitQty>
      <Quantity>0.90</Quantity>
      <UnitMeasure>ל-100 גרם</UnitMeasure>
      <BisWeighted>0</BisWeighted>
      <QtyInPackage>1</QtyInPackage>
      <ItemPrice>13.90</ItemPrice>
      <UnitOfMeasurePrice>15.44</UnitOfMeasurePrice>
      <AllowDiscount>0</AllowDiscount>
      <itemStatus>1</itemStatus>
      <LastUpdateDate />
      <LastUpdateTime />
    </Product>
    <Product>
      <PriceUpdateDate>2019/01/16 14:51</PriceUpdateDate>
      <ItemCode>7290112490728</ItemCode>
      <ItemType>1</ItemType>
      <ItemName>מרק עשיר ירקות בורגול</ItemName>
      <ManufactureName>יוניליוור ישראל שיווק בע`מ</ManufactureName>
      <ManufactureCountry />
      <ManufactureItemDescription />
      <UnitQty>'יח</UnitQty>
      <Quantity>10</Quantity>
      <UnitMeasure>ל-100 גרם</UnitMeasure>
      <BisWeighted>0</BisWeighted>
      <QtyInPackage>1</QtyInPackage>
      <ItemPrice>12.90</ItemPrice>
      <UnitOfMeasurePrice>1.29</UnitOfMeasurePrice>
      <AllowDiscount>1</AllowDiscount>
      <itemStatus>1</itemStatus>
      <LastUpdateDate />
      <LastUpdateTime />
    </Product>
    <Product>
      <PriceUpdateDate>2019/01/16 14:51</PriceUpdateDate>
      <ItemCode>7290112490742</ItemCode>
      <ItemType>1</ItemType>
      <ItemName>מרק עשיר פטריות גריסים ר. טבעי</ItemName>
      <ManufactureName>יוניליוור ישראל שיווק בע`מ</ManufactureName>
      <ManufactureCountry />
      <ManufactureItemDescription />
      <UnitQty>'יח</UnitQty>
      <Quantity>10</Quantity>
      <UnitMeasure>ל-100 גרם</UnitMeasure>
      <BisWeighted>0</BisWeighted>
      <QtyInPackage>1</QtyInPackage>
      <ItemPrice>12.90</ItemPrice>
      <UnitOfMeasurePrice>1.29</UnitOfMeasurePrice>
      <AllowDiscount>1</AllowDiscount>
      <itemStatus>1</itemStatus>
      <LastUpdateDate />
      <LastUpdateTime />
    </Product>
    <Product>
      <PriceUpdateDate>2022/04/05 16:05</PriceUpdateDate>
      <ItemCode>7290112490896</ItemCode>
      <ItemType>1</ItemType>
      <ItemName>קנור רוטב צילי חריף 370 גרם</ItemName>
      <ManufactureName>יוניליוור ישראל שיווק בע`מ</ManufactureName>
      <ManufactureCountry />
      <ManufactureItemDescription />
      <UnitQty>'יח</UnitQty>
      <Quantity>3.70</Quantity>
      <UnitMeasure>ל-100 גרם</UnitMeasure>
      <BisWeighted>0</BisWeighted>
      <QtyInPackage>1</QtyInPackage>
      <ItemPrice>12.90</ItemPrice>
      <UnitOfMeasurePrice>3.49</UnitOfMeasurePrice>
      <AllowDiscount>1</AllowDiscount>
      <itemStatus>1</itemStatus>
      <LastUpdateDate />
      <LastUpdateTime />
    </Product>
    <Product>
      <PriceUpdateDate>2021/12/27 11:50</PriceUpdateDate>
      <ItemCode>7290112491701</ItemCode>
      <ItemType>1</ItemType>
      <ItemName>ברנפלקס חלבון 375 גרם</ItemName>
      <ManufactureName>יוניליוור ישראל שיווק בע`מ</ManufactureName>
      <ManufactureCountry />
      <ManufactureItemDescription />
      <UnitQty>'יח</UnitQty>
      <Quantity>3.75</Quantity>
      <UnitMeasure>ל-100 גרם</UnitMeasure>
      <BisWeighted>0</BisWeighted>
      <QtyInPackage>1</QtyInPackage>
      <ItemPrice>22.90</ItemPrice>
      <UnitOfMeasurePrice>6.11</UnitOfMeasurePrice>
      <AllowDiscount>1</AllowDiscount>
      <itemStatus>1</itemStatus>
      <LastUpdateDate />
      <LastUpdateTime />
    </Product>
    <Product>
      <PriceUpdateDate>2019/01/16 14:51</PriceUpdateDate>
      <ItemCode>7290112491770</ItemCode>
      <ItemType>1</ItemType>
      <ItemName>דקים דקים עם מלח ים 300 גרם</ItemName>
      <ManufactureName>יוניליוור ישראל שיווק בע`מ</ManufactureName>
      <ManufactureCountry />
      <ManufactureItemDescription />
      <UnitQty>'יח</UnitQty>
      <Quantity>3</Quantity>
      <UnitMeasure>ל-100 גרם</UnitMeasure>
      <BisWeighted>0</BisWeighted>
      <QtyInPackage>1</QtyInPackage>
      <ItemPrice>9.90</ItemPrice>
      <UnitOfMeasurePrice>3.30</UnitOfMeasurePrice>
      <AllowDiscount>1</AllowDiscount>
      <itemStatus>1</itemStatus>
      <LastUpdateDate />
      <LastUpdateTime />
    </Product>
    <Product>
      <PriceUpdateDate>2019/01/16 14:51</PriceUpdateDate>
      <ItemCode>7290112491787</ItemCode>
      <ItemType>1</ItemType>
      <ItemName>דקים דקים עם שומשום 300 גרם</ItemName>
      <ManufactureName>יוניליוור ישראל שיווק בע`מ</ManufactureName>
      <ManufactureCountry />
      <ManufactureItemDescription />
      <UnitQty>'יח</UnitQty>
      <Quantity>3</Quantity>
      <UnitMeasure>ל-100 גרם</UnitMeasure>
      <BisWeighted>0</BisWeighted>
      <QtyInPackage>1</QtyInPackage>
      <ItemPrice>9.90</ItemPrice>
      <UnitOfMeasurePrice>3.30</UnitOfMeasurePrice>
      <AllowDiscount>1</AllowDiscount>
      <itemStatus>1</itemStatus>
      <LastUpdateDate />
      <LastUpdateTime />
    </Product>
    <Product>
      <PriceUpdateDate>2019/01/16 14:51</PriceUpdateDate>
      <ItemCode>7290112491794</ItemCode>
      <ItemType>1</ItemType>
      <ItemName>דקים דקים טעם שמנת ובצל 300 גרם</ItemName>
      <ManufactureName>יוניליוור ישראל שיווק בע`מ</ManufactureName>
      <ManufactureCountry />
      <ManufactureItemDescription />
      <UnitQty>'יח</UnitQty>
      <Quantity>3</Quantity>
      <UnitMeasure>ל-100 גרם</UnitMeasure>
      <BisWeighted>0</BisWeighted>
      <QtyInPackage>1</QtyInPackage>
      <ItemPrice>9.90</ItemPrice>
      <UnitOfMeasurePrice>3.30</UnitOfMeasurePrice>
      <AllowDiscount>1</AllowDiscount>
      <itemStatus>1</itemStatus>
      <LastUpdateDate />
      <LastUpdateTime />
    </Product>
    <Product>
      <PriceUpdateDate>2021/11/18 14:34</PriceUpdateDate>
      <ItemCode>7290112492456</ItemCode>
      <ItemType>1</ItemType>
      <ItemName>שמפו לשיער יבש ופגום 700 מ"ל</ItemName>
      <ManufactureName>יוניליוור ישראל שיווק בע`מ</ManufactureName>
      <ManufactureCountry />
      <ManufactureItemDescription />
      <UnitQty>'יח</UnitQty>
      <Quantity>7</Quantity>
      <UnitMeasure>ל-100 מ"ל</UnitMeasure>
      <BisWeighted>0</BisWeighted>
      <QtyInPackage>1</QtyInPackage>
      <ItemPrice>11.90</ItemPrice>
      <UnitOfMeasurePrice>1.70</UnitOfMeasurePrice>
      <AllowDiscount>1</AllowDiscount>
      <itemStatus>1</itemStatus>
      <LastUpdateDate />
      <LastUpdateTime />
    </Product>
    <Product>
      <PriceUpdateDate>2021/11/18 14:34</PriceUpdateDate>
      <ItemCode>7290112492463</ItemCode>
      <ItemType>1</ItemType>
      <ItemName>שמפו פינוק 2 ב-1 רגיל  700 מל`</ItemName>
      <ManufactureName>יוניליוור ישראל שיווק בע`מ</ManufactureName>
      <ManufactureCountry />
      <ManufactureItemDescription />
      <UnitQty>'יח</UnitQty>
      <Quantity>7</Quantity>
      <UnitMeasure>ל-100 מ"ל</UnitMeasure>
      <BisWeighted>0</BisWeighted>
      <QtyInPackage>1</QtyInPackage>
      <ItemPrice>11.90</ItemPrice>
      <UnitOfMeasurePrice>1.70</UnitOfMeasurePrice>
      <AllowDiscount>1</AllowDiscount>
      <itemStatus>1</itemStatus>
      <LastUpdateDate />
      <LastUpdateTime />
    </Product>
    <Product>
      <PriceUpdateDate>2021/11/18 14:34</PriceUpdateDate>
      <ItemCode>7290112492470</ItemCode>
      <ItemType>1</ItemType>
      <ItemName>שמפו פינוק 2 ב-1 יבש  700 מל`</ItemName>
      <ManufactureName>יוניליוור ישראל שיווק בע`מ</ManufactureName>
      <ManufactureCountry />
      <ManufactureItemDescription />
      <UnitQty>'יח</UnitQty>
      <Quantity>7</Quantity>
      <UnitMeasure>ל-100 מ"ל</UnitMeasure>
      <BisWeighted>0</BisWeighted>
      <QtyInPackage>1</QtyInPackage>
      <ItemPrice>11.90</ItemPrice>
      <UnitOfMeasurePrice>1.70</UnitOfMeasurePrice>
      <AllowDiscount>1</AllowDiscount>
      <itemStatus>1</itemStatus>
      <LastUpdateDate />
      <LastUpdateTime />
    </Product>
    <Product>
      <PriceUpdateDate>2021/11/18 14:34</PriceUpdateDate>
      <ItemCode>7290112492487</ItemCode>
      <ItemType>1</ItemType>
      <ItemName>שמפו פינוק שמן מרוקאי 700 מ"ל</ItemName>
      <ManufactureName>יוניליוור ישראל שיווק בע`מ</ManufactureName>
      <ManufactureCountry />
      <ManufactureItemDescription />
      <UnitQty>'יח</UnitQty>
      <Quantity>7</Quantity>
      <UnitMeasure>ל-100 מ"ל</UnitMeasure>
      <BisWeighted>0</BisWeighted>
      <QtyInPackage>1</QtyInPackage>
      <ItemPrice>11.90</ItemPrice>
      <UnitOfMeasurePrice>1.70</UnitOfMeasurePrice>
      <AllowDiscount>1</AllowDiscount>
      <itemStatus>1</itemStatus>
      <LastUpdateDate />
      <LastUpdateTime />
    </Product>
    <Product>
      <PriceUpdateDate>2021/11/18 14:34</PriceUpdateDate>
      <ItemCode>7290112492500</ItemCode>
      <ItemType>1</ItemType>
      <ItemName>פינוק שמפו שמן קוקוס700 מל`</ItemName>
      <ManufactureName>יוניליוור ישראל שיווק בע`מ</ManufactureName>
      <ManufactureCountry />
      <ManufactureItemDescription />
      <UnitQty>'יח</UnitQty>
      <Quantity>7</Quantity>
      <UnitMeasure>ל-100 מ"ל</UnitMeasure>
      <BisWeighted>0</BisWeighted>
      <QtyInPackage>1</QtyInPackage>
      <ItemPrice>11.90</ItemPrice>
      <UnitOfMeasurePrice>1.70</UnitOfMeasurePrice>
      <AllowDiscount>1</AllowDiscount>
      <itemStatus>1</itemStatus>
      <LastUpdateDate />
      <LastUpdateTime />
    </Product>
    <Product>
      <PriceUpdateDate>2021/11/18 14:34</PriceUpdateDate>
      <ItemCode>7290112492531</ItemCode>
      <ItemType>1</ItemType>
      <ItemName>מרכך פינוק שיער רגיל 700 מ"ל</ItemName>
      <ManufactureName>יוניליוור ישראל שיווק בע`מ</ManufactureName>
      <ManufactureCountry />
      <ManufactureItemDescription />
      <UnitQty>'יח</UnitQty>
      <Quantity>7</Quantity>
      <UnitMeasure>ל-100 מ"ל</UnitMeasure>
      <BisWeighted>0</BisWeighted>
      <QtyInPackage>1</QtyInPackage>
      <ItemPrice>11.90</ItemPrice>
      <UnitOfMeasurePrice>1.70</UnitOfMeasurePrice>
      <AllowDiscount>1</AllowDiscount>
      <itemStatus>1</itemStatus>
      <LastUpdateDate />
      <LastUpdateTime />
    </Product>
    <Product>
      <PriceUpdateDate>2021/11/18 14:34</PriceUpdateDate>
      <ItemCode>7290112492548</ItemCode>
      <ItemType>1</ItemType>
      <ItemName>שמפו מרכך שיער יבש 700 מ"ל</ItemName>
      <ManufactureName>יוניליוור ישראל שיווק בע`מ</ManufactureName>
      <ManufactureCountry />
      <ManufactureItemDescription />
      <UnitQty>'יח</UnitQty>
      <Quantity>7</Quantity>
      <UnitMeasure>ל-100 מ"ל</UnitMeasure>
      <BisWeighted>0</BisWeighted>
      <QtyInPackage>1</QtyInPackage>
      <ItemPrice>11.90</ItemPrice>
      <UnitOfMeasurePrice>1.70</UnitOfMeasurePrice>
      <AllowDiscount>1</AllowDiscount>
      <itemStatus>1</itemStatus>
      <LastUpdateDate />
      <LastUpdateTime />
    </Product>
    <Product>
      <PriceUpdateDate>2021/11/18 14:34</PriceUpdateDate>
      <ItemCode>7290112492579</ItemCode>
      <ItemType>1</ItemType>
      <ItemName>מרכך פינוק שמן קוקוס  700 מ"ל</ItemName>
      <ManufactureName>יוניליוור ישראל שיווק בע`מ</ManufactureName>
      <ManufactureCountry />
      <ManufactureItemDescription />
      <UnitQty>'יח</UnitQty>
      <Quantity>7</Quantity>
      <UnitMeasure>ל-100 מ"ל</UnitMeasure>
      <BisWeighted>0</BisWeighted>
      <QtyInPackage>1</QtyInPackage>
      <ItemPrice>11.90</ItemPrice>
      <UnitOfMeasurePrice>1.70</UnitOfMeasurePrice>
      <AllowDiscount>1</AllowDiscount>
      <itemStatus>1</itemStatus>
      <LastUpdateDate />
      <LastUpdateTime />
    </Product>
    <Product>
      <PriceUpdateDate>2021/12/19 10:42</PriceUpdateDate>
      <ItemCode>7290112492593</ItemCode>
      <ItemType>1</ItemType>
      <ItemName>פינוק תחליב רחצה קלאסי 700 מל`</ItemName>
      <ManufactureName>יוניליוור ישראל שיווק בע`מ</ManufactureName>
      <ManufactureCountry />
      <ManufactureItemDescription />
      <UnitQty>'יח</UnitQty>
      <Quantity>7</Quantity>
      <UnitMeasure>ל-100 מ"ל</UnitMeasure>
      <BisWeighted>0</BisWeighted>
      <QtyInPackage>1</QtyInPackage>
      <ItemPrice>10.90</ItemPrice>
      <UnitOfMeasurePrice>1.56</UnitOfMeasurePrice>
      <AllowDiscount>1</AllowDiscount>
      <itemStatus>1</itemStatus>
      <LastUpdateDate />
      <LastUpdateTime />
    </Product>
    <Product>
      <PriceUpdateDate>2021/12/19 10:42</PriceUpdateDate>
      <ItemCode>7290112492609</ItemCode>
      <ItemType>1</ItemType>
      <ItemName>פינוק תחליב רחצה לבנדר  700 מל`</ItemName>
      <ManufactureName>יוניליוור ישראל שיווק בע`מ</ManufactureName>
      <ManufactureCountry />
      <ManufactureItemDescription />
      <UnitQty>'יח</UnitQty>
      <Quantity>7</Quantity>
      <UnitMeasure>ל-100 מ"ל</UnitMeasure>
      <BisWeighted>0</BisWeighted>
      <QtyInPackage>1</QtyInPackage>
      <ItemPrice>10.90</ItemPrice>
      <UnitOfMeasurePrice>1.56</UnitOfMeasurePrice>
      <AllowDiscount>1</AllowDiscount>
      <itemStatus>1</itemStatus>
      <LastUpdateDate />
      <LastUpdateTime />
    </Product>
    <Product>
      <PriceUpdateDate>2021/11/18 14:34</PriceUpdateDate>
      <ItemCode>7290112492647</ItemCode>
      <ItemType>1</ItemType>
      <ItemName>פינוק לגבר 3 ב-1 ספורט 700 מ"ל</ItemName>
      <ManufactureName>יוניליוור ישראל שיווק בע`מ</ManufactureName>
      <ManufactureCountry />
      <ManufactureItemDescription />
      <UnitQty>'יח</UnitQty>
      <Quantity>7</Quantity>
      <UnitMeasure>ל-100 מ"ל</UnitMeasure>
      <BisWeighted>0</BisWeighted>
      <QtyInPackage>1</QtyInPackage>
      <ItemPrice>11.90</ItemPrice>
      <UnitOfMeasurePrice>1.70</UnitOfMeasurePrice>
      <AllowDiscount>1</AllowDiscount>
      <itemStatus>1</itemStatus>
      <LastUpdateDate />
      <LastUpdateTime />
    </Product>
    <Product>
      <PriceUpdateDate>2020/08/26 12:42</PriceUpdateDate>
      <ItemCode>7290112492999</ItemCode>
      <ItemType>1</ItemType>
      <ItemName>קנור מרק טעם עוף 400 גרם בד`צ</ItemName>
      <ManufactureName>יוניליוור ישראל שיווק בע`מ</ManufactureName>
      <ManufactureCountry />
      <ManufactureItemDescription />
      <UnitQty>'יח</UnitQty>
      <Quantity>4</Quantity>
      <UnitMeasure>ל-100 גרם</UnitMeasure>
      <BisWeighted>0</BisWeighted>
      <QtyInPackage>1</QtyInPackage>
      <ItemPrice>11.90</ItemPrice>
      <UnitOfMeasurePrice>2.98</UnitOfMeasurePrice>
      <AllowDiscount>1</AllowDiscount>
      <itemStatus>1</itemStatus>
      <LastUpdateDate />
      <LastUpdateTime />
    </Product>
    <Product>
      <PriceUpdateDate>2019/08/21 08:59</PriceUpdateDate>
      <ItemCode>7290112493088</ItemCode>
      <ItemType>1</ItemType>
      <ItemName>נמס בכוס עדשים 100% רכיביים טבעי</ItemName>
      <ManufactureName>יוניליוור ישראל שיווק בע`מ</ManufactureName>
      <ManufactureCountry />
      <ManufactureItemDescription />
      <UnitQty>'יח</UnitQty>
      <Quantity>0.64</Quantity>
      <UnitMeasure>ל-100 גרם</UnitMeasure>
      <BisWeighted>0</BisWeighted>
      <QtyInPackage>1</QtyInPackage>
      <ItemPrice>6.40</ItemPrice>
      <UnitOfMeasurePrice>10</UnitOfMeasurePrice>
      <AllowDiscount>1</AllowDiscount>
      <itemStatus>1</itemStatus>
      <LastUpdateDate />
      <LastUpdateTime />
    </Product>
    <Product>
      <PriceUpdateDate>2019/08/21 08:59</PriceUpdateDate>
      <ItemCode>7290112493293</ItemCode>
      <ItemType>1</ItemType>
      <ItemName>נמס בכוס ירקות 100 % רכיביים טבעיים</ItemName>
      <ManufactureName>יוניליוור ישראל שיווק בע`מ</ManufactureName>
      <ManufactureCountry />
      <ManufactureItemDescription />
      <UnitQty>'יח</UnitQty>
      <Quantity>0.64</Quantity>
      <UnitMeasure>ל-100 גרם</UnitMeasure>
      <BisWeighted>0</BisWeighted>
      <QtyInPackage>1</QtyInPackage>
      <ItemPrice>6.40</ItemPrice>
      <UnitOfMeasurePrice>10</UnitOfMeasurePrice>
      <AllowDiscount>1</AllowDiscount>
      <itemStatus>1</itemStatus>
      <LastUpdateDate />
      <LastUpdateTime />
    </Product>
    <Product>
      <PriceUpdateDate>2021/04/26 13:36</PriceUpdateDate>
      <ItemCode>7290112493927</ItemCode>
      <ItemType>1</ItemType>
      <ItemName>גלידת קרמיסימו ריבת חלב 1.33 ליטר</ItemName>
      <ManufactureName>שטראוס גלידות</ManufactureName>
      <ManufactureCountry />
      <ManufactureItemDescription />
      <UnitQty>'יח</UnitQty>
      <Quantity>13.30</Quantity>
      <UnitMeasure>ל-100 מ"ל</UnitMeasure>
      <BisWeighted>0</BisWeighted>
      <QtyInPackage>1</QtyInPackage>
      <ItemPrice>19.90</ItemPrice>
      <UnitOfMeasurePrice>1.50</UnitOfMeasurePrice>
      <AllowDiscount>1</AllowDiscount>
      <itemStatus>1</itemStatus>
      <LastUpdateDate />
      <LastUpdateTime />
    </Product>
    <Product>
      <PriceUpdateDate>2021/04/26 13:36</PriceUpdateDate>
      <ItemCode>7290112493934</ItemCode>
      <ItemType>1</ItemType>
      <ItemName>גלידה קרמיסימו וניל צרפתי  1.33 ליטר</ItemName>
      <ManufactureName>שטראוס גלידות</ManufactureName>
      <ManufactureCountry />
      <ManufactureItemDescription />
      <UnitQty>'יח</UnitQty>
      <Quantity>13.30</Quantity>
      <UnitMeasure>ל-100 מ"ל</UnitMeasure>
      <BisWeighted>0</BisWeighted>
      <QtyInPackage>1</QtyInPackage>
      <ItemPrice>19.90</ItemPrice>
      <UnitOfMeasurePrice>1.50</UnitOfMeasurePrice>
      <AllowDiscount>1</AllowDiscount>
      <itemStatus>1</itemStatus>
      <LastUpdateDate />
      <LastUpdateTime />
    </Product>
    <Product>
      <PriceUpdateDate>2019/11/08 10:06</PriceUpdateDate>
      <ItemCode>7290112494153</ItemCode>
      <ItemType>1</ItemType>
      <ItemName>תיבוליות ניחוח צלי 72 גרם</ItemName>
      <ManufactureName>יוניליוור ישראל שיווק בע`מ</ManufactureName>
      <ManufactureCountry />
      <ManufactureItemDescription />
      <UnitQty>'יח</UnitQty>
      <Quantity>1</Quantity>
      <UnitMeasure />
      <BisWeighted>0</BisWeighted>
      <QtyInPackage>1</QtyInPackage>
      <ItemPrice>8.90</ItemPrice>
      <UnitOfMeasurePrice>8.90</UnitOfMeasurePrice>
      <AllowDiscount>0</AllowDiscount>
      <itemStatus>1</itemStatus>
      <LastUpdateDate />
      <LastUpdateTime />
    </Product>
    <Product>
      <PriceUpdateDate>2020/03/15 19:26</PriceUpdateDate>
      <ItemCode>7290112494238</ItemCode>
      <ItemType>1</ItemType>
      <ItemName>קליק כדורים 65 גרם</ItemName>
      <ManufactureName>יוניליוור ישראל שיווק בע`מ</ManufactureName>
      <ManufactureCountry />
      <ManufactureItemDescription />
      <UnitQty>'יח</UnitQty>
      <Quantity>0.65</Quantity>
      <UnitMeasure>ל-100 גרם</UnitMeasure>
      <BisWeighted>0</BisWeighted>
      <QtyInPackage>1</QtyInPackage>
      <ItemPrice>5.90</ItemPrice>
      <UnitOfMeasurePrice>9.08</UnitOfMeasurePrice>
      <AllowDiscount>1</AllowDiscount>
      <itemStatus>1</itemStatus>
      <LastUpdateDate />
      <LastUpdateTime />
    </Product>
    <Product>
      <PriceUpdateDate>2020/03/15 19:26</PriceUpdateDate>
      <ItemCode>7290112494276</ItemCode>
      <ItemType>1</ItemType>
      <ItemName>קליק כריות 65 גרם</ItemName>
      <ManufactureName>יוניליוור ישראל שיווק בע`מ</ManufactureName>
      <ManufactureCountry />
      <ManufactureItemDescription />
      <UnitQty>'יח</UnitQty>
      <Quantity>0.65</Quantity>
      <UnitMeasure>ל-100 גרם</UnitMeasure>
      <BisWeighted>0</BisWeighted>
      <QtyInPackage>1</QtyInPackage>
      <ItemPrice>5.90</ItemPrice>
      <UnitOfMeasurePrice>9.08</UnitOfMeasurePrice>
      <AllowDiscount>1</AllowDiscount>
      <itemStatus>1</itemStatus>
      <LastUpdateDate />
      <LastUpdateTime />
    </Product>
    <Product>
      <PriceUpdateDate>2020/03/15 19:26</PriceUpdateDate>
      <ItemCode>7290112494283</ItemCode>
      <ItemType>1</ItemType>
      <ItemName>קליק חום לבן 65 גרם</ItemName>
      <ManufactureName>יוניליוור ישראל שיווק בע`מ</ManufactureName>
      <ManufactureCountry />
      <ManufactureItemDescription />
      <UnitQty>'יח</UnitQty>
      <Quantity>0.65</Quantity>
      <UnitMeasure>ל-100 גרם</UnitMeasure>
      <BisWeighted>0</BisWeighted>
      <QtyInPackage>1</QtyInPackage>
      <ItemPrice>5.90</ItemPrice>
      <UnitOfMeasurePrice>9.08</UnitOfMeasurePrice>
      <AllowDiscount>1</AllowDiscount>
      <itemStatus>1</itemStatus>
      <LastUpdateDate />
      <LastUpdateTime />
    </Product>
    <Product>
      <PriceUpdateDate>2020/03/15 19:26</PriceUpdateDate>
      <ItemCode>7290112494313</ItemCode>
      <ItemType>1</ItemType>
      <ItemName>קליק קורנפלקס 65 גרם</ItemName>
      <ManufactureName>יוניליוור ישראל שיווק בע`מ</ManufactureName>
      <ManufactureCountry />
      <ManufactureItemDescription />
      <UnitQty>'יח</UnitQty>
      <Quantity>0.65</Quantity>
      <UnitMeasure>ל-100 גרם</UnitMeasure>
      <BisWeighted>0</BisWeighted>
      <QtyInPackage>1</QtyInPackage>
      <ItemPrice>5.90</ItemPrice>
      <UnitOfMeasurePrice>9.08</UnitOfMeasurePrice>
      <AllowDiscount>1</AllowDiscount>
      <itemStatus>1</itemStatus>
      <LastUpdateDate />
      <LastUpdateTime />
    </Product>
    <Product>
      <PriceUpdateDate>2020/06/29 20:08</PriceUpdateDate>
      <ItemCode>7290112494344</ItemCode>
      <ItemType>1</ItemType>
      <ItemName>תלמה קרונפלקס של אלופים 850 גרם</ItemName>
      <ManufactureName>יוניליוור ישראל שיווק בע`מ</ManufactureName>
      <ManufactureCountry />
      <ManufactureItemDescription />
      <UnitQty>'יח</UnitQty>
      <Quantity>8.50</Quantity>
      <UnitMeasure>ל-100 גרם</UnitMeasure>
      <BisWeighted>0</BisWeighted>
      <QtyInPackage>1</QtyInPackage>
      <ItemPrice>18.90</ItemPrice>
      <UnitOfMeasurePrice>2.22</UnitOfMeasurePrice>
      <AllowDiscount>0</AllowDiscount>
      <itemStatus>1</itemStatus>
      <LastUpdateDate />
      <LastUpdateTime />
    </Product>
    <Product>
      <PriceUpdateDate>2020/06/29 20:08</PriceUpdateDate>
      <ItemCode>7290112494351</ItemCode>
      <ItemType>1</ItemType>
      <ItemName>תלמה קרונפלקס של אלופים 850 גרם</ItemName>
      <ManufactureName>יוניליוור ישראל שיווק בע`מ</ManufactureName>
      <ManufactureCountry />
      <ManufactureItemDescription />
      <UnitQty>'יח</UnitQty>
      <Quantity>8.50</Quantity>
      <UnitMeasure>ל-100 גרם</UnitMeasure>
      <BisWeighted>0</BisWeighted>
      <QtyInPackage>1</QtyInPackage>
      <ItemPrice>18.90</ItemPrice>
      <UnitOfMeasurePrice>2.22</UnitOfMeasurePrice>
      <AllowDiscount>0</AllowDiscount>
      <itemStatus>1</itemStatus>
      <LastUpdateDate />
      <LastUpdateTime />
    </Product>
    <Product>
      <PriceUpdateDate>2019/11/14 10:03</PriceUpdateDate>
      <ItemCode>7290112494382</ItemCode>
      <ItemType>1</ItemType>
      <ItemName>פירה בטעם ביתי260  גר`בד"צ</ItemName>
      <ManufactureName>יוניליוור ישראל שיווק בע`מ</ManufactureName>
      <ManufactureCountry />
      <ManufactureItemDescription />
      <UnitQty>'יח</UnitQty>
      <Quantity>2.60</Quantity>
      <UnitMeasure>ל-100 גרם</UnitMeasure>
      <BisWeighted>0</BisWeighted>
      <QtyInPackage>1</QtyInPackage>
      <ItemPrice>12.90</ItemPrice>
      <UnitOfMeasurePrice>4.96</UnitOfMeasurePrice>
      <AllowDiscount>0</AllowDiscount>
      <itemStatus>1</itemStatus>
      <LastUpdateDate />
      <LastUpdateTime />
    </Product>
    <Product>
      <PriceUpdateDate>2022/01/24 19:10</PriceUpdateDate>
      <ItemCode>7290112494610</ItemCode>
      <ItemType>1</ItemType>
      <ItemName>רוטב פיקנטי לדג</ItemName>
      <ManufactureName>יוניליוור ישראל שיווק בע`מ</ManufactureName>
      <ManufactureCountry />
      <ManufactureItemDescription />
      <UnitQty>'יח</UnitQty>
      <Quantity>1</Quantity>
      <UnitMeasure />
      <BisWeighted>0</BisWeighted>
      <QtyInPackage>1</QtyInPackage>
      <ItemPrice>11.90</ItemPrice>
      <UnitOfMeasurePrice>11.90</UnitOfMeasurePrice>
      <AllowDiscount>0</AllowDiscount>
      <itemStatus>1</itemStatus>
      <LastUpdateDate />
      <LastUpdateTime />
    </Product>
    <Product>
      <PriceUpdateDate>2020/09/29 17:24</PriceUpdateDate>
      <ItemCode>7290112494825</ItemCode>
      <ItemType>1</ItemType>
      <ItemName>דאב תרחיץ פנים לעור רגיש 180מ`ל</ItemName>
      <ManufactureName>יוניליוור ישראל שיווק בע`מ</ManufactureName>
      <ManufactureCountry />
      <ManufactureItemDescription />
      <UnitQty>'יח</UnitQty>
      <Quantity>1.80</Quantity>
      <UnitMeasure>ל-100 מ"ל</UnitMeasure>
      <BisWeighted>0</BisWeighted>
      <QtyInPackage>1</QtyInPackage>
      <ItemPrice>17.90</ItemPrice>
      <UnitOfMeasurePrice>9.94</UnitOfMeasurePrice>
      <AllowDiscount>0</AllowDiscount>
      <itemStatus>1</itemStatus>
      <LastUpdateDate />
      <LastUpdateTime />
    </Product>
    <Product>
      <PriceUpdateDate>2019/11/14 10:03</PriceUpdateDate>
      <ItemCode>7290112494993</ItemCode>
      <ItemType>1</ItemType>
      <ItemName>כריות דגנים במילוי וניל בדצ 686 גרם</ItemName>
      <ManufactureName>יוניליוור ישראל שיווק בע`מ</ManufactureName>
      <ManufactureCountry />
      <ManufactureItemDescription />
      <UnitQty>'יח</UnitQty>
      <Quantity>6.86</Quantity>
      <UnitMeasure>ל-100 גרם</UnitMeasure>
      <BisWeighted>0</BisWeighted>
      <QtyInPackage>1</QtyInPackage>
      <ItemPrice>24.90</ItemPrice>
      <UnitOfMeasurePrice>3.63</UnitOfMeasurePrice>
      <AllowDiscount>1</AllowDiscount>
      <itemStatus>1</itemStatus>
      <LastUpdateDate />
      <LastUpdateTime />
    </Product>
    <Product>
      <PriceUpdateDate>2019/11/14 10:03</PriceUpdateDate>
      <ItemCode>7290112495006</ItemCode>
      <ItemType>1</ItemType>
      <ItemName>כריות דגנים במילוי נוגט בדצ 686 גרם</ItemName>
      <ManufactureName>יוניליוור ישראל שיווק בע`מ</ManufactureName>
      <ManufactureCountry />
      <ManufactureItemDescription />
      <UnitQty>'יח</UnitQty>
      <Quantity>6.86</Quantity>
      <UnitMeasure>ל-100 גרם</UnitMeasure>
      <BisWeighted>0</BisWeighted>
      <QtyInPackage>1</QtyInPackage>
      <ItemPrice>24.90</ItemPrice>
      <UnitOfMeasurePrice>3.63</UnitOfMeasurePrice>
      <AllowDiscount>0</AllowDiscount>
      <itemStatus>1</itemStatus>
      <LastUpdateDate />
      <LastUpdateTime />
    </Product>
    <Product>
      <PriceUpdateDate>2019/11/14 10:03</PriceUpdateDate>
      <ItemCode>7290112495020</ItemCode>
      <ItemType>1</ItemType>
      <ItemName>כריות צ`וקולדה 686 גרם</ItemName>
      <ManufactureName>יוניליוור ישראל שיווק בע`מ</ManufactureName>
      <ManufactureCountry />
      <ManufactureItemDescription />
      <UnitQty>'יח</UnitQty>
      <Quantity>6.86</Quantity>
      <UnitMeasure>ל-100 גרם</UnitMeasure>
      <BisWeighted>0</BisWeighted>
      <QtyInPackage>1</QtyInPackage>
      <ItemPrice>24.90</ItemPrice>
      <UnitOfMeasurePrice>3.63</UnitOfMeasurePrice>
      <AllowDiscount>1</AllowDiscount>
      <itemStatus>1</itemStatus>
      <LastUpdateDate />
      <LastUpdateTime />
    </Product>
    <Product>
      <PriceUpdateDate>2021/12/27 11:50</PriceUpdateDate>
      <ItemCode>7290112495037</ItemCode>
      <ItemType>1</ItemType>
      <ItemName>קוקומן כדורים 375 גרם בד`ץ</ItemName>
      <ManufactureName>יוניליוור ישראל שיווק בע`מ</ManufactureName>
      <ManufactureCountry />
      <ManufactureItemDescription />
      <UnitQty>'יח</UnitQty>
      <Quantity>3.75</Quantity>
      <UnitMeasure>ל-100 גרם</UnitMeasure>
      <BisWeighted>0</BisWeighted>
      <QtyInPackage>1</QtyInPackage>
      <ItemPrice>19.90</ItemPrice>
      <UnitOfMeasurePrice>5.31</UnitOfMeasurePrice>
      <AllowDiscount>1</AllowDiscount>
      <itemStatus>1</itemStatus>
      <LastUpdateDate />
      <LastUpdateTime />
    </Product>
    <Product>
      <PriceUpdateDate>2021/12/27 11:50</PriceUpdateDate>
      <ItemCode>7290112495044</ItemCode>
      <ItemType>1</ItemType>
      <ItemName>קוקומן פצפיצי שוקולד 375 גרם</ItemName>
      <ManufactureName>יוניליוור ישראל שיווק בע`מ</ManufactureName>
      <ManufactureCountry />
      <ManufactureItemDescription />
      <UnitQty>'יח</UnitQty>
      <Quantity>3.75</Quantity>
      <UnitMeasure>ל-100 גרם</UnitMeasure>
      <BisWeighted>0</BisWeighted>
      <QtyInPackage>1</QtyInPackage>
      <ItemPrice>19.90</ItemPrice>
      <UnitOfMeasurePrice>5.31</UnitOfMeasurePrice>
      <AllowDiscount>1</AllowDiscount>
      <itemStatus>1</itemStatus>
      <LastUpdateDate />
      <LastUpdateTime />
    </Product>
    <Product>
      <PriceUpdateDate>2022/01/24 19:10</PriceUpdateDate>
      <ItemCode>7290112495105</ItemCode>
      <ItemType>1</ItemType>
      <ItemName>נשנושים חטיף בטעם שמנת בצל 260 גרם</ItemName>
      <ManufactureName>יוניליוור ישראל שיווק בע`מ</ManufactureName>
      <ManufactureCountry />
      <ManufactureItemDescription />
      <UnitQty>'יח</UnitQty>
      <Quantity>2.60</Quantity>
      <UnitMeasure>ל-100 גרם</UnitMeasure>
      <BisWeighted>0</BisWeighted>
      <QtyInPackage>1</QtyInPackage>
      <ItemPrice>12.90</ItemPrice>
      <UnitOfMeasurePrice>4.96</UnitOfMeasurePrice>
      <AllowDiscount>1</AllowDiscount>
      <itemStatus>1</itemStatus>
      <LastUpdateDate />
      <LastUpdateTime />
    </Product>
    <Product>
      <PriceUpdateDate>2022/01/24 19:10</PriceUpdateDate>
      <ItemCode>7290112495150</ItemCode>
      <ItemType>1</ItemType>
      <ItemName>נשנושי קרקר עיגולים מלוחים 300גרם</ItemName>
      <ManufactureName>יוניליוור ישראל שיווק בע`מ</ManufactureName>
      <ManufactureCountry />
      <ManufactureItemDescription />
      <UnitQty>'יח</UnitQty>
      <Quantity>3</Quantity>
      <UnitMeasure>ל-100 גרם</UnitMeasure>
      <BisWeighted>0</BisWeighted>
      <QtyInPackage>1</QtyInPackage>
      <ItemPrice>12.90</ItemPrice>
      <UnitOfMeasurePrice>4.30</UnitOfMeasurePrice>
      <AllowDiscount>1</AllowDiscount>
      <itemStatus>1</itemStatus>
      <LastUpdateDate />
      <LastUpdateTime />
    </Product>
    <Product>
      <PriceUpdateDate>2022/01/24 19:10</PriceUpdateDate>
      <ItemCode>7290112495167</ItemCode>
      <ItemType>1</ItemType>
      <ItemName>נשנושי קרקר משולשי שומשום 300גרם</ItemName>
      <ManufactureName>יוניליוור ישראל שיווק בע`מ</ManufactureName>
      <ManufactureCountry />
      <ManufactureItemDescription />
      <UnitQty>'יח</UnitQty>
      <Quantity>3</Quantity>
      <UnitMeasure>ל-100 גרם</UnitMeasure>
      <BisWeighted>0</BisWeighted>
      <QtyInPackage>1</QtyInPackage>
      <ItemPrice>12.90</ItemPrice>
      <UnitOfMeasurePrice>4.30</UnitOfMeasurePrice>
      <AllowDiscount>1</AllowDiscount>
      <itemStatus>1</itemStatus>
      <LastUpdateDate />
      <LastUpdateTime />
    </Product>
    <Product>
      <PriceUpdateDate>2022/01/24 19:10</PriceUpdateDate>
      <ItemCode>7290112495174</ItemCode>
      <ItemType>1</ItemType>
      <ItemName>נשנושי קרקר קוקטייל שומשום 350 גרם</ItemName>
      <ManufactureName>יוניליוור ישראל שיווק בע`מ</ManufactureName>
      <ManufactureCountry />
      <ManufactureItemDescription />
      <UnitQty>'יח</UnitQty>
      <Quantity>3</Quantity>
      <UnitMeasure>ל-100 גרם</UnitMeasure>
      <BisWeighted>0</BisWeighted>
      <QtyInPackage>1</QtyInPackage>
      <ItemPrice>12.90</ItemPrice>
      <UnitOfMeasurePrice>4.30</UnitOfMeasurePrice>
      <AllowDiscount>1</AllowDiscount>
      <itemStatus>1</itemStatus>
      <LastUpdateDate />
      <LastUpdateTime />
    </Product>
    <Product>
      <PriceUpdateDate>2020/02/09 09:28</PriceUpdateDate>
      <ItemCode>7290112495280</ItemCode>
      <ItemType>1</ItemType>
      <ItemName>ריבועי ברנפלקס קינמון 400 גרם בדצ</ItemName>
      <ManufactureName>יוניליוור ישראל שיווק בע`מ</ManufactureName>
      <ManufactureCountry />
      <ManufactureItemDescription />
      <UnitQty>'יח</UnitQty>
      <Quantity>4</Quantity>
      <UnitMeasure>ל-100 גרם</UnitMeasure>
      <BisWeighted>0</BisWeighted>
      <QtyInPackage>1</QtyInPackage>
      <ItemPrice>23.50</ItemPrice>
      <UnitOfMeasurePrice>5.88</UnitOfMeasurePrice>
      <AllowDiscount>1</AllowDiscount>
      <itemStatus>1</itemStatus>
      <LastUpdateDate />
      <LastUpdateTime />
    </Product>
    <Product>
      <PriceUpdateDate>2022/10/26 17:23</PriceUpdateDate>
      <ItemCode>7290112495433</ItemCode>
      <ItemType>1</ItemType>
      <ItemName>דגני בוקר דליפקאן 400 גרם בד`צ</ItemName>
      <ManufactureName>יוניליוור ישראל שיווק בע`מ</ManufactureName>
      <ManufactureCountry />
      <ManufactureItemDescription />
      <UnitQty>'יח</UnitQty>
      <Quantity>4</Quantity>
      <UnitMeasure>ל-100 גרם</UnitMeasure>
      <BisWeighted>0</BisWeighted>
      <QtyInPackage>1</QtyInPackage>
      <ItemPrice>21.90</ItemPrice>
      <UnitOfMeasurePrice>5.48</UnitOfMeasurePrice>
      <AllowDiscount>0</AllowDiscount>
      <itemStatus>1</itemStatus>
      <LastUpdateDate />
      <LastUpdateTime />
    </Product>
    <Product>
      <PriceUpdateDate>2020/05/22 07:51</PriceUpdateDate>
      <ItemCode>7290112495747</ItemCode>
      <ItemType>1</ItemType>
      <ItemName>קנור רוטב צ`ילי מתוק 70% פחות סוכר 300</ItemName>
      <ManufactureName>יוניליוור ישראל שיווק בע`מ</ManufactureName>
      <ManufactureCountry />
      <ManufactureItemDescription />
      <UnitQty>'יח</UnitQty>
      <Quantity>3</Quantity>
      <UnitMeasure>ל-100 מ"ל</UnitMeasure>
      <BisWeighted>0</BisWeighted>
      <QtyInPackage>1</QtyInPackage>
      <ItemPrice>11.90</ItemPrice>
      <UnitOfMeasurePrice>3.97</UnitOfMeasurePrice>
      <AllowDiscount>1</AllowDiscount>
      <itemStatus>1</itemStatus>
      <LastUpdateDate />
      <LastUpdateTime />
    </Product>
    <Product>
      <PriceUpdateDate>2020/03/15 19:26</PriceUpdateDate>
      <ItemCode>7290112495754</ItemCode>
      <ItemType>1</ItemType>
      <ItemName>רוטב הלמנס אלף האיים כשל"פ</ItemName>
      <ManufactureName>יוניליוור ישראל שיווק בע`מ</ManufactureName>
      <ManufactureCountry />
      <ManufactureItemDescription />
      <UnitQty>'יח</UnitQty>
      <Quantity>3</Quantity>
      <UnitMeasure>ל-100 מ"ל</UnitMeasure>
      <BisWeighted>0</BisWeighted>
      <QtyInPackage>1</QtyInPackage>
      <ItemPrice>10.90</ItemPrice>
      <UnitOfMeasurePrice>3.63</UnitOfMeasurePrice>
      <AllowDiscount>1</AllowDiscount>
      <itemStatus>1</itemStatus>
      <LastUpdateDate />
      <LastUpdateTime />
    </Product>
    <Product>
      <PriceUpdateDate>2021/05/06 13:38</PriceUpdateDate>
      <ItemCode>7290112495785</ItemCode>
      <ItemType>1</ItemType>
      <ItemName>רוטב הלמנס לסלט שום 300 גרם</ItemName>
      <ManufactureName>יוניליוור ישראל שיווק בע`מ</ManufactureName>
      <ManufactureCountry />
      <ManufactureItemDescription />
      <UnitQty>'יח</UnitQty>
      <Quantity>3</Quantity>
      <UnitMeasure>ל-100 גרם</UnitMeasure>
      <BisWeighted>0</BisWeighted>
      <QtyInPackage>1</QtyInPackage>
      <ItemPrice>10.90</ItemPrice>
      <UnitOfMeasurePrice>3.63</UnitOfMeasurePrice>
      <AllowDiscount>1</AllowDiscount>
      <itemStatus>1</itemStatus>
      <LastUpdateDate />
      <LastUpdateTime />
    </Product>
    <Product>
      <PriceUpdateDate>2022/08/24 16:18</PriceUpdateDate>
      <ItemCode>7290112495792</ItemCode>
      <ItemType>1</ItemType>
      <ItemName>רוטב הלמנס שום לייט לסלט 305גר כשלפ</ItemName>
      <ManufactureName>יוניליוור ישראל שיווק בע`מ</ManufactureName>
      <ManufactureCountry />
      <ManufactureItemDescription />
      <UnitQty>'יח</UnitQty>
      <Quantity>3</Quantity>
      <UnitMeasure>ל-100 גרם</UnitMeasure>
      <BisWeighted>0</BisWeighted>
      <QtyInPackage>1</QtyInPackage>
      <ItemPrice>11.90</ItemPrice>
      <UnitOfMeasurePrice>3.97</UnitOfMeasurePrice>
      <AllowDiscount>1</AllowDiscount>
      <itemStatus>1</itemStatus>
      <LastUpdateDate />
      <LastUpdateTime />
    </Product>
    <Product>
      <PriceUpdateDate>2021/05/06 13:38</PriceUpdateDate>
      <ItemCode>7290112495808</ItemCode>
      <ItemType>1</ItemType>
      <ItemName>רוטב הלמנס חרדל ודבש</ItemName>
      <ManufactureName>יוניליוור ישראל שיווק בע`מ</ManufactureName>
      <ManufactureCountry />
      <ManufactureItemDescription />
      <UnitQty>'יח</UnitQty>
      <Quantity>3.05</Quantity>
      <UnitMeasure>ל-100 גרם</UnitMeasure>
      <BisWeighted>0</BisWeighted>
      <QtyInPackage>1</QtyInPackage>
      <ItemPrice>10.90</ItemPrice>
      <UnitOfMeasurePrice>3.57</UnitOfMeasurePrice>
      <AllowDiscount>1</AllowDiscount>
      <itemStatus>1</itemStatus>
      <LastUpdateDate />
      <LastUpdateTime />
    </Product>
    <Product>
      <PriceUpdateDate>2019/12/25 09:00</PriceUpdateDate>
      <ItemCode>7290112495822</ItemCode>
      <ItemType>1</ItemType>
      <ItemName>כריות בלאק 686 גרם</ItemName>
      <ManufactureName>יוניליוור ישראל שיווק בע`מ</ManufactureName>
      <ManufactureCountry />
      <ManufactureItemDescription />
      <UnitQty>'יח</UnitQty>
      <Quantity>6.86</Quantity>
      <UnitMeasure>ל-100 גרם</UnitMeasure>
      <BisWeighted>0</BisWeighted>
      <QtyInPackage>1</QtyInPackage>
      <ItemPrice>24.90</ItemPrice>
      <UnitOfMeasurePrice>3.63</UnitOfMeasurePrice>
      <AllowDiscount>1</AllowDiscount>
      <itemStatus>1</itemStatus>
      <LastUpdateDate />
      <LastUpdateTime />
    </Product>
    <Product>
      <PriceUpdateDate>2020/02/13 10:27</PriceUpdateDate>
      <ItemCode>7290112496027</ItemCode>
      <ItemType>1</ItemType>
      <ItemName>סירופ שוקולד 600 מל כשלפ</ItemName>
      <ManufactureName>יוניליוור ישראל שיווק בע`מ</ManufactureName>
      <ManufactureCountry />
      <ManufactureItemDescription />
      <UnitQty>'יח</UnitQty>
      <Quantity>6</Quantity>
      <UnitMeasure>ל-100 מ"ל</UnitMeasure>
      <BisWeighted>0</BisWeighted>
      <QtyInPackage>1</QtyInPackage>
      <ItemPrice>15.90</ItemPrice>
      <UnitOfMeasurePrice>2.65</UnitOfMeasurePrice>
      <AllowDiscount>0</AllowDiscount>
      <itemStatus>1</itemStatus>
      <LastUpdateDate />
      <LastUpdateTime />
    </Product>
    <Product>
      <PriceUpdateDate>2022/04/05 16:05</PriceUpdateDate>
      <ItemCode>7290112496218</ItemCode>
      <ItemType>1</ItemType>
      <ItemName>טריאקי פחות 50% סוכר ונתרן 340 גרם</ItemName>
      <ManufactureName>יוניליוור ישראל שיווק בע`מ</ManufactureName>
      <ManufactureCountry />
      <ManufactureItemDescription />
      <UnitQty>'יח</UnitQty>
      <Quantity>3.40</Quantity>
      <UnitMeasure>ל-100 גרם</UnitMeasure>
      <BisWeighted>0</BisWeighted>
      <QtyInPackage>1</QtyInPackage>
      <ItemPrice>11.90</ItemPrice>
      <UnitOfMeasurePrice>3.50</UnitOfMeasurePrice>
      <AllowDiscount>1</AllowDiscount>
      <itemStatus>1</itemStatus>
      <LastUpdateDate />
      <LastUpdateTime />
    </Product>
    <Product>
      <PriceUpdateDate>2020/06/17 13:08</PriceUpdateDate>
      <ItemCode>7290112496270</ItemCode>
      <ItemType>1</ItemType>
      <ItemName>פתית צ`יפס תפו"א בתוספת עגבניות ועשבים</ItemName>
      <ManufactureName>יוניליוור ישראל שיווק בע`מ</ManufactureName>
      <ManufactureCountry />
      <ManufactureItemDescription />
      <UnitQty>'יח</UnitQty>
      <Quantity>1</Quantity>
      <UnitMeasure>ל-100 גרם</UnitMeasure>
      <BisWeighted>0</BisWeighted>
      <QtyInPackage>1</QtyInPackage>
      <ItemPrice>4.90</ItemPrice>
      <UnitOfMeasurePrice>4.90</UnitOfMeasurePrice>
      <AllowDiscount>0</AllowDiscount>
      <itemStatus>1</itemStatus>
      <LastUpdateDate />
      <LastUpdateTime />
    </Product>
    <Product>
      <PriceUpdateDate>2020/06/17 13:08</PriceUpdateDate>
      <ItemCode>7290112496287</ItemCode>
      <ItemType>1</ItemType>
      <ItemName>פתית צ`יפס בטטה בטעם טבעי</ItemName>
      <ManufactureName>יוניליוור ישראל שיווק בע`מ</ManufactureName>
      <ManufactureCountry />
      <ManufactureItemDescription />
      <UnitQty>'יח</UnitQty>
      <Quantity>1</Quantity>
      <UnitMeasure>ל-100 גרם</UnitMeasure>
      <BisWeighted>0</BisWeighted>
      <QtyInPackage>1</QtyInPackage>
      <ItemPrice>4.90</ItemPrice>
      <UnitOfMeasurePrice>4.90</UnitOfMeasurePrice>
      <AllowDiscount>0</AllowDiscount>
      <itemStatus>1</itemStatus>
      <LastUpdateDate />
      <LastUpdateTime />
    </Product>
    <Product>
      <PriceUpdateDate>2020/06/17 13:08</PriceUpdateDate>
      <ItemCode>7290112496294</ItemCode>
      <ItemType>1</ItemType>
      <ItemName>פתית צ`יפס אפונה בתוספת צ`ילי</ItemName>
      <ManufactureName>יוניליוור ישראל שיווק בע`מ</ManufactureName>
      <ManufactureCountry />
      <ManufactureItemDescription />
      <UnitQty>'יח</UnitQty>
      <Quantity>1</Quantity>
      <UnitMeasure>ל-100 גרם</UnitMeasure>
      <BisWeighted>0</BisWeighted>
      <QtyInPackage>1</QtyInPackage>
      <ItemPrice>4.90</ItemPrice>
      <UnitOfMeasurePrice>4.90</UnitOfMeasurePrice>
      <AllowDiscount>0</AllowDiscount>
      <itemStatus>1</itemStatus>
      <LastUpdateDate />
      <LastUpdateTime />
    </Product>
    <Product>
      <PriceUpdateDate>2020/12/29 21:16</PriceUpdateDate>
      <ItemCode>7290112496430</ItemCode>
      <ItemType>1</ItemType>
      <ItemName>נמס בכוס אקסטרה עגבניות 37 גרם</ItemName>
      <ManufactureName>יוניליוור ישראל שיווק בע`מ</ManufactureName>
      <ManufactureCountry />
      <ManufactureItemDescription />
      <UnitQty>'יח</UnitQty>
      <Quantity>0.37</Quantity>
      <UnitMeasure>ל-100 גרם</UnitMeasure>
      <BisWeighted>0</BisWeighted>
      <QtyInPackage>1</QtyInPackage>
      <ItemPrice>4.20</ItemPrice>
      <UnitOfMeasurePrice>11.35</UnitOfMeasurePrice>
      <AllowDiscount>0</AllowDiscount>
      <itemStatus>1</itemStatus>
      <LastUpdateDate />
      <LastUpdateTime />
    </Product>
    <Product>
      <PriceUpdateDate>2020/12/29 21:16</PriceUpdateDate>
      <ItemCode>7290112496447</ItemCode>
      <ItemType>1</ItemType>
      <ItemName>נמס בכוס אקסטרה טעם עוף 27 גר`</ItemName>
      <ManufactureName>יוניליוור ישראל שיווק בע`מ</ManufactureName>
      <ManufactureCountry />
      <ManufactureItemDescription />
      <UnitQty>'יח</UnitQty>
      <Quantity>0.39</Quantity>
      <UnitMeasure>ל-100 גרם</UnitMeasure>
      <BisWeighted>0</BisWeighted>
      <QtyInPackage>1</QtyInPackage>
      <ItemPrice>4.20</ItemPrice>
      <UnitOfMeasurePrice>10.77</UnitOfMeasurePrice>
      <AllowDiscount>0</AllowDiscount>
      <itemStatus>1</itemStatus>
      <LastUpdateDate />
      <LastUpdateTime />
    </Product>
    <Product>
      <PriceUpdateDate>2020/12/29 21:16</PriceUpdateDate>
      <ItemCode>7290112496461</ItemCode>
      <ItemType>1</ItemType>
      <ItemName>נמס בכוס אקסטרה ירקות 32 גרם</ItemName>
      <ManufactureName>יוניליוור ישראל שיווק בע`מ</ManufactureName>
      <ManufactureCountry />
      <ManufactureItemDescription />
      <UnitQty>'יח</UnitQty>
      <Quantity>0.39</Quantity>
      <UnitMeasure>ל-100 גרם</UnitMeasure>
      <BisWeighted>0</BisWeighted>
      <QtyInPackage>1</QtyInPackage>
      <ItemPrice>4.20</ItemPrice>
      <UnitOfMeasurePrice>10.77</UnitOfMeasurePrice>
      <AllowDiscount>0</AllowDiscount>
      <itemStatus>1</itemStatus>
      <LastUpdateDate />
      <LastUpdateTime />
    </Product>
    <Product>
      <PriceUpdateDate>2020/07/21 15:47</PriceUpdateDate>
      <ItemCode>7290112496584</ItemCode>
      <ItemType>1</ItemType>
      <ItemName>קליק כריות בלאק לבן  65 גרם</ItemName>
      <ManufactureName>יוניליוור ישראל שיווק בע`מ</ManufactureName>
      <ManufactureCountry />
      <ManufactureItemDescription />
      <UnitQty>'יח</UnitQty>
      <Quantity>0.65</Quantity>
      <UnitMeasure>ל-100 גרם</UnitMeasure>
      <BisWeighted>0</BisWeighted>
      <QtyInPackage>1</QtyInPackage>
      <ItemPrice>5.90</ItemPrice>
      <UnitOfMeasurePrice>9.08</UnitOfMeasurePrice>
      <AllowDiscount>1</AllowDiscount>
      <itemStatus>1</itemStatus>
      <LastUpdateDate />
      <LastUpdateTime />
    </Product>
    <Product>
      <PriceUpdateDate>2020/12/29 21:16</PriceUpdateDate>
      <ItemCode>7290112497369</ItemCode>
      <ItemType>1</ItemType>
      <ItemName>דאב רול טלק  0 אלומיניום   50 מ`ל</ItemName>
      <ManufactureName>יוניליוור ישראל שיווק בע`מ</ManufactureName>
      <ManufactureCountry />
      <ManufactureItemDescription />
      <UnitQty>'יח</UnitQty>
      <Quantity>0.50</Quantity>
      <UnitMeasure>ל-100 מ"ל</UnitMeasure>
      <BisWeighted>0</BisWeighted>
      <QtyInPackage>1</QtyInPackage>
      <ItemPrice>15.90</ItemPrice>
      <UnitOfMeasurePrice>31.80</UnitOfMeasurePrice>
      <AllowDiscount>1</AllowDiscount>
      <itemStatus>1</itemStatus>
      <LastUpdateDate />
      <LastUpdateTime />
    </Product>
    <Product>
      <PriceUpdateDate>2022/07/12 14:36</PriceUpdateDate>
      <ItemCode>7290112497727</ItemCode>
      <ItemType>1</ItemType>
      <ItemName>אל סבון פינוק בייבי 700 מ"ל</ItemName>
      <ManufactureName>יוניליוור ישראל שיווק בע`מ</ManufactureName>
      <ManufactureCountry />
      <ManufactureItemDescription />
      <UnitQty>'יח</UnitQty>
      <Quantity>7</Quantity>
      <UnitMeasure>ל-100 מ"ל</UnitMeasure>
      <BisWeighted>0</BisWeighted>
      <QtyInPackage>1</QtyInPackage>
      <ItemPrice>15.90</ItemPrice>
      <UnitOfMeasurePrice>2.27</UnitOfMeasurePrice>
      <AllowDiscount>0</AllowDiscount>
      <itemStatus>1</itemStatus>
      <LastUpdateDate />
      <LastUpdateTime />
    </Product>
    <Product>
      <PriceUpdateDate>2021/04/06 08:52</PriceUpdateDate>
      <ItemCode>7290112498007</ItemCode>
      <ItemType>1</ItemType>
      <ItemName>גרנולה פרוטאין שקדים וחמוציות 300 גר`</ItemName>
      <ManufactureName>יוניליוור ישראל שיווק בע`מ</ManufactureName>
      <ManufactureCountry />
      <ManufactureItemDescription />
      <UnitQty>'יח</UnitQty>
      <Quantity>3</Quantity>
      <UnitMeasure>ל-100 גרם</UnitMeasure>
      <BisWeighted>0</BisWeighted>
      <QtyInPackage>1</QtyInPackage>
      <ItemPrice>15.90</ItemPrice>
      <UnitOfMeasurePrice>5.30</UnitOfMeasurePrice>
      <AllowDiscount>0</AllowDiscount>
      <itemStatus>1</itemStatus>
      <LastUpdateDate />
      <LastUpdateTime />
    </Product>
    <Product>
      <PriceUpdateDate>2020/11/18 15:11</PriceUpdateDate>
      <ItemCode>7290112498083</ItemCode>
      <ItemType>1</ItemType>
      <ItemName>שמפו פינוק שמן חוחובה 700 גרם</ItemName>
      <ManufactureName>יוניליוור ישראל שיווק בע`מ</ManufactureName>
      <ManufactureCountry />
      <ManufactureItemDescription />
      <UnitQty>'יח</UnitQty>
      <Quantity>7</Quantity>
      <UnitMeasure>ל-100 מ"ל</UnitMeasure>
      <BisWeighted>0</BisWeighted>
      <QtyInPackage>1</QtyInPackage>
      <ItemPrice>11.90</ItemPrice>
      <UnitOfMeasurePrice>1.70</UnitOfMeasurePrice>
      <AllowDiscount>1</AllowDiscount>
      <itemStatus>1</itemStatus>
      <LastUpdateDate />
      <LastUpdateTime />
    </Product>
    <Product>
      <PriceUpdateDate>2021/06/21 12:50</PriceUpdateDate>
      <ItemCode>7290112498267</ItemCode>
      <ItemType>1</ItemType>
      <ItemName>אל סבון ידיים פינוק קלאסי 950 מ"ל</ItemName>
      <ManufactureName>יוניליוור ישראל שיווק בע`מ</ManufactureName>
      <ManufactureCountry />
      <ManufactureItemDescription />
      <UnitQty>'יח</UnitQty>
      <Quantity>1</Quantity>
      <UnitMeasure>'יח</UnitMeasure>
      <BisWeighted>0</BisWeighted>
      <QtyInPackage>1</QtyInPackage>
      <ItemPrice>11.90</ItemPrice>
      <UnitOfMeasurePrice>11.90</UnitOfMeasurePrice>
      <AllowDiscount>1</AllowDiscount>
      <itemStatus>1</itemStatus>
      <LastUpdateDate />
      <LastUpdateTime />
    </Product>
    <Product>
      <PriceUpdateDate>2021/06/21 12:50</PriceUpdateDate>
      <ItemCode>7290112498281</ItemCode>
      <ItemType>1</ItemType>
      <ItemName>אל סבון ידיים בתוספת שמן קוקוס 950 מ"ל</ItemName>
      <ManufactureName>יוניליוור ישראל שיווק בע`מ</ManufactureName>
      <ManufactureCountry />
      <ManufactureItemDescription />
      <UnitQty>'יח</UnitQty>
      <Quantity>1</Quantity>
      <UnitMeasure>'יח</UnitMeasure>
      <BisWeighted>0</BisWeighted>
      <QtyInPackage>1</QtyInPackage>
      <ItemPrice>11.90</ItemPrice>
      <UnitOfMeasurePrice>11.90</UnitOfMeasurePrice>
      <AllowDiscount>1</AllowDiscount>
      <itemStatus>1</itemStatus>
      <LastUpdateDate />
      <LastUpdateTime />
    </Product>
    <Product>
      <PriceUpdateDate>2021/06/21 12:50</PriceUpdateDate>
      <ItemCode>7290112498298</ItemCode>
      <ItemType>1</ItemType>
      <ItemName>אל סבון ידיים בתוספת שמן מרוקאי 950 מל</ItemName>
      <ManufactureName>יוניליוור ישראל שיווק בע`מ</ManufactureName>
      <ManufactureCountry />
      <ManufactureItemDescription />
      <UnitQty>'יח</UnitQty>
      <Quantity>1</Quantity>
      <UnitMeasure>'יח</UnitMeasure>
      <BisWeighted>0</BisWeighted>
      <QtyInPackage>1</QtyInPackage>
      <ItemPrice>11.90</ItemPrice>
      <UnitOfMeasurePrice>11.90</UnitOfMeasurePrice>
      <AllowDiscount>1</AllowDiscount>
      <itemStatus>1</itemStatus>
      <LastUpdateDate />
      <LastUpdateTime />
    </Product>
    <Product>
      <PriceUpdateDate>2021/04/06 08:52</PriceUpdateDate>
      <ItemCode>7290112498441</ItemCode>
      <ItemType>1</ItemType>
      <ItemName>רוטב אסיאתי למוקפץ 300 מ"ל</ItemName>
      <ManufactureName>יוניליוור ישראל שיווק בע`מ</ManufactureName>
      <ManufactureCountry />
      <ManufactureItemDescription />
      <UnitQty>'יח</UnitQty>
      <Quantity>3</Quantity>
      <UnitMeasure>ל-100 מ"ל</UnitMeasure>
      <BisWeighted>0</BisWeighted>
      <QtyInPackage>1</QtyInPackage>
      <ItemPrice>11.90</ItemPrice>
      <UnitOfMeasurePrice>3.97</UnitOfMeasurePrice>
      <AllowDiscount>1</AllowDiscount>
      <itemStatus>1</itemStatus>
      <LastUpdateDate />
      <LastUpdateTime />
    </Product>
    <Product>
      <PriceUpdateDate>2021/06/23 13:01</PriceUpdateDate>
      <ItemCode>7290112498526</ItemCode>
      <ItemType>1</ItemType>
      <ItemName>פתית צ`יפס בטטה סגולה 21 גר`</ItemName>
      <ManufactureName>יוניליוור ישראל שיווק בע`מ</ManufactureName>
      <ManufactureCountry />
      <ManufactureItemDescription />
      <UnitQty>'יח</UnitQty>
      <Quantity>0.21</Quantity>
      <UnitMeasure>ל-100 גרם</UnitMeasure>
      <BisWeighted>0</BisWeighted>
      <QtyInPackage>1</QtyInPackage>
      <ItemPrice>4.90</ItemPrice>
      <UnitOfMeasurePrice>23.33</UnitOfMeasurePrice>
      <AllowDiscount>0</AllowDiscount>
      <itemStatus>1</itemStatus>
      <LastUpdateDate />
      <LastUpdateTime />
    </Product>
    <Product>
      <PriceUpdateDate>2021/05/23 11:08</PriceUpdateDate>
      <ItemCode>7290112498915</ItemCode>
      <ItemType>1</ItemType>
      <ItemName>מיני מגנום שקדים מובחרים  מאגדת 5 יח`</ItemName>
      <ManufactureName>שטראוס גלידות</ManufactureName>
      <ManufactureCountry />
      <ManufactureItemDescription />
      <UnitQty>'יח</UnitQty>
      <Quantity>1</Quantity>
      <UnitMeasure>ל-100 גרם</UnitMeasure>
      <BisWeighted>0</BisWeighted>
      <QtyInPackage>1</QtyInPackage>
      <ItemPrice>26.90</ItemPrice>
      <UnitOfMeasurePrice>26.90</UnitOfMeasurePrice>
      <AllowDiscount>1</AllowDiscount>
      <itemStatus>1</itemStatus>
      <LastUpdateDate />
      <LastUpdateTime />
    </Product>
    <Product>
      <PriceUpdateDate>2021/05/23 11:08</PriceUpdateDate>
      <ItemCode>7290112498922</ItemCode>
      <ItemType>1</ItemType>
      <ItemName>מיני מגנום שוקולד לבן מאגדת 5 יח`</ItemName>
      <ManufactureName>שטראוס גלידות</ManufactureName>
      <ManufactureCountry />
      <ManufactureItemDescription />
      <UnitQty>'יח</UnitQty>
      <Quantity>1</Quantity>
      <UnitMeasure>ל-100 גרם</UnitMeasure>
      <BisWeighted>0</BisWeighted>
      <QtyInPackage>1</QtyInPackage>
      <ItemPrice>26.90</ItemPrice>
      <UnitOfMeasurePrice>26.90</UnitOfMeasurePrice>
      <AllowDiscount>1</AllowDiscount>
      <itemStatus>1</itemStatus>
      <LastUpdateDate />
      <LastUpdateTime />
    </Product>
    <Product>
      <PriceUpdateDate>2021/12/23 16:12</PriceUpdateDate>
      <ItemCode>7290112499097</ItemCode>
      <ItemType>1</ItemType>
      <ItemName>מיני מגנום שוקולד מריר מאגדת 5 יח`</ItemName>
      <ManufactureName>שטראוס גלידות</ManufactureName>
      <ManufactureCountry />
      <ManufactureItemDescription />
      <UnitQty>'יח</UnitQty>
      <Quantity>1</Quantity>
      <UnitMeasure>ל-100 גרם</UnitMeasure>
      <BisWeighted>0</BisWeighted>
      <QtyInPackage>1</QtyInPackage>
      <ItemPrice>26.90</ItemPrice>
      <UnitOfMeasurePrice>26.90</UnitOfMeasurePrice>
      <AllowDiscount>1</AllowDiscount>
      <itemStatus>1</itemStatus>
      <LastUpdateDate />
      <LastUpdateTime />
    </Product>
    <Product>
      <PriceUpdateDate>2022/02/16 21:27</PriceUpdateDate>
      <ItemCode>7290112499219</ItemCode>
      <ItemType>1</ItemType>
      <ItemName>מאגדת מיני גודיז פיסטוק 235 גרם</ItemName>
      <ManufactureName>שטראוס גלידות</ManufactureName>
      <ManufactureCountry />
      <ManufactureItemDescription />
      <UnitQty>'יח</UnitQty>
      <Quantity>2.35</Quantity>
      <UnitMeasure>ל-100 גרם</UnitMeasure>
      <BisWeighted>0</BisWeighted>
      <QtyInPackage>1</QtyInPackage>
      <ItemPrice>29.90</ItemPrice>
      <UnitOfMeasurePrice>12.72</UnitOfMeasurePrice>
      <AllowDiscount>1</AllowDiscount>
      <itemStatus>1</itemStatus>
      <LastUpdateDate />
      <LastUpdateTime />
    </Product>
    <Product>
      <PriceUpdateDate>2021/12/19 10:42</PriceUpdateDate>
      <ItemCode>7290112499455</ItemCode>
      <ItemType>1</ItemType>
      <ItemName>פינוק תחליב רחצה שמן מרוקאי 700 מל`</ItemName>
      <ManufactureName>יוניליוור ישראל שיווק בע`מ</ManufactureName>
      <ManufactureCountry />
      <ManufactureItemDescription />
      <UnitQty>'יח</UnitQty>
      <Quantity>7</Quantity>
      <UnitMeasure>ל-100 מ"ל</UnitMeasure>
      <BisWeighted>0</BisWeighted>
      <QtyInPackage>1</QtyInPackage>
      <ItemPrice>10.90</ItemPrice>
      <UnitOfMeasurePrice>1.56</UnitOfMeasurePrice>
      <AllowDiscount>1</AllowDiscount>
      <itemStatus>1</itemStatus>
      <LastUpdateDate />
      <LastUpdateTime />
    </Product>
    <Product>
      <PriceUpdateDate>2021/12/19 10:42</PriceUpdateDate>
      <ItemCode>7290112499462</ItemCode>
      <ItemType>1</ItemType>
      <ItemName>פינוק תחליב רחצה שמן קוקוס 700 מל`</ItemName>
      <ManufactureName>יוניליוור ישראל שיווק בע`מ</ManufactureName>
      <ManufactureCountry />
      <ManufactureItemDescription />
      <UnitQty>'יח</UnitQty>
      <Quantity>7</Quantity>
      <UnitMeasure>ל-100 מ"ל</UnitMeasure>
      <BisWeighted>0</BisWeighted>
      <QtyInPackage>1</QtyInPackage>
      <ItemPrice>10.90</ItemPrice>
      <UnitOfMeasurePrice>1.56</UnitOfMeasurePrice>
      <AllowDiscount>1</AllowDiscount>
      <itemStatus>1</itemStatus>
      <LastUpdateDate />
      <LastUpdateTime />
    </Product>
    <Product>
      <PriceUpdateDate>2021/11/18 14:34</PriceUpdateDate>
      <ItemCode>7290112499479</ItemCode>
      <ItemType>1</ItemType>
      <ItemName>שמפו פינוק בתוספת קרטין  700 מ"ל</ItemName>
      <ManufactureName>יוניליוור ישראל שיווק בע`מ</ManufactureName>
      <ManufactureCountry />
      <ManufactureItemDescription />
      <UnitQty>'יח</UnitQty>
      <Quantity>7</Quantity>
      <UnitMeasure>ל-100 מ"ל</UnitMeasure>
      <BisWeighted>0</BisWeighted>
      <QtyInPackage>1</QtyInPackage>
      <ItemPrice>11.90</ItemPrice>
      <UnitOfMeasurePrice>1.70</UnitOfMeasurePrice>
      <AllowDiscount>1</AllowDiscount>
      <itemStatus>1</itemStatus>
      <LastUpdateDate />
      <LastUpdateTime />
    </Product>
    <Product>
      <PriceUpdateDate>2020/03/02 09:05</PriceUpdateDate>
      <ItemCode>7290112499776</ItemCode>
      <ItemType>1</ItemType>
      <ItemName>מאגדת גודיז שלושה שוקולדים</ItemName>
      <ManufactureName>שטראוס גלידות</ManufactureName>
      <ManufactureCountry />
      <ManufactureItemDescription />
      <UnitQty>'יח</UnitQty>
      <Quantity>3.30</Quantity>
      <UnitMeasure>ל-100 גרם</UnitMeasure>
      <BisWeighted>0</BisWeighted>
      <QtyInPackage>1</QtyInPackage>
      <ItemPrice>29.90</ItemPrice>
      <UnitOfMeasurePrice>9.06</UnitOfMeasurePrice>
      <AllowDiscount>1</AllowDiscount>
      <itemStatus>1</itemStatus>
      <LastUpdateDate />
      <LastUpdateTime />
    </Product>
    <Product>
      <PriceUpdateDate>2020/01/08 11:24</PriceUpdateDate>
      <ItemCode>7290112499844</ItemCode>
      <ItemType>1</ItemType>
      <ItemName>מיני מגנום דואט שוקולד עם נוגט  1/5</ItemName>
      <ManufactureName>שטראוס גלידות</ManufactureName>
      <ManufactureCountry />
      <ManufactureItemDescription />
      <UnitQty>'יח</UnitQty>
      <Quantity>1</Quantity>
      <UnitMeasure>ל-100 גרם</UnitMeasure>
      <BisWeighted>0</BisWeighted>
      <QtyInPackage>1</QtyInPackage>
      <ItemPrice>26.90</ItemPrice>
      <UnitOfMeasurePrice>26.90</UnitOfMeasurePrice>
      <AllowDiscount>1</AllowDiscount>
      <itemStatus>1</itemStatus>
      <LastUpdateDate />
      <LastUpdateTime />
    </Product>
    <Product>
      <PriceUpdateDate>2020/01/08 11:24</PriceUpdateDate>
      <ItemCode>7290112499943</ItemCode>
      <ItemType>1</ItemType>
      <ItemName>מיני מגנום קלאסיק שווקולד 250 גר1/5</ItemName>
      <ManufactureName>שטראוס גלידות</ManufactureName>
      <ManufactureCountry />
      <ManufactureItemDescription />
      <UnitQty>'יח</UnitQty>
      <Quantity>2.50</Quantity>
      <UnitMeasure>ל-100 גרם</UnitMeasure>
      <BisWeighted>0</BisWeighted>
      <QtyInPackage>1</QtyInPackage>
      <ItemPrice>26.90</ItemPrice>
      <UnitOfMeasurePrice>10.76</UnitOfMeasurePrice>
      <AllowDiscount>1</AllowDiscount>
      <itemStatus>1</itemStatus>
      <LastUpdateDate />
      <LastUpdateTime />
    </Product>
    <Product>
      <PriceUpdateDate>2019/01/16 14:51</PriceUpdateDate>
      <ItemCode>7290112705488</ItemCode>
      <ItemType>1</ItemType>
      <ItemName>כוס במבוק</ItemName>
      <ManufactureName>שמחה זה אנחנו בע`מ</ManufactureName>
      <ManufactureCountry />
      <ManufactureItemDescription />
      <UnitQty>'יח</UnitQty>
      <Quantity>1</Quantity>
      <UnitMeasure />
      <BisWeighted>0</BisWeighted>
      <QtyInPackage>1</QtyInPackage>
      <ItemPrice>7.90</ItemPrice>
      <UnitOfMeasurePrice>7.90</UnitOfMeasurePrice>
      <AllowDiscount>0</AllowDiscount>
      <itemStatus>1</itemStatus>
      <LastUpdateDate />
      <LastUpdateTime />
    </Product>
    <Product>
      <PriceUpdateDate>2019/12/24 08:42</PriceUpdateDate>
      <ItemCode>7290112961266</ItemCode>
      <ItemType>1</ItemType>
      <ItemName>בייגלה כפיות פיזור איטלקי 300 גר`</ItemName>
      <ManufactureName>קבוצת אסם סחר</ManufactureName>
      <ManufactureCountry />
      <ManufactureItemDescription />
      <UnitQty>'יח</UnitQty>
      <Quantity>3</Quantity>
      <UnitMeasure>ל-100 גרם</UnitMeasure>
      <BisWeighted>0</BisWeighted>
      <QtyInPackage>1</QtyInPackage>
      <ItemPrice>9.90</ItemPrice>
      <UnitOfMeasurePrice>3.30</UnitOfMeasurePrice>
      <AllowDiscount>1</AllowDiscount>
      <itemStatus>1</itemStatus>
      <LastUpdateDate />
      <LastUpdateTime />
    </Product>
    <Product>
      <PriceUpdateDate>2019/12/24 08:42</PriceUpdateDate>
      <ItemCode>7290112961327</ItemCode>
      <ItemType>1</ItemType>
      <ItemName>בייגלה כפיות פיזור כפרי 300 גר`</ItemName>
      <ManufactureName>קבוצת אסם סחר</ManufactureName>
      <ManufactureCountry />
      <ManufactureItemDescription />
      <UnitQty>'יח</UnitQty>
      <Quantity>3</Quantity>
      <UnitMeasure>ל-100 גרם</UnitMeasure>
      <BisWeighted>0</BisWeighted>
      <QtyInPackage>1</QtyInPackage>
      <ItemPrice>9.90</ItemPrice>
      <UnitOfMeasurePrice>3.30</UnitOfMeasurePrice>
      <AllowDiscount>1</AllowDiscount>
      <itemStatus>1</itemStatus>
      <LastUpdateDate />
      <LastUpdateTime />
    </Product>
    <Product>
      <PriceUpdateDate>2020/04/20 12:38</PriceUpdateDate>
      <ItemCode>7290112961440</ItemCode>
      <ItemType>1</ItemType>
      <ItemName>פיטנס בר פריכיות שוקולד מריר  84 גר`</ItemName>
      <ManufactureName>קבוצת אסם סחר</ManufactureName>
      <ManufactureCountry />
      <ManufactureItemDescription />
      <UnitQty>'יח</UnitQty>
      <Quantity>0.84</Quantity>
      <UnitMeasure>ל-100 גרם</UnitMeasure>
      <BisWeighted>0</BisWeighted>
      <QtyInPackage>1</QtyInPackage>
      <ItemPrice>13.80</ItemPrice>
      <UnitOfMeasurePrice>16.43</UnitOfMeasurePrice>
      <AllowDiscount>0</AllowDiscount>
      <itemStatus>1</itemStatus>
      <LastUpdateDate />
      <LastUpdateTime />
    </Product>
    <Product>
      <PriceUpdateDate>2022/04/25 10:54</PriceUpdateDate>
      <ItemCode>7290112961754</ItemCode>
      <ItemType>1</ItemType>
      <ItemName>עוגיות שוקוצ`יפס קרם אגוזים 220 גר`</ItemName>
      <ManufactureName>קבוצת אסם סחר</ManufactureName>
      <ManufactureCountry />
      <ManufactureItemDescription />
      <UnitQty>'יח</UnitQty>
      <Quantity>2.20</Quantity>
      <UnitMeasure>ל-100 גרם</UnitMeasure>
      <BisWeighted>0</BisWeighted>
      <QtyInPackage>1</QtyInPackage>
      <ItemPrice>10.90</ItemPrice>
      <UnitOfMeasurePrice>4.95</UnitOfMeasurePrice>
      <AllowDiscount>1</AllowDiscount>
      <itemStatus>1</itemStatus>
      <LastUpdateDate />
      <LastUpdateTime />
    </Product>
    <Product>
      <PriceUpdateDate>2019/01/16 14:51</PriceUpdateDate>
      <ItemCode>7290112962737</ItemCode>
      <ItemType>1</ItemType>
      <ItemName>טבעול שניצל מן הצומח עם חלבון</ItemName>
      <ManufactureName>קבוצת אסם סחר</ManufactureName>
      <ManufactureCountry />
      <ManufactureItemDescription />
      <UnitQty>'יח</UnitQty>
      <Quantity>6</Quantity>
      <UnitMeasure>ל-100 גרם</UnitMeasure>
      <BisWeighted>0</BisWeighted>
      <QtyInPackage>1</QtyInPackage>
      <ItemPrice>29.90</ItemPrice>
      <UnitOfMeasurePrice>4.98</UnitOfMeasurePrice>
      <AllowDiscount>1</AllowDiscount>
      <itemStatus>1</itemStatus>
      <LastUpdateDate />
      <LastUpdateTime />
    </Product>
    <Product>
      <PriceUpdateDate>2020/04/20 10:39</PriceUpdateDate>
      <ItemCode>7290112963321</ItemCode>
      <ItemType>1</ItemType>
      <ItemName>גרטיפי בייגלה שטוח הכל ללא גלוטן 300 גר`</ItemName>
      <ManufactureName>קבוצת אסם סחר</ManufactureName>
      <ManufactureCountry />
      <ManufactureItemDescription />
      <UnitQty>'יח</UnitQty>
      <Quantity>3</Quantity>
      <UnitMeasure>ל-100 גרם</UnitMeasure>
      <BisWeighted>0</BisWeighted>
      <QtyInPackage>1</QtyInPackage>
      <ItemPrice>14.90</ItemPrice>
      <UnitOfMeasurePrice>4.97</UnitOfMeasurePrice>
      <AllowDiscount>0</AllowDiscount>
      <itemStatus>1</itemStatus>
      <LastUpdateDate />
      <LastUpdateTime />
    </Product>
    <Product>
      <PriceUpdateDate>2019/06/27 14:11</PriceUpdateDate>
      <ItemCode>7290112963918</ItemCode>
      <ItemType>1</ItemType>
      <ItemName>פיטנס קרקר דק רוזמרין  234 גר`</ItemName>
      <ManufactureName>קבוצת אסם סחר</ManufactureName>
      <ManufactureCountry />
      <ManufactureItemDescription />
      <UnitQty>'יח</UnitQty>
      <Quantity>1.40</Quantity>
      <UnitMeasure>ל-100 גרם</UnitMeasure>
      <BisWeighted>0</BisWeighted>
      <QtyInPackage>1</QtyInPackage>
      <ItemPrice>11.90</ItemPrice>
      <UnitOfMeasurePrice>8.50</UnitOfMeasurePrice>
      <AllowDiscount>1</AllowDiscount>
      <itemStatus>1</itemStatus>
      <LastUpdateDate />
      <LastUpdateTime />
    </Product>
    <Product>
      <PriceUpdateDate>2019/05/26 21:38</PriceUpdateDate>
      <ItemCode>7290112964052</ItemCode>
      <ItemType>1</ItemType>
      <ItemName>פרפקטו פסטה וזוביטו 500 גר`</ItemName>
      <ManufactureName>קבוצת אסם סחר</ManufactureName>
      <ManufactureCountry />
      <ManufactureItemDescription />
      <UnitQty>'יח</UnitQty>
      <Quantity>5</Quantity>
      <UnitMeasure>ל-100 גרם</UnitMeasure>
      <BisWeighted>0</BisWeighted>
      <QtyInPackage>1</QtyInPackage>
      <ItemPrice>10</ItemPrice>
      <UnitOfMeasurePrice>2</UnitOfMeasurePrice>
      <AllowDiscount>0</AllowDiscount>
      <itemStatus>1</itemStatus>
      <LastUpdateDate />
      <LastUpdateTime />
    </Product>
    <Product>
      <PriceUpdateDate>2019/12/05 14:21</PriceUpdateDate>
      <ItemCode>7290112964410</ItemCode>
      <ItemType>1</ItemType>
      <ItemName>רוטב אלף האיים לסלט חדש</ItemName>
      <ManufactureName>קבוצת אסם סחר</ManufactureName>
      <ManufactureCountry />
      <ManufactureItemDescription />
      <UnitQty>'יח</UnitQty>
      <Quantity>2.90</Quantity>
      <UnitMeasure>ל-100 מ"ל</UnitMeasure>
      <BisWeighted>0</BisWeighted>
      <QtyInPackage>1</QtyInPackage>
      <ItemPrice>10.90</ItemPrice>
      <UnitOfMeasurePrice>3.76</UnitOfMeasurePrice>
      <AllowDiscount>1</AllowDiscount>
      <itemStatus>1</itemStatus>
      <LastUpdateDate />
      <LastUpdateTime />
    </Product>
    <Product>
      <PriceUpdateDate>2019/12/05 14:21</PriceUpdateDate>
      <ItemCode>7290112964458</ItemCode>
      <ItemType>1</ItemType>
      <ItemName>רוטב ויניגרט קלאסי לסלט  290 מל</ItemName>
      <ManufactureName>קבוצת אסם סחר</ManufactureName>
      <ManufactureCountry />
      <ManufactureItemDescription />
      <UnitQty>'יח</UnitQty>
      <Quantity>2.90</Quantity>
      <UnitMeasure>ל-100 מ"ל</UnitMeasure>
      <BisWeighted>0</BisWeighted>
      <QtyInPackage>1</QtyInPackage>
      <ItemPrice>10.90</ItemPrice>
      <UnitOfMeasurePrice>3.76</UnitOfMeasurePrice>
      <AllowDiscount>1</AllowDiscount>
      <itemStatus>1</itemStatus>
      <LastUpdateDate />
      <LastUpdateTime />
    </Product>
    <Product>
      <PriceUpdateDate>2019/12/05 14:21</PriceUpdateDate>
      <ItemCode>7290112964564</ItemCode>
      <ItemType>1</ItemType>
      <ItemName>רוטב אלף האיים לייט לסלט</ItemName>
      <ManufactureName>קבוצת אסם סחר</ManufactureName>
      <ManufactureCountry />
      <ManufactureItemDescription />
      <UnitQty>'יח</UnitQty>
      <Quantity>2.90</Quantity>
      <UnitMeasure>ל-100 מ"ל</UnitMeasure>
      <BisWeighted>0</BisWeighted>
      <QtyInPackage>1</QtyInPackage>
      <ItemPrice>10.90</ItemPrice>
      <UnitOfMeasurePrice>3.76</UnitOfMeasurePrice>
      <AllowDiscount>1</AllowDiscount>
      <itemStatus>1</itemStatus>
      <LastUpdateDate />
      <LastUpdateTime />
    </Product>
    <Product>
      <PriceUpdateDate>2019/06/26 16:33</PriceUpdateDate>
      <ItemCode>7290112964601</ItemCode>
      <ItemType>1</ItemType>
      <ItemName>רוטב בנוסח סצו`אן 290 מ"ל</ItemName>
      <ManufactureName>קבוצת אסם סחר</ManufactureName>
      <ManufactureCountry />
      <ManufactureItemDescription />
      <UnitQty>'יח</UnitQty>
      <Quantity>2.90</Quantity>
      <UnitMeasure>ל-100 מ"ל</UnitMeasure>
      <BisWeighted>0</BisWeighted>
      <QtyInPackage>1</QtyInPackage>
      <ItemPrice>12.90</ItemPrice>
      <UnitOfMeasurePrice>4.45</UnitOfMeasurePrice>
      <AllowDiscount>1</AllowDiscount>
      <itemStatus>1</itemStatus>
      <LastUpdateDate />
      <LastUpdateTime />
    </Product>
    <Product>
      <PriceUpdateDate>2019/12/05 14:21</PriceUpdateDate>
      <ItemCode>7290112964625</ItemCode>
      <ItemType>1</ItemType>
      <ItemName>רוטב שום לייט לסלט</ItemName>
      <ManufactureName>קבוצת אסם סחר</ManufactureName>
      <ManufactureCountry />
      <ManufactureItemDescription />
      <UnitQty>'יח</UnitQty>
      <Quantity>2.90</Quantity>
      <UnitMeasure>ל-100 מ"ל</UnitMeasure>
      <BisWeighted>0</BisWeighted>
      <QtyInPackage>1</QtyInPackage>
      <ItemPrice>10.90</ItemPrice>
      <UnitOfMeasurePrice>3.76</UnitOfMeasurePrice>
      <AllowDiscount>1</AllowDiscount>
      <itemStatus>1</itemStatus>
      <LastUpdateDate />
      <LastUpdateTime />
    </Product>
    <Product>
      <PriceUpdateDate>2019/06/27 14:11</PriceUpdateDate>
      <ItemCode>7290112964724</ItemCode>
      <ItemType>1</ItemType>
      <ItemName>טבעול המבורגר טבעוניות 580 גר`</ItemName>
      <ManufactureName>קבוצת אסם סחר</ManufactureName>
      <ManufactureCountry />
      <ManufactureItemDescription />
      <UnitQty>'יח</UnitQty>
      <Quantity>5.80</Quantity>
      <UnitMeasure>ל-100 גרם</UnitMeasure>
      <BisWeighted>0</BisWeighted>
      <QtyInPackage>1</QtyInPackage>
      <ItemPrice>27.90</ItemPrice>
      <UnitOfMeasurePrice>4.81</UnitOfMeasurePrice>
      <AllowDiscount>1</AllowDiscount>
      <itemStatus>1</itemStatus>
      <LastUpdateDate />
      <LastUpdateTime />
    </Product>
    <Product>
      <PriceUpdateDate>2022/08/25 18:19</PriceUpdateDate>
      <ItemCode>7290112965165</ItemCode>
      <ItemType>1</ItemType>
      <ItemName>מרק נמס סוף פטריות 2*24גר`</ItemName>
      <ManufactureName>קבוצת אסם סחר</ManufactureName>
      <ManufactureCountry />
      <ManufactureItemDescription />
      <UnitQty>'יח</UnitQty>
      <Quantity>1.20</Quantity>
      <UnitMeasure>ל-100 גרם</UnitMeasure>
      <BisWeighted>0</BisWeighted>
      <QtyInPackage>1</QtyInPackage>
      <ItemPrice>5.90</ItemPrice>
      <UnitOfMeasurePrice>4.92</UnitOfMeasurePrice>
      <AllowDiscount>1</AllowDiscount>
      <itemStatus>1</itemStatus>
      <LastUpdateDate />
      <LastUpdateTime />
    </Product>
    <Product>
      <PriceUpdateDate>2022/08/25 18:19</PriceUpdateDate>
      <ItemCode>7290112965264</ItemCode>
      <ItemType>1</ItemType>
      <ItemName>מרק נמס סוף אפונה 2*26גר</ItemName>
      <ManufactureName>קבוצת אסם סחר</ManufactureName>
      <ManufactureCountry />
      <ManufactureItemDescription />
      <UnitQty>'יח</UnitQty>
      <Quantity>1.20</Quantity>
      <UnitMeasure>ל-100 גרם</UnitMeasure>
      <BisWeighted>0</BisWeighted>
      <QtyInPackage>1</QtyInPackage>
      <ItemPrice>5.90</ItemPrice>
      <UnitOfMeasurePrice>4.92</UnitOfMeasurePrice>
      <AllowDiscount>1</AllowDiscount>
      <itemStatus>1</itemStatus>
      <LastUpdateDate />
      <LastUpdateTime />
    </Product>
    <Product>
      <PriceUpdateDate>2022/08/25 18:19</PriceUpdateDate>
      <ItemCode>7290112965288</ItemCode>
      <ItemType>1</ItemType>
      <ItemName>מרק נמס בכוס ירקות 15*2</ItemName>
      <ManufactureName>קבוצת אסם סחר</ManufactureName>
      <ManufactureCountry />
      <ManufactureItemDescription />
      <UnitQty>'יח</UnitQty>
      <Quantity>1.20</Quantity>
      <UnitMeasure>ל-100 גרם</UnitMeasure>
      <BisWeighted>0</BisWeighted>
      <QtyInPackage>1</QtyInPackage>
      <ItemPrice>5.90</ItemPrice>
      <UnitOfMeasurePrice>4.92</UnitOfMeasurePrice>
      <AllowDiscount>1</AllowDiscount>
      <itemStatus>1</itemStatus>
      <LastUpdateDate />
      <LastUpdateTime />
    </Product>
    <Product>
      <PriceUpdateDate>2022/08/25 18:19</PriceUpdateDate>
      <ItemCode>7290112965301</ItemCode>
      <ItemType>1</ItemType>
      <ItemName>מרק נמס בטעם עוף בדץ 2*26גר</ItemName>
      <ManufactureName>קבוצת אסם סחר</ManufactureName>
      <ManufactureCountry />
      <ManufactureItemDescription />
      <UnitQty>'יח</UnitQty>
      <Quantity>1.20</Quantity>
      <UnitMeasure>ל-100 גרם</UnitMeasure>
      <BisWeighted>0</BisWeighted>
      <QtyInPackage>1</QtyInPackage>
      <ItemPrice>5.90</ItemPrice>
      <UnitOfMeasurePrice>4.92</UnitOfMeasurePrice>
      <AllowDiscount>1</AllowDiscount>
      <itemStatus>1</itemStatus>
      <LastUpdateDate />
      <LastUpdateTime />
    </Product>
    <Product>
      <PriceUpdateDate>2020/09/29 17:24</PriceUpdateDate>
      <ItemCode>7290112965660</ItemCode>
      <ItemType>1</ItemType>
      <ItemName>פיטנס חטיף מולטיגריין מלח פלפל 25 גר`</ItemName>
      <ManufactureName>קבוצת אסם סחר</ManufactureName>
      <ManufactureCountry />
      <ManufactureItemDescription />
      <UnitQty>'יח</UnitQty>
      <Quantity>0.25</Quantity>
      <UnitMeasure>ל-100 גרם</UnitMeasure>
      <BisWeighted>0</BisWeighted>
      <QtyInPackage>1</QtyInPackage>
      <ItemPrice>4.90</ItemPrice>
      <UnitOfMeasurePrice>19.60</UnitOfMeasurePrice>
      <AllowDiscount>0</AllowDiscount>
      <itemStatus>1</itemStatus>
      <LastUpdateDate />
      <LastUpdateTime />
    </Product>
    <Product>
      <PriceUpdateDate>2020/09/29 17:24</PriceUpdateDate>
      <ItemCode>7290112965707</ItemCode>
      <ItemType>1</ItemType>
      <ItemName>פיטנס חטיף מולטיגריין צילי מעודן  25 גר`</ItemName>
      <ManufactureName>קבוצת אסם סחר</ManufactureName>
      <ManufactureCountry />
      <ManufactureItemDescription />
      <UnitQty>'יח</UnitQty>
      <Quantity>0.25</Quantity>
      <UnitMeasure>ל-100 גרם</UnitMeasure>
      <BisWeighted>0</BisWeighted>
      <QtyInPackage>1</QtyInPackage>
      <ItemPrice>4.90</ItemPrice>
      <UnitOfMeasurePrice>19.60</UnitOfMeasurePrice>
      <AllowDiscount>0</AllowDiscount>
      <itemStatus>1</itemStatus>
      <LastUpdateDate />
      <LastUpdateTime />
    </Product>
    <Product>
      <PriceUpdateDate>2022/07/24 18:01</PriceUpdateDate>
      <ItemCode>7290112965868</ItemCode>
      <ItemType>1</ItemType>
      <ItemName>קרם קרקר במליחות מועדנת 250גר`</ItemName>
      <ManufactureName>קבוצת אסם סחר</ManufactureName>
      <ManufactureCountry />
      <ManufactureItemDescription />
      <UnitQty>'יח</UnitQty>
      <Quantity>2.50</Quantity>
      <UnitMeasure>ל-100 גרם</UnitMeasure>
      <BisWeighted>0</BisWeighted>
      <QtyInPackage>1</QtyInPackage>
      <ItemPrice>9.90</ItemPrice>
      <UnitOfMeasurePrice>3.96</UnitOfMeasurePrice>
      <AllowDiscount>1</AllowDiscount>
      <itemStatus>1</itemStatus>
      <LastUpdateDate />
      <LastUpdateTime />
    </Product>
    <Product>
      <PriceUpdateDate>2019/12/24 08:42</PriceUpdateDate>
      <ItemCode>7290112965905</ItemCode>
      <ItemType>1</ItemType>
      <ItemName>אסם בייגלה שמיניות במליחות מועדנת 400 גר</ItemName>
      <ManufactureName>קבוצת אסם סחר</ManufactureName>
      <ManufactureCountry />
      <ManufactureItemDescription />
      <UnitQty>'יח</UnitQty>
      <Quantity>4</Quantity>
      <UnitMeasure>ל-100 גרם</UnitMeasure>
      <BisWeighted>0</BisWeighted>
      <QtyInPackage>1</QtyInPackage>
      <ItemPrice>9.90</ItemPrice>
      <UnitOfMeasurePrice>2.48</UnitOfMeasurePrice>
      <AllowDiscount>1</AllowDiscount>
      <itemStatus>1</itemStatus>
      <LastUpdateDate />
      <LastUpdateTime />
    </Product>
    <Product>
      <PriceUpdateDate>2019/12/09 15:08</PriceUpdateDate>
      <ItemCode>7290112966025</ItemCode>
      <ItemType>1</ItemType>
      <ItemName>בייגלה כפיות כפרי טוגו 60 גר`</ItemName>
      <ManufactureName>קבוצת אסם סחר</ManufactureName>
      <ManufactureCountry />
      <ManufactureItemDescription />
      <UnitQty>'יח</UnitQty>
      <Quantity>0.60</Quantity>
      <UnitMeasure>ל-100 גרם</UnitMeasure>
      <BisWeighted>0</BisWeighted>
      <QtyInPackage>1</QtyInPackage>
      <ItemPrice>3.10</ItemPrice>
      <UnitOfMeasurePrice>5.17</UnitOfMeasurePrice>
      <AllowDiscount>0</AllowDiscount>
      <itemStatus>1</itemStatus>
      <LastUpdateDate />
      <LastUpdateTime />
    </Product>
    <Product>
      <PriceUpdateDate>2022/07/24 18:01</PriceUpdateDate>
      <ItemCode>7290112966247</ItemCode>
      <ItemType>1</ItemType>
      <ItemName>לחמית כוסמין  200 גר`</ItemName>
      <ManufactureName>קבוצת אסם סחר</ManufactureName>
      <ManufactureCountry />
      <ManufactureItemDescription />
      <UnitQty>'יח</UnitQty>
      <Quantity>2</Quantity>
      <UnitMeasure>ל-100 גרם</UnitMeasure>
      <BisWeighted>0</BisWeighted>
      <QtyInPackage>1</QtyInPackage>
      <ItemPrice>9.90</ItemPrice>
      <UnitOfMeasurePrice>4.95</UnitOfMeasurePrice>
      <AllowDiscount>1</AllowDiscount>
      <itemStatus>1</itemStatus>
      <LastUpdateDate />
      <LastUpdateTime />
    </Product>
    <Product>
      <PriceUpdateDate>2019/10/11 10:05</PriceUpdateDate>
      <ItemCode>7290112966445</ItemCode>
      <ItemType>1</ItemType>
      <ItemName>במבה מתוקה אריזה גדולה 100 גר`</ItemName>
      <ManufactureName>קבוצת אסם סחר</ManufactureName>
      <ManufactureCountry />
      <ManufactureItemDescription />
      <UnitQty>'יח</UnitQty>
      <Quantity>1</Quantity>
      <UnitMeasure>ל-100 גרם</UnitMeasure>
      <BisWeighted>0</BisWeighted>
      <QtyInPackage>1</QtyInPackage>
      <ItemPrice>7.90</ItemPrice>
      <UnitOfMeasurePrice>7.90</UnitOfMeasurePrice>
      <AllowDiscount>1</AllowDiscount>
      <itemStatus>1</itemStatus>
      <LastUpdateDate />
      <LastUpdateTime />
    </Product>
    <Product>
      <PriceUpdateDate>2019/12/24 08:42</PriceUpdateDate>
      <ItemCode>7290112966841</ItemCode>
      <ItemType>1</ItemType>
      <ItemName>פודינג בטעם שוקולד מריר 90 גר`</ItemName>
      <ManufactureName>קבוצת אסם סחר</ManufactureName>
      <ManufactureCountry />
      <ManufactureItemDescription />
      <UnitQty>'יח</UnitQty>
      <Quantity>0.95</Quantity>
      <UnitMeasure>ל-100 גרם</UnitMeasure>
      <BisWeighted>0</BisWeighted>
      <QtyInPackage>1</QtyInPackage>
      <ItemPrice>5.90</ItemPrice>
      <UnitOfMeasurePrice>6.21</UnitOfMeasurePrice>
      <AllowDiscount>1</AllowDiscount>
      <itemStatus>1</itemStatus>
      <LastUpdateDate />
      <LastUpdateTime />
    </Product>
    <Product>
      <PriceUpdateDate>2020/04/20 12:38</PriceUpdateDate>
      <ItemCode>7290112967114</ItemCode>
      <ItemType>1</ItemType>
      <ItemName>פיטנס חטיפי פריכיות קטניות ופלפל  60</ItemName>
      <ManufactureName>קבוצת אסם סחר</ManufactureName>
      <ManufactureCountry />
      <ManufactureItemDescription />
      <UnitQty>'יח</UnitQty>
      <Quantity>0.60</Quantity>
      <UnitMeasure>ל-100 גרם</UnitMeasure>
      <BisWeighted>0</BisWeighted>
      <QtyInPackage>1</QtyInPackage>
      <ItemPrice>7.90</ItemPrice>
      <UnitOfMeasurePrice>13.17</UnitOfMeasurePrice>
      <AllowDiscount>0</AllowDiscount>
      <itemStatus>1</itemStatus>
      <LastUpdateDate />
      <LastUpdateTime />
    </Product>
    <Product>
      <PriceUpdateDate>2020/04/12 15:23</PriceUpdateDate>
      <ItemCode>7290112967138</ItemCode>
      <ItemType>1</ItemType>
      <ItemName>בייגלה שמיניות ללא גלוטן 250גר</ItemName>
      <ManufactureName>קבוצת אסם סחר</ManufactureName>
      <ManufactureCountry />
      <ManufactureItemDescription />
      <UnitQty>'יח</UnitQty>
      <Quantity>2.50</Quantity>
      <UnitMeasure>ל-100 גרם</UnitMeasure>
      <BisWeighted>0</BisWeighted>
      <QtyInPackage>1</QtyInPackage>
      <ItemPrice>12.90</ItemPrice>
      <UnitOfMeasurePrice>5.16</UnitOfMeasurePrice>
      <AllowDiscount>0</AllowDiscount>
      <itemStatus>1</itemStatus>
      <LastUpdateDate />
      <LastUpdateTime />
    </Product>
    <Product>
      <PriceUpdateDate>2020/04/20 12:38</PriceUpdateDate>
      <ItemCode>7290112967381</ItemCode>
      <ItemType>1</ItemType>
      <ItemName>פיטנס חטיפי פריכיות קטניות ומלח ים 60 גר</ItemName>
      <ManufactureName>קבוצת אסם סחר</ManufactureName>
      <ManufactureCountry />
      <ManufactureItemDescription />
      <UnitQty>'יח</UnitQty>
      <Quantity>0.60</Quantity>
      <UnitMeasure>ל-100 גרם</UnitMeasure>
      <BisWeighted>0</BisWeighted>
      <QtyInPackage>1</QtyInPackage>
      <ItemPrice>7.90</ItemPrice>
      <UnitOfMeasurePrice>13.17</UnitOfMeasurePrice>
      <AllowDiscount>0</AllowDiscount>
      <itemStatus>1</itemStatus>
      <LastUpdateDate />
      <LastUpdateTime />
    </Product>
    <Product>
      <PriceUpdateDate>2020/02/24 15:36</PriceUpdateDate>
      <ItemCode>7290112968203</ItemCode>
      <ItemType>1</ItemType>
      <ItemName>צבר סלט טחינה באלדי  250 גר`</ItemName>
      <ManufactureName>קבוצת אסם סחר</ManufactureName>
      <ManufactureCountry />
      <ManufactureItemDescription />
      <UnitQty>'יח</UnitQty>
      <Quantity>2.50</Quantity>
      <UnitMeasure>ל-100 גרם</UnitMeasure>
      <BisWeighted>0</BisWeighted>
      <QtyInPackage>1</QtyInPackage>
      <ItemPrice>12.90</ItemPrice>
      <UnitOfMeasurePrice>5.16</UnitOfMeasurePrice>
      <AllowDiscount>0</AllowDiscount>
      <itemStatus>1</itemStatus>
      <LastUpdateDate />
      <LastUpdateTime />
    </Product>
    <Product>
      <PriceUpdateDate>2020/04/20 12:38</PriceUpdateDate>
      <ItemCode>7290112968784</ItemCode>
      <ItemType>1</ItemType>
      <ItemName>טבעול חטיפי כרובית 450 גר`</ItemName>
      <ManufactureName>קבוצת אסם סחר</ManufactureName>
      <ManufactureCountry />
      <ManufactureItemDescription />
      <UnitQty>'יח</UnitQty>
      <Quantity>4.50</Quantity>
      <UnitMeasure>ל-100 גרם</UnitMeasure>
      <BisWeighted>0</BisWeighted>
      <QtyInPackage>1</QtyInPackage>
      <ItemPrice>32</ItemPrice>
      <UnitOfMeasurePrice>7.11</UnitOfMeasurePrice>
      <AllowDiscount>1</AllowDiscount>
      <itemStatus>1</itemStatus>
      <LastUpdateDate />
      <LastUpdateTime />
    </Product>
    <Product>
      <PriceUpdateDate>2020/09/29 17:24</PriceUpdateDate>
      <ItemCode>7290112968807</ItemCode>
      <ItemType>1</ItemType>
      <ItemName>פיטנס קרקר דק סלק  140 גר`</ItemName>
      <ManufactureName>קבוצת אסם סחר</ManufactureName>
      <ManufactureCountry />
      <ManufactureItemDescription />
      <UnitQty>'יח</UnitQty>
      <Quantity>1.40</Quantity>
      <UnitMeasure>ל-100 גרם</UnitMeasure>
      <BisWeighted>0</BisWeighted>
      <QtyInPackage>1</QtyInPackage>
      <ItemPrice>11.90</ItemPrice>
      <UnitOfMeasurePrice>8.50</UnitOfMeasurePrice>
      <AllowDiscount>1</AllowDiscount>
      <itemStatus>1</itemStatus>
      <LastUpdateDate />
      <LastUpdateTime />
    </Product>
    <Product>
      <PriceUpdateDate>2020/09/29 17:24</PriceUpdateDate>
      <ItemCode>7290112968821</ItemCode>
      <ItemType>1</ItemType>
      <ItemName>פיטנס קרקר דק בטטה  140 גר`</ItemName>
      <ManufactureName>קבוצת אסם סחר</ManufactureName>
      <ManufactureCountry />
      <ManufactureItemDescription />
      <UnitQty>'יח</UnitQty>
      <Quantity>1.40</Quantity>
      <UnitMeasure>ל-100 גרם</UnitMeasure>
      <BisWeighted>0</BisWeighted>
      <QtyInPackage>1</QtyInPackage>
      <ItemPrice>11.90</ItemPrice>
      <UnitOfMeasurePrice>8.50</UnitOfMeasurePrice>
      <AllowDiscount>1</AllowDiscount>
      <itemStatus>1</itemStatus>
      <LastUpdateDate />
      <LastUpdateTime />
    </Product>
    <Product>
      <PriceUpdateDate>2022/07/24 18:01</PriceUpdateDate>
      <ItemCode>7290112969286</ItemCode>
      <ItemType>1</ItemType>
      <ItemName>בישולים רוטב חרדל ודבש 330 גר`</ItemName>
      <ManufactureName>קבוצת אסם סחר</ManufactureName>
      <ManufactureCountry />
      <ManufactureItemDescription />
      <UnitQty>'יח</UnitQty>
      <Quantity>3.30</Quantity>
      <UnitMeasure>ל-100 גרם</UnitMeasure>
      <BisWeighted>0</BisWeighted>
      <QtyInPackage>1</QtyInPackage>
      <ItemPrice>12.90</ItemPrice>
      <UnitOfMeasurePrice>3.91</UnitOfMeasurePrice>
      <AllowDiscount>1</AllowDiscount>
      <itemStatus>1</itemStatus>
      <LastUpdateDate />
      <LastUpdateTime />
    </Product>
    <Product>
      <PriceUpdateDate>2021/07/27 06:38</PriceUpdateDate>
      <ItemCode>7290113191907</ItemCode>
      <ItemType>1</ItemType>
      <ItemName>טורטיה בסיס פיצה</ItemName>
      <ManufactureName>דין שיווק וקליה 2021 בעמ</ManufactureName>
      <ManufactureCountry />
      <ManufactureItemDescription />
      <UnitQty>'יח</UnitQty>
      <Quantity>1</Quantity>
      <UnitMeasure>ל-100 גרם</UnitMeasure>
      <BisWeighted>0</BisWeighted>
      <QtyInPackage>1</QtyInPackage>
      <ItemPrice>9.90</ItemPrice>
      <UnitOfMeasurePrice>9.90</UnitOfMeasurePrice>
      <AllowDiscount>0</AllowDiscount>
      <itemStatus>1</itemStatus>
      <LastUpdateDate />
      <LastUpdateTime />
    </Product>
    <Product>
      <PriceUpdateDate>2021/07/27 16:29</PriceUpdateDate>
      <ItemCode>7290113191921</ItemCode>
      <ItemType>1</ItemType>
      <ItemName>תרכיז מלבי 750 מ"ל שקדיה</ItemName>
      <ManufactureName>דין שיווק וקליה 2021 בעמ</ManufactureName>
      <ManufactureCountry />
      <ManufactureItemDescription />
      <UnitQty>'יח</UnitQty>
      <Quantity>7.50</Quantity>
      <UnitMeasure>ל-100 מ"ל</UnitMeasure>
      <BisWeighted>0</BisWeighted>
      <QtyInPackage>1</QtyInPackage>
      <ItemPrice>14.90</ItemPrice>
      <UnitOfMeasurePrice>1.99</UnitOfMeasurePrice>
      <AllowDiscount>0</AllowDiscount>
      <itemStatus>1</itemStatus>
      <LastUpdateDate />
      <LastUpdateTime />
    </Product>
    <Product>
      <PriceUpdateDate>2021/07/27 16:29</PriceUpdateDate>
      <ItemCode>7290113191938</ItemCode>
      <ItemType>1</ItemType>
      <ItemName>סירופ רוזטה בטעם שקדיה 750 מ"ל</ItemName>
      <ManufactureName>דין שיווק וקליה 2021 בעמ</ManufactureName>
      <ManufactureCountry />
      <ManufactureItemDescription />
      <UnitQty>'יח</UnitQty>
      <Quantity>7.50</Quantity>
      <UnitMeasure>ל-100 מ"ל</UnitMeasure>
      <BisWeighted>0</BisWeighted>
      <QtyInPackage>1</QtyInPackage>
      <ItemPrice>14.90</ItemPrice>
      <UnitOfMeasurePrice>1.99</UnitOfMeasurePrice>
      <AllowDiscount>0</AllowDiscount>
      <itemStatus>1</itemStatus>
      <LastUpdateDate />
      <LastUpdateTime />
    </Product>
    <Product>
      <PriceUpdateDate>2021/11/11 11:58</PriceUpdateDate>
      <ItemCode>7290113192300</ItemCode>
      <ItemType>1</ItemType>
      <ItemName>חרוזית זית שחור ללא גלעין 560 גרם</ItemName>
      <ManufactureName>קבוצת אסם סחר</ManufactureName>
      <ManufactureCountry />
      <ManufactureItemDescription />
      <UnitQty>'יח</UnitQty>
      <Quantity>5.60</Quantity>
      <UnitMeasure>ל-100 גרם</UnitMeasure>
      <BisWeighted>0</BisWeighted>
      <QtyInPackage>1</QtyInPackage>
      <ItemPrice>10.90</ItemPrice>
      <UnitOfMeasurePrice>1.95</UnitOfMeasurePrice>
      <AllowDiscount>0</AllowDiscount>
      <itemStatus>1</itemStatus>
      <LastUpdateDate />
      <LastUpdateTime />
    </Product>
    <Product>
      <PriceUpdateDate>2021/11/11 11:58</PriceUpdateDate>
      <ItemCode>7290113192331</ItemCode>
      <ItemType>1</ItemType>
      <ItemName>זיתים ירוקים גדולים 560 גרם</ItemName>
      <ManufactureName>קבוצת אסם סחר</ManufactureName>
      <ManufactureCountry />
      <ManufactureItemDescription />
      <UnitQty>'יח</UnitQty>
      <Quantity>5.60</Quantity>
      <UnitMeasure>ל-100 גרם</UnitMeasure>
      <BisWeighted>0</BisWeighted>
      <QtyInPackage>1</QtyInPackage>
      <ItemPrice>10.90</ItemPrice>
      <UnitOfMeasurePrice>1.95</UnitOfMeasurePrice>
      <AllowDiscount>0</AllowDiscount>
      <itemStatus>1</itemStatus>
      <LastUpdateDate />
      <LastUpdateTime />
    </Product>
    <Product>
      <PriceUpdateDate>2019/12/24 08:42</PriceUpdateDate>
      <ItemCode>7290113192348</ItemCode>
      <ItemType>1</ItemType>
      <ItemName>זיתים ירוקים בטעם שום גדול מאד 560 גרם</ItemName>
      <ManufactureName>קבוצת אסם סחר</ManufactureName>
      <ManufactureCountry />
      <ManufactureItemDescription />
      <UnitQty>'יח</UnitQty>
      <Quantity>5.60</Quantity>
      <UnitMeasure>ל-100 גרם</UnitMeasure>
      <BisWeighted>0</BisWeighted>
      <QtyInPackage>1</QtyInPackage>
      <ItemPrice>9.90</ItemPrice>
      <UnitOfMeasurePrice>1.77</UnitOfMeasurePrice>
      <AllowDiscount>0</AllowDiscount>
      <itemStatus>1</itemStatus>
      <LastUpdateDate />
      <LastUpdateTime />
    </Product>
    <Product>
      <PriceUpdateDate>2021/11/11 11:58</PriceUpdateDate>
      <ItemCode>7290113192355</ItemCode>
      <ItemType>1</ItemType>
      <ItemName>חרוזית זיתים ירוקים ללא חרצנים 550 גרם</ItemName>
      <ManufactureName>קבוצת אסם סחר</ManufactureName>
      <ManufactureCountry />
      <ManufactureItemDescription />
      <UnitQty>'יח</UnitQty>
      <Quantity>5.50</Quantity>
      <UnitMeasure>ל-100 גרם</UnitMeasure>
      <BisWeighted>0</BisWeighted>
      <QtyInPackage>1</QtyInPackage>
      <ItemPrice>10.90</ItemPrice>
      <UnitOfMeasurePrice>1.98</UnitOfMeasurePrice>
      <AllowDiscount>0</AllowDiscount>
      <itemStatus>1</itemStatus>
      <LastUpdateDate />
      <LastUpdateTime />
    </Product>
    <Product>
      <PriceUpdateDate>2021/11/11 11:58</PriceUpdateDate>
      <ItemCode>7290113192362</ItemCode>
      <ItemType>1</ItemType>
      <ItemName>טבעות זיתים ירוקים 560 גרם</ItemName>
      <ManufactureName>קבוצת אסם סחר</ManufactureName>
      <ManufactureCountry />
      <ManufactureItemDescription />
      <UnitQty>'יח</UnitQty>
      <Quantity>5.60</Quantity>
      <UnitMeasure>ל-100 גרם</UnitMeasure>
      <BisWeighted>0</BisWeighted>
      <QtyInPackage>1</QtyInPackage>
      <ItemPrice>11.90</ItemPrice>
      <UnitOfMeasurePrice>2.13</UnitOfMeasurePrice>
      <AllowDiscount>0</AllowDiscount>
      <itemStatus>1</itemStatus>
      <LastUpdateDate />
      <LastUpdateTime />
    </Product>
    <Product>
      <PriceUpdateDate>2021/11/11 11:58</PriceUpdateDate>
      <ItemCode>7290113192386</ItemCode>
      <ItemType>1</ItemType>
      <ItemName>זיתים סורי ירוקים מבוקע 560 גרם</ItemName>
      <ManufactureName>קבוצת אסם סחר</ManufactureName>
      <ManufactureCountry />
      <ManufactureItemDescription />
      <UnitQty>'יח</UnitQty>
      <Quantity>5.60</Quantity>
      <UnitMeasure>ל-100 גרם</UnitMeasure>
      <BisWeighted>0</BisWeighted>
      <QtyInPackage>1</QtyInPackage>
      <ItemPrice>11.90</ItemPrice>
      <UnitOfMeasurePrice>2.13</UnitOfMeasurePrice>
      <AllowDiscount>0</AllowDiscount>
      <itemStatus>1</itemStatus>
      <LastUpdateDate />
      <LastUpdateTime />
    </Product>
    <Product>
      <PriceUpdateDate>2021/11/11 11:58</PriceUpdateDate>
      <ItemCode>7290113192478</ItemCode>
      <ItemType>1</ItemType>
      <ItemName>מלפפונים במלח בינוני 10-12 560 גרם</ItemName>
      <ManufactureName>קבוצת אסם סחר</ManufactureName>
      <ManufactureCountry />
      <ManufactureItemDescription />
      <UnitQty>'יח</UnitQty>
      <Quantity>5.60</Quantity>
      <UnitMeasure>ל-100 גרם</UnitMeasure>
      <BisWeighted>0</BisWeighted>
      <QtyInPackage>1</QtyInPackage>
      <ItemPrice>8.90</ItemPrice>
      <UnitOfMeasurePrice>1.59</UnitOfMeasurePrice>
      <AllowDiscount>0</AllowDiscount>
      <itemStatus>1</itemStatus>
      <LastUpdateDate />
      <LastUpdateTime />
    </Product>
    <Product>
      <PriceUpdateDate>2021/11/11 11:58</PriceUpdateDate>
      <ItemCode>7290113192485</ItemCode>
      <ItemType>1</ItemType>
      <ItemName>מלפפונים בחומץ בינוני 10-12 560 גרם</ItemName>
      <ManufactureName>קבוצת אסם סחר</ManufactureName>
      <ManufactureCountry />
      <ManufactureItemDescription />
      <UnitQty>'יח</UnitQty>
      <Quantity>5.60</Quantity>
      <UnitMeasure>ל-100 גרם</UnitMeasure>
      <BisWeighted>0</BisWeighted>
      <QtyInPackage>1</QtyInPackage>
      <ItemPrice>8.90</ItemPrice>
      <UnitOfMeasurePrice>1.59</UnitOfMeasurePrice>
      <AllowDiscount>0</AllowDiscount>
      <itemStatus>1</itemStatus>
      <LastUpdateDate />
      <LastUpdateTime />
    </Product>
    <Product>
      <PriceUpdateDate>2021/11/11 11:58</PriceUpdateDate>
      <ItemCode>7290113192492</ItemCode>
      <ItemType>1</ItemType>
      <ItemName>מלפפונים בחומץ קטנים 13-17 560 גרם</ItemName>
      <ManufactureName>קבוצת אסם סחר</ManufactureName>
      <ManufactureCountry />
      <ManufactureItemDescription />
      <UnitQty>'יח</UnitQty>
      <Quantity>5.60</Quantity>
      <UnitMeasure>ל-100 גרם</UnitMeasure>
      <BisWeighted>0</BisWeighted>
      <QtyInPackage>1</QtyInPackage>
      <ItemPrice>11.90</ItemPrice>
      <UnitOfMeasurePrice>2.13</UnitOfMeasurePrice>
      <AllowDiscount>0</AllowDiscount>
      <itemStatus>1</itemStatus>
      <LastUpdateDate />
      <LastUpdateTime />
    </Product>
    <Product>
      <PriceUpdateDate>2021/11/11 11:58</PriceUpdateDate>
      <ItemCode>7290113192508</ItemCode>
      <ItemType>1</ItemType>
      <ItemName>מלפפונים במלח קטן 13-17 320 גרם</ItemName>
      <ManufactureName>קבוצת אסם סחר</ManufactureName>
      <ManufactureCountry />
      <ManufactureItemDescription />
      <UnitQty>'יח</UnitQty>
      <Quantity>3.20</Quantity>
      <UnitMeasure>ל-100 גרם</UnitMeasure>
      <BisWeighted>0</BisWeighted>
      <QtyInPackage>1</QtyInPackage>
      <ItemPrice>11.90</ItemPrice>
      <UnitOfMeasurePrice>3.72</UnitOfMeasurePrice>
      <AllowDiscount>0</AllowDiscount>
      <itemStatus>1</itemStatus>
      <LastUpdateDate />
      <LastUpdateTime />
    </Product>
    <Product>
      <PriceUpdateDate>2021/11/11 11:58</PriceUpdateDate>
      <ItemCode>7290113192515</ItemCode>
      <ItemType>1</ItemType>
      <ItemName>מלפפונים במלח קטן מאוד 18-25 560 גרם</ItemName>
      <ManufactureName>קבוצת אסם סחר</ManufactureName>
      <ManufactureCountry />
      <ManufactureItemDescription />
      <UnitQty>'יח</UnitQty>
      <Quantity>5.60</Quantity>
      <UnitMeasure>ל-100 גרם</UnitMeasure>
      <BisWeighted>0</BisWeighted>
      <QtyInPackage>1</QtyInPackage>
      <ItemPrice>12.90</ItemPrice>
      <UnitOfMeasurePrice>2.30</UnitOfMeasurePrice>
      <AllowDiscount>0</AllowDiscount>
      <itemStatus>1</itemStatus>
      <LastUpdateDate />
      <LastUpdateTime />
    </Product>
    <Product>
      <PriceUpdateDate>2021/11/11 11:58</PriceUpdateDate>
      <ItemCode>7290113192522</ItemCode>
      <ItemType>1</ItemType>
      <ItemName>מלפפונים בחומץ קטן מאוד 18-25 560 ג`</ItemName>
      <ManufactureName>קבוצת אסם סחר</ManufactureName>
      <ManufactureCountry />
      <ManufactureItemDescription />
      <UnitQty>'יח</UnitQty>
      <Quantity>5.60</Quantity>
      <UnitMeasure>ל-100 גרם</UnitMeasure>
      <BisWeighted>0</BisWeighted>
      <QtyInPackage>1</QtyInPackage>
      <ItemPrice>12.90</ItemPrice>
      <UnitOfMeasurePrice>2.30</UnitOfMeasurePrice>
      <AllowDiscount>0</AllowDiscount>
      <itemStatus>1</itemStatus>
      <LastUpdateDate />
      <LastUpdateTime />
    </Product>
    <Product>
      <PriceUpdateDate>2021/11/11 11:58</PriceUpdateDate>
      <ItemCode>7290113192539</ItemCode>
      <ItemType>1</ItemType>
      <ItemName>מלפפונים במלח גדול 7-9 560 גרם</ItemName>
      <ManufactureName>קבוצת אסם סחר</ManufactureName>
      <ManufactureCountry />
      <ManufactureItemDescription />
      <UnitQty>'יח</UnitQty>
      <Quantity>5.60</Quantity>
      <UnitMeasure>ל-100 גרם</UnitMeasure>
      <BisWeighted>0</BisWeighted>
      <QtyInPackage>1</QtyInPackage>
      <ItemPrice>7.50</ItemPrice>
      <UnitOfMeasurePrice>1.34</UnitOfMeasurePrice>
      <AllowDiscount>0</AllowDiscount>
      <itemStatus>1</itemStatus>
      <LastUpdateDate />
      <LastUpdateTime />
    </Product>
    <Product>
      <PriceUpdateDate>2021/11/11 11:58</PriceUpdateDate>
      <ItemCode>7290113192546</ItemCode>
      <ItemType>1</ItemType>
      <ItemName>מלפפונים בחומץ גדול 7-9 560 גרם</ItemName>
      <ManufactureName>קבוצת אסם סחר</ManufactureName>
      <ManufactureCountry />
      <ManufactureItemDescription />
      <UnitQty>'יח</UnitQty>
      <Quantity>5.60</Quantity>
      <UnitMeasure>ל-100 גרם</UnitMeasure>
      <BisWeighted>0</BisWeighted>
      <QtyInPackage>1</QtyInPackage>
      <ItemPrice>7.50</ItemPrice>
      <UnitOfMeasurePrice>1.34</UnitOfMeasurePrice>
      <AllowDiscount>0</AllowDiscount>
      <itemStatus>1</itemStatus>
      <LastUpdateDate />
      <LastUpdateTime />
    </Product>
    <Product>
      <PriceUpdateDate>2021/11/11 11:58</PriceUpdateDate>
      <ItemCode>7290113192560</ItemCode>
      <ItemType>1</ItemType>
      <ItemName>פלפל שיפקה חריף כבוש 340 גרם</ItemName>
      <ManufactureName>קבוצת אסם סחר</ManufactureName>
      <ManufactureCountry />
      <ManufactureItemDescription />
      <UnitQty>'יח</UnitQty>
      <Quantity>5.60</Quantity>
      <UnitMeasure>ל-100 גרם</UnitMeasure>
      <BisWeighted>0</BisWeighted>
      <QtyInPackage>1</QtyInPackage>
      <ItemPrice>7.90</ItemPrice>
      <UnitOfMeasurePrice>1.41</UnitOfMeasurePrice>
      <AllowDiscount>1</AllowDiscount>
      <itemStatus>1</itemStatus>
      <LastUpdateDate />
      <LastUpdateTime />
    </Product>
    <Product>
      <PriceUpdateDate>2021/11/11 11:58</PriceUpdateDate>
      <ItemCode>7290113192577</ItemCode>
      <ItemType>1</ItemType>
      <ItemName>כרוב כבוש חתוך 560 גרם</ItemName>
      <ManufactureName>קבוצת אסם סחר</ManufactureName>
      <ManufactureCountry />
      <ManufactureItemDescription />
      <UnitQty>'יח</UnitQty>
      <Quantity>5.60</Quantity>
      <UnitMeasure>ל-100 גרם</UnitMeasure>
      <BisWeighted>0</BisWeighted>
      <QtyInPackage>1</QtyInPackage>
      <ItemPrice>8.90</ItemPrice>
      <UnitOfMeasurePrice>1.59</UnitOfMeasurePrice>
      <AllowDiscount>0</AllowDiscount>
      <itemStatus>1</itemStatus>
      <LastUpdateDate />
      <LastUpdateTime />
    </Product>
    <Product>
      <PriceUpdateDate>2021/07/27 06:38</PriceUpdateDate>
      <ItemCode>7290113192881</ItemCode>
      <ItemType>1</ItemType>
      <ItemName>טורטיה חיטה מופחת קלוריות</ItemName>
      <ManufactureName>דין שיווק וקליה 2021 בעמ</ManufactureName>
      <ManufactureCountry />
      <ManufactureItemDescription />
      <UnitQty>'יח</UnitQty>
      <Quantity>1</Quantity>
      <UnitMeasure>ל-100 גרם</UnitMeasure>
      <BisWeighted>0</BisWeighted>
      <QtyInPackage>1</QtyInPackage>
      <ItemPrice>9.90</ItemPrice>
      <UnitOfMeasurePrice>9.90</UnitOfMeasurePrice>
      <AllowDiscount>0</AllowDiscount>
      <itemStatus>1</itemStatus>
      <LastUpdateDate />
      <LastUpdateTime />
    </Product>
    <Product>
      <PriceUpdateDate>2021/11/11 11:58</PriceUpdateDate>
      <ItemCode>7290113193000</ItemCode>
      <ItemType>1</ItemType>
      <ItemName>בית השיטה פלפל שיפקונית 230 גר`</ItemName>
      <ManufactureName>קבוצת אסם סחר</ManufactureName>
      <ManufactureCountry />
      <ManufactureItemDescription />
      <UnitQty>'יח</UnitQty>
      <Quantity>2.30</Quantity>
      <UnitMeasure>ל-100 גרם</UnitMeasure>
      <BisWeighted>0</BisWeighted>
      <QtyInPackage>1</QtyInPackage>
      <ItemPrice>11.90</ItemPrice>
      <UnitOfMeasurePrice>5.17</UnitOfMeasurePrice>
      <AllowDiscount>0</AllowDiscount>
      <itemStatus>1</itemStatus>
      <LastUpdateDate />
      <LastUpdateTime />
    </Product>
    <Product>
      <PriceUpdateDate>2021/11/11 11:58</PriceUpdateDate>
      <ItemCode>7290113193017</ItemCode>
      <ItemType>1</ItemType>
      <ItemName>בית השיטה חרוזית קוקטייל זיתים 275 גר`</ItemName>
      <ManufactureName>קבוצת אסם סחר</ManufactureName>
      <ManufactureCountry />
      <ManufactureItemDescription />
      <UnitQty>'יח</UnitQty>
      <Quantity>2.75</Quantity>
      <UnitMeasure>ל-100 גרם</UnitMeasure>
      <BisWeighted>0</BisWeighted>
      <QtyInPackage>1</QtyInPackage>
      <ItemPrice>14.90</ItemPrice>
      <UnitOfMeasurePrice>5.42</UnitOfMeasurePrice>
      <AllowDiscount>0</AllowDiscount>
      <itemStatus>1</itemStatus>
      <LastUpdateDate />
      <LastUpdateTime />
    </Product>
    <Product>
      <PriceUpdateDate>2022/09/08 17:07</PriceUpdateDate>
      <ItemCode>7290113193031</ItemCode>
      <ItemType>1</ItemType>
      <ItemName>בית השיטה חרוזית קלמטה 275 גר`</ItemName>
      <ManufactureName>קבוצת אסם סחר</ManufactureName>
      <ManufactureCountry />
      <ManufactureItemDescription />
      <UnitQty>'יח</UnitQty>
      <Quantity>2.75</Quantity>
      <UnitMeasure>ל-100 גרם</UnitMeasure>
      <BisWeighted>0</BisWeighted>
      <QtyInPackage>1</QtyInPackage>
      <ItemPrice>11.90</ItemPrice>
      <UnitOfMeasurePrice>4.33</UnitOfMeasurePrice>
      <AllowDiscount>0</AllowDiscount>
      <itemStatus>1</itemStatus>
      <LastUpdateDate />
      <LastUpdateTime />
    </Product>
    <Product>
      <PriceUpdateDate>2020/04/20 12:38</PriceUpdateDate>
      <ItemCode>7290113193321</ItemCode>
      <ItemType>1</ItemType>
      <ItemName>בית השיטה שמן זית כתית מעולה 750 מ"ל</ItemName>
      <ManufactureName>קבוצת אסם סחר</ManufactureName>
      <ManufactureCountry />
      <ManufactureItemDescription />
      <UnitQty>'יח</UnitQty>
      <Quantity>7.50</Quantity>
      <UnitMeasure>ל-100 מ"ל</UnitMeasure>
      <BisWeighted>0</BisWeighted>
      <QtyInPackage>1</QtyInPackage>
      <ItemPrice>29.90</ItemPrice>
      <UnitOfMeasurePrice>3.99</UnitOfMeasurePrice>
      <AllowDiscount>0</AllowDiscount>
      <itemStatus>1</itemStatus>
      <LastUpdateDate />
      <LastUpdateTime />
    </Product>
    <Product>
      <PriceUpdateDate>2020/11/26 09:35</PriceUpdateDate>
      <ItemCode>7290113193888</ItemCode>
      <ItemType>1</ItemType>
      <ItemName>בית השיטה חצילים מוחמצים 320 גר`</ItemName>
      <ManufactureName>קבוצת אסם סחר</ManufactureName>
      <ManufactureCountry />
      <ManufactureItemDescription />
      <UnitQty>'יח</UnitQty>
      <Quantity>3.20</Quantity>
      <UnitMeasure>ל-100 גרם</UnitMeasure>
      <BisWeighted>0</BisWeighted>
      <QtyInPackage>1</QtyInPackage>
      <ItemPrice>10.90</ItemPrice>
      <UnitOfMeasurePrice>3.41</UnitOfMeasurePrice>
      <AllowDiscount>0</AllowDiscount>
      <itemStatus>1</itemStatus>
      <LastUpdateDate />
      <LastUpdateTime />
    </Product>
    <Product>
      <PriceUpdateDate>2021/11/11 11:58</PriceUpdateDate>
      <ItemCode>7290113194090</ItemCode>
      <ItemType>1</ItemType>
      <ItemName>בית השיטה טבעות קלמטה 280 גר`</ItemName>
      <ManufactureName>קבוצת אסם סחר</ManufactureName>
      <ManufactureCountry />
      <ManufactureItemDescription />
      <UnitQty>'יח</UnitQty>
      <Quantity>2.80</Quantity>
      <UnitMeasure>ל-100 גרם</UnitMeasure>
      <BisWeighted>0</BisWeighted>
      <QtyInPackage>1</QtyInPackage>
      <ItemPrice>14.90</ItemPrice>
      <UnitOfMeasurePrice>5.32</UnitOfMeasurePrice>
      <AllowDiscount>0</AllowDiscount>
      <itemStatus>1</itemStatus>
      <LastUpdateDate />
      <LastUpdateTime />
    </Product>
    <Product>
      <PriceUpdateDate>2021/11/11 11:58</PriceUpdateDate>
      <ItemCode>7290113194649</ItemCode>
      <ItemType>1</ItemType>
      <ItemName>בית השיטה מלפפונים במלח קוביות 320 גר`</ItemName>
      <ManufactureName>קבוצת אסם סחר</ManufactureName>
      <ManufactureCountry />
      <ManufactureItemDescription />
      <UnitQty>'יח</UnitQty>
      <Quantity>3.20</Quantity>
      <UnitMeasure>ל-100 גרם</UnitMeasure>
      <BisWeighted>0</BisWeighted>
      <QtyInPackage>1</QtyInPackage>
      <ItemPrice>10.90</ItemPrice>
      <UnitOfMeasurePrice>3.41</UnitOfMeasurePrice>
      <AllowDiscount>0</AllowDiscount>
      <itemStatus>1</itemStatus>
      <LastUpdateDate />
      <LastUpdateTime />
    </Product>
    <Product>
      <PriceUpdateDate>2021/09/01 11:00</PriceUpdateDate>
      <ItemCode>7290113196414</ItemCode>
      <ItemType>1</ItemType>
      <ItemName>אורז בסמטי 1 ק"ג -שקדיה</ItemName>
      <ManufactureName>דין שיווק וקליה 2021 בעמ</ManufactureName>
      <ManufactureCountry />
      <ManufactureItemDescription />
      <UnitQty>'יח</UnitQty>
      <Quantity>10</Quantity>
      <UnitMeasure>ל-100 גרם</UnitMeasure>
      <BisWeighted>0</BisWeighted>
      <QtyInPackage>1</QtyInPackage>
      <ItemPrice>10.90</ItemPrice>
      <UnitOfMeasurePrice>1.09</UnitOfMeasurePrice>
      <AllowDiscount>1</AllowDiscount>
      <itemStatus>1</itemStatus>
      <LastUpdateDate />
      <LastUpdateTime />
    </Product>
    <Product>
      <PriceUpdateDate>2021/10/27 15:42</PriceUpdateDate>
      <ItemCode>7290113196490</ItemCode>
      <ItemType>1</ItemType>
      <ItemName>פירכיות כוסמת בתוספת זרעי ציה 150 גר</ItemName>
      <ManufactureName>דין שיווק וקליה 2021 בעמ</ManufactureName>
      <ManufactureCountry />
      <ManufactureItemDescription />
      <UnitQty>'יח</UnitQty>
      <Quantity>1.50</Quantity>
      <UnitMeasure>ל-100 גרם</UnitMeasure>
      <BisWeighted>0</BisWeighted>
      <QtyInPackage>1</QtyInPackage>
      <ItemPrice>9.90</ItemPrice>
      <UnitOfMeasurePrice>6.60</UnitOfMeasurePrice>
      <AllowDiscount>0</AllowDiscount>
      <itemStatus>1</itemStatus>
      <LastUpdateDate />
      <LastUpdateTime />
    </Product>
    <Product>
      <PriceUpdateDate>2022/05/03 07:41</PriceUpdateDate>
      <ItemCode>7290113196506</ItemCode>
      <ItemType>1</ItemType>
      <ItemName>פירכיות כוסמת ללא מלח 150 גרם</ItemName>
      <ManufactureName>דין שיווק וקליה 2021 בעמ</ManufactureName>
      <ManufactureCountry />
      <ManufactureItemDescription />
      <UnitQty>'יח</UnitQty>
      <Quantity>1.50</Quantity>
      <UnitMeasure>ל-100 גרם</UnitMeasure>
      <BisWeighted>0</BisWeighted>
      <QtyInPackage>1</QtyInPackage>
      <ItemPrice>10.90</ItemPrice>
      <UnitOfMeasurePrice>7.27</UnitOfMeasurePrice>
      <AllowDiscount>0</AllowDiscount>
      <itemStatus>1</itemStatus>
      <LastUpdateDate />
      <LastUpdateTime />
    </Product>
    <Product>
      <PriceUpdateDate>2021/10/27 15:42</PriceUpdateDate>
      <ItemCode>7290113196513</ItemCode>
      <ItemType>1</ItemType>
      <ItemName>פירכיות כוסמת בתוספת שקדים 150 גר</ItemName>
      <ManufactureName>דין שיווק וקליה 2021 בעמ</ManufactureName>
      <ManufactureCountry />
      <ManufactureItemDescription />
      <UnitQty>'יח</UnitQty>
      <Quantity>1.50</Quantity>
      <UnitMeasure>ל-100 גרם</UnitMeasure>
      <BisWeighted>0</BisWeighted>
      <QtyInPackage>1</QtyInPackage>
      <ItemPrice>9.90</ItemPrice>
      <UnitOfMeasurePrice>6.60</UnitOfMeasurePrice>
      <AllowDiscount>0</AllowDiscount>
      <itemStatus>1</itemStatus>
      <LastUpdateDate />
      <LastUpdateTime />
    </Product>
    <Product>
      <PriceUpdateDate>2022/03/18 06:40</PriceUpdateDate>
      <ItemCode>7290113197817</ItemCode>
      <ItemType>1</ItemType>
      <ItemName>בית השיטה חציל קלוי 670 גר`</ItemName>
      <ManufactureName>קבוצת אסם סחר</ManufactureName>
      <ManufactureCountry />
      <ManufactureItemDescription />
      <UnitQty>'יח</UnitQty>
      <Quantity>6.70</Quantity>
      <UnitMeasure>ל-100 גרם</UnitMeasure>
      <BisWeighted>0</BisWeighted>
      <QtyInPackage>1</QtyInPackage>
      <ItemPrice>11.90</ItemPrice>
      <UnitOfMeasurePrice>1.78</UnitOfMeasurePrice>
      <AllowDiscount>0</AllowDiscount>
      <itemStatus>1</itemStatus>
      <LastUpdateDate />
      <LastUpdateTime />
    </Product>
    <Product>
      <PriceUpdateDate>2022/08/04 07:36</PriceUpdateDate>
      <ItemCode>7290113197855</ItemCode>
      <ItemType>1</ItemType>
      <ItemName>תירס גמדי 230 גרם בית השיטה</ItemName>
      <ManufactureName>קבוצת אסם סחר</ManufactureName>
      <ManufactureCountry />
      <ManufactureItemDescription />
      <UnitQty>'יח</UnitQty>
      <Quantity>2.30</Quantity>
      <UnitMeasure>ל-100 גרם</UnitMeasure>
      <BisWeighted>0</BisWeighted>
      <QtyInPackage>1</QtyInPackage>
      <ItemPrice>9.90</ItemPrice>
      <UnitOfMeasurePrice>4.30</UnitOfMeasurePrice>
      <AllowDiscount>1</AllowDiscount>
      <itemStatus>1</itemStatus>
      <LastUpdateDate />
      <LastUpdateTime />
    </Product>
    <Product>
      <PriceUpdateDate>2022/03/27 15:27</PriceUpdateDate>
      <ItemCode>7290113198562</ItemCode>
      <ItemType>1</ItemType>
      <ItemName>סוכריות גומי בטעם תות שדה 200 גרם</ItemName>
      <ManufactureName>דין שיווק וקליה 2021 בעמ</ManufactureName>
      <ManufactureCountry />
      <ManufactureItemDescription />
      <UnitQty>'יח</UnitQty>
      <Quantity>2</Quantity>
      <UnitMeasure>ל-100 גרם</UnitMeasure>
      <BisWeighted>0</BisWeighted>
      <QtyInPackage>1</QtyInPackage>
      <ItemPrice>9.90</ItemPrice>
      <UnitOfMeasurePrice>4.95</UnitOfMeasurePrice>
      <AllowDiscount>0</AllowDiscount>
      <itemStatus>1</itemStatus>
      <LastUpdateDate />
      <LastUpdateTime />
    </Product>
    <Product>
      <PriceUpdateDate>2022/05/25 11:25</PriceUpdateDate>
      <ItemCode>7290113199781</ItemCode>
      <ItemType>1</ItemType>
      <ItemName>ממרח 100% אגוזים בוטנים  200 גר`</ItemName>
      <ManufactureName>דין שיווק וקליה 2021 בעמ</ManufactureName>
      <ManufactureCountry />
      <ManufactureItemDescription />
      <UnitQty>'יח</UnitQty>
      <Quantity>2</Quantity>
      <UnitMeasure>ל-100 גרם</UnitMeasure>
      <BisWeighted>0</BisWeighted>
      <QtyInPackage>1</QtyInPackage>
      <ItemPrice>15.90</ItemPrice>
      <UnitOfMeasurePrice>7.95</UnitOfMeasurePrice>
      <AllowDiscount>0</AllowDiscount>
      <itemStatus>1</itemStatus>
      <LastUpdateDate />
      <LastUpdateTime />
    </Product>
    <Product>
      <PriceUpdateDate>2022/03/27 15:27</PriceUpdateDate>
      <ItemCode>7290113199910</ItemCode>
      <ItemType>1</ItemType>
      <ItemName>סוכריות חמצוצים בטעם קולה 180 גרם</ItemName>
      <ManufactureName>דין שיווק וקליה 2021 בעמ</ManufactureName>
      <ManufactureCountry />
      <ManufactureItemDescription />
      <UnitQty>'יח</UnitQty>
      <Quantity>1.80</Quantity>
      <UnitMeasure>ל-100 גרם</UnitMeasure>
      <BisWeighted>0</BisWeighted>
      <QtyInPackage>1</QtyInPackage>
      <ItemPrice>9.90</ItemPrice>
      <UnitOfMeasurePrice>5.50</UnitOfMeasurePrice>
      <AllowDiscount>0</AllowDiscount>
      <itemStatus>1</itemStatus>
      <LastUpdateDate />
      <LastUpdateTime />
    </Product>
    <Product>
      <PriceUpdateDate>2022/11/01 11:47</PriceUpdateDate>
      <ItemCode>7290113300194</ItemCode>
      <ItemType>1</ItemType>
      <ItemName>פאוצ נתחוני לה קט עם עוף ברוטב</ItemName>
      <ManufactureName>שחורי אריה ואנסטסיה</ManufactureName>
      <ManufactureCountry />
      <ManufactureItemDescription />
      <UnitQty>'יח</UnitQty>
      <Quantity>0.85</Quantity>
      <UnitMeasure>ל-100 גרם</UnitMeasure>
      <BisWeighted>0</BisWeighted>
      <QtyInPackage>1</QtyInPackage>
      <ItemPrice>4.90</ItemPrice>
      <UnitOfMeasurePrice>5.76</UnitOfMeasurePrice>
      <AllowDiscount>0</AllowDiscount>
      <itemStatus>1</itemStatus>
      <LastUpdateDate />
      <LastUpdateTime />
    </Product>
    <Product>
      <PriceUpdateDate>2022/11/01 11:47</PriceUpdateDate>
      <ItemCode>7290113300200</ItemCode>
      <ItemType>1</ItemType>
      <ItemName>פאוצ נתחוני לה קט עם סלמון ברוטב סטריליי</ItemName>
      <ManufactureName>שחורי אריה ואנסטסיה</ManufactureName>
      <ManufactureCountry />
      <ManufactureItemDescription />
      <UnitQty>'יח</UnitQty>
      <Quantity>0.85</Quantity>
      <UnitMeasure>ל-100 גרם</UnitMeasure>
      <BisWeighted>0</BisWeighted>
      <QtyInPackage>1</QtyInPackage>
      <ItemPrice>4.90</ItemPrice>
      <UnitOfMeasurePrice>5.76</UnitOfMeasurePrice>
      <AllowDiscount>0</AllowDiscount>
      <itemStatus>1</itemStatus>
      <LastUpdateDate />
      <LastUpdateTime />
    </Product>
    <Product>
      <PriceUpdateDate>2022/11/01 11:47</PriceUpdateDate>
      <ItemCode>7290113300217</ItemCode>
      <ItemType>1</ItemType>
      <ItemName>פאוצ נתחוני לה קט עם בקר ברוטב</ItemName>
      <ManufactureName>שחורי אריה ואנסטסיה</ManufactureName>
      <ManufactureCountry />
      <ManufactureItemDescription />
      <UnitQty>'יח</UnitQty>
      <Quantity>0.85</Quantity>
      <UnitMeasure>ל-100 גרם</UnitMeasure>
      <BisWeighted>0</BisWeighted>
      <QtyInPackage>1</QtyInPackage>
      <ItemPrice>4.90</ItemPrice>
      <UnitOfMeasurePrice>5.76</UnitOfMeasurePrice>
      <AllowDiscount>0</AllowDiscount>
      <itemStatus>1</itemStatus>
      <LastUpdateDate />
      <LastUpdateTime />
    </Product>
    <Product>
      <PriceUpdateDate>2022/11/01 11:47</PriceUpdateDate>
      <ItemCode>7290113300224</ItemCode>
      <ItemType>1</ItemType>
      <ItemName>פאוצ נתחוני לה קט עם סלמון ברוטב</ItemName>
      <ManufactureName>שחורי אריה ואנסטסיה</ManufactureName>
      <ManufactureCountry />
      <ManufactureItemDescription />
      <UnitQty>'יח</UnitQty>
      <Quantity>0.85</Quantity>
      <UnitMeasure>ל-100 גרם</UnitMeasure>
      <BisWeighted>0</BisWeighted>
      <QtyInPackage>1</QtyInPackage>
      <ItemPrice>4.90</ItemPrice>
      <UnitOfMeasurePrice>5.76</UnitOfMeasurePrice>
      <AllowDiscount>0</AllowDiscount>
      <itemStatus>1</itemStatus>
      <LastUpdateDate />
      <LastUpdateTime />
    </Product>
    <Product>
      <PriceUpdateDate>2022/11/01 11:47</PriceUpdateDate>
      <ItemCode>7290113300231</ItemCode>
      <ItemType>1</ItemType>
      <ItemName>פאוצ נתחוני לה קט עם בקר בגלי</ItemName>
      <ManufactureName>שחורי אריה ואנסטסיה</ManufactureName>
      <ManufactureCountry />
      <ManufactureItemDescription />
      <UnitQty>'יח</UnitQty>
      <Quantity>0.85</Quantity>
      <UnitMeasure>ל-100 גרם</UnitMeasure>
      <BisWeighted>0</BisWeighted>
      <QtyInPackage>1</QtyInPackage>
      <ItemPrice>4.90</ItemPrice>
      <UnitOfMeasurePrice>5.76</UnitOfMeasurePrice>
      <AllowDiscount>0</AllowDiscount>
      <itemStatus>1</itemStatus>
      <LastUpdateDate />
      <LastUpdateTime />
    </Product>
    <Product>
      <PriceUpdateDate>2022/11/01 11:47</PriceUpdateDate>
      <ItemCode>7290113300248</ItemCode>
      <ItemType>1</ItemType>
      <ItemName>פאוצ נתחוני לה קט עם עוף בגלי</ItemName>
      <ManufactureName>שחורי אריה ואנסטסיה</ManufactureName>
      <ManufactureCountry />
      <ManufactureItemDescription />
      <UnitQty>'יח</UnitQty>
      <Quantity>0.85</Quantity>
      <UnitMeasure>ל-100 גרם</UnitMeasure>
      <BisWeighted>0</BisWeighted>
      <QtyInPackage>1</QtyInPackage>
      <ItemPrice>4.90</ItemPrice>
      <UnitOfMeasurePrice>5.76</UnitOfMeasurePrice>
      <AllowDiscount>0</AllowDiscount>
      <itemStatus>1</itemStatus>
      <LastUpdateDate />
      <LastUpdateTime />
    </Product>
    <Product>
      <PriceUpdateDate>2022/11/01 11:47</PriceUpdateDate>
      <ItemCode>7290113300255</ItemCode>
      <ItemType>1</ItemType>
      <ItemName>פאוצ נתחוני לה קט עם דג פורל בגלי</ItemName>
      <ManufactureName>שחורי אריה ואנסטסיה</ManufactureName>
      <ManufactureCountry />
      <ManufactureItemDescription />
      <UnitQty>'יח</UnitQty>
      <Quantity>0.85</Quantity>
      <UnitMeasure>ל-100 גרם</UnitMeasure>
      <BisWeighted>0</BisWeighted>
      <QtyInPackage>1</QtyInPackage>
      <ItemPrice>4.90</ItemPrice>
      <UnitOfMeasurePrice>5.76</UnitOfMeasurePrice>
      <AllowDiscount>0</AllowDiscount>
      <itemStatus>1</itemStatus>
      <LastUpdateDate />
      <LastUpdateTime />
    </Product>
    <Product>
      <PriceUpdateDate>2022/11/01 11:47</PriceUpdateDate>
      <ItemCode>7290113300330</ItemCode>
      <ItemType>1</ItemType>
      <ItemName>לה קט כבש סטיק 30 גרם</ItemName>
      <ManufactureName>שחורי אריה ואנסטסיה</ManufactureName>
      <ManufactureCountry />
      <ManufactureItemDescription />
      <UnitQty>'יח</UnitQty>
      <Quantity>0.30</Quantity>
      <UnitMeasure>ל-100 גרם</UnitMeasure>
      <BisWeighted>0</BisWeighted>
      <QtyInPackage>1</QtyInPackage>
      <ItemPrice>9.90</ItemPrice>
      <UnitOfMeasurePrice>33</UnitOfMeasurePrice>
      <AllowDiscount>0</AllowDiscount>
      <itemStatus>1</itemStatus>
      <LastUpdateDate />
      <LastUpdateTime />
    </Product>
    <Product>
      <PriceUpdateDate>2022/11/01 11:47</PriceUpdateDate>
      <ItemCode>7290113300347</ItemCode>
      <ItemType>1</ItemType>
      <ItemName>לה קט סלמון סטיק 30 גרם</ItemName>
      <ManufactureName>שחורי אריה ואנסטסיה</ManufactureName>
      <ManufactureCountry />
      <ManufactureItemDescription />
      <UnitQty>'יח</UnitQty>
      <Quantity>0.30</Quantity>
      <UnitMeasure>ל-100 גרם</UnitMeasure>
      <BisWeighted>0</BisWeighted>
      <QtyInPackage>1</QtyInPackage>
      <ItemPrice>9.90</ItemPrice>
      <UnitOfMeasurePrice>33</UnitOfMeasurePrice>
      <AllowDiscount>0</AllowDiscount>
      <itemStatus>1</itemStatus>
      <LastUpdateDate />
      <LastUpdateTime />
    </Product>
    <Product>
      <PriceUpdateDate>2022/11/01 11:47</PriceUpdateDate>
      <ItemCode>7290113300354</ItemCode>
      <ItemType>1</ItemType>
      <ItemName>לה קט סטיק עוף 30 גרם</ItemName>
      <ManufactureName>שחורי אריה ואנסטסיה</ManufactureName>
      <ManufactureCountry />
      <ManufactureItemDescription />
      <UnitQty>'יח</UnitQty>
      <Quantity>0.30</Quantity>
      <UnitMeasure>ל-100 גרם</UnitMeasure>
      <BisWeighted>0</BisWeighted>
      <QtyInPackage>1</QtyInPackage>
      <ItemPrice>9.90</ItemPrice>
      <UnitOfMeasurePrice>33</UnitOfMeasurePrice>
      <AllowDiscount>0</AllowDiscount>
      <itemStatus>1</itemStatus>
      <LastUpdateDate />
      <LastUpdateTime />
    </Product>
    <Product>
      <PriceUpdateDate>2022/11/01 11:47</PriceUpdateDate>
      <ItemCode>7290113301856</ItemCode>
      <ItemType>1</ItemType>
      <ItemName>עצם בקר ענקית</ItemName>
      <ManufactureName>שחורי אריה ואנסטסיה</ManufactureName>
      <ManufactureCountry />
      <ManufactureItemDescription />
      <UnitQty>'יח</UnitQty>
      <Quantity>1</Quantity>
      <UnitMeasure />
      <BisWeighted>0</BisWeighted>
      <QtyInPackage>1</QtyInPackage>
      <ItemPrice>49.90</ItemPrice>
      <UnitOfMeasurePrice>49.90</UnitOfMeasurePrice>
      <AllowDiscount>0</AllowDiscount>
      <itemStatus>1</itemStatus>
      <LastUpdateDate />
      <LastUpdateTime />
    </Product>
    <Product>
      <PriceUpdateDate>2022/11/01 11:47</PriceUpdateDate>
      <ItemCode>7290113302259</ItemCode>
      <ItemType>1</ItemType>
      <ItemName>חטיף בונזו נאגטס בקר ודג 80 גר</ItemName>
      <ManufactureName>שחורי אריה ואנסטסיה</ManufactureName>
      <ManufactureCountry />
      <ManufactureItemDescription />
      <UnitQty>'יח</UnitQty>
      <Quantity>0.80</Quantity>
      <UnitMeasure>ל-100 גרם</UnitMeasure>
      <BisWeighted>0</BisWeighted>
      <QtyInPackage>1</QtyInPackage>
      <ItemPrice>12.90</ItemPrice>
      <UnitOfMeasurePrice>16.13</UnitOfMeasurePrice>
      <AllowDiscount>0</AllowDiscount>
      <itemStatus>1</itemStatus>
      <LastUpdateDate />
      <LastUpdateTime />
    </Product>
    <Product>
      <PriceUpdateDate>2022/11/01 11:47</PriceUpdateDate>
      <ItemCode>7290113302266</ItemCode>
      <ItemType>1</ItemType>
      <ItemName>חטיף בונזו סטריפים בקר ודג 80 גר</ItemName>
      <ManufactureName>שחורי אריה ואנסטסיה</ManufactureName>
      <ManufactureCountry />
      <ManufactureItemDescription />
      <UnitQty>'יח</UnitQty>
      <Quantity>0.80</Quantity>
      <UnitMeasure>ל-100 גרם</UnitMeasure>
      <BisWeighted>0</BisWeighted>
      <QtyInPackage>1</QtyInPackage>
      <ItemPrice>12.90</ItemPrice>
      <UnitOfMeasurePrice>16.13</UnitOfMeasurePrice>
      <AllowDiscount>0</AllowDiscount>
      <itemStatus>1</itemStatus>
      <LastUpdateDate />
      <LastUpdateTime />
    </Product>
    <Product>
      <PriceUpdateDate>2022/11/01 11:47</PriceUpdateDate>
      <ItemCode>7290113302273</ItemCode>
      <ItemType>1</ItemType>
      <ItemName>חטיף בונזו עצם קלציום עוף 80 גר</ItemName>
      <ManufactureName>שחורי אריה ואנסטסיה</ManufactureName>
      <ManufactureCountry />
      <ManufactureItemDescription />
      <UnitQty>'יח</UnitQty>
      <Quantity>0.80</Quantity>
      <UnitMeasure>ל-100 גרם</UnitMeasure>
      <BisWeighted>0</BisWeighted>
      <QtyInPackage>1</QtyInPackage>
      <ItemPrice>12.90</ItemPrice>
      <UnitOfMeasurePrice>16.13</UnitOfMeasurePrice>
      <AllowDiscount>0</AllowDiscount>
      <itemStatus>1</itemStatus>
      <LastUpdateDate />
      <LastUpdateTime />
    </Product>
    <Product>
      <PriceUpdateDate>2022/11/01 11:47</PriceUpdateDate>
      <ItemCode>7290113302280</ItemCode>
      <ItemType>1</ItemType>
      <ItemName>חטיף בונזו צורת נקניקייה 80 גר</ItemName>
      <ManufactureName>שחורי אריה ואנסטסיה</ManufactureName>
      <ManufactureCountry />
      <ManufactureItemDescription />
      <UnitQty>'יח</UnitQty>
      <Quantity>0.80</Quantity>
      <UnitMeasure>ל-100 גרם</UnitMeasure>
      <BisWeighted>0</BisWeighted>
      <QtyInPackage>1</QtyInPackage>
      <ItemPrice>12.90</ItemPrice>
      <UnitOfMeasurePrice>16.13</UnitOfMeasurePrice>
      <AllowDiscount>0</AllowDiscount>
      <itemStatus>1</itemStatus>
      <LastUpdateDate />
      <LastUpdateTime />
    </Product>
    <Product>
      <PriceUpdateDate>2022/11/01 11:47</PriceUpdateDate>
      <ItemCode>7290113302297</ItemCode>
      <ItemType>1</ItemType>
      <ItemName>חטיף אנרגיה בונזו עוף ותפוח 80 גר</ItemName>
      <ManufactureName>שחורי אריה ואנסטסיה</ManufactureName>
      <ManufactureCountry />
      <ManufactureItemDescription />
      <UnitQty>'יח</UnitQty>
      <Quantity>0.80</Quantity>
      <UnitMeasure>ל-100 גרם</UnitMeasure>
      <BisWeighted>0</BisWeighted>
      <QtyInPackage>1</QtyInPackage>
      <ItemPrice>12.90</ItemPrice>
      <UnitOfMeasurePrice>16.13</UnitOfMeasurePrice>
      <AllowDiscount>0</AllowDiscount>
      <itemStatus>1</itemStatus>
      <LastUpdateDate />
      <LastUpdateTime />
    </Product>
    <Product>
      <PriceUpdateDate>2022/11/01 11:47</PriceUpdateDate>
      <ItemCode>7290113302303</ItemCode>
      <ItemType>1</ItemType>
      <ItemName>חטיף בונזו סטיקים תרד ותרד 80 גר</ItemName>
      <ManufactureName>שחורי אריה ואנסטסיה</ManufactureName>
      <ManufactureCountry />
      <ManufactureItemDescription />
      <UnitQty>'יח</UnitQty>
      <Quantity>0.80</Quantity>
      <UnitMeasure>ל-100 גרם</UnitMeasure>
      <BisWeighted>0</BisWeighted>
      <QtyInPackage>1</QtyInPackage>
      <ItemPrice>12.90</ItemPrice>
      <UnitOfMeasurePrice>16.13</UnitOfMeasurePrice>
      <AllowDiscount>0</AllowDiscount>
      <itemStatus>1</itemStatus>
      <LastUpdateDate />
      <LastUpdateTime />
    </Product>
    <Product>
      <PriceUpdateDate>2022/11/01 11:47</PriceUpdateDate>
      <ItemCode>7290113302310</ItemCode>
      <ItemType>1</ItemType>
      <ItemName>בונזו בטטה רול 80 גרם</ItemName>
      <ManufactureName>שחורי אריה ואנסטסיה</ManufactureName>
      <ManufactureCountry />
      <ManufactureItemDescription />
      <UnitQty>'יח</UnitQty>
      <Quantity>0.80</Quantity>
      <UnitMeasure>ל-100 גרם</UnitMeasure>
      <BisWeighted>0</BisWeighted>
      <QtyInPackage>1</QtyInPackage>
      <ItemPrice>12.90</ItemPrice>
      <UnitOfMeasurePrice>16.13</UnitOfMeasurePrice>
      <AllowDiscount>0</AllowDiscount>
      <itemStatus>1</itemStatus>
      <LastUpdateDate />
      <LastUpdateTime />
    </Product>
    <Product>
      <PriceUpdateDate>2022/11/01 11:47</PriceUpdateDate>
      <ItemCode>7290113302327</ItemCode>
      <ItemType>1</ItemType>
      <ItemName>חטיף בונזו טבעות עוף 80 גר</ItemName>
      <ManufactureName>שחורי אריה ואנסטסיה</ManufactureName>
      <ManufactureCountry />
      <ManufactureItemDescription />
      <UnitQty>'יח</UnitQty>
      <Quantity>0.80</Quantity>
      <UnitMeasure>ל-100 גרם</UnitMeasure>
      <BisWeighted>0</BisWeighted>
      <QtyInPackage>1</QtyInPackage>
      <ItemPrice>12.90</ItemPrice>
      <UnitOfMeasurePrice>16.13</UnitOfMeasurePrice>
      <AllowDiscount>0</AllowDiscount>
      <itemStatus>1</itemStatus>
      <LastUpdateDate />
      <LastUpdateTime />
    </Product>
    <Product>
      <PriceUpdateDate>2022/11/01 11:47</PriceUpdateDate>
      <ItemCode>7290113302334</ItemCode>
      <ItemType>1</ItemType>
      <ItemName>חטיפי עוף פריכים בצורת עצם 85 גר</ItemName>
      <ManufactureName>שחורי אריה ואנסטסיה</ManufactureName>
      <ManufactureCountry />
      <ManufactureItemDescription />
      <UnitQty>'יח</UnitQty>
      <Quantity>0.85</Quantity>
      <UnitMeasure>ל-100 גרם</UnitMeasure>
      <BisWeighted>0</BisWeighted>
      <QtyInPackage>1</QtyInPackage>
      <ItemPrice>12.90</ItemPrice>
      <UnitOfMeasurePrice>15.18</UnitOfMeasurePrice>
      <AllowDiscount>0</AllowDiscount>
      <itemStatus>1</itemStatus>
      <LastUpdateDate />
      <LastUpdateTime />
    </Product>
    <Product>
      <PriceUpdateDate>2022/11/01 11:47</PriceUpdateDate>
      <ItemCode>7290113302341</ItemCode>
      <ItemType>1</ItemType>
      <ItemName>חטיפי בנוזו עוף ואורז 80 גר</ItemName>
      <ManufactureName>שחורי אריה ואנסטסיה</ManufactureName>
      <ManufactureCountry />
      <ManufactureItemDescription />
      <UnitQty>'יח</UnitQty>
      <Quantity>0.80</Quantity>
      <UnitMeasure>ל-100 גרם</UnitMeasure>
      <BisWeighted>0</BisWeighted>
      <QtyInPackage>1</QtyInPackage>
      <ItemPrice>12.90</ItemPrice>
      <UnitOfMeasurePrice>16.13</UnitOfMeasurePrice>
      <AllowDiscount>0</AllowDiscount>
      <itemStatus>1</itemStatus>
      <LastUpdateDate />
      <LastUpdateTime />
    </Product>
    <Product>
      <PriceUpdateDate>2022/11/01 11:47</PriceUpdateDate>
      <ItemCode>7290113302358</ItemCode>
      <ItemType>1</ItemType>
      <ItemName>חטיפי בנוזו עוף צורת סושי 80 גר</ItemName>
      <ManufactureName>שחורי אריה ואנסטסיה</ManufactureName>
      <ManufactureCountry />
      <ManufactureItemDescription />
      <UnitQty>'יח</UnitQty>
      <Quantity>0.80</Quantity>
      <UnitMeasure>ל-100 גרם</UnitMeasure>
      <BisWeighted>0</BisWeighted>
      <QtyInPackage>1</QtyInPackage>
      <ItemPrice>12.90</ItemPrice>
      <UnitOfMeasurePrice>16.13</UnitOfMeasurePrice>
      <AllowDiscount>0</AllowDiscount>
      <itemStatus>1</itemStatus>
      <LastUpdateDate />
      <LastUpdateTime />
    </Product>
    <Product>
      <PriceUpdateDate>2022/11/01 11:47</PriceUpdateDate>
      <ItemCode>7290113302365</ItemCode>
      <ItemType>1</ItemType>
      <ItemName>חטיפי בנוזו ברווז צורת סושי 80 גר</ItemName>
      <ManufactureName>שחורי אריה ואנסטסיה</ManufactureName>
      <ManufactureCountry />
      <ManufactureItemDescription />
      <UnitQty>'יח</UnitQty>
      <Quantity>0.80</Quantity>
      <UnitMeasure>ל-100 גרם</UnitMeasure>
      <BisWeighted>0</BisWeighted>
      <QtyInPackage>1</QtyInPackage>
      <ItemPrice>12.90</ItemPrice>
      <UnitOfMeasurePrice>16.13</UnitOfMeasurePrice>
      <AllowDiscount>0</AllowDiscount>
      <itemStatus>1</itemStatus>
      <LastUpdateDate />
      <LastUpdateTime />
    </Product>
    <Product>
      <PriceUpdateDate>2022/11/01 11:47</PriceUpdateDate>
      <ItemCode>7290113302372</ItemCode>
      <ItemType>1</ItemType>
      <ItemName>חטיפי בנוזו סנדויץ במילוי אווז 80 גר</ItemName>
      <ManufactureName>שחורי אריה ואנסטסיה</ManufactureName>
      <ManufactureCountry />
      <ManufactureItemDescription />
      <UnitQty>'יח</UnitQty>
      <Quantity>0.80</Quantity>
      <UnitMeasure>ל-100 גרם</UnitMeasure>
      <BisWeighted>0</BisWeighted>
      <QtyInPackage>1</QtyInPackage>
      <ItemPrice>12.90</ItemPrice>
      <UnitOfMeasurePrice>16.13</UnitOfMeasurePrice>
      <AllowDiscount>0</AllowDiscount>
      <itemStatus>1</itemStatus>
      <LastUpdateDate />
      <LastUpdateTime />
    </Product>
    <Product>
      <PriceUpdateDate>2022/11/01 11:47</PriceUpdateDate>
      <ItemCode>7290113302389</ItemCode>
      <ItemType>1</ItemType>
      <ItemName>שיפוד סלמון ודג בקלה 80 גר</ItemName>
      <ManufactureName>שחורי אריה ואנסטסיה</ManufactureName>
      <ManufactureCountry />
      <ManufactureItemDescription />
      <UnitQty>'יח</UnitQty>
      <Quantity>0.80</Quantity>
      <UnitMeasure>ל-100 גרם</UnitMeasure>
      <BisWeighted>0</BisWeighted>
      <QtyInPackage>1</QtyInPackage>
      <ItemPrice>12.90</ItemPrice>
      <UnitOfMeasurePrice>16.13</UnitOfMeasurePrice>
      <AllowDiscount>0</AllowDiscount>
      <itemStatus>1</itemStatus>
      <LastUpdateDate />
      <LastUpdateTime />
    </Product>
    <Product>
      <PriceUpdateDate>2022/11/01 11:47</PriceUpdateDate>
      <ItemCode>7290113302396</ItemCode>
      <ItemType>1</ItemType>
      <ItemName>שיפוד כבש ודג בקלה 80 גר</ItemName>
      <ManufactureName>שחורי אריה ואנסטסיה</ManufactureName>
      <ManufactureCountry />
      <ManufactureItemDescription />
      <UnitQty>'יח</UnitQty>
      <Quantity>0.80</Quantity>
      <UnitMeasure>ל-100 גרם</UnitMeasure>
      <BisWeighted>0</BisWeighted>
      <QtyInPackage>1</QtyInPackage>
      <ItemPrice>12.90</ItemPrice>
      <UnitOfMeasurePrice>16.13</UnitOfMeasurePrice>
      <AllowDiscount>0</AllowDiscount>
      <itemStatus>1</itemStatus>
      <LastUpdateDate />
      <LastUpdateTime />
    </Product>
    <Product>
      <PriceUpdateDate>2022/11/01 11:47</PriceUpdateDate>
      <ItemCode>7290113303591</ItemCode>
      <ItemType>1</ItemType>
      <ItemName>חטיף בונזו סוויצוני עוף 80 גר</ItemName>
      <ManufactureName>שחורי אריה ואנסטסיה</ManufactureName>
      <ManufactureCountry />
      <ManufactureItemDescription />
      <UnitQty>'יח</UnitQty>
      <Quantity>0.80</Quantity>
      <UnitMeasure>ל-100 גרם</UnitMeasure>
      <BisWeighted>0</BisWeighted>
      <QtyInPackage>1</QtyInPackage>
      <ItemPrice>12.90</ItemPrice>
      <UnitOfMeasurePrice>16.13</UnitOfMeasurePrice>
      <AllowDiscount>0</AllowDiscount>
      <itemStatus>1</itemStatus>
      <LastUpdateDate />
      <LastUpdateTime />
    </Product>
    <Product>
      <PriceUpdateDate>2022/11/01 11:47</PriceUpdateDate>
      <ItemCode>7290113303607</ItemCode>
      <ItemType>1</ItemType>
      <ItemName>חטיף בונזו חטיפי עוף 80 גר</ItemName>
      <ManufactureName>שחורי אריה ואנסטסיה</ManufactureName>
      <ManufactureCountry />
      <ManufactureItemDescription />
      <UnitQty>'יח</UnitQty>
      <Quantity>0.80</Quantity>
      <UnitMeasure>ל-100 גרם</UnitMeasure>
      <BisWeighted>0</BisWeighted>
      <QtyInPackage>1</QtyInPackage>
      <ItemPrice>12.90</ItemPrice>
      <UnitOfMeasurePrice>16.13</UnitOfMeasurePrice>
      <AllowDiscount>0</AllowDiscount>
      <itemStatus>1</itemStatus>
      <LastUpdateDate />
      <LastUpdateTime />
    </Product>
    <Product>
      <PriceUpdateDate>2022/11/01 11:47</PriceUpdateDate>
      <ItemCode>7290113303614</ItemCode>
      <ItemType>1</ItemType>
      <ItemName>חטיף בונזו ברווז 80 גר</ItemName>
      <ManufactureName>שחורי אריה ואנסטסיה</ManufactureName>
      <ManufactureCountry />
      <ManufactureItemDescription />
      <UnitQty>'יח</UnitQty>
      <Quantity>0.80</Quantity>
      <UnitMeasure>ל-100 גרם</UnitMeasure>
      <BisWeighted>0</BisWeighted>
      <QtyInPackage>1</QtyInPackage>
      <ItemPrice>12.90</ItemPrice>
      <UnitOfMeasurePrice>16.13</UnitOfMeasurePrice>
      <AllowDiscount>0</AllowDiscount>
      <itemStatus>1</itemStatus>
      <LastUpdateDate />
      <LastUpdateTime />
    </Product>
    <Product>
      <PriceUpdateDate>2022/11/01 11:47</PriceUpdateDate>
      <ItemCode>7290113304772</ItemCode>
      <ItemType>1</ItemType>
      <ItemName>מגרדת קרטון טום</ItemName>
      <ManufactureName>שחורי אריה ואנסטסיה</ManufactureName>
      <ManufactureCountry />
      <ManufactureItemDescription />
      <UnitQty>'יח</UnitQty>
      <Quantity>1</Quantity>
      <UnitMeasure />
      <BisWeighted>0</BisWeighted>
      <QtyInPackage>1</QtyInPackage>
      <ItemPrice>25.90</ItemPrice>
      <UnitOfMeasurePrice>25.90</UnitOfMeasurePrice>
      <AllowDiscount>0</AllowDiscount>
      <itemStatus>1</itemStatus>
      <LastUpdateDate />
      <LastUpdateTime />
    </Product>
    <Product>
      <PriceUpdateDate>2022/11/01 11:47</PriceUpdateDate>
      <ItemCode>7290113304789</ItemCode>
      <ItemType>1</ItemType>
      <ItemName>מגרדת קרטון דאבל</ItemName>
      <ManufactureName>שחורי אריה ואנסטסיה</ManufactureName>
      <ManufactureCountry />
      <ManufactureItemDescription />
      <UnitQty>'יח</UnitQty>
      <Quantity>1</Quantity>
      <UnitMeasure />
      <BisWeighted>0</BisWeighted>
      <QtyInPackage>1</QtyInPackage>
      <ItemPrice>49.90</ItemPrice>
      <UnitOfMeasurePrice>49.90</UnitOfMeasurePrice>
      <AllowDiscount>0</AllowDiscount>
      <itemStatus>1</itemStatus>
      <LastUpdateDate />
      <LastUpdateTime />
    </Product>
    <Product>
      <PriceUpdateDate>2022/11/01 11:47</PriceUpdateDate>
      <ItemCode>7290113304796</ItemCode>
      <ItemType>1</ItemType>
      <ItemName>מגרדת קרטון רחבה</ItemName>
      <ManufactureName>שחורי אריה ואנסטסיה</ManufactureName>
      <ManufactureCountry />
      <ManufactureItemDescription />
      <UnitQty>'יח</UnitQty>
      <Quantity>1</Quantity>
      <UnitMeasure />
      <BisWeighted>0</BisWeighted>
      <QtyInPackage>1</QtyInPackage>
      <ItemPrice>35.90</ItemPrice>
      <UnitOfMeasurePrice>35.90</UnitOfMeasurePrice>
      <AllowDiscount>0</AllowDiscount>
      <itemStatus>1</itemStatus>
      <LastUpdateDate />
      <LastUpdateTime />
    </Product>
    <Product>
      <PriceUpdateDate>2022/11/01 11:47</PriceUpdateDate>
      <ItemCode>7290113304802</ItemCode>
      <ItemType>1</ItemType>
      <ItemName>מגרדת קרטון גל</ItemName>
      <ManufactureName>שחורי אריה ואנסטסיה</ManufactureName>
      <ManufactureCountry />
      <ManufactureItemDescription />
      <UnitQty>'יח</UnitQty>
      <Quantity>1</Quantity>
      <UnitMeasure />
      <BisWeighted>0</BisWeighted>
      <QtyInPackage>1</QtyInPackage>
      <ItemPrice>39.90</ItemPrice>
      <UnitOfMeasurePrice>39.90</UnitOfMeasurePrice>
      <AllowDiscount>0</AllowDiscount>
      <itemStatus>1</itemStatus>
      <LastUpdateDate />
      <LastUpdateTime />
    </Product>
    <Product>
      <PriceUpdateDate>2022/11/01 11:47</PriceUpdateDate>
      <ItemCode>7290113305809</ItemCode>
      <ItemType>1</ItemType>
      <ItemName>סופרים עוף לכלב 400 גרם</ItemName>
      <ManufactureName>שחורי אריה ואנסטסיה</ManufactureName>
      <ManufactureCountry />
      <ManufactureItemDescription />
      <UnitQty>'יח</UnitQty>
      <Quantity>4</Quantity>
      <UnitMeasure>ל-100 גרם</UnitMeasure>
      <BisWeighted>0</BisWeighted>
      <QtyInPackage>1</QtyInPackage>
      <ItemPrice>4</ItemPrice>
      <UnitOfMeasurePrice>1</UnitOfMeasurePrice>
      <AllowDiscount>0</AllowDiscount>
      <itemStatus>1</itemStatus>
      <LastUpdateDate />
      <LastUpdateTime />
    </Product>
    <Product>
      <PriceUpdateDate>2022/11/01 11:47</PriceUpdateDate>
      <ItemCode>7290113305816</ItemCode>
      <ItemType>1</ItemType>
      <ItemName>סופרים סלמון לכלב 400 גרם</ItemName>
      <ManufactureName>שחורי אריה ואנסטסיה</ManufactureName>
      <ManufactureCountry />
      <ManufactureItemDescription />
      <UnitQty>'יח</UnitQty>
      <Quantity>4</Quantity>
      <UnitMeasure>ל-100 גרם</UnitMeasure>
      <BisWeighted>0</BisWeighted>
      <QtyInPackage>1</QtyInPackage>
      <ItemPrice>4</ItemPrice>
      <UnitOfMeasurePrice>1</UnitOfMeasurePrice>
      <AllowDiscount>0</AllowDiscount>
      <itemStatus>1</itemStatus>
      <LastUpdateDate />
      <LastUpdateTime />
    </Product>
    <Product>
      <PriceUpdateDate>2022/11/01 11:47</PriceUpdateDate>
      <ItemCode>7290113305823</ItemCode>
      <ItemType>1</ItemType>
      <ItemName>סופרים כבש לכלב 400 גרם</ItemName>
      <ManufactureName>שחורי אריה ואנסטסיה</ManufactureName>
      <ManufactureCountry />
      <ManufactureItemDescription />
      <UnitQty>'יח</UnitQty>
      <Quantity>4</Quantity>
      <UnitMeasure>ל-100 גרם</UnitMeasure>
      <BisWeighted>0</BisWeighted>
      <QtyInPackage>1</QtyInPackage>
      <ItemPrice>4</ItemPrice>
      <UnitOfMeasurePrice>1</UnitOfMeasurePrice>
      <AllowDiscount>0</AllowDiscount>
      <itemStatus>1</itemStatus>
      <LastUpdateDate />
      <LastUpdateTime />
    </Product>
    <Product>
      <PriceUpdateDate>2022/11/01 11:47</PriceUpdateDate>
      <ItemCode>7290113305830</ItemCode>
      <ItemType>1</ItemType>
      <ItemName>סופרים עוף לחתול 400 גרם</ItemName>
      <ManufactureName>שחורי אריה ואנסטסיה</ManufactureName>
      <ManufactureCountry />
      <ManufactureItemDescription />
      <UnitQty>'יח</UnitQty>
      <Quantity>4</Quantity>
      <UnitMeasure>ל-100 גרם</UnitMeasure>
      <BisWeighted>0</BisWeighted>
      <QtyInPackage>1</QtyInPackage>
      <ItemPrice>4</ItemPrice>
      <UnitOfMeasurePrice>1</UnitOfMeasurePrice>
      <AllowDiscount>0</AllowDiscount>
      <itemStatus>1</itemStatus>
      <LastUpdateDate />
      <LastUpdateTime />
    </Product>
    <Product>
      <PriceUpdateDate>2022/11/01 11:47</PriceUpdateDate>
      <ItemCode>7290113305847</ItemCode>
      <ItemType>1</ItemType>
      <ItemName>סופרים סלמון לחתול 400 גרם</ItemName>
      <ManufactureName>שחורי אריה ואנסטסיה</ManufactureName>
      <ManufactureCountry />
      <ManufactureItemDescription />
      <UnitQty>'יח</UnitQty>
      <Quantity>4</Quantity>
      <UnitMeasure>ל-100 גרם</UnitMeasure>
      <BisWeighted>0</BisWeighted>
      <QtyInPackage>1</QtyInPackage>
      <ItemPrice>4</ItemPrice>
      <UnitOfMeasurePrice>1</UnitOfMeasurePrice>
      <AllowDiscount>0</AllowDiscount>
      <itemStatus>1</itemStatus>
      <LastUpdateDate />
      <LastUpdateTime />
    </Product>
    <Product>
      <PriceUpdateDate>2022/11/01 11:47</PriceUpdateDate>
      <ItemCode>7290113305854</ItemCode>
      <ItemType>1</ItemType>
      <ItemName>סופרים בקר לחתול 400 גרם</ItemName>
      <ManufactureName>שחורי אריה ואנסטסיה</ManufactureName>
      <ManufactureCountry />
      <ManufactureItemDescription />
      <UnitQty>'יח</UnitQty>
      <Quantity>4</Quantity>
      <UnitMeasure>ל-100 גרם</UnitMeasure>
      <BisWeighted>0</BisWeighted>
      <QtyInPackage>1</QtyInPackage>
      <ItemPrice>4</ItemPrice>
      <UnitOfMeasurePrice>1</UnitOfMeasurePrice>
      <AllowDiscount>0</AllowDiscount>
      <itemStatus>1</itemStatus>
      <LastUpdateDate />
      <LastUpdateTime />
    </Product>
    <Product>
      <PriceUpdateDate>2022/09/08 16:31</PriceUpdateDate>
      <ItemCode>7290114310215</ItemCode>
      <ItemType>1</ItemType>
      <ItemName>שמנת מתוקה 38% בבקבוק 250 מ"ל</ItemName>
      <ManufactureName>החברה המרכזית להפצה</ManufactureName>
      <ManufactureCountry />
      <ManufactureItemDescription />
      <UnitQty>'יח</UnitQty>
      <Quantity>2.50</Quantity>
      <UnitMeasure>ל-100 מ"ל</UnitMeasure>
      <BisWeighted>0</BisWeighted>
      <QtyInPackage>1</QtyInPackage>
      <ItemPrice>6.40</ItemPrice>
      <UnitOfMeasurePrice>2.56</UnitOfMeasurePrice>
      <AllowDiscount>0</AllowDiscount>
      <itemStatus>1</itemStatus>
      <LastUpdateDate />
      <LastUpdateTime />
    </Product>
    <Product>
      <PriceUpdateDate>2020/11/29 15:06</PriceUpdateDate>
      <ItemCode>7290114310338</ItemCode>
      <ItemType>1</ItemType>
      <ItemName>גבינה צפתית מעודנת צוריאל %5 225 ג</ItemName>
      <ManufactureName>החברה המרכזית להפצה</ManufactureName>
      <ManufactureCountry />
      <ManufactureItemDescription />
      <UnitQty>'יח</UnitQty>
      <Quantity>2.50</Quantity>
      <UnitMeasure>ל-100 גרם</UnitMeasure>
      <BisWeighted>0</BisWeighted>
      <QtyInPackage>1</QtyInPackage>
      <ItemPrice>18.90</ItemPrice>
      <UnitOfMeasurePrice>7.56</UnitOfMeasurePrice>
      <AllowDiscount>1</AllowDiscount>
      <itemStatus>1</itemStatus>
      <LastUpdateDate />
      <LastUpdateTime />
    </Product>
    <Product>
      <PriceUpdateDate>2021/01/27 14:40</PriceUpdateDate>
      <ItemCode>7290114310536</ItemCode>
      <ItemType>1</ItemType>
      <ItemName>יוגורט 25 גר` חלבון מולר וניל  200 ג</ItemName>
      <ManufactureName>החברה המרכזית להפצה</ManufactureName>
      <ManufactureCountry />
      <ManufactureItemDescription />
      <UnitQty>'יח</UnitQty>
      <Quantity>2</Quantity>
      <UnitMeasure>ל-100 גרם</UnitMeasure>
      <BisWeighted>0</BisWeighted>
      <QtyInPackage>1</QtyInPackage>
      <ItemPrice>5.90</ItemPrice>
      <UnitOfMeasurePrice>2.95</UnitOfMeasurePrice>
      <AllowDiscount>1</AllowDiscount>
      <itemStatus>1</itemStatus>
      <LastUpdateDate />
      <LastUpdateTime />
    </Product>
    <Product>
      <PriceUpdateDate>2022/10/19 16:47</PriceUpdateDate>
      <ItemCode>7290114310550</ItemCode>
      <ItemType>1</ItemType>
      <ItemName>פטה עיזים מעודנת 5% 200 גר`</ItemName>
      <ManufactureName>החברה המרכזית להפצה</ManufactureName>
      <ManufactureCountry />
      <ManufactureItemDescription />
      <UnitQty>'יח</UnitQty>
      <Quantity>2</Quantity>
      <UnitMeasure>ל-100 גרם</UnitMeasure>
      <BisWeighted>0</BisWeighted>
      <QtyInPackage>1</QtyInPackage>
      <ItemPrice>26.90</ItemPrice>
      <UnitOfMeasurePrice>13.45</UnitOfMeasurePrice>
      <AllowDiscount>0</AllowDiscount>
      <itemStatus>1</itemStatus>
      <LastUpdateDate />
      <LastUpdateTime />
    </Product>
    <Product>
      <PriceUpdateDate>2022/10/13 16:26</PriceUpdateDate>
      <ItemCode>7290114310628</ItemCode>
      <ItemType>1</ItemType>
      <ItemName>משקה חלב וניל עוגיות 1 ל`</ItemName>
      <ManufactureName>החברה המרכזית להפצה</ManufactureName>
      <ManufactureCountry />
      <ManufactureItemDescription />
      <UnitQty>'יח</UnitQty>
      <Quantity>10</Quantity>
      <UnitMeasure>ל-100 מ"ל</UnitMeasure>
      <BisWeighted>0</BisWeighted>
      <QtyInPackage>1</QtyInPackage>
      <ItemPrice>11.90</ItemPrice>
      <UnitOfMeasurePrice>1.19</UnitOfMeasurePrice>
      <AllowDiscount>1</AllowDiscount>
      <itemStatus>1</itemStatus>
      <LastUpdateDate />
      <LastUpdateTime />
    </Product>
    <Product>
      <PriceUpdateDate>2022/10/19 16:47</PriceUpdateDate>
      <ItemCode>7290114310895</ItemCode>
      <ItemType>1</ItemType>
      <ItemName>מאגדת שמינייה תות מנגו 15%</ItemName>
      <ManufactureName>החברה המרכזית להפצה</ManufactureName>
      <ManufactureCountry />
      <ManufactureItemDescription />
      <UnitQty>'יח</UnitQty>
      <Quantity>3.80</Quantity>
      <UnitMeasure>ל-100 מ"ל</UnitMeasure>
      <BisWeighted>0</BisWeighted>
      <QtyInPackage>1</QtyInPackage>
      <ItemPrice>32.90</ItemPrice>
      <UnitOfMeasurePrice>8.66</UnitOfMeasurePrice>
      <AllowDiscount>0</AllowDiscount>
      <itemStatus>1</itemStatus>
      <LastUpdateDate />
      <LastUpdateTime />
    </Product>
    <Product>
      <PriceUpdateDate>2022/09/08 16:31</PriceUpdateDate>
      <ItemCode>7290114310901</ItemCode>
      <ItemType>1</ItemType>
      <ItemName>גבינה לבנה 5% 250 גרם</ItemName>
      <ManufactureName>החברה המרכזית להפצה</ManufactureName>
      <ManufactureCountry />
      <ManufactureItemDescription />
      <UnitQty>'יח</UnitQty>
      <Quantity>2.50</Quantity>
      <UnitMeasure>ל-100 גרם</UnitMeasure>
      <BisWeighted>0</BisWeighted>
      <QtyInPackage>1</QtyInPackage>
      <ItemPrice>4.98</ItemPrice>
      <UnitOfMeasurePrice>1.99</UnitOfMeasurePrice>
      <AllowDiscount>0</AllowDiscount>
      <itemStatus>1</itemStatus>
      <LastUpdateDate />
      <LastUpdateTime />
    </Product>
    <Product>
      <PriceUpdateDate>2021/07/22 15:12</PriceUpdateDate>
      <ItemCode>7290114310918</ItemCode>
      <ItemType>1</ItemType>
      <ItemName> קוטג`טרה 5% מועשר 250 גרם</ItemName>
      <ManufactureName>החברה המרכזית להפצה</ManufactureName>
      <ManufactureCountry />
      <ManufactureItemDescription />
      <UnitQty>'יח</UnitQty>
      <Quantity>2.50</Quantity>
      <UnitMeasure>ל-100 גרם</UnitMeasure>
      <BisWeighted>0</BisWeighted>
      <QtyInPackage>1</QtyInPackage>
      <ItemPrice>5.50</ItemPrice>
      <UnitOfMeasurePrice>2.20</UnitOfMeasurePrice>
      <AllowDiscount>0</AllowDiscount>
      <itemStatus>1</itemStatus>
      <LastUpdateDate />
      <LastUpdateTime />
    </Product>
    <Product>
      <PriceUpdateDate>2022/02/10 15:11</PriceUpdateDate>
      <ItemCode>7290114311069</ItemCode>
      <ItemType>1</ItemType>
      <ItemName>יוגורט 25 גר` חלבון מולר אקטיב0% 200</ItemName>
      <ManufactureName>החברה המרכזית להפצה</ManufactureName>
      <ManufactureCountry />
      <ManufactureItemDescription />
      <UnitQty>'יח</UnitQty>
      <Quantity>2</Quantity>
      <UnitMeasure>ל-100 גרם</UnitMeasure>
      <BisWeighted>0</BisWeighted>
      <QtyInPackage>1</QtyInPackage>
      <ItemPrice>5.90</ItemPrice>
      <UnitOfMeasurePrice>2.95</UnitOfMeasurePrice>
      <AllowDiscount>1</AllowDiscount>
      <itemStatus>1</itemStatus>
      <LastUpdateDate />
      <LastUpdateTime />
    </Product>
    <Product>
      <PriceUpdateDate>2022/06/06 17:46</PriceUpdateDate>
      <ItemCode>7290114311298</ItemCode>
      <ItemType>1</ItemType>
      <ItemName>מולר יוגורט עם קציפת תות בננה  3% 150ג</ItemName>
      <ManufactureName>החברה המרכזית להפצה</ManufactureName>
      <ManufactureCountry />
      <ManufactureItemDescription />
      <UnitQty>'יח</UnitQty>
      <Quantity>1.50</Quantity>
      <UnitMeasure>ל-100 מ"ל</UnitMeasure>
      <BisWeighted>0</BisWeighted>
      <QtyInPackage>1</QtyInPackage>
      <ItemPrice>5.20</ItemPrice>
      <UnitOfMeasurePrice>3.47</UnitOfMeasurePrice>
      <AllowDiscount>0</AllowDiscount>
      <itemStatus>1</itemStatus>
      <LastUpdateDate />
      <LastUpdateTime />
    </Product>
    <Product>
      <PriceUpdateDate>2022/06/06 17:46</PriceUpdateDate>
      <ItemCode>7290114311304</ItemCode>
      <ItemType>1</ItemType>
      <ItemName>מולר יוגורט עם קציפת מנגו פסיפלורה בננה</ItemName>
      <ManufactureName>החברה המרכזית להפצה</ManufactureName>
      <ManufactureCountry />
      <ManufactureItemDescription />
      <UnitQty>'יח</UnitQty>
      <Quantity>1.50</Quantity>
      <UnitMeasure>ל-100 מ"ל</UnitMeasure>
      <BisWeighted>0</BisWeighted>
      <QtyInPackage>1</QtyInPackage>
      <ItemPrice>5.20</ItemPrice>
      <UnitOfMeasurePrice>3.47</UnitOfMeasurePrice>
      <AllowDiscount>0</AllowDiscount>
      <itemStatus>1</itemStatus>
      <LastUpdateDate />
      <LastUpdateTime />
    </Product>
    <Product>
      <PriceUpdateDate>2022/06/22 10:19</PriceUpdateDate>
      <ItemCode>7290114311359</ItemCode>
      <ItemType>1</ItemType>
      <ItemName>מולר יוגורט עם קציפת מנגו 3% 150 גרם</ItemName>
      <ManufactureName>החברה המרכזית להפצה</ManufactureName>
      <ManufactureCountry />
      <ManufactureItemDescription />
      <UnitQty>'יח</UnitQty>
      <Quantity>1.50</Quantity>
      <UnitMeasure>ל-100 מ"ל</UnitMeasure>
      <BisWeighted>0</BisWeighted>
      <QtyInPackage>1</QtyInPackage>
      <ItemPrice>5.20</ItemPrice>
      <UnitOfMeasurePrice>3.47</UnitOfMeasurePrice>
      <AllowDiscount>0</AllowDiscount>
      <itemStatus>1</itemStatus>
      <LastUpdateDate />
      <LastUpdateTime />
    </Product>
    <Product>
      <PriceUpdateDate>2022/10/30 19:04</PriceUpdateDate>
      <ItemCode>7290114311526</ItemCode>
      <ItemType>1</ItemType>
      <ItemName>מולר יוגורט עם קציפת תפוז גי`נג`ר 150ג</ItemName>
      <ManufactureName>החברה המרכזית להפצה</ManufactureName>
      <ManufactureCountry />
      <ManufactureItemDescription />
      <UnitQty>'יח</UnitQty>
      <Quantity>1.50</Quantity>
      <UnitMeasure>ל-100 מ"ל</UnitMeasure>
      <BisWeighted>0</BisWeighted>
      <QtyInPackage>1</QtyInPackage>
      <ItemPrice>5.50</ItemPrice>
      <UnitOfMeasurePrice>3.67</UnitOfMeasurePrice>
      <AllowDiscount>0</AllowDiscount>
      <itemStatus>1</itemStatus>
      <LastUpdateDate />
      <LastUpdateTime />
    </Product>
    <Product>
      <PriceUpdateDate>2022/10/30 19:04</PriceUpdateDate>
      <ItemCode>7290114311533</ItemCode>
      <ItemType>1</ItemType>
      <ItemName>מולר יוגורט עם קציפת פרי בטעם סנגריה</ItemName>
      <ManufactureName>החברה המרכזית להפצה</ManufactureName>
      <ManufactureCountry />
      <ManufactureItemDescription />
      <UnitQty>'יח</UnitQty>
      <Quantity>1.50</Quantity>
      <UnitMeasure>ל-100 מ"ל</UnitMeasure>
      <BisWeighted>0</BisWeighted>
      <QtyInPackage>1</QtyInPackage>
      <ItemPrice>5.50</ItemPrice>
      <UnitOfMeasurePrice>3.67</UnitOfMeasurePrice>
      <AllowDiscount>0</AllowDiscount>
      <itemStatus>1</itemStatus>
      <LastUpdateDate />
      <LastUpdateTime />
    </Product>
    <Product>
      <PriceUpdateDate>2022/10/30 19:04</PriceUpdateDate>
      <ItemCode>7290114311557</ItemCode>
      <ItemType>1</ItemType>
      <ItemName>יוגורט  מולר+ נטורל עם גרנולה ומייפל</ItemName>
      <ManufactureName>החברה המרכזית להפצה</ManufactureName>
      <ManufactureCountry />
      <ManufactureItemDescription />
      <UnitQty>'יח</UnitQty>
      <Quantity>1</Quantity>
      <UnitMeasure>ל-100 גרם</UnitMeasure>
      <BisWeighted>0</BisWeighted>
      <QtyInPackage>1</QtyInPackage>
      <ItemPrice>6.90</ItemPrice>
      <UnitOfMeasurePrice>6.90</UnitOfMeasurePrice>
      <AllowDiscount>0</AllowDiscount>
      <itemStatus>1</itemStatus>
      <LastUpdateDate />
      <LastUpdateTime />
    </Product>
    <Product>
      <PriceUpdateDate>2020/10/18 12:22</PriceUpdateDate>
      <ItemCode>7290114600927</ItemCode>
      <ItemType>1</ItemType>
      <ItemName>מאסטר שף עלי טורטיה חיטה מלאה 320 גר`</ItemName>
      <ManufactureName>ש. שסטוביץ בע`מ</ManufactureName>
      <ManufactureCountry />
      <ManufactureItemDescription />
      <UnitQty>'יח</UnitQty>
      <Quantity>3.20</Quantity>
      <UnitMeasure>ל-100 גרם</UnitMeasure>
      <BisWeighted>0</BisWeighted>
      <QtyInPackage>1</QtyInPackage>
      <ItemPrice>9.90</ItemPrice>
      <UnitOfMeasurePrice>3.09</UnitOfMeasurePrice>
      <AllowDiscount>0</AllowDiscount>
      <itemStatus>1</itemStatus>
      <LastUpdateDate />
      <LastUpdateTime />
    </Product>
    <Product>
      <PriceUpdateDate>2022/01/19 11:02</PriceUpdateDate>
      <ItemCode>7290114600941</ItemCode>
      <ItemType>1</ItemType>
      <ItemName>מאסטר שף מיונז לחיץ 435 גרם</ItemName>
      <ManufactureName>ש. שסטוביץ בע`מ</ManufactureName>
      <ManufactureCountry />
      <ManufactureItemDescription />
      <UnitQty>'יח</UnitQty>
      <Quantity>4.35</Quantity>
      <UnitMeasure>ל-100 גרם</UnitMeasure>
      <BisWeighted>0</BisWeighted>
      <QtyInPackage>1</QtyInPackage>
      <ItemPrice>13.90</ItemPrice>
      <UnitOfMeasurePrice>3.20</UnitOfMeasurePrice>
      <AllowDiscount>0</AllowDiscount>
      <itemStatus>1</itemStatus>
      <LastUpdateDate />
      <LastUpdateTime />
    </Product>
    <Product>
      <PriceUpdateDate>2020/07/09 08:52</PriceUpdateDate>
      <ItemCode>7290114600996</ItemCode>
      <ItemType>1</ItemType>
      <ItemName>מאסטר שף רוטב שום 256 גרם</ItemName>
      <ManufactureName>ש. שסטוביץ בע`מ</ManufactureName>
      <ManufactureCountry />
      <ManufactureItemDescription />
      <UnitQty>'יח</UnitQty>
      <Quantity>2.50</Quantity>
      <UnitMeasure>ל-100 גרם</UnitMeasure>
      <BisWeighted>0</BisWeighted>
      <QtyInPackage>1</QtyInPackage>
      <ItemPrice>9.90</ItemPrice>
      <UnitOfMeasurePrice>3.96</UnitOfMeasurePrice>
      <AllowDiscount>0</AllowDiscount>
      <itemStatus>1</itemStatus>
      <LastUpdateDate />
      <LastUpdateTime />
    </Product>
    <Product>
      <PriceUpdateDate>2022/04/14 09:11</PriceUpdateDate>
      <ItemCode>7290114603034</ItemCode>
      <ItemType>1</ItemType>
      <ItemName>פריי גרנולה אגוזים צימוקים וחמוציות</ItemName>
      <ManufactureName>ש. שסטוביץ בע`מ</ManufactureName>
      <ManufactureCountry />
      <ManufactureItemDescription />
      <UnitQty>'יח</UnitQty>
      <Quantity>1.25</Quantity>
      <UnitMeasure>ל-100 גרם</UnitMeasure>
      <BisWeighted>0</BisWeighted>
      <QtyInPackage>1</QtyInPackage>
      <ItemPrice>15.90</ItemPrice>
      <UnitOfMeasurePrice>12.72</UnitOfMeasurePrice>
      <AllowDiscount>0</AllowDiscount>
      <itemStatus>1</itemStatus>
      <LastUpdateDate />
      <LastUpdateTime />
    </Product>
    <Product>
      <PriceUpdateDate>2021/12/01 10:09</PriceUpdateDate>
      <ItemCode>7290114603768</ItemCode>
      <ItemType>1</ItemType>
      <ItemName>אג`קס שירותים 750 מ"ל מארז זוגות</ItemName>
      <ManufactureName>ש. שסטוביץ בע`מ</ManufactureName>
      <ManufactureCountry />
      <ManufactureItemDescription />
      <UnitQty>'יח</UnitQty>
      <Quantity>7.50</Quantity>
      <UnitMeasure>ל-100 מ"ל</UnitMeasure>
      <BisWeighted>0</BisWeighted>
      <QtyInPackage>1</QtyInPackage>
      <ItemPrice>29.90</ItemPrice>
      <UnitOfMeasurePrice>3.99</UnitOfMeasurePrice>
      <AllowDiscount>0</AllowDiscount>
      <itemStatus>1</itemStatus>
      <LastUpdateDate />
      <LastUpdateTime />
    </Product>
    <Product>
      <PriceUpdateDate>2022/01/19 11:02</PriceUpdateDate>
      <ItemCode>7290114604895</ItemCode>
      <ItemType>1</ItemType>
      <ItemName>מאסטר שף מיונז ספייסי לחיץ 446 גרם</ItemName>
      <ManufactureName>ש. שסטוביץ בע`מ</ManufactureName>
      <ManufactureCountry />
      <ManufactureItemDescription />
      <UnitQty>'יח</UnitQty>
      <Quantity>4.35</Quantity>
      <UnitMeasure>ל-100 גרם</UnitMeasure>
      <BisWeighted>0</BisWeighted>
      <QtyInPackage>1</QtyInPackage>
      <ItemPrice>13.90</ItemPrice>
      <UnitOfMeasurePrice>3.20</UnitOfMeasurePrice>
      <AllowDiscount>0</AllowDiscount>
      <itemStatus>1</itemStatus>
      <LastUpdateDate />
      <LastUpdateTime />
    </Product>
    <Product>
      <PriceUpdateDate>2022/01/19 11:02</PriceUpdateDate>
      <ItemCode>7290114604901</ItemCode>
      <ItemType>1</ItemType>
      <ItemName>מאסטר שף ממרח שום לחיץ 444 גר`</ItemName>
      <ManufactureName>ש. שסטוביץ בע`מ</ManufactureName>
      <ManufactureCountry />
      <ManufactureItemDescription />
      <UnitQty>'יח</UnitQty>
      <Quantity>4.35</Quantity>
      <UnitMeasure>ל-100 גרם</UnitMeasure>
      <BisWeighted>0</BisWeighted>
      <QtyInPackage>1</QtyInPackage>
      <ItemPrice>13.90</ItemPrice>
      <UnitOfMeasurePrice>3.20</UnitOfMeasurePrice>
      <AllowDiscount>0</AllowDiscount>
      <itemStatus>1</itemStatus>
      <LastUpdateDate />
      <LastUpdateTime />
    </Product>
    <Product>
      <PriceUpdateDate>2021/04/19 13:37</PriceUpdateDate>
      <ItemCode>7290114604932</ItemCode>
      <ItemType>1</ItemType>
      <ItemName>מאסטר שף רוטב ברביקיו דבש 524 גר`</ItemName>
      <ManufactureName>ש. שסטוביץ בע`מ</ManufactureName>
      <ManufactureCountry />
      <ManufactureItemDescription />
      <UnitQty>'יח</UnitQty>
      <Quantity>5.24</Quantity>
      <UnitMeasure>ל-100 גרם</UnitMeasure>
      <BisWeighted>0</BisWeighted>
      <QtyInPackage>1</QtyInPackage>
      <ItemPrice>12.90</ItemPrice>
      <UnitOfMeasurePrice>2.46</UnitOfMeasurePrice>
      <AllowDiscount>1</AllowDiscount>
      <itemStatus>1</itemStatus>
      <LastUpdateDate />
      <LastUpdateTime />
    </Product>
    <Product>
      <PriceUpdateDate>2021/04/19 13:37</PriceUpdateDate>
      <ItemCode>7290114604949</ItemCode>
      <ItemType>1</ItemType>
      <ItemName>מאסטר שף רוטב ברביקיו 524 גר`</ItemName>
      <ManufactureName>ש. שסטוביץ בע`מ</ManufactureName>
      <ManufactureCountry />
      <ManufactureItemDescription />
      <UnitQty>'יח</UnitQty>
      <Quantity>5.24</Quantity>
      <UnitMeasure>ל-100 גרם</UnitMeasure>
      <BisWeighted>0</BisWeighted>
      <QtyInPackage>1</QtyInPackage>
      <ItemPrice>12.90</ItemPrice>
      <UnitOfMeasurePrice>2.46</UnitOfMeasurePrice>
      <AllowDiscount>1</AllowDiscount>
      <itemStatus>1</itemStatus>
      <LastUpdateDate />
      <LastUpdateTime />
    </Product>
    <Product>
      <PriceUpdateDate>2021/08/08 13:53</PriceUpdateDate>
      <ItemCode>7290114604963</ItemCode>
      <ItemType>1</ItemType>
      <ItemName>מנה פירורי לחם מתובלים 230 גר`</ItemName>
      <ManufactureName>ש. שסטוביץ בע`מ</ManufactureName>
      <ManufactureCountry />
      <ManufactureItemDescription />
      <UnitQty>'יח</UnitQty>
      <Quantity>2.30</Quantity>
      <UnitMeasure>ל-100 גרם</UnitMeasure>
      <BisWeighted>0</BisWeighted>
      <QtyInPackage>1</QtyInPackage>
      <ItemPrice>6.90</ItemPrice>
      <UnitOfMeasurePrice>3</UnitOfMeasurePrice>
      <AllowDiscount>0</AllowDiscount>
      <itemStatus>1</itemStatus>
      <LastUpdateDate />
      <LastUpdateTime />
    </Product>
    <Product>
      <PriceUpdateDate>2022/01/19 11:02</PriceUpdateDate>
      <ItemCode>7290114606530</ItemCode>
      <ItemType>1</ItemType>
      <ItemName>מאסטר שף רוטב בטעם מיונז וקטשופ 515 גר</ItemName>
      <ManufactureName>ש. שסטוביץ בע`מ</ManufactureName>
      <ManufactureCountry />
      <ManufactureItemDescription />
      <UnitQty>'יח</UnitQty>
      <Quantity>4.35</Quantity>
      <UnitMeasure>ל-100 גרם</UnitMeasure>
      <BisWeighted>0</BisWeighted>
      <QtyInPackage>1</QtyInPackage>
      <ItemPrice>13.90</ItemPrice>
      <UnitOfMeasurePrice>3.20</UnitOfMeasurePrice>
      <AllowDiscount>0</AllowDiscount>
      <itemStatus>1</itemStatus>
      <LastUpdateDate />
      <LastUpdateTime />
    </Product>
    <Product>
      <PriceUpdateDate>2022/01/19 11:02</PriceUpdateDate>
      <ItemCode>7290114606554</ItemCode>
      <ItemType>1</ItemType>
      <ItemName>מאסטר שף מיונז לייט  470 גר</ItemName>
      <ManufactureName>ש. שסטוביץ בע`מ</ManufactureName>
      <ManufactureCountry />
      <ManufactureItemDescription />
      <UnitQty>'יח</UnitQty>
      <Quantity>4.35</Quantity>
      <UnitMeasure>ל-100 גרם</UnitMeasure>
      <BisWeighted>0</BisWeighted>
      <QtyInPackage>1</QtyInPackage>
      <ItemPrice>13.90</ItemPrice>
      <UnitOfMeasurePrice>3.20</UnitOfMeasurePrice>
      <AllowDiscount>0</AllowDiscount>
      <itemStatus>1</itemStatus>
      <LastUpdateDate />
      <LastUpdateTime />
    </Product>
    <Product>
      <PriceUpdateDate>2022/01/19 11:02</PriceUpdateDate>
      <ItemCode>7290114606561</ItemCode>
      <ItemType>1</ItemType>
      <ItemName>איטריות אורז דקות 400 גרם מאסטר שף</ItemName>
      <ManufactureName>ש. שסטוביץ בע`מ</ManufactureName>
      <ManufactureCountry />
      <ManufactureItemDescription />
      <UnitQty>'יח</UnitQty>
      <Quantity>4</Quantity>
      <UnitMeasure>ל-100 מ"ל</UnitMeasure>
      <BisWeighted>0</BisWeighted>
      <QtyInPackage>1</QtyInPackage>
      <ItemPrice>8.90</ItemPrice>
      <UnitOfMeasurePrice>2.23</UnitOfMeasurePrice>
      <AllowDiscount>0</AllowDiscount>
      <itemStatus>1</itemStatus>
      <LastUpdateDate />
      <LastUpdateTime />
    </Product>
    <Product>
      <PriceUpdateDate>2021/08/03 16:24</PriceUpdateDate>
      <ItemCode>7290114606578</ItemCode>
      <ItemType>1</ItemType>
      <ItemName>שקדי מרק 400 גרם מאסטר שף</ItemName>
      <ManufactureName>ש. שסטוביץ בע`מ</ManufactureName>
      <ManufactureCountry />
      <ManufactureItemDescription />
      <UnitQty>'יח</UnitQty>
      <Quantity>4</Quantity>
      <UnitMeasure>ל-100 גרם</UnitMeasure>
      <BisWeighted>0</BisWeighted>
      <QtyInPackage>1</QtyInPackage>
      <ItemPrice>9.90</ItemPrice>
      <UnitOfMeasurePrice>2.48</UnitOfMeasurePrice>
      <AllowDiscount>0</AllowDiscount>
      <itemStatus>1</itemStatus>
      <LastUpdateDate />
      <LastUpdateTime />
    </Product>
    <Product>
      <PriceUpdateDate>2022/01/19 11:02</PriceUpdateDate>
      <ItemCode>7290114608695</ItemCode>
      <ItemType>1</ItemType>
      <ItemName>מאסטר שף מיונז עם ווסאבי 241 גרם</ItemName>
      <ManufactureName>ש. שסטוביץ בע`מ</ManufactureName>
      <ManufactureCountry />
      <ManufactureItemDescription />
      <UnitQty>'יח</UnitQty>
      <Quantity>2.41</Quantity>
      <UnitMeasure>ל-100 גרם</UnitMeasure>
      <BisWeighted>0</BisWeighted>
      <QtyInPackage>1</QtyInPackage>
      <ItemPrice>13.90</ItemPrice>
      <UnitOfMeasurePrice>5.77</UnitOfMeasurePrice>
      <AllowDiscount>0</AllowDiscount>
      <itemStatus>1</itemStatus>
      <LastUpdateDate />
      <LastUpdateTime />
    </Product>
    <Product>
      <PriceUpdateDate>2022/03/27 11:47</PriceUpdateDate>
      <ItemCode>7290115073676</ItemCode>
      <ItemType>1</ItemType>
      <ItemName>מסכה לפנים חד"פ 50  יח`צבעוני</ItemName>
      <ManufactureName>שמחה זה אנחנו בע`מ</ManufactureName>
      <ManufactureCountry />
      <ManufactureItemDescription />
      <UnitQty>'יח</UnitQty>
      <Quantity>0</Quantity>
      <UnitMeasure>'יח</UnitMeasure>
      <BisWeighted>0</BisWeighted>
      <QtyInPackage>1</QtyInPackage>
      <ItemPrice>7.90</ItemPrice>
      <UnitOfMeasurePrice>7.90</UnitOfMeasurePrice>
      <AllowDiscount>0</AllowDiscount>
      <itemStatus>1</itemStatus>
      <LastUpdateDate />
      <LastUpdateTime />
    </Product>
    <Product>
      <PriceUpdateDate>2021/08/05 16:09</PriceUpdateDate>
      <ItemCode>7290115200003</ItemCode>
      <ItemType>1</ItemType>
      <ItemName>פתי בר פינוקי וניל 220 גר`</ItemName>
      <ManufactureName>קבוצת אסם סחר</ManufactureName>
      <ManufactureCountry />
      <ManufactureItemDescription />
      <UnitQty>'יח</UnitQty>
      <Quantity>2.20</Quantity>
      <UnitMeasure>ל-100 גרם</UnitMeasure>
      <BisWeighted>0</BisWeighted>
      <QtyInPackage>1</QtyInPackage>
      <ItemPrice>10.90</ItemPrice>
      <UnitOfMeasurePrice>4.95</UnitOfMeasurePrice>
      <AllowDiscount>1</AllowDiscount>
      <itemStatus>1</itemStatus>
      <LastUpdateDate />
      <LastUpdateTime />
    </Product>
    <Product>
      <PriceUpdateDate>2021/08/05 16:09</PriceUpdateDate>
      <ItemCode>7290115200027</ItemCode>
      <ItemType>1</ItemType>
      <ItemName>פתי בר פינוקי שוקו 220 גר`</ItemName>
      <ManufactureName>קבוצת אסם סחר</ManufactureName>
      <ManufactureCountry />
      <ManufactureItemDescription />
      <UnitQty>'יח</UnitQty>
      <Quantity>2.20</Quantity>
      <UnitMeasure>ל-100 גרם</UnitMeasure>
      <BisWeighted>0</BisWeighted>
      <QtyInPackage>1</QtyInPackage>
      <ItemPrice>10.90</ItemPrice>
      <UnitOfMeasurePrice>4.95</UnitOfMeasurePrice>
      <AllowDiscount>1</AllowDiscount>
      <itemStatus>1</itemStatus>
      <LastUpdateDate />
      <LastUpdateTime />
    </Product>
    <Product>
      <PriceUpdateDate>2020/08/05 11:29</PriceUpdateDate>
      <ItemCode>7290115200676</ItemCode>
      <ItemType>1</ItemType>
      <ItemName>קרמעוגית קרמל מלוח 200 גר`</ItemName>
      <ManufactureName>קבוצת אסם סחר</ManufactureName>
      <ManufactureCountry />
      <ManufactureItemDescription />
      <UnitQty>'יח</UnitQty>
      <Quantity>2</Quantity>
      <UnitMeasure>ל-100 גרם</UnitMeasure>
      <BisWeighted>0</BisWeighted>
      <QtyInPackage>1</QtyInPackage>
      <ItemPrice>10.90</ItemPrice>
      <UnitOfMeasurePrice>5.45</UnitOfMeasurePrice>
      <AllowDiscount>1</AllowDiscount>
      <itemStatus>1</itemStatus>
      <LastUpdateDate />
      <LastUpdateTime />
    </Product>
    <Product>
      <PriceUpdateDate>2020/07/09 08:52</PriceUpdateDate>
      <ItemCode>7290115200713</ItemCode>
      <ItemType>1</ItemType>
      <ItemName>במבה קלאסי מארז אחיד 5*50 גר`</ItemName>
      <ManufactureName>קבוצת אסם סחר</ManufactureName>
      <ManufactureCountry />
      <ManufactureItemDescription />
      <UnitQty>'יח</UnitQty>
      <Quantity>2.50</Quantity>
      <UnitMeasure>ל-100 גרם</UnitMeasure>
      <BisWeighted>0</BisWeighted>
      <QtyInPackage>1</QtyInPackage>
      <ItemPrice>11.90</ItemPrice>
      <UnitOfMeasurePrice>4.76</UnitOfMeasurePrice>
      <AllowDiscount>1</AllowDiscount>
      <itemStatus>1</itemStatus>
      <LastUpdateDate />
      <LastUpdateTime />
    </Product>
    <Product>
      <PriceUpdateDate>2021/08/05 16:09</PriceUpdateDate>
      <ItemCode>7290115201031</ItemCode>
      <ItemType>1</ItemType>
      <ItemName>פתי בר דובי שוקולד  220 גר`</ItemName>
      <ManufactureName>קבוצת אסם סחר</ManufactureName>
      <ManufactureCountry />
      <ManufactureItemDescription />
      <UnitQty>'יח</UnitQty>
      <Quantity>2.20</Quantity>
      <UnitMeasure>ל-100 גרם</UnitMeasure>
      <BisWeighted>0</BisWeighted>
      <QtyInPackage>1</QtyInPackage>
      <ItemPrice>10.90</ItemPrice>
      <UnitOfMeasurePrice>4.95</UnitOfMeasurePrice>
      <AllowDiscount>1</AllowDiscount>
      <itemStatus>1</itemStatus>
      <LastUpdateDate />
      <LastUpdateTime />
    </Product>
    <Product>
      <PriceUpdateDate>2022/07/24 18:01</PriceUpdateDate>
      <ItemCode>7290115201680</ItemCode>
      <ItemType>1</ItemType>
      <ItemName>ביסלי ברביקיו 70 גר`</ItemName>
      <ManufactureName>קבוצת אסם סחר</ManufactureName>
      <ManufactureCountry />
      <ManufactureItemDescription />
      <UnitQty>'יח</UnitQty>
      <Quantity>0.70</Quantity>
      <UnitMeasure>ל-100 גרם</UnitMeasure>
      <BisWeighted>0</BisWeighted>
      <QtyInPackage>1</QtyInPackage>
      <ItemPrice>3.90</ItemPrice>
      <UnitOfMeasurePrice>5.57</UnitOfMeasurePrice>
      <AllowDiscount>1</AllowDiscount>
      <itemStatus>1</itemStatus>
      <LastUpdateDate />
      <LastUpdateTime />
    </Product>
    <Product>
      <PriceUpdateDate>2022/02/21 20:23</PriceUpdateDate>
      <ItemCode>7290115201727</ItemCode>
      <ItemType>1</ItemType>
      <ItemName>ביסלי בצל גדול 200 גר`</ItemName>
      <ManufactureName>קבוצת אסם סחר</ManufactureName>
      <ManufactureCountry />
      <ManufactureItemDescription />
      <UnitQty>'יח</UnitQty>
      <Quantity>2</Quantity>
      <UnitMeasure>ל-100 גרם</UnitMeasure>
      <BisWeighted>0</BisWeighted>
      <QtyInPackage>1</QtyInPackage>
      <ItemPrice>7.90</ItemPrice>
      <UnitOfMeasurePrice>3.95</UnitOfMeasurePrice>
      <AllowDiscount>1</AllowDiscount>
      <itemStatus>1</itemStatus>
      <LastUpdateDate />
      <LastUpdateTime />
    </Product>
    <Product>
      <PriceUpdateDate>2021/04/01 07:20</PriceUpdateDate>
      <ItemCode>7290115202748</ItemCode>
      <ItemType>1</ItemType>
      <ItemName>קטשופ על האש 710 מ"ל</ItemName>
      <ManufactureName>קבוצת אסם סחר</ManufactureName>
      <ManufactureCountry />
      <ManufactureItemDescription />
      <UnitQty>'יח</UnitQty>
      <Quantity>7.50</Quantity>
      <UnitMeasure>ל-100 גרם</UnitMeasure>
      <BisWeighted>0</BisWeighted>
      <QtyInPackage>1</QtyInPackage>
      <ItemPrice>11.90</ItemPrice>
      <UnitOfMeasurePrice>1.59</UnitOfMeasurePrice>
      <AllowDiscount>1</AllowDiscount>
      <itemStatus>1</itemStatus>
      <LastUpdateDate />
      <LastUpdateTime />
    </Product>
    <Product>
      <PriceUpdateDate>2021/04/01 07:20</PriceUpdateDate>
      <ItemCode>7290115202786</ItemCode>
      <ItemType>1</ItemType>
      <ItemName>מנה חמה פאוצ` בקר 70 גר`</ItemName>
      <ManufactureName>קבוצת אסם סחר</ManufactureName>
      <ManufactureCountry />
      <ManufactureItemDescription />
      <UnitQty>'יח</UnitQty>
      <Quantity>7</Quantity>
      <UnitMeasure>ל-100 גרם</UnitMeasure>
      <BisWeighted>0</BisWeighted>
      <QtyInPackage>1</QtyInPackage>
      <ItemPrice>4.90</ItemPrice>
      <UnitOfMeasurePrice>0.70</UnitOfMeasurePrice>
      <AllowDiscount>1</AllowDiscount>
      <itemStatus>1</itemStatus>
      <LastUpdateDate />
      <LastUpdateTime />
    </Product>
    <Product>
      <PriceUpdateDate>2021/04/01 07:20</PriceUpdateDate>
      <ItemCode>7290115202847</ItemCode>
      <ItemType>1</ItemType>
      <ItemName>מנה חמה פאוצ` ספייסי 70 גר`</ItemName>
      <ManufactureName>קבוצת אסם סחר</ManufactureName>
      <ManufactureCountry />
      <ManufactureItemDescription />
      <UnitQty>'יח</UnitQty>
      <Quantity>7</Quantity>
      <UnitMeasure>ל-100 גרם</UnitMeasure>
      <BisWeighted>0</BisWeighted>
      <QtyInPackage>1</QtyInPackage>
      <ItemPrice>4.90</ItemPrice>
      <UnitOfMeasurePrice>0.70</UnitOfMeasurePrice>
      <AllowDiscount>1</AllowDiscount>
      <itemStatus>1</itemStatus>
      <LastUpdateDate />
      <LastUpdateTime />
    </Product>
    <Product>
      <PriceUpdateDate>2021/10/27 15:40</PriceUpdateDate>
      <ItemCode>7290115202939</ItemCode>
      <ItemType>1</ItemType>
      <ItemName>מנה חמה רייס נודלס עוף פטריות 50 גרם</ItemName>
      <ManufactureName>קבוצת אסם סחר</ManufactureName>
      <ManufactureCountry />
      <ManufactureItemDescription />
      <UnitQty>'יח</UnitQty>
      <Quantity>5</Quantity>
      <UnitMeasure>ל-100 גרם</UnitMeasure>
      <BisWeighted>0</BisWeighted>
      <QtyInPackage>1</QtyInPackage>
      <ItemPrice>7.90</ItemPrice>
      <UnitOfMeasurePrice>1.58</UnitOfMeasurePrice>
      <AllowDiscount>1</AllowDiscount>
      <itemStatus>1</itemStatus>
      <LastUpdateDate />
      <LastUpdateTime />
    </Product>
    <Product>
      <PriceUpdateDate>2022/07/24 18:01</PriceUpdateDate>
      <ItemCode>7290115203134</ItemCode>
      <ItemType>1</ItemType>
      <ItemName>פופקו פופקורן במבה 80 גר`</ItemName>
      <ManufactureName>קבוצת אסם סחר</ManufactureName>
      <ManufactureCountry />
      <ManufactureItemDescription />
      <UnitQty>'יח</UnitQty>
      <Quantity>0.80</Quantity>
      <UnitMeasure>ל-100 גרם</UnitMeasure>
      <BisWeighted>0</BisWeighted>
      <QtyInPackage>1</QtyInPackage>
      <ItemPrice>3.90</ItemPrice>
      <UnitOfMeasurePrice>4.88</UnitOfMeasurePrice>
      <AllowDiscount>1</AllowDiscount>
      <itemStatus>1</itemStatus>
      <LastUpdateDate />
      <LastUpdateTime />
    </Product>
    <Product>
      <PriceUpdateDate>2022/07/04 08:42</PriceUpdateDate>
      <ItemCode>7290115203172</ItemCode>
      <ItemType>1</ItemType>
      <ItemName>במבה אסם פרו 80 גרם</ItemName>
      <ManufactureName>קבוצת אסם סחר</ManufactureName>
      <ManufactureCountry />
      <ManufactureItemDescription />
      <UnitQty>'יח</UnitQty>
      <Quantity>0.80</Quantity>
      <UnitMeasure>ל-100 גרם</UnitMeasure>
      <BisWeighted>0</BisWeighted>
      <QtyInPackage>1</QtyInPackage>
      <ItemPrice>4.50</ItemPrice>
      <UnitOfMeasurePrice>5.63</UnitOfMeasurePrice>
      <AllowDiscount>1</AllowDiscount>
      <itemStatus>1</itemStatus>
      <LastUpdateDate />
      <LastUpdateTime />
    </Product>
    <Product>
      <PriceUpdateDate>2021/04/01 07:20</PriceUpdateDate>
      <ItemCode>7290115203295</ItemCode>
      <ItemType>1</ItemType>
      <ItemName>פרפקטו פסטה ריציאולי 500 גרם</ItemName>
      <ManufactureName>קבוצת אסם סחר</ManufactureName>
      <ManufactureCountry />
      <ManufactureItemDescription />
      <UnitQty>'יח</UnitQty>
      <Quantity>5</Quantity>
      <UnitMeasure>ל-100 גרם</UnitMeasure>
      <BisWeighted>0</BisWeighted>
      <QtyInPackage>1</QtyInPackage>
      <ItemPrice>10</ItemPrice>
      <UnitOfMeasurePrice>2</UnitOfMeasurePrice>
      <AllowDiscount>0</AllowDiscount>
      <itemStatus>1</itemStatus>
      <LastUpdateDate />
      <LastUpdateTime />
    </Product>
    <Product>
      <PriceUpdateDate>2022/07/24 18:01</PriceUpdateDate>
      <ItemCode>7290115204056</ItemCode>
      <ItemType>1</ItemType>
      <ItemName>קטשופ אסם מופחת סוכר כשלפ 750 מל`</ItemName>
      <ManufactureName>קבוצת אסם סחר</ManufactureName>
      <ManufactureCountry />
      <ManufactureItemDescription />
      <UnitQty>'יח</UnitQty>
      <Quantity>7.50</Quantity>
      <UnitMeasure>ל-100 גרם</UnitMeasure>
      <BisWeighted>0</BisWeighted>
      <QtyInPackage>1</QtyInPackage>
      <ItemPrice>11.90</ItemPrice>
      <UnitOfMeasurePrice>1.59</UnitOfMeasurePrice>
      <AllowDiscount>1</AllowDiscount>
      <itemStatus>1</itemStatus>
      <LastUpdateDate />
      <LastUpdateTime />
    </Product>
    <Product>
      <PriceUpdateDate>2022/04/14 09:32</PriceUpdateDate>
      <ItemCode>7290115204995</ItemCode>
      <ItemType>1</ItemType>
      <ItemName>לחמית ים תיכונית 160 גרם</ItemName>
      <ManufactureName>קבוצת אסם סחר</ManufactureName>
      <ManufactureCountry />
      <ManufactureItemDescription />
      <UnitQty>'יח</UnitQty>
      <Quantity>1.60</Quantity>
      <UnitMeasure>ל-100 גרם</UnitMeasure>
      <BisWeighted>0</BisWeighted>
      <QtyInPackage>1</QtyInPackage>
      <ItemPrice>8.90</ItemPrice>
      <UnitOfMeasurePrice>5.56</UnitOfMeasurePrice>
      <AllowDiscount>1</AllowDiscount>
      <itemStatus>1</itemStatus>
      <LastUpdateDate />
      <LastUpdateTime />
    </Product>
    <Product>
      <PriceUpdateDate>2022/04/14 09:32</PriceUpdateDate>
      <ItemCode>7290115205312</ItemCode>
      <ItemType>1</ItemType>
      <ItemName>פיטנס קרקר זיתים 140 גרם</ItemName>
      <ManufactureName>קבוצת אסם סחר</ManufactureName>
      <ManufactureCountry />
      <ManufactureItemDescription />
      <UnitQty>'יח</UnitQty>
      <Quantity>1.40</Quantity>
      <UnitMeasure>ל-100 גרם</UnitMeasure>
      <BisWeighted>0</BisWeighted>
      <QtyInPackage>1</QtyInPackage>
      <ItemPrice>11.90</ItemPrice>
      <UnitOfMeasurePrice>8.50</UnitOfMeasurePrice>
      <AllowDiscount>1</AllowDiscount>
      <itemStatus>1</itemStatus>
      <LastUpdateDate />
      <LastUpdateTime />
    </Product>
    <Product>
      <PriceUpdateDate>2022/05/11 11:36</PriceUpdateDate>
      <ItemCode>7290115205527</ItemCode>
      <ItemType>1</ItemType>
      <ItemName>פיטנס חטיף מולטיגריין עדשים 25 גר`</ItemName>
      <ManufactureName>קבוצת אסם סחר</ManufactureName>
      <ManufactureCountry />
      <ManufactureItemDescription />
      <UnitQty>'יח</UnitQty>
      <Quantity>0.25</Quantity>
      <UnitMeasure>ל-100 גרם</UnitMeasure>
      <BisWeighted>0</BisWeighted>
      <QtyInPackage>1</QtyInPackage>
      <ItemPrice>4.90</ItemPrice>
      <UnitOfMeasurePrice>19.60</UnitOfMeasurePrice>
      <AllowDiscount>0</AllowDiscount>
      <itemStatus>1</itemStatus>
      <LastUpdateDate />
      <LastUpdateTime />
    </Product>
    <Product>
      <PriceUpdateDate>2022/01/10 15:18</PriceUpdateDate>
      <ItemCode>7290115205978</ItemCode>
      <ItemType>1</ItemType>
      <ItemName>פתי בר אצבעות שוקולד אוסם 180 גר`</ItemName>
      <ManufactureName>קבוצת אסם סחר</ManufactureName>
      <ManufactureCountry />
      <ManufactureItemDescription />
      <UnitQty>'יח</UnitQty>
      <Quantity>1.80</Quantity>
      <UnitMeasure>ל-100 גרם</UnitMeasure>
      <BisWeighted>0</BisWeighted>
      <QtyInPackage>1</QtyInPackage>
      <ItemPrice>10.90</ItemPrice>
      <UnitOfMeasurePrice>6.06</UnitOfMeasurePrice>
      <AllowDiscount>0</AllowDiscount>
      <itemStatus>1</itemStatus>
      <LastUpdateDate />
      <LastUpdateTime />
    </Product>
    <Product>
      <PriceUpdateDate>2022/04/14 09:32</PriceUpdateDate>
      <ItemCode>7290115207361</ItemCode>
      <ItemType>1</ItemType>
      <ItemName>פתי בר-פיסטוק 500 גרם</ItemName>
      <ManufactureName>קבוצת אסם סחר</ManufactureName>
      <ManufactureCountry />
      <ManufactureItemDescription />
      <UnitQty>'יח</UnitQty>
      <Quantity>5</Quantity>
      <UnitMeasure>ל-100 גרם</UnitMeasure>
      <BisWeighted>0</BisWeighted>
      <QtyInPackage>1</QtyInPackage>
      <ItemPrice>11.90</ItemPrice>
      <UnitOfMeasurePrice>2.38</UnitOfMeasurePrice>
      <AllowDiscount>1</AllowDiscount>
      <itemStatus>1</itemStatus>
      <LastUpdateDate />
      <LastUpdateTime />
    </Product>
    <Product>
      <PriceUpdateDate>2022/03/18 06:40</PriceUpdateDate>
      <ItemCode>7290115207507</ItemCode>
      <ItemType>1</ItemType>
      <ItemName>סלט טורקי צבר 360 גרם</ItemName>
      <ManufactureName>קבוצת אסם סחר</ManufactureName>
      <ManufactureCountry />
      <ManufactureItemDescription />
      <UnitQty>'יח</UnitQty>
      <Quantity>3.60</Quantity>
      <UnitMeasure>ל-100 גרם</UnitMeasure>
      <BisWeighted>0</BisWeighted>
      <QtyInPackage>1</QtyInPackage>
      <ItemPrice>16.90</ItemPrice>
      <UnitOfMeasurePrice>4.69</UnitOfMeasurePrice>
      <AllowDiscount>0</AllowDiscount>
      <itemStatus>1</itemStatus>
      <LastUpdateDate />
      <LastUpdateTime />
    </Product>
    <Product>
      <PriceUpdateDate>2022/06/08 10:37</PriceUpdateDate>
      <ItemCode>7290115207682</ItemCode>
      <ItemType>1</ItemType>
      <ItemName>רוטב סויה סיני 290 מ"ל</ItemName>
      <ManufactureName>קבוצת אסם סחר</ManufactureName>
      <ManufactureCountry />
      <ManufactureItemDescription />
      <UnitQty>'יח</UnitQty>
      <Quantity>2.90</Quantity>
      <UnitMeasure>ל-100 מ"ל</UnitMeasure>
      <BisWeighted>0</BisWeighted>
      <QtyInPackage>1</QtyInPackage>
      <ItemPrice>10.90</ItemPrice>
      <UnitOfMeasurePrice>3.76</UnitOfMeasurePrice>
      <AllowDiscount>0</AllowDiscount>
      <itemStatus>1</itemStatus>
      <LastUpdateDate />
      <LastUpdateTime />
    </Product>
    <Product>
      <PriceUpdateDate>2022/05/08 19:10</PriceUpdateDate>
      <ItemCode>7290115207880</ItemCode>
      <ItemType>1</ItemType>
      <ItemName>ויטמינציק פטל 2 ליטר</ItemName>
      <ManufactureName>קבוצת אסם סחר</ManufactureName>
      <ManufactureCountry />
      <ManufactureItemDescription />
      <UnitQty>'יח</UnitQty>
      <Quantity>1</Quantity>
      <UnitMeasure />
      <BisWeighted>0</BisWeighted>
      <QtyInPackage>1</QtyInPackage>
      <ItemPrice>39.90</ItemPrice>
      <UnitOfMeasurePrice>39.90</UnitOfMeasurePrice>
      <AllowDiscount>1</AllowDiscount>
      <itemStatus>1</itemStatus>
      <LastUpdateDate />
      <LastUpdateTime />
    </Product>
    <Product>
      <PriceUpdateDate>2022/05/08 19:10</PriceUpdateDate>
      <ItemCode>7290115207941</ItemCode>
      <ItemType>1</ItemType>
      <ItemName>ויטמינציק אננס 1 ליטר</ItemName>
      <ManufactureName>קבוצת אסם סחר</ManufactureName>
      <ManufactureCountry />
      <ManufactureItemDescription />
      <UnitQty>'יח</UnitQty>
      <Quantity>10</Quantity>
      <UnitMeasure>ל-100 מ"ל</UnitMeasure>
      <BisWeighted>0</BisWeighted>
      <QtyInPackage>1</QtyInPackage>
      <ItemPrice>20.90</ItemPrice>
      <UnitOfMeasurePrice>2.09</UnitOfMeasurePrice>
      <AllowDiscount>1</AllowDiscount>
      <itemStatus>1</itemStatus>
      <LastUpdateDate />
      <LastUpdateTime />
    </Product>
    <Product>
      <PriceUpdateDate>2022/05/08 19:10</PriceUpdateDate>
      <ItemCode>7290115207965</ItemCode>
      <ItemType>1</ItemType>
      <ItemName>ויטמינציק מנגו אפרסק 1 ליטר</ItemName>
      <ManufactureName>קבוצת אסם סחר</ManufactureName>
      <ManufactureCountry />
      <ManufactureItemDescription />
      <UnitQty>'יח</UnitQty>
      <Quantity>10</Quantity>
      <UnitMeasure>ל-100 מ"ל</UnitMeasure>
      <BisWeighted>0</BisWeighted>
      <QtyInPackage>1</QtyInPackage>
      <ItemPrice>20.90</ItemPrice>
      <UnitOfMeasurePrice>2.09</UnitOfMeasurePrice>
      <AllowDiscount>1</AllowDiscount>
      <itemStatus>1</itemStatus>
      <LastUpdateDate />
      <LastUpdateTime />
    </Product>
    <Product>
      <PriceUpdateDate>2022/05/08 19:10</PriceUpdateDate>
      <ItemCode>7290115207989</ItemCode>
      <ItemType>1</ItemType>
      <ItemName>ויטמינציק לימון  1 ליטר</ItemName>
      <ManufactureName>קבוצת אסם סחר</ManufactureName>
      <ManufactureCountry />
      <ManufactureItemDescription />
      <UnitQty>'יח</UnitQty>
      <Quantity>10</Quantity>
      <UnitMeasure>ל-100 מ"ל</UnitMeasure>
      <BisWeighted>0</BisWeighted>
      <QtyInPackage>1</QtyInPackage>
      <ItemPrice>20.90</ItemPrice>
      <UnitOfMeasurePrice>2.09</UnitOfMeasurePrice>
      <AllowDiscount>1</AllowDiscount>
      <itemStatus>1</itemStatus>
      <LastUpdateDate />
      <LastUpdateTime />
    </Product>
    <Product>
      <PriceUpdateDate>2022/05/08 19:10</PriceUpdateDate>
      <ItemCode>7290115208009</ItemCode>
      <ItemType>1</ItemType>
      <ItemName>ויטמינציק ענבים 1 ליטר</ItemName>
      <ManufactureName>קבוצת אסם סחר</ManufactureName>
      <ManufactureCountry />
      <ManufactureItemDescription />
      <UnitQty>'יח</UnitQty>
      <Quantity>10</Quantity>
      <UnitMeasure>ל-100 מ"ל</UnitMeasure>
      <BisWeighted>0</BisWeighted>
      <QtyInPackage>1</QtyInPackage>
      <ItemPrice>20.90</ItemPrice>
      <UnitOfMeasurePrice>2.09</UnitOfMeasurePrice>
      <AllowDiscount>1</AllowDiscount>
      <itemStatus>1</itemStatus>
      <LastUpdateDate />
      <LastUpdateTime />
    </Product>
    <Product>
      <PriceUpdateDate>2022/05/08 19:10</PriceUpdateDate>
      <ItemCode>7290115208047</ItemCode>
      <ItemType>1</ItemType>
      <ItemName>ויטמינציק פטל 1 ליטר</ItemName>
      <ManufactureName>קבוצת אסם סחר</ManufactureName>
      <ManufactureCountry />
      <ManufactureItemDescription />
      <UnitQty>'יח</UnitQty>
      <Quantity>10</Quantity>
      <UnitMeasure>ל-100 מ"ל</UnitMeasure>
      <BisWeighted>0</BisWeighted>
      <QtyInPackage>1</QtyInPackage>
      <ItemPrice>20.90</ItemPrice>
      <UnitOfMeasurePrice>2.09</UnitOfMeasurePrice>
      <AllowDiscount>1</AllowDiscount>
      <itemStatus>1</itemStatus>
      <LastUpdateDate />
      <LastUpdateTime />
    </Product>
    <Product>
      <PriceUpdateDate>2022/05/08 19:10</PriceUpdateDate>
      <ItemCode>7290115208061</ItemCode>
      <ItemType>1</ItemType>
      <ItemName>ויטמינציק תפוח 1 ליטר</ItemName>
      <ManufactureName>קבוצת אסם סחר</ManufactureName>
      <ManufactureCountry />
      <ManufactureItemDescription />
      <UnitQty>'יח</UnitQty>
      <Quantity>10</Quantity>
      <UnitMeasure>ל-100 מ"ל</UnitMeasure>
      <BisWeighted>0</BisWeighted>
      <QtyInPackage>1</QtyInPackage>
      <ItemPrice>20.90</ItemPrice>
      <UnitOfMeasurePrice>2.09</UnitOfMeasurePrice>
      <AllowDiscount>1</AllowDiscount>
      <itemStatus>1</itemStatus>
      <LastUpdateDate />
      <LastUpdateTime />
    </Product>
    <Product>
      <PriceUpdateDate>2022/06/03 09:10</PriceUpdateDate>
      <ItemCode>7290115208566</ItemCode>
      <ItemType>1</ItemType>
      <ItemName>קרמוגית במילוי קרם בייגלה 200 גרם אסם</ItemName>
      <ManufactureName>קבוצת אסם סחר</ManufactureName>
      <ManufactureCountry />
      <ManufactureItemDescription />
      <UnitQty>'יח</UnitQty>
      <Quantity>2</Quantity>
      <UnitMeasure>ל-100 גרם</UnitMeasure>
      <BisWeighted>0</BisWeighted>
      <QtyInPackage>1</QtyInPackage>
      <ItemPrice>10.90</ItemPrice>
      <UnitOfMeasurePrice>5.45</UnitOfMeasurePrice>
      <AllowDiscount>1</AllowDiscount>
      <itemStatus>1</itemStatus>
      <LastUpdateDate />
      <LastUpdateTime />
    </Product>
    <Product>
      <PriceUpdateDate>2022/06/03 09:10</PriceUpdateDate>
      <ItemCode>7290115208597</ItemCode>
      <ItemType>1</ItemType>
      <ItemName>קרמעוגית קרמל מלוח 200 גר`</ItemName>
      <ManufactureName>קבוצת אסם סחר</ManufactureName>
      <ManufactureCountry />
      <ManufactureItemDescription />
      <UnitQty>'יח</UnitQty>
      <Quantity>2</Quantity>
      <UnitMeasure>ל-100 גרם</UnitMeasure>
      <BisWeighted>0</BisWeighted>
      <QtyInPackage>1</QtyInPackage>
      <ItemPrice>10.90</ItemPrice>
      <UnitOfMeasurePrice>5.45</UnitOfMeasurePrice>
      <AllowDiscount>1</AllowDiscount>
      <itemStatus>1</itemStatus>
      <LastUpdateDate />
      <LastUpdateTime />
    </Product>
    <Product>
      <PriceUpdateDate>2022/07/24 18:01</PriceUpdateDate>
      <ItemCode>7290115209174</ItemCode>
      <ItemType>1</ItemType>
      <ItemName>במבה אוורירית 60 גרם</ItemName>
      <ManufactureName>קבוצת אסם סחר</ManufactureName>
      <ManufactureCountry />
      <ManufactureItemDescription />
      <UnitQty>'יח</UnitQty>
      <Quantity>6</Quantity>
      <UnitMeasure>ל-100 גרם</UnitMeasure>
      <BisWeighted>0</BisWeighted>
      <QtyInPackage>1</QtyInPackage>
      <ItemPrice>3.90</ItemPrice>
      <UnitOfMeasurePrice>0.65</UnitOfMeasurePrice>
      <AllowDiscount>1</AllowDiscount>
      <itemStatus>1</itemStatus>
      <LastUpdateDate />
      <LastUpdateTime />
    </Product>
    <Product>
      <PriceUpdateDate>2022/08/04 07:36</PriceUpdateDate>
      <ItemCode>7290115209235</ItemCode>
      <ItemType>1</ItemType>
      <ItemName>פתי בר-קפה 500 גר`</ItemName>
      <ManufactureName>קבוצת אסם סחר</ManufactureName>
      <ManufactureCountry />
      <ManufactureItemDescription />
      <UnitQty>'יח</UnitQty>
      <Quantity>5</Quantity>
      <UnitMeasure>ל-100 גרם</UnitMeasure>
      <BisWeighted>0</BisWeighted>
      <QtyInPackage>1</QtyInPackage>
      <ItemPrice>11.90</ItemPrice>
      <UnitOfMeasurePrice>2.38</UnitOfMeasurePrice>
      <AllowDiscount>1</AllowDiscount>
      <itemStatus>1</itemStatus>
      <LastUpdateDate />
      <LastUpdateTime />
    </Product>
    <Product>
      <PriceUpdateDate>2021/11/10 12:47</PriceUpdateDate>
      <ItemCode>7290115480009</ItemCode>
      <ItemType>1</ItemType>
      <ItemName>מרכך כביסה פרש קונטרול ירוק</ItemName>
      <ManufactureName>גורי שיווק</ManufactureName>
      <ManufactureCountry />
      <ManufactureItemDescription />
      <UnitQty>'יח</UnitQty>
      <Quantity>9</Quantity>
      <UnitMeasure>ל-100 מ"ל</UnitMeasure>
      <BisWeighted>0</BisWeighted>
      <QtyInPackage>12</QtyInPackage>
      <ItemPrice>12.90</ItemPrice>
      <UnitOfMeasurePrice>1.43</UnitOfMeasurePrice>
      <AllowDiscount>1</AllowDiscount>
      <itemStatus>1</itemStatus>
      <LastUpdateDate />
      <LastUpdateTime />
    </Product>
    <Product>
      <PriceUpdateDate>2022/06/15 14:06</PriceUpdateDate>
      <ItemCode>7290115480016</ItemCode>
      <ItemType>1</ItemType>
      <ItemName>קפסולות 3+1 26 יח סוד</ItemName>
      <ManufactureName>גורי שיווק</ManufactureName>
      <ManufactureCountry />
      <ManufactureItemDescription />
      <UnitQty>'יח</UnitQty>
      <Quantity>1</Quantity>
      <UnitMeasure>ל-100 גרם</UnitMeasure>
      <BisWeighted>0</BisWeighted>
      <QtyInPackage>1</QtyInPackage>
      <ItemPrice>29.90</ItemPrice>
      <UnitOfMeasurePrice>29.90</UnitOfMeasurePrice>
      <AllowDiscount>1</AllowDiscount>
      <itemStatus>1</itemStatus>
      <LastUpdateDate />
      <LastUpdateTime />
    </Product>
    <Product>
      <PriceUpdateDate>2021/04/11 10:47</PriceUpdateDate>
      <ItemCode>7290115670677</ItemCode>
      <ItemType>1</ItemType>
      <ItemName>גרנולה פירות טרופיים  400 גר`</ItemName>
      <ManufactureName>שטראוס גרופ בע`מ</ManufactureName>
      <ManufactureCountry />
      <ManufactureItemDescription />
      <UnitQty>'יח</UnitQty>
      <Quantity>4</Quantity>
      <UnitMeasure>ל-100 גרם</UnitMeasure>
      <BisWeighted>0</BisWeighted>
      <QtyInPackage>1</QtyInPackage>
      <ItemPrice>11.90</ItemPrice>
      <UnitOfMeasurePrice>2.98</UnitOfMeasurePrice>
      <AllowDiscount>0</AllowDiscount>
      <itemStatus>1</itemStatus>
      <LastUpdateDate />
      <LastUpdateTime />
    </Product>
    <Product>
      <PriceUpdateDate>2021/04/11 10:47</PriceUpdateDate>
      <ItemCode>7290115670684</ItemCode>
      <ItemType>1</ItemType>
      <ItemName>גרנולה אגוזים 400 גר`</ItemName>
      <ManufactureName>שטראוס גרופ בע`מ</ManufactureName>
      <ManufactureCountry />
      <ManufactureItemDescription />
      <UnitQty>'יח</UnitQty>
      <Quantity>4</Quantity>
      <UnitMeasure>ל-100 גרם</UnitMeasure>
      <BisWeighted>0</BisWeighted>
      <QtyInPackage>1</QtyInPackage>
      <ItemPrice>11.90</ItemPrice>
      <UnitOfMeasurePrice>2.98</UnitOfMeasurePrice>
      <AllowDiscount>0</AllowDiscount>
      <itemStatus>1</itemStatus>
      <LastUpdateDate />
      <LastUpdateTime />
    </Product>
    <Product>
      <PriceUpdateDate>2021/12/01 16:14</PriceUpdateDate>
      <ItemCode>7290115671223</ItemCode>
      <ItemType>1</ItemType>
      <ItemName>מאסט פאן אבטיח מנגו 58 גרם</ItemName>
      <ManufactureName>שטראוס גרופ בע`מ</ManufactureName>
      <ManufactureCountry />
      <ManufactureItemDescription />
      <UnitQty>'יח</UnitQty>
      <Quantity>1</Quantity>
      <UnitMeasure />
      <BisWeighted>0</BisWeighted>
      <QtyInPackage>12</QtyInPackage>
      <ItemPrice>9.90</ItemPrice>
      <UnitOfMeasurePrice>9.90</UnitOfMeasurePrice>
      <AllowDiscount>1</AllowDiscount>
      <itemStatus>1</itemStatus>
      <LastUpdateDate />
      <LastUpdateTime />
    </Product>
    <Product>
      <PriceUpdateDate>2021/07/08 14:47</PriceUpdateDate>
      <ItemCode>7290115671339</ItemCode>
      <ItemType>1</ItemType>
      <ItemName>מיני פינוקיות בראוניז בייגל בוטן 180 גר</ItemName>
      <ManufactureName>שטראוס גרופ בע`מ</ManufactureName>
      <ManufactureCountry />
      <ManufactureItemDescription />
      <UnitQty>'יח</UnitQty>
      <Quantity>2</Quantity>
      <UnitMeasure>ל-100 גרם</UnitMeasure>
      <BisWeighted>0</BisWeighted>
      <QtyInPackage>1</QtyInPackage>
      <ItemPrice>9.90</ItemPrice>
      <UnitOfMeasurePrice>4.95</UnitOfMeasurePrice>
      <AllowDiscount>1</AllowDiscount>
      <itemStatus>1</itemStatus>
      <LastUpdateDate />
      <LastUpdateTime />
    </Product>
    <Product>
      <PriceUpdateDate>2021/05/04 15:59</PriceUpdateDate>
      <ItemCode>7290115676082</ItemCode>
      <ItemType>1</ItemType>
      <ItemName>משקה דנונה פרו 20 חלבון תות 225 גר`</ItemName>
      <ManufactureName>שטראוס גרופ בע`מ</ManufactureName>
      <ManufactureCountry />
      <ManufactureItemDescription />
      <UnitQty>'יח</UnitQty>
      <Quantity>2.25</Quantity>
      <UnitMeasure>ל-100 גרם</UnitMeasure>
      <BisWeighted>0</BisWeighted>
      <QtyInPackage>1</QtyInPackage>
      <ItemPrice>6.90</ItemPrice>
      <UnitOfMeasurePrice>3.07</UnitOfMeasurePrice>
      <AllowDiscount>1</AllowDiscount>
      <itemStatus>1</itemStatus>
      <LastUpdateDate />
      <LastUpdateTime />
    </Product>
    <Product>
      <PriceUpdateDate>2021/05/04 15:59</PriceUpdateDate>
      <ItemCode>7290115676099</ItemCode>
      <ItemType>1</ItemType>
      <ItemName>משקה דנונה פרו 20 חלבון וניל 225 גר`</ItemName>
      <ManufactureName>שטראוס גרופ בע`מ</ManufactureName>
      <ManufactureCountry />
      <ManufactureItemDescription />
      <UnitQty>'יח</UnitQty>
      <Quantity>2.25</Quantity>
      <UnitMeasure>ל-100 גרם</UnitMeasure>
      <BisWeighted>0</BisWeighted>
      <QtyInPackage>1</QtyInPackage>
      <ItemPrice>6.90</ItemPrice>
      <UnitOfMeasurePrice>3.07</UnitOfMeasurePrice>
      <AllowDiscount>1</AllowDiscount>
      <itemStatus>1</itemStatus>
      <LastUpdateDate />
      <LastUpdateTime />
    </Product>
    <Product>
      <PriceUpdateDate>2021/11/11 10:58</PriceUpdateDate>
      <ItemCode>7290115677362</ItemCode>
      <ItemType>1</ItemType>
      <ItemName>דלישס נודלס טריאקי 350 גרם</ItemName>
      <ManufactureName>קפוא זן תעשיות מזון בעמ</ManufactureName>
      <ManufactureCountry />
      <ManufactureItemDescription />
      <UnitQty>'יח</UnitQty>
      <Quantity>3.50</Quantity>
      <UnitMeasure>ל-100 גרם</UnitMeasure>
      <BisWeighted>0</BisWeighted>
      <QtyInPackage>1</QtyInPackage>
      <ItemPrice>26.90</ItemPrice>
      <UnitOfMeasurePrice>7.69</UnitOfMeasurePrice>
      <AllowDiscount>0</AllowDiscount>
      <itemStatus>1</itemStatus>
      <LastUpdateDate />
      <LastUpdateTime />
    </Product>
    <Product>
      <PriceUpdateDate>2021/07/11 12:31</PriceUpdateDate>
      <ItemCode>7290115678376</ItemCode>
      <ItemType>1</ItemType>
      <ItemName>מעדן הגולן שוקולד 125 גר`</ItemName>
      <ManufactureName>שטראוס גרופ בע`מ</ManufactureName>
      <ManufactureCountry />
      <ManufactureItemDescription />
      <UnitQty>'יח</UnitQty>
      <Quantity>1.25</Quantity>
      <UnitMeasure>ל-100 גרם</UnitMeasure>
      <BisWeighted>0</BisWeighted>
      <QtyInPackage>1</QtyInPackage>
      <ItemPrice>2.90</ItemPrice>
      <UnitOfMeasurePrice>2.32</UnitOfMeasurePrice>
      <AllowDiscount>1</AllowDiscount>
      <itemStatus>1</itemStatus>
      <LastUpdateDate />
      <LastUpdateTime />
    </Product>
    <Product>
      <PriceUpdateDate>2021/07/11 12:31</PriceUpdateDate>
      <ItemCode>7290115678383</ItemCode>
      <ItemType>1</ItemType>
      <ItemName>מעדן הגולן שוקולד מריר  125 גר`</ItemName>
      <ManufactureName>שטראוס גרופ בע`מ</ManufactureName>
      <ManufactureCountry />
      <ManufactureItemDescription />
      <UnitQty>'יח</UnitQty>
      <Quantity>1.25</Quantity>
      <UnitMeasure>ל-100 גרם</UnitMeasure>
      <BisWeighted>0</BisWeighted>
      <QtyInPackage>1</QtyInPackage>
      <ItemPrice>2.90</ItemPrice>
      <UnitOfMeasurePrice>2.32</UnitOfMeasurePrice>
      <AllowDiscount>1</AllowDiscount>
      <itemStatus>1</itemStatus>
      <LastUpdateDate />
      <LastUpdateTime />
    </Product>
    <Product>
      <PriceUpdateDate>2022/08/17 10:20</PriceUpdateDate>
      <ItemCode>7290115736977</ItemCode>
      <ItemType>1</ItemType>
      <ItemName>משטח לייבוש כלים משובח</ItemName>
      <ManufactureName>ד.ג.ש ייבוא ושיווק בעמ</ManufactureName>
      <ManufactureCountry />
      <ManufactureItemDescription />
      <UnitQty>'יח</UnitQty>
      <Quantity>1</Quantity>
      <UnitMeasure />
      <BisWeighted>0</BisWeighted>
      <QtyInPackage>1</QtyInPackage>
      <ItemPrice>12.90</ItemPrice>
      <UnitOfMeasurePrice>12.90</UnitOfMeasurePrice>
      <AllowDiscount>0</AllowDiscount>
      <itemStatus>1</itemStatus>
      <LastUpdateDate />
      <LastUpdateTime />
    </Product>
    <Product>
      <PriceUpdateDate>2022/08/22 17:22</PriceUpdateDate>
      <ItemCode>7290116530000</ItemCode>
      <ItemType>1</ItemType>
      <ItemName>דאב תרחיץ פנים מלפפונים 180מ`ל</ItemName>
      <ManufactureName>יוניליוור ישראל שיווק בע`מ</ManufactureName>
      <ManufactureCountry />
      <ManufactureItemDescription />
      <UnitQty>'יח</UnitQty>
      <Quantity>1.80</Quantity>
      <UnitMeasure>ל-100 מ"ל</UnitMeasure>
      <BisWeighted>0</BisWeighted>
      <QtyInPackage>1</QtyInPackage>
      <ItemPrice>17.90</ItemPrice>
      <UnitOfMeasurePrice>9.94</UnitOfMeasurePrice>
      <AllowDiscount>0</AllowDiscount>
      <itemStatus>1</itemStatus>
      <LastUpdateDate />
      <LastUpdateTime />
    </Product>
    <Product>
      <PriceUpdateDate>2021/06/28 09:42</PriceUpdateDate>
      <ItemCode>7290116530062</ItemCode>
      <ItemType>1</ItemType>
      <ItemName>רוטב הלמנס לסלט וינגרט  295גר</ItemName>
      <ManufactureName>יוניליוור ישראל שיווק בע`מ</ManufactureName>
      <ManufactureCountry />
      <ManufactureItemDescription />
      <UnitQty>'יח</UnitQty>
      <Quantity>3</Quantity>
      <UnitMeasure>ל-100 גרם</UnitMeasure>
      <BisWeighted>0</BisWeighted>
      <QtyInPackage>1</QtyInPackage>
      <ItemPrice>10.90</ItemPrice>
      <UnitOfMeasurePrice>3.63</UnitOfMeasurePrice>
      <AllowDiscount>1</AllowDiscount>
      <itemStatus>1</itemStatus>
      <LastUpdateDate />
      <LastUpdateTime />
    </Product>
    <Product>
      <PriceUpdateDate>2021/12/19 10:42</PriceUpdateDate>
      <ItemCode>7290116530161</ItemCode>
      <ItemType>1</ItemType>
      <ItemName>פינוק תחליב רחצה שייק אננס מלון 700 מ</ItemName>
      <ManufactureName>יוניליוור ישראל שיווק בע`מ</ManufactureName>
      <ManufactureCountry />
      <ManufactureItemDescription />
      <UnitQty>'יח</UnitQty>
      <Quantity>7</Quantity>
      <UnitMeasure>ל-100 מ"ל</UnitMeasure>
      <BisWeighted>0</BisWeighted>
      <QtyInPackage>1</QtyInPackage>
      <ItemPrice>10.90</ItemPrice>
      <UnitOfMeasurePrice>1.56</UnitOfMeasurePrice>
      <AllowDiscount>1</AllowDiscount>
      <itemStatus>1</itemStatus>
      <LastUpdateDate />
      <LastUpdateTime />
    </Product>
    <Product>
      <PriceUpdateDate>2022/10/26 17:23</PriceUpdateDate>
      <ItemCode>7290116530185</ItemCode>
      <ItemType>1</ItemType>
      <ItemName>דגני בוקר דלישקד קרמל מלוח 400 גרם</ItemName>
      <ManufactureName>יוניליוור ישראל שיווק בע`מ</ManufactureName>
      <ManufactureCountry />
      <ManufactureItemDescription />
      <UnitQty>'יח</UnitQty>
      <Quantity>4</Quantity>
      <UnitMeasure>ל-100 גרם</UnitMeasure>
      <BisWeighted>0</BisWeighted>
      <QtyInPackage>1</QtyInPackage>
      <ItemPrice>21.90</ItemPrice>
      <UnitOfMeasurePrice>5.48</UnitOfMeasurePrice>
      <AllowDiscount>0</AllowDiscount>
      <itemStatus>1</itemStatus>
      <LastUpdateDate />
      <LastUpdateTime />
    </Product>
    <Product>
      <PriceUpdateDate>2021/08/09 16:47</PriceUpdateDate>
      <ItemCode>7290116530482</ItemCode>
      <ItemType>1</ItemType>
      <ItemName>מאגדת קורנפלקס אלופים 5*30 גרם</ItemName>
      <ManufactureName>יוניליוור ישראל שיווק בע`מ</ManufactureName>
      <ManufactureCountry />
      <ManufactureItemDescription />
      <UnitQty>'יח</UnitQty>
      <Quantity>1.50</Quantity>
      <UnitMeasure>ל-100 גרם</UnitMeasure>
      <BisWeighted>0</BisWeighted>
      <QtyInPackage>1</QtyInPackage>
      <ItemPrice>11.90</ItemPrice>
      <UnitOfMeasurePrice>7.93</UnitOfMeasurePrice>
      <AllowDiscount>1</AllowDiscount>
      <itemStatus>1</itemStatus>
      <LastUpdateDate />
      <LastUpdateTime />
    </Product>
    <Product>
      <PriceUpdateDate>2021/06/28 09:15</PriceUpdateDate>
      <ItemCode>7290116530888</ItemCode>
      <ItemType>1</ItemType>
      <ItemName>ג`ל לכביסה לבנה וצבעונית פינוק כחול</ItemName>
      <ManufactureName>יוניליוור ישראל שיווק בע`מ</ManufactureName>
      <ManufactureCountry />
      <ManufactureItemDescription />
      <UnitQty>'יח</UnitQty>
      <Quantity>25</Quantity>
      <UnitMeasure>ל-100 מ"ל</UnitMeasure>
      <BisWeighted>0</BisWeighted>
      <QtyInPackage>1</QtyInPackage>
      <ItemPrice>29.90</ItemPrice>
      <UnitOfMeasurePrice>1.20</UnitOfMeasurePrice>
      <AllowDiscount>0</AllowDiscount>
      <itemStatus>1</itemStatus>
      <LastUpdateDate />
      <LastUpdateTime />
    </Product>
    <Product>
      <PriceUpdateDate>2021/12/23 16:11</PriceUpdateDate>
      <ItemCode>7290116531069</ItemCode>
      <ItemType>1</ItemType>
      <ItemName>מרק  בצל רכיבים טבעיים 225 גר`</ItemName>
      <ManufactureName>יוניליוור ישראל שיווק בע`מ</ManufactureName>
      <ManufactureCountry />
      <ManufactureItemDescription />
      <UnitQty>'יח</UnitQty>
      <Quantity>2.25</Quantity>
      <UnitMeasure>ל-100 גרם</UnitMeasure>
      <BisWeighted>0</BisWeighted>
      <QtyInPackage>1</QtyInPackage>
      <ItemPrice>17.90</ItemPrice>
      <UnitOfMeasurePrice>7.96</UnitOfMeasurePrice>
      <AllowDiscount>0</AllowDiscount>
      <itemStatus>1</itemStatus>
      <LastUpdateDate />
      <LastUpdateTime />
    </Product>
    <Product>
      <PriceUpdateDate>2021/11/10 12:47</PriceUpdateDate>
      <ItemCode>7290116531083</ItemCode>
      <ItemType>1</ItemType>
      <ItemName>ברנפלקס שקדים ודבש 375 גרם</ItemName>
      <ManufactureName>יוניליוור ישראל שיווק בע`מ</ManufactureName>
      <ManufactureCountry />
      <ManufactureItemDescription />
      <UnitQty>'יח</UnitQty>
      <Quantity>3.75</Quantity>
      <UnitMeasure>ל-100 גרם</UnitMeasure>
      <BisWeighted>0</BisWeighted>
      <QtyInPackage>1</QtyInPackage>
      <ItemPrice>23.50</ItemPrice>
      <UnitOfMeasurePrice>6.27</UnitOfMeasurePrice>
      <AllowDiscount>0</AllowDiscount>
      <itemStatus>1</itemStatus>
      <LastUpdateDate />
      <LastUpdateTime />
    </Product>
    <Product>
      <PriceUpdateDate>2022/02/02 12:29</PriceUpdateDate>
      <ItemCode>7290116531557</ItemCode>
      <ItemType>1</ItemType>
      <ItemName>פריכיות עם תירס מלא 150 גרם כשלפ</ItemName>
      <ManufactureName>יוניליוור ישראל שיווק בע`מ</ManufactureName>
      <ManufactureCountry />
      <ManufactureItemDescription />
      <UnitQty>'יח</UnitQty>
      <Quantity>1.50</Quantity>
      <UnitMeasure>ל-100 גרם</UnitMeasure>
      <BisWeighted>0</BisWeighted>
      <QtyInPackage>1</QtyInPackage>
      <ItemPrice>10.90</ItemPrice>
      <UnitOfMeasurePrice>7.27</UnitOfMeasurePrice>
      <AllowDiscount>0</AllowDiscount>
      <itemStatus>1</itemStatus>
      <LastUpdateDate />
      <LastUpdateTime />
    </Product>
    <Product>
      <PriceUpdateDate>2022/02/02 12:29</PriceUpdateDate>
      <ItemCode>7290116531564</ItemCode>
      <ItemType>1</ItemType>
      <ItemName>פריכיות  פתית+ קינואה 150 גרם</ItemName>
      <ManufactureName>יוניליוור ישראל שיווק בע`מ</ManufactureName>
      <ManufactureCountry />
      <ManufactureItemDescription />
      <UnitQty>'יח</UnitQty>
      <Quantity>1.50</Quantity>
      <UnitMeasure>ל-100 גרם</UnitMeasure>
      <BisWeighted>0</BisWeighted>
      <QtyInPackage>1</QtyInPackage>
      <ItemPrice>10.90</ItemPrice>
      <UnitOfMeasurePrice>7.27</UnitOfMeasurePrice>
      <AllowDiscount>0</AllowDiscount>
      <itemStatus>1</itemStatus>
      <LastUpdateDate />
      <LastUpdateTime />
    </Product>
    <Product>
      <PriceUpdateDate>2021/09/12 13:52</PriceUpdateDate>
      <ItemCode>7290116531656</ItemCode>
      <ItemType>1</ItemType>
      <ItemName>מרכך פינוק לשיער בניחוח תפוח 700 גרם</ItemName>
      <ManufactureName>יוניליוור ישראל שיווק בע`מ</ManufactureName>
      <ManufactureCountry />
      <ManufactureItemDescription />
      <UnitQty>'יח</UnitQty>
      <Quantity>7</Quantity>
      <UnitMeasure>ל-100 מ"ל</UnitMeasure>
      <BisWeighted>0</BisWeighted>
      <QtyInPackage>1</QtyInPackage>
      <ItemPrice>11.90</ItemPrice>
      <UnitOfMeasurePrice>1.70</UnitOfMeasurePrice>
      <AllowDiscount>1</AllowDiscount>
      <itemStatus>1</itemStatus>
      <LastUpdateDate />
      <LastUpdateTime />
    </Product>
    <Product>
      <PriceUpdateDate>2021/12/19 10:42</PriceUpdateDate>
      <ItemCode>7290116531663</ItemCode>
      <ItemType>1</ItemType>
      <ItemName>פינוק תחליב רחצה בניחוח תפוח 700 מל`</ItemName>
      <ManufactureName>יוניליוור ישראל שיווק בע`מ</ManufactureName>
      <ManufactureCountry />
      <ManufactureItemDescription />
      <UnitQty>'יח</UnitQty>
      <Quantity>7</Quantity>
      <UnitMeasure>ל-100 מ"ל</UnitMeasure>
      <BisWeighted>0</BisWeighted>
      <QtyInPackage>1</QtyInPackage>
      <ItemPrice>10.90</ItemPrice>
      <UnitOfMeasurePrice>1.56</UnitOfMeasurePrice>
      <AllowDiscount>1</AllowDiscount>
      <itemStatus>1</itemStatus>
      <LastUpdateDate />
      <LastUpdateTime />
    </Product>
    <Product>
      <PriceUpdateDate>2021/11/10 12:47</PriceUpdateDate>
      <ItemCode>7290116531793</ItemCode>
      <ItemType>1</ItemType>
      <ItemName>רוטב הלמנס לסלט קיסר 295 גרם</ItemName>
      <ManufactureName>יוניליוור ישראל שיווק בע`מ</ManufactureName>
      <ManufactureCountry />
      <ManufactureItemDescription />
      <UnitQty>'יח</UnitQty>
      <Quantity>2.95</Quantity>
      <UnitMeasure>ל-100 גרם</UnitMeasure>
      <BisWeighted>0</BisWeighted>
      <QtyInPackage>1</QtyInPackage>
      <ItemPrice>10.90</ItemPrice>
      <UnitOfMeasurePrice>3.69</UnitOfMeasurePrice>
      <AllowDiscount>1</AllowDiscount>
      <itemStatus>1</itemStatus>
      <LastUpdateDate />
      <LastUpdateTime />
    </Product>
    <Product>
      <PriceUpdateDate>2022/02/02 12:29</PriceUpdateDate>
      <ItemCode>7290116532011</ItemCode>
      <ItemType>1</ItemType>
      <ItemName>קליק חטיף נוגט 35 גרם</ItemName>
      <ManufactureName>יוניליוור ישראל שיווק בע`מ</ManufactureName>
      <ManufactureCountry />
      <ManufactureItemDescription />
      <UnitQty>'יח</UnitQty>
      <Quantity>0.35</Quantity>
      <UnitMeasure>ל-100 גרם</UnitMeasure>
      <BisWeighted>0</BisWeighted>
      <QtyInPackage>1</QtyInPackage>
      <ItemPrice>4.80</ItemPrice>
      <UnitOfMeasurePrice>13.71</UnitOfMeasurePrice>
      <AllowDiscount>0</AllowDiscount>
      <itemStatus>1</itemStatus>
      <LastUpdateDate />
      <LastUpdateTime />
    </Product>
    <Product>
      <PriceUpdateDate>2022/04/05 16:05</PriceUpdateDate>
      <ItemCode>7290116532387</ItemCode>
      <ItemType>1</ItemType>
      <ItemName>אל סבון ידיים פינוק חמאת שיאה 950 מ"ל</ItemName>
      <ManufactureName>יוניליוור ישראל שיווק בע`מ</ManufactureName>
      <ManufactureCountry />
      <ManufactureItemDescription />
      <UnitQty>'יח</UnitQty>
      <Quantity>1</Quantity>
      <UnitMeasure>'יח</UnitMeasure>
      <BisWeighted>0</BisWeighted>
      <QtyInPackage>1</QtyInPackage>
      <ItemPrice>11.90</ItemPrice>
      <UnitOfMeasurePrice>11.90</UnitOfMeasurePrice>
      <AllowDiscount>1</AllowDiscount>
      <itemStatus>1</itemStatus>
      <LastUpdateDate />
      <LastUpdateTime />
    </Product>
    <Product>
      <PriceUpdateDate>2022/07/11 15:55</PriceUpdateDate>
      <ItemCode>7290116532585</ItemCode>
      <ItemType>1</ItemType>
      <ItemName>ברנפלקס קרנצ`ים 375 גרם</ItemName>
      <ManufactureName>יוניליוור ישראל שיווק בע`מ</ManufactureName>
      <ManufactureCountry />
      <ManufactureItemDescription />
      <UnitQty>'יח</UnitQty>
      <Quantity>3.75</Quantity>
      <UnitMeasure>ל-100 גרם</UnitMeasure>
      <BisWeighted>0</BisWeighted>
      <QtyInPackage>1</QtyInPackage>
      <ItemPrice>22.90</ItemPrice>
      <UnitOfMeasurePrice>6.11</UnitOfMeasurePrice>
      <AllowDiscount>0</AllowDiscount>
      <itemStatus>1</itemStatus>
      <LastUpdateDate />
      <LastUpdateTime />
    </Product>
    <Product>
      <PriceUpdateDate>2022/06/03 09:10</PriceUpdateDate>
      <ItemCode>7290116532615</ItemCode>
      <ItemType>1</ItemType>
      <ItemName>שמפו בתוספת תמצית גוג`י ברי</ItemName>
      <ManufactureName>יוניליוור ישראל שיווק בע`מ</ManufactureName>
      <ManufactureCountry />
      <ManufactureItemDescription />
      <UnitQty>'יח</UnitQty>
      <Quantity>7</Quantity>
      <UnitMeasure>ל-100 מ"ל</UnitMeasure>
      <BisWeighted>0</BisWeighted>
      <QtyInPackage>1</QtyInPackage>
      <ItemPrice>11.90</ItemPrice>
      <UnitOfMeasurePrice>1.70</UnitOfMeasurePrice>
      <AllowDiscount>1</AllowDiscount>
      <itemStatus>1</itemStatus>
      <LastUpdateDate />
      <LastUpdateTime />
    </Product>
    <Product>
      <PriceUpdateDate>2022/06/03 09:10</PriceUpdateDate>
      <ItemCode>7290116532622</ItemCode>
      <ItemType>1</ItemType>
      <ItemName>פינוק מרכך בתוספת תמצית גוג`י ברי</ItemName>
      <ManufactureName>יוניליוור ישראל שיווק בע`מ</ManufactureName>
      <ManufactureCountry />
      <ManufactureItemDescription />
      <UnitQty>'יח</UnitQty>
      <Quantity>7</Quantity>
      <UnitMeasure>ל-100 מ"ל</UnitMeasure>
      <BisWeighted>0</BisWeighted>
      <QtyInPackage>1</QtyInPackage>
      <ItemPrice>11.90</ItemPrice>
      <UnitOfMeasurePrice>1.70</UnitOfMeasurePrice>
      <AllowDiscount>1</AllowDiscount>
      <itemStatus>1</itemStatus>
      <LastUpdateDate />
      <LastUpdateTime />
    </Product>
    <Product>
      <PriceUpdateDate>2022/06/03 09:10</PriceUpdateDate>
      <ItemCode>7290116532769</ItemCode>
      <ItemType>1</ItemType>
      <ItemName>גרנולה פרוטאין תפוח קינמון 300 גרם</ItemName>
      <ManufactureName>יוניליוור ישראל שיווק בע`מ</ManufactureName>
      <ManufactureCountry />
      <ManufactureItemDescription />
      <UnitQty>'יח</UnitQty>
      <Quantity>3</Quantity>
      <UnitMeasure>ל-100 גרם</UnitMeasure>
      <BisWeighted>0</BisWeighted>
      <QtyInPackage>1</QtyInPackage>
      <ItemPrice>15.90</ItemPrice>
      <UnitOfMeasurePrice>5.30</UnitOfMeasurePrice>
      <AllowDiscount>0</AllowDiscount>
      <itemStatus>1</itemStatus>
      <LastUpdateDate />
      <LastUpdateTime />
    </Product>
    <Product>
      <PriceUpdateDate>2022/07/12 14:36</PriceUpdateDate>
      <ItemCode>7290116532875</ItemCode>
      <ItemType>1</ItemType>
      <ItemName>אל סבון פינוק בייבי 900 מ"ל</ItemName>
      <ManufactureName>יוניליוור ישראל שיווק בע`מ</ManufactureName>
      <ManufactureCountry />
      <ManufactureItemDescription />
      <UnitQty>'יח</UnitQty>
      <Quantity>9</Quantity>
      <UnitMeasure>ל-100 מ"ל</UnitMeasure>
      <BisWeighted>0</BisWeighted>
      <QtyInPackage>1</QtyInPackage>
      <ItemPrice>19.90</ItemPrice>
      <UnitOfMeasurePrice>2.21</UnitOfMeasurePrice>
      <AllowDiscount>0</AllowDiscount>
      <itemStatus>1</itemStatus>
      <LastUpdateDate />
      <LastUpdateTime />
    </Product>
    <Product>
      <PriceUpdateDate>2022/10/12 14:24</PriceUpdateDate>
      <ItemCode>7290116532882</ItemCode>
      <ItemType>1</ItemType>
      <ItemName>נשנושים בצל 155 גרם</ItemName>
      <ManufactureName>יוניליוור ישראל שיווק בע`מ</ManufactureName>
      <ManufactureCountry />
      <ManufactureItemDescription />
      <UnitQty>'יח</UnitQty>
      <Quantity>1.55</Quantity>
      <UnitMeasure>ל-100 גרם</UnitMeasure>
      <BisWeighted>0</BisWeighted>
      <QtyInPackage>1</QtyInPackage>
      <ItemPrice>12.90</ItemPrice>
      <UnitOfMeasurePrice>8.32</UnitOfMeasurePrice>
      <AllowDiscount>1</AllowDiscount>
      <itemStatus>1</itemStatus>
      <LastUpdateDate />
      <LastUpdateTime />
    </Product>
    <Product>
      <PriceUpdateDate>2022/10/12 14:24</PriceUpdateDate>
      <ItemCode>7290116532899</ItemCode>
      <ItemType>1</ItemType>
      <ItemName>נשנושים איירביס פלאפל  155 גרם</ItemName>
      <ManufactureName>יוניליוור ישראל שיווק בע`מ</ManufactureName>
      <ManufactureCountry />
      <ManufactureItemDescription />
      <UnitQty>'יח</UnitQty>
      <Quantity>1.55</Quantity>
      <UnitMeasure>ל-100 גרם</UnitMeasure>
      <BisWeighted>0</BisWeighted>
      <QtyInPackage>1</QtyInPackage>
      <ItemPrice>12.90</ItemPrice>
      <UnitOfMeasurePrice>8.32</UnitOfMeasurePrice>
      <AllowDiscount>1</AllowDiscount>
      <itemStatus>1</itemStatus>
      <LastUpdateDate />
      <LastUpdateTime />
    </Product>
    <Product>
      <PriceUpdateDate>2022/10/12 14:24</PriceUpdateDate>
      <ItemCode>7290116532905</ItemCode>
      <ItemType>1</ItemType>
      <ItemName>נשנושים איירביס ברביקיו 155 גרם</ItemName>
      <ManufactureName>יוניליוור ישראל שיווק בע`מ</ManufactureName>
      <ManufactureCountry />
      <ManufactureItemDescription />
      <UnitQty>'יח</UnitQty>
      <Quantity>1.55</Quantity>
      <UnitMeasure>ל-100 גרם</UnitMeasure>
      <BisWeighted>0</BisWeighted>
      <QtyInPackage>1</QtyInPackage>
      <ItemPrice>12.90</ItemPrice>
      <UnitOfMeasurePrice>8.32</UnitOfMeasurePrice>
      <AllowDiscount>1</AllowDiscount>
      <itemStatus>1</itemStatus>
      <LastUpdateDate />
      <LastUpdateTime />
    </Product>
    <Product>
      <PriceUpdateDate>2022/08/22 17:22</PriceUpdateDate>
      <ItemCode>7290116533094</ItemCode>
      <ItemType>1</ItemType>
      <ItemName>פינוק שמפו בניחוח ורדים 700 מ"ל</ItemName>
      <ManufactureName>יוניליוור ישראל שיווק בע`מ</ManufactureName>
      <ManufactureCountry />
      <ManufactureItemDescription />
      <UnitQty>'יח</UnitQty>
      <Quantity>7</Quantity>
      <UnitMeasure>ל-100 מ"ל</UnitMeasure>
      <BisWeighted>0</BisWeighted>
      <QtyInPackage>1</QtyInPackage>
      <ItemPrice>12.90</ItemPrice>
      <UnitOfMeasurePrice>1.84</UnitOfMeasurePrice>
      <AllowDiscount>1</AllowDiscount>
      <itemStatus>1</itemStatus>
      <LastUpdateDate />
      <LastUpdateTime />
    </Product>
    <Product>
      <PriceUpdateDate>2022/08/22 17:22</PriceUpdateDate>
      <ItemCode>7290116533117</ItemCode>
      <ItemType>1</ItemType>
      <ItemName>פינוק תחליב רחצה ורדים 700 מל`</ItemName>
      <ManufactureName>יוניליוור ישראל שיווק בע`מ</ManufactureName>
      <ManufactureCountry />
      <ManufactureItemDescription />
      <UnitQty>'יח</UnitQty>
      <Quantity>7</Quantity>
      <UnitMeasure>ל-100 מ"ל</UnitMeasure>
      <BisWeighted>0</BisWeighted>
      <QtyInPackage>1</QtyInPackage>
      <ItemPrice>10.90</ItemPrice>
      <UnitOfMeasurePrice>1.56</UnitOfMeasurePrice>
      <AllowDiscount>1</AllowDiscount>
      <itemStatus>1</itemStatus>
      <LastUpdateDate />
      <LastUpdateTime />
    </Product>
    <Product>
      <PriceUpdateDate>2022/10/26 10:28</PriceUpdateDate>
      <ItemCode>7290116533230</ItemCode>
      <ItemType>1</ItemType>
      <ItemName>דגני בוקר דליאגוז 400 גרם</ItemName>
      <ManufactureName>יוניליוור ישראל שיווק בע`מ</ManufactureName>
      <ManufactureCountry />
      <ManufactureItemDescription />
      <UnitQty>'יח</UnitQty>
      <Quantity>4</Quantity>
      <UnitMeasure>ל-100 גרם</UnitMeasure>
      <BisWeighted>0</BisWeighted>
      <QtyInPackage>1</QtyInPackage>
      <ItemPrice>21.90</ItemPrice>
      <UnitOfMeasurePrice>5.48</UnitOfMeasurePrice>
      <AllowDiscount>0</AllowDiscount>
      <itemStatus>1</itemStatus>
      <LastUpdateDate />
      <LastUpdateTime />
    </Product>
    <Product>
      <PriceUpdateDate>2022/08/04 07:34</PriceUpdateDate>
      <ItemCode>7290116930282</ItemCode>
      <ItemType>1</ItemType>
      <ItemName>ארוחה בקטנה לאבנה עם קרקרים 150 גר`</ItemName>
      <ManufactureName>תנובה חלב</ManufactureName>
      <ManufactureCountry />
      <ManufactureItemDescription />
      <UnitQty>'יח</UnitQty>
      <Quantity>2.10</Quantity>
      <UnitMeasure>ל-100 מ"ל</UnitMeasure>
      <BisWeighted>0</BisWeighted>
      <QtyInPackage>1</QtyInPackage>
      <ItemPrice>7.90</ItemPrice>
      <UnitOfMeasurePrice>3.76</UnitOfMeasurePrice>
      <AllowDiscount>0</AllowDiscount>
      <itemStatus>1</itemStatus>
      <LastUpdateDate />
      <LastUpdateTime />
    </Product>
    <Product>
      <PriceUpdateDate>2022/04/05 16:05</PriceUpdateDate>
      <ItemCode>7290116930435</ItemCode>
      <ItemType>1</ItemType>
      <ItemName>יוגורט גו סמיך 0% תות 200 גרם</ItemName>
      <ManufactureName>תנובה חלב</ManufactureName>
      <ManufactureCountry />
      <ManufactureItemDescription />
      <UnitQty>'יח</UnitQty>
      <Quantity>2</Quantity>
      <UnitMeasure>ל-100 גרם</UnitMeasure>
      <BisWeighted>0</BisWeighted>
      <QtyInPackage>1</QtyInPackage>
      <ItemPrice>5.90</ItemPrice>
      <UnitOfMeasurePrice>2.95</UnitOfMeasurePrice>
      <AllowDiscount>0</AllowDiscount>
      <itemStatus>1</itemStatus>
      <LastUpdateDate />
      <LastUpdateTime />
    </Product>
    <Product>
      <PriceUpdateDate>2022/05/16 09:47</PriceUpdateDate>
      <ItemCode>7290116930442</ItemCode>
      <ItemType>1</ItemType>
      <ItemName>יופלה שייק בננה,מנגו,תפוז,גזר,וצ 230 מ"ל</ItemName>
      <ManufactureName>תנובה חלב</ManufactureName>
      <ManufactureCountry />
      <ManufactureItemDescription />
      <UnitQty>'יח</UnitQty>
      <Quantity>1.20</Quantity>
      <UnitMeasure>ל-100 גרם</UnitMeasure>
      <BisWeighted>0</BisWeighted>
      <QtyInPackage>1</QtyInPackage>
      <ItemPrice>7.90</ItemPrice>
      <UnitOfMeasurePrice>6.58</UnitOfMeasurePrice>
      <AllowDiscount>1</AllowDiscount>
      <itemStatus>1</itemStatus>
      <LastUpdateDate />
      <LastUpdateTime />
    </Product>
    <Product>
      <PriceUpdateDate>2022/05/16 09:47</PriceUpdateDate>
      <ItemCode>7290116930459</ItemCode>
      <ItemType>1</ItemType>
      <ItemName>יופלה שייק בננה,אננס,קוקוס 230 מ"ל</ItemName>
      <ManufactureName>תנובה חלב</ManufactureName>
      <ManufactureCountry />
      <ManufactureItemDescription />
      <UnitQty>'יח</UnitQty>
      <Quantity>1.20</Quantity>
      <UnitMeasure>ל-100 גרם</UnitMeasure>
      <BisWeighted>0</BisWeighted>
      <QtyInPackage>1</QtyInPackage>
      <ItemPrice>7.90</ItemPrice>
      <UnitOfMeasurePrice>6.58</UnitOfMeasurePrice>
      <AllowDiscount>1</AllowDiscount>
      <itemStatus>1</itemStatus>
      <LastUpdateDate />
      <LastUpdateTime />
    </Product>
    <Product>
      <PriceUpdateDate>2022/05/16 09:47</PriceUpdateDate>
      <ItemCode>7290116930466</ItemCode>
      <ItemType>1</ItemType>
      <ItemName>יופלה שייק מנגו,בננה,פסיפלורה 230 מ"ל</ItemName>
      <ManufactureName>תנובה חלב</ManufactureName>
      <ManufactureCountry />
      <ManufactureItemDescription />
      <UnitQty>'יח</UnitQty>
      <Quantity>1.20</Quantity>
      <UnitMeasure>ל-100 גרם</UnitMeasure>
      <BisWeighted>0</BisWeighted>
      <QtyInPackage>1</QtyInPackage>
      <ItemPrice>7.90</ItemPrice>
      <UnitOfMeasurePrice>6.58</UnitOfMeasurePrice>
      <AllowDiscount>1</AllowDiscount>
      <itemStatus>1</itemStatus>
      <LastUpdateDate />
      <LastUpdateTime />
    </Product>
    <Product>
      <PriceUpdateDate>2022/05/16 09:47</PriceUpdateDate>
      <ItemCode>7290116930480</ItemCode>
      <ItemType>1</ItemType>
      <ItemName>יופלה שייק בננה,קיווי,תפוח 230 מ"ל</ItemName>
      <ManufactureName>תנובה חלב</ManufactureName>
      <ManufactureCountry />
      <ManufactureItemDescription />
      <UnitQty>'יח</UnitQty>
      <Quantity>1.20</Quantity>
      <UnitMeasure>ל-100 גרם</UnitMeasure>
      <BisWeighted>0</BisWeighted>
      <QtyInPackage>1</QtyInPackage>
      <ItemPrice>7.90</ItemPrice>
      <UnitOfMeasurePrice>6.58</UnitOfMeasurePrice>
      <AllowDiscount>1</AllowDiscount>
      <itemStatus>1</itemStatus>
      <LastUpdateDate />
      <LastUpdateTime />
    </Product>
    <Product>
      <PriceUpdateDate>2022/08/04 07:34</PriceUpdateDate>
      <ItemCode>7290116930626</ItemCode>
      <ItemType>1</ItemType>
      <ItemName>ארוחה בקטנה ציזיקי עם קרקרים 150 גרם</ItemName>
      <ManufactureName>תנובה חלב</ManufactureName>
      <ManufactureCountry />
      <ManufactureItemDescription />
      <UnitQty>'יח</UnitQty>
      <Quantity>2.10</Quantity>
      <UnitMeasure>ל-100 מ"ל</UnitMeasure>
      <BisWeighted>0</BisWeighted>
      <QtyInPackage>1</QtyInPackage>
      <ItemPrice>7.90</ItemPrice>
      <UnitOfMeasurePrice>3.76</UnitOfMeasurePrice>
      <AllowDiscount>0</AllowDiscount>
      <itemStatus>1</itemStatus>
      <LastUpdateDate />
      <LastUpdateTime />
    </Product>
    <Product>
      <PriceUpdateDate>2022/05/16 09:47</PriceUpdateDate>
      <ItemCode>7290116930701</ItemCode>
      <ItemType>1</ItemType>
      <ItemName>מעדן חלב GO בטעם קרמל מלוח 120 גרם</ItemName>
      <ManufactureName>תנובה חלב</ManufactureName>
      <ManufactureCountry />
      <ManufactureItemDescription />
      <UnitQty>'יח</UnitQty>
      <Quantity>1.20</Quantity>
      <UnitMeasure>ל-100 גרם</UnitMeasure>
      <BisWeighted>0</BisWeighted>
      <QtyInPackage>1</QtyInPackage>
      <ItemPrice>4.90</ItemPrice>
      <UnitOfMeasurePrice>4.08</UnitOfMeasurePrice>
      <AllowDiscount>0</AllowDiscount>
      <itemStatus>1</itemStatus>
      <LastUpdateDate />
      <LastUpdateTime />
    </Product>
    <Product>
      <PriceUpdateDate>2022/06/12 14:00</PriceUpdateDate>
      <ItemCode>7290116930718</ItemCode>
      <ItemType>1</ItemType>
      <ItemName>מעדן תנובה דיאט שוקולוקרמל 0% 150 גרם</ItemName>
      <ManufactureName>תנובה חלב</ManufactureName>
      <ManufactureCountry />
      <ManufactureItemDescription />
      <UnitQty>'יח</UnitQty>
      <Quantity>1.50</Quantity>
      <UnitMeasure>ל-100 מ"ל</UnitMeasure>
      <BisWeighted>0</BisWeighted>
      <QtyInPackage>1</QtyInPackage>
      <ItemPrice>4.20</ItemPrice>
      <UnitOfMeasurePrice>2.80</UnitOfMeasurePrice>
      <AllowDiscount>0</AllowDiscount>
      <itemStatus>1</itemStatus>
      <LastUpdateDate />
      <LastUpdateTime />
    </Product>
    <Product>
      <PriceUpdateDate>2022/08/05 13:49</PriceUpdateDate>
      <ItemCode>7290116931074</ItemCode>
      <ItemType>1</ItemType>
      <ItemName>פרוסות טל העמק 32% 300 גרם</ItemName>
      <ManufactureName>תנובה חלב</ManufactureName>
      <ManufactureCountry />
      <ManufactureItemDescription />
      <UnitQty>'יח</UnitQty>
      <Quantity>3</Quantity>
      <UnitMeasure>ל-100 גרם</UnitMeasure>
      <BisWeighted>0</BisWeighted>
      <QtyInPackage>1</QtyInPackage>
      <ItemPrice>25.90</ItemPrice>
      <UnitOfMeasurePrice>8.63</UnitOfMeasurePrice>
      <AllowDiscount>0</AllowDiscount>
      <itemStatus>1</itemStatus>
      <LastUpdateDate />
      <LastUpdateTime />
    </Product>
    <Product>
      <PriceUpdateDate>2022/08/04 07:34</PriceUpdateDate>
      <ItemCode>7290116931104</ItemCode>
      <ItemType>1</ItemType>
      <ItemName>יופלה גו במרקם סמיך עם אננס 0% שומן</ItemName>
      <ManufactureName>תנובה חלב</ManufactureName>
      <ManufactureCountry />
      <ManufactureItemDescription />
      <UnitQty>'יח</UnitQty>
      <Quantity>2</Quantity>
      <UnitMeasure>ל-100 גרם</UnitMeasure>
      <BisWeighted>0</BisWeighted>
      <QtyInPackage>1</QtyInPackage>
      <ItemPrice>5.90</ItemPrice>
      <UnitOfMeasurePrice>2.95</UnitOfMeasurePrice>
      <AllowDiscount>0</AllowDiscount>
      <itemStatus>1</itemStatus>
      <LastUpdateDate />
      <LastUpdateTime />
    </Product>
    <Product>
      <PriceUpdateDate>2022/03/08 10:11</PriceUpdateDate>
      <ItemCode>7290117030363</ItemCode>
      <ItemType>1</ItemType>
      <ItemName>כוסות מעוטרות "האומן" 40 יח "שווה"</ItemName>
      <ManufactureName>ח.כהן סוכנות מזון ומשקאות</ManufactureName>
      <ManufactureCountry />
      <ManufactureItemDescription />
      <UnitQty>'יח</UnitQty>
      <Quantity>1</Quantity>
      <UnitMeasure>'יח</UnitMeasure>
      <BisWeighted>0</BisWeighted>
      <QtyInPackage>1</QtyInPackage>
      <ItemPrice>11.90</ItemPrice>
      <UnitOfMeasurePrice>11.90</UnitOfMeasurePrice>
      <AllowDiscount>1</AllowDiscount>
      <itemStatus>1</itemStatus>
      <LastUpdateDate />
      <LastUpdateTime />
    </Product>
    <Product>
      <PriceUpdateDate>2022/08/25 18:19</PriceUpdateDate>
      <ItemCode>7290117030554</ItemCode>
      <ItemType>1</ItemType>
      <ItemName>תבניות זהב 10 יח + מכסה מרובע</ItemName>
      <ManufactureName>ח.כהן סוכנות מזון ומשקאות</ManufactureName>
      <ManufactureCountry />
      <ManufactureItemDescription />
      <UnitQty>'יח</UnitQty>
      <Quantity>1</Quantity>
      <UnitMeasure>'יח</UnitMeasure>
      <BisWeighted>0</BisWeighted>
      <QtyInPackage>1</QtyInPackage>
      <ItemPrice>12.90</ItemPrice>
      <UnitOfMeasurePrice>12.90</UnitOfMeasurePrice>
      <AllowDiscount>1</AllowDiscount>
      <itemStatus>1</itemStatus>
      <LastUpdateDate />
      <LastUpdateTime />
    </Product>
    <Product>
      <PriceUpdateDate>2022/08/25 18:19</PriceUpdateDate>
      <ItemCode>7290117030615</ItemCode>
      <ItemType>1</ItemType>
      <ItemName>תבניות  שחור זהב 4 יח  אינגליש גבוהה</ItemName>
      <ManufactureName>ח.כהן סוכנות מזון ומשקאות</ManufactureName>
      <ManufactureCountry />
      <ManufactureItemDescription />
      <UnitQty>'יח</UnitQty>
      <Quantity>1</Quantity>
      <UnitMeasure>'יח</UnitMeasure>
      <BisWeighted>0</BisWeighted>
      <QtyInPackage>1</QtyInPackage>
      <ItemPrice>12.90</ItemPrice>
      <UnitOfMeasurePrice>12.90</UnitOfMeasurePrice>
      <AllowDiscount>1</AllowDiscount>
      <itemStatus>1</itemStatus>
      <LastUpdateDate />
      <LastUpdateTime />
    </Product>
    <Product>
      <PriceUpdateDate>2022/05/29 09:46</PriceUpdateDate>
      <ItemCode>7290117030752</ItemCode>
      <ItemType>1</ItemType>
      <ItemName>תבניות ארוז *7 R31 (105) "שווה"</ItemName>
      <ManufactureName>ח.כהן סוכנות מזון ומשקאות</ManufactureName>
      <ManufactureCountry />
      <ManufactureItemDescription />
      <UnitQty>'יח</UnitQty>
      <Quantity>1</Quantity>
      <UnitMeasure>'יח</UnitMeasure>
      <BisWeighted>0</BisWeighted>
      <QtyInPackage>1</QtyInPackage>
      <ItemPrice>8.90</ItemPrice>
      <UnitOfMeasurePrice>8.90</UnitOfMeasurePrice>
      <AllowDiscount>1</AllowDiscount>
      <itemStatus>1</itemStatus>
      <LastUpdateDate />
      <LastUpdateTime />
    </Product>
    <Product>
      <PriceUpdateDate>2022/05/29 09:46</PriceUpdateDate>
      <ItemCode>7290117030769</ItemCode>
      <ItemType>1</ItemType>
      <ItemName>תבניות ארוז *7 R2 (90) "שווה"</ItemName>
      <ManufactureName>ח.כהן סוכנות מזון ומשקאות</ManufactureName>
      <ManufactureCountry />
      <ManufactureItemDescription />
      <UnitQty>'יח</UnitQty>
      <Quantity>1</Quantity>
      <UnitMeasure>'יח</UnitMeasure>
      <BisWeighted>0</BisWeighted>
      <QtyInPackage>1</QtyInPackage>
      <ItemPrice>8.90</ItemPrice>
      <UnitOfMeasurePrice>8.90</UnitOfMeasurePrice>
      <AllowDiscount>1</AllowDiscount>
      <itemStatus>1</itemStatus>
      <LastUpdateDate />
      <LastUpdateTime />
    </Product>
    <Product>
      <PriceUpdateDate>2022/05/29 09:46</PriceUpdateDate>
      <ItemCode>7290117030776</ItemCode>
      <ItemType>1</ItemType>
      <ItemName>תבניות ארוז מלבן עמוק *7 "שווה"</ItemName>
      <ManufactureName>ח.כהן סוכנות מזון ומשקאות</ManufactureName>
      <ManufactureCountry />
      <ManufactureItemDescription />
      <UnitQty>'יח</UnitQty>
      <Quantity>1</Quantity>
      <UnitMeasure>'יח</UnitMeasure>
      <BisWeighted>0</BisWeighted>
      <QtyInPackage>1</QtyInPackage>
      <ItemPrice>8.90</ItemPrice>
      <UnitOfMeasurePrice>8.90</UnitOfMeasurePrice>
      <AllowDiscount>1</AllowDiscount>
      <itemStatus>1</itemStatus>
      <LastUpdateDate />
      <LastUpdateTime />
    </Product>
    <Product>
      <PriceUpdateDate>2022/05/29 09:46</PriceUpdateDate>
      <ItemCode>7290117030783</ItemCode>
      <ItemType>1</ItemType>
      <ItemName>תבניות ארוז *7 R99 (210) "שווה"</ItemName>
      <ManufactureName>ח.כהן סוכנות מזון ומשקאות</ManufactureName>
      <ManufactureCountry />
      <ManufactureItemDescription />
      <UnitQty>'יח</UnitQty>
      <Quantity>1</Quantity>
      <UnitMeasure>'יח</UnitMeasure>
      <BisWeighted>0</BisWeighted>
      <QtyInPackage>1</QtyInPackage>
      <ItemPrice>8.90</ItemPrice>
      <UnitOfMeasurePrice>8.90</UnitOfMeasurePrice>
      <AllowDiscount>1</AllowDiscount>
      <itemStatus>1</itemStatus>
      <LastUpdateDate />
      <LastUpdateTime />
    </Product>
    <Product>
      <PriceUpdateDate>2022/05/29 09:46</PriceUpdateDate>
      <ItemCode>7290117030790</ItemCode>
      <ItemType>1</ItemType>
      <ItemName>תבניות ארוז *10 R88 אינגליש "שווה"</ItemName>
      <ManufactureName>ח.כהן סוכנות מזון ומשקאות</ManufactureName>
      <ManufactureCountry />
      <ManufactureItemDescription />
      <UnitQty>'יח</UnitQty>
      <Quantity>1</Quantity>
      <UnitMeasure>'יח</UnitMeasure>
      <BisWeighted>0</BisWeighted>
      <QtyInPackage>1</QtyInPackage>
      <ItemPrice>8.90</ItemPrice>
      <UnitOfMeasurePrice>8.90</UnitOfMeasurePrice>
      <AllowDiscount>1</AllowDiscount>
      <itemStatus>1</itemStatus>
      <LastUpdateDate />
      <LastUpdateTime />
    </Product>
    <Product>
      <PriceUpdateDate>2022/05/29 09:46</PriceUpdateDate>
      <ItemCode>7290117030806</ItemCode>
      <ItemType>1</ItemType>
      <ItemName>תבניות ארוז *10 R29 טוסטר "שווה"</ItemName>
      <ManufactureName>ח.כהן סוכנות מזון ומשקאות</ManufactureName>
      <ManufactureCountry />
      <ManufactureItemDescription />
      <UnitQty>'יח</UnitQty>
      <Quantity>1</Quantity>
      <UnitMeasure>'יח</UnitMeasure>
      <BisWeighted>0</BisWeighted>
      <QtyInPackage>1</QtyInPackage>
      <ItemPrice>8.90</ItemPrice>
      <UnitOfMeasurePrice>8.90</UnitOfMeasurePrice>
      <AllowDiscount>1</AllowDiscount>
      <itemStatus>1</itemStatus>
      <LastUpdateDate />
      <LastUpdateTime />
    </Product>
    <Product>
      <PriceUpdateDate>2022/05/29 09:46</PriceUpdateDate>
      <ItemCode>7290117030813</ItemCode>
      <ItemType>1</ItemType>
      <ItemName>תבניות ארוז *4 C60 עגול עמוק "שווה"</ItemName>
      <ManufactureName>ח.כהן סוכנות מזון ומשקאות</ManufactureName>
      <ManufactureCountry />
      <ManufactureItemDescription />
      <UnitQty>'יח</UnitQty>
      <Quantity>1</Quantity>
      <UnitMeasure>'יח</UnitMeasure>
      <BisWeighted>0</BisWeighted>
      <QtyInPackage>1</QtyInPackage>
      <ItemPrice>8.90</ItemPrice>
      <UnitOfMeasurePrice>8.90</UnitOfMeasurePrice>
      <AllowDiscount>1</AllowDiscount>
      <itemStatus>1</itemStatus>
      <LastUpdateDate />
      <LastUpdateTime />
    </Product>
    <Product>
      <PriceUpdateDate>2022/01/23 20:22</PriceUpdateDate>
      <ItemCode>7290117031506</ItemCode>
      <ItemType>1</ItemType>
      <ItemName>כוסות קרטון שתיה חמה B-8 שווה</ItemName>
      <ManufactureName>ח.כהן סוכנות מזון ומשקאות</ManufactureName>
      <ManufactureCountry />
      <ManufactureItemDescription />
      <UnitQty>'יח</UnitQty>
      <Quantity>1</Quantity>
      <UnitMeasure />
      <BisWeighted>0</BisWeighted>
      <QtyInPackage>1</QtyInPackage>
      <ItemPrice>8.90</ItemPrice>
      <UnitOfMeasurePrice>8.90</UnitOfMeasurePrice>
      <AllowDiscount>1</AllowDiscount>
      <itemStatus>1</itemStatus>
      <LastUpdateDate />
      <LastUpdateTime />
    </Product>
    <Product>
      <PriceUpdateDate>2022/07/17 20:58</PriceUpdateDate>
      <ItemCode>7290117032008</ItemCode>
      <ItemType>1</ItemType>
      <ItemName>מזלגות איכותי 40 יח קרם  "שווה"</ItemName>
      <ManufactureName>ח.כהן סוכנות מזון ומשקאות</ManufactureName>
      <ManufactureCountry />
      <ManufactureItemDescription />
      <UnitQty>'יח</UnitQty>
      <Quantity>1</Quantity>
      <UnitMeasure>'יח</UnitMeasure>
      <BisWeighted>0</BisWeighted>
      <QtyInPackage>1</QtyInPackage>
      <ItemPrice>5.90</ItemPrice>
      <UnitOfMeasurePrice>5.90</UnitOfMeasurePrice>
      <AllowDiscount>1</AllowDiscount>
      <itemStatus>1</itemStatus>
      <LastUpdateDate />
      <LastUpdateTime />
    </Product>
    <Product>
      <PriceUpdateDate>2022/07/17 20:58</PriceUpdateDate>
      <ItemCode>7290117032060</ItemCode>
      <ItemType>1</ItemType>
      <ItemName>כפות איכותי 40 יח קרם  "שווה"</ItemName>
      <ManufactureName>ח.כהן סוכנות מזון ומשקאות</ManufactureName>
      <ManufactureCountry />
      <ManufactureItemDescription />
      <UnitQty>'יח</UnitQty>
      <Quantity>1</Quantity>
      <UnitMeasure>'יח</UnitMeasure>
      <BisWeighted>0</BisWeighted>
      <QtyInPackage>1</QtyInPackage>
      <ItemPrice>5.90</ItemPrice>
      <UnitOfMeasurePrice>5.90</UnitOfMeasurePrice>
      <AllowDiscount>1</AllowDiscount>
      <itemStatus>1</itemStatus>
      <LastUpdateDate />
      <LastUpdateTime />
    </Product>
    <Product>
      <PriceUpdateDate>2022/07/17 20:58</PriceUpdateDate>
      <ItemCode>7290117032077</ItemCode>
      <ItemType>1</ItemType>
      <ItemName>כפות איכותי 40 יח שקוף  "שווה"</ItemName>
      <ManufactureName>ח.כהן סוכנות מזון ומשקאות</ManufactureName>
      <ManufactureCountry />
      <ManufactureItemDescription />
      <UnitQty>'יח</UnitQty>
      <Quantity>1</Quantity>
      <UnitMeasure>'יח</UnitMeasure>
      <BisWeighted>0</BisWeighted>
      <QtyInPackage>1</QtyInPackage>
      <ItemPrice>5.90</ItemPrice>
      <UnitOfMeasurePrice>5.90</UnitOfMeasurePrice>
      <AllowDiscount>1</AllowDiscount>
      <itemStatus>1</itemStatus>
      <LastUpdateDate />
      <LastUpdateTime />
    </Product>
    <Product>
      <PriceUpdateDate>2022/07/17 20:58</PriceUpdateDate>
      <ItemCode>7290117032091</ItemCode>
      <ItemType>1</ItemType>
      <ItemName>כפיות איכותי 40 יח קרם  "שווה"</ItemName>
      <ManufactureName>ח.כהן סוכנות מזון ומשקאות</ManufactureName>
      <ManufactureCountry />
      <ManufactureItemDescription />
      <UnitQty>'יח</UnitQty>
      <Quantity>1</Quantity>
      <UnitMeasure>'יח</UnitMeasure>
      <BisWeighted>0</BisWeighted>
      <QtyInPackage>1</QtyInPackage>
      <ItemPrice>5.90</ItemPrice>
      <UnitOfMeasurePrice>5.90</UnitOfMeasurePrice>
      <AllowDiscount>1</AllowDiscount>
      <itemStatus>1</itemStatus>
      <LastUpdateDate />
      <LastUpdateTime />
    </Product>
    <Product>
      <PriceUpdateDate>2022/07/14 14:16</PriceUpdateDate>
      <ItemCode>7290117032541</ItemCode>
      <ItemType>1</ItemType>
      <ItemName>צלחת קטנה משפחתי 75 יח` שווה לבן</ItemName>
      <ManufactureName>ח.כהן סוכנות מזון ומשקאות</ManufactureName>
      <ManufactureCountry />
      <ManufactureItemDescription />
      <UnitQty>'יח</UnitQty>
      <Quantity>1</Quantity>
      <UnitMeasure />
      <BisWeighted>0</BisWeighted>
      <QtyInPackage>1</QtyInPackage>
      <ItemPrice>24.90</ItemPrice>
      <UnitOfMeasurePrice>24.90</UnitOfMeasurePrice>
      <AllowDiscount>1</AllowDiscount>
      <itemStatus>1</itemStatus>
      <LastUpdateDate />
      <LastUpdateTime />
    </Product>
    <Product>
      <PriceUpdateDate>2022/07/14 14:16</PriceUpdateDate>
      <ItemCode>7290117032589</ItemCode>
      <ItemType>1</ItemType>
      <ItemName>צלחות גדולות 60 יח לבן "שווה"</ItemName>
      <ManufactureName>ח.כהן סוכנות מזון ומשקאות</ManufactureName>
      <ManufactureCountry />
      <ManufactureItemDescription />
      <UnitQty>'יח</UnitQty>
      <Quantity>1</Quantity>
      <UnitMeasure>'יח</UnitMeasure>
      <BisWeighted>0</BisWeighted>
      <QtyInPackage>1</QtyInPackage>
      <ItemPrice>24.90</ItemPrice>
      <UnitOfMeasurePrice>24.90</UnitOfMeasurePrice>
      <AllowDiscount>1</AllowDiscount>
      <itemStatus>1</itemStatus>
      <LastUpdateDate />
      <LastUpdateTime />
    </Product>
    <Product>
      <PriceUpdateDate>2022/07/14 14:16</PriceUpdateDate>
      <ItemCode>7290117032596</ItemCode>
      <ItemType>1</ItemType>
      <ItemName>צלחות גדולות 60 יח אריזה משפחתית "שווה</ItemName>
      <ManufactureName>ח.כהן סוכנות מזון ומשקאות</ManufactureName>
      <ManufactureCountry />
      <ManufactureItemDescription />
      <UnitQty>'יח</UnitQty>
      <Quantity>1</Quantity>
      <UnitMeasure>'יח</UnitMeasure>
      <BisWeighted>0</BisWeighted>
      <QtyInPackage>1</QtyInPackage>
      <ItemPrice>24.90</ItemPrice>
      <UnitOfMeasurePrice>24.90</UnitOfMeasurePrice>
      <AllowDiscount>1</AllowDiscount>
      <itemStatus>1</itemStatus>
      <LastUpdateDate />
      <LastUpdateTime />
    </Product>
    <Product>
      <PriceUpdateDate>2022/07/14 14:16</PriceUpdateDate>
      <ItemCode>7290117032602</ItemCode>
      <ItemType>1</ItemType>
      <ItemName>צלחת ענקית משפחתי 35  יח`שווה</ItemName>
      <ManufactureName>ח.כהן סוכנות מזון ומשקאות</ManufactureName>
      <ManufactureCountry />
      <ManufactureItemDescription />
      <UnitQty>'יח</UnitQty>
      <Quantity>1</Quantity>
      <UnitMeasure />
      <BisWeighted>0</BisWeighted>
      <QtyInPackage>1</QtyInPackage>
      <ItemPrice>24.90</ItemPrice>
      <UnitOfMeasurePrice>24.90</UnitOfMeasurePrice>
      <AllowDiscount>1</AllowDiscount>
      <itemStatus>1</itemStatus>
      <LastUpdateDate />
      <LastUpdateTime />
    </Product>
    <Product>
      <PriceUpdateDate>2022/07/14 14:16</PriceUpdateDate>
      <ItemCode>7290117032619</ItemCode>
      <ItemType>1</ItemType>
      <ItemName>צלחת ענקית משפחתי 35  יח`שווה קרם</ItemName>
      <ManufactureName>ח.כהן סוכנות מזון ומשקאות</ManufactureName>
      <ManufactureCountry />
      <ManufactureItemDescription />
      <UnitQty>'יח</UnitQty>
      <Quantity>1</Quantity>
      <UnitMeasure />
      <BisWeighted>0</BisWeighted>
      <QtyInPackage>1</QtyInPackage>
      <ItemPrice>24.90</ItemPrice>
      <UnitOfMeasurePrice>24.90</UnitOfMeasurePrice>
      <AllowDiscount>1</AllowDiscount>
      <itemStatus>1</itemStatus>
      <LastUpdateDate />
      <LastUpdateTime />
    </Product>
    <Product>
      <PriceUpdateDate>2022/07/06 10:35</PriceUpdateDate>
      <ItemCode>7290117033005</ItemCode>
      <ItemType>1</ItemType>
      <ItemName>פופקורן למיקרו מלח 5*100 גרם "שווה"</ItemName>
      <ManufactureName>ח.כהן סוכנות מזון ומשקאות</ManufactureName>
      <ManufactureCountry />
      <ManufactureItemDescription />
      <UnitQty>'יח</UnitQty>
      <Quantity>5</Quantity>
      <UnitMeasure>ל-100 גרם</UnitMeasure>
      <BisWeighted>0</BisWeighted>
      <QtyInPackage>1</QtyInPackage>
      <ItemPrice>10.90</ItemPrice>
      <UnitOfMeasurePrice>2.18</UnitOfMeasurePrice>
      <AllowDiscount>1</AllowDiscount>
      <itemStatus>1</itemStatus>
      <LastUpdateDate />
      <LastUpdateTime />
    </Product>
    <Product>
      <PriceUpdateDate>2022/07/06 10:35</PriceUpdateDate>
      <ItemCode>7290117033012</ItemCode>
      <ItemType>1</ItemType>
      <ItemName>פופקורן למיקרו חמאה 5*100 גרם "שווה"</ItemName>
      <ManufactureName>ח.כהן סוכנות מזון ומשקאות</ManufactureName>
      <ManufactureCountry />
      <ManufactureItemDescription />
      <UnitQty>'יח</UnitQty>
      <Quantity>5</Quantity>
      <UnitMeasure>ל-100 גרם</UnitMeasure>
      <BisWeighted>0</BisWeighted>
      <QtyInPackage>1</QtyInPackage>
      <ItemPrice>10.90</ItemPrice>
      <UnitOfMeasurePrice>2.18</UnitOfMeasurePrice>
      <AllowDiscount>1</AllowDiscount>
      <itemStatus>1</itemStatus>
      <LastUpdateDate />
      <LastUpdateTime />
    </Product>
    <Product>
      <PriceUpdateDate>2022/07/06 10:35</PriceUpdateDate>
      <ItemCode>7290117033029</ItemCode>
      <ItemType>1</ItemType>
      <ItemName>פופקורן למיקרו לייט 5*85 גרם "שווה"</ItemName>
      <ManufactureName>ח.כהן סוכנות מזון ומשקאות</ManufactureName>
      <ManufactureCountry />
      <ManufactureItemDescription />
      <UnitQty>'יח</UnitQty>
      <Quantity>4</Quantity>
      <UnitMeasure>ל-100 גרם</UnitMeasure>
      <BisWeighted>0</BisWeighted>
      <QtyInPackage>1</QtyInPackage>
      <ItemPrice>10.90</ItemPrice>
      <UnitOfMeasurePrice>2.73</UnitOfMeasurePrice>
      <AllowDiscount>1</AllowDiscount>
      <itemStatus>1</itemStatus>
      <LastUpdateDate />
      <LastUpdateTime />
    </Product>
    <Product>
      <PriceUpdateDate>2022/10/18 14:59</PriceUpdateDate>
      <ItemCode>7290117132685</ItemCode>
      <ItemType>1</ItemType>
      <ItemName>כבל טייפ-סי MOMA</ItemName>
      <ManufactureName>הום פרפקט ק.ד.מ בעמ</ManufactureName>
      <ManufactureCountry />
      <ManufactureItemDescription />
      <UnitQty>'יח</UnitQty>
      <Quantity>1</Quantity>
      <UnitMeasure />
      <BisWeighted>0</BisWeighted>
      <QtyInPackage>1</QtyInPackage>
      <ItemPrice>14.90</ItemPrice>
      <UnitOfMeasurePrice>14.90</UnitOfMeasurePrice>
      <AllowDiscount>1</AllowDiscount>
      <itemStatus>1</itemStatus>
      <LastUpdateDate />
      <LastUpdateTime />
    </Product>
    <Product>
      <PriceUpdateDate>2022/06/22 10:20</PriceUpdateDate>
      <ItemCode>7290117260074</ItemCode>
      <ItemType>1</ItemType>
      <ItemName>שעועית ירוקה חתוכה 800 גרם</ItemName>
      <ManufactureName>ג. וילי-פוד אינטרנשיונל בע`מ</ManufactureName>
      <ManufactureCountry />
      <ManufactureItemDescription />
      <UnitQty>'יח</UnitQty>
      <Quantity>8</Quantity>
      <UnitMeasure>ל-100 גרם</UnitMeasure>
      <BisWeighted>0</BisWeighted>
      <QtyInPackage>1</QtyInPackage>
      <ItemPrice>6.90</ItemPrice>
      <UnitOfMeasurePrice>0.86</UnitOfMeasurePrice>
      <AllowDiscount>0</AllowDiscount>
      <itemStatus>1</itemStatus>
      <LastUpdateDate />
      <LastUpdateTime />
    </Product>
    <Product>
      <PriceUpdateDate>2022/04/07 14:54</PriceUpdateDate>
      <ItemCode>7290117260449</ItemCode>
      <ItemType>1</ItemType>
      <ItemName>גבינה בולגרית מעודנת למריחה טבעי 200 ג</ItemName>
      <ManufactureName>ג. וילי-פוד אינטרנשיונל בע`מ</ManufactureName>
      <ManufactureCountry />
      <ManufactureItemDescription />
      <UnitQty>'יח</UnitQty>
      <Quantity>2</Quantity>
      <UnitMeasure>ל-100 גרם</UnitMeasure>
      <BisWeighted>0</BisWeighted>
      <QtyInPackage>1</QtyInPackage>
      <ItemPrice>10.90</ItemPrice>
      <UnitOfMeasurePrice>5.45</UnitOfMeasurePrice>
      <AllowDiscount>0</AllowDiscount>
      <itemStatus>1</itemStatus>
      <LastUpdateDate />
      <LastUpdateTime />
    </Product>
    <Product>
      <PriceUpdateDate>2022/04/07 14:54</PriceUpdateDate>
      <ItemCode>7290117260470</ItemCode>
      <ItemType>1</ItemType>
      <ItemName>גבינה בולגרית מעודנת למריחה שום 200 ג</ItemName>
      <ManufactureName>ג. וילי-פוד אינטרנשיונל בע`מ</ManufactureName>
      <ManufactureCountry />
      <ManufactureItemDescription />
      <UnitQty>'יח</UnitQty>
      <Quantity>2</Quantity>
      <UnitMeasure>ל-100 גרם</UnitMeasure>
      <BisWeighted>0</BisWeighted>
      <QtyInPackage>1</QtyInPackage>
      <ItemPrice>10.90</ItemPrice>
      <UnitOfMeasurePrice>5.45</UnitOfMeasurePrice>
      <AllowDiscount>0</AllowDiscount>
      <itemStatus>1</itemStatus>
      <LastUpdateDate />
      <LastUpdateTime />
    </Product>
    <Product>
      <PriceUpdateDate>2022/10/08 20:16</PriceUpdateDate>
      <ItemCode>7290117260562</ItemCode>
      <ItemType>1</ItemType>
      <ItemName>חמאה בגביע 225 גרם</ItemName>
      <ManufactureName>ג. וילי-פוד אינטרנשיונל בע`מ</ManufactureName>
      <ManufactureCountry />
      <ManufactureItemDescription />
      <UnitQty>'יח</UnitQty>
      <Quantity>2.25</Quantity>
      <UnitMeasure>ל-100 גרם</UnitMeasure>
      <BisWeighted>0</BisWeighted>
      <QtyInPackage>1</QtyInPackage>
      <ItemPrice>16.90</ItemPrice>
      <UnitOfMeasurePrice>7.51</UnitOfMeasurePrice>
      <AllowDiscount>0</AllowDiscount>
      <itemStatus>1</itemStatus>
      <LastUpdateDate />
      <LastUpdateTime />
    </Product>
    <Product>
      <PriceUpdateDate>2022/06/15 06:54</PriceUpdateDate>
      <ItemCode>7290117260593</ItemCode>
      <ItemType>1</ItemType>
      <ItemName>חטיף קראנצ`י על בסיס קמח עדשים צ`דר 80</ItemName>
      <ManufactureName>ג. וילי-פוד אינטרנשיונל בע`מ</ManufactureName>
      <ManufactureCountry />
      <ManufactureItemDescription />
      <UnitQty>'יח</UnitQty>
      <Quantity>0.80</Quantity>
      <UnitMeasure>ל-100 גרם</UnitMeasure>
      <BisWeighted>0</BisWeighted>
      <QtyInPackage>1</QtyInPackage>
      <ItemPrice>9.90</ItemPrice>
      <UnitOfMeasurePrice>12.38</UnitOfMeasurePrice>
      <AllowDiscount>1</AllowDiscount>
      <itemStatus>1</itemStatus>
      <LastUpdateDate />
      <LastUpdateTime />
    </Product>
    <Product>
      <PriceUpdateDate>2022/06/23 12:05</PriceUpdateDate>
      <ItemCode>7290117260975</ItemCode>
      <ItemType>1</ItemType>
      <ItemName>זיתי קלמטה מגולענים במי מלח 300 גרם</ItemName>
      <ManufactureName>ג. וילי-פוד אינטרנשיונל בע`מ</ManufactureName>
      <ManufactureCountry />
      <ManufactureItemDescription />
      <UnitQty>'יח</UnitQty>
      <Quantity>3</Quantity>
      <UnitMeasure>ל-100 גרם</UnitMeasure>
      <BisWeighted>0</BisWeighted>
      <QtyInPackage>1</QtyInPackage>
      <ItemPrice>8.90</ItemPrice>
      <UnitOfMeasurePrice>2.97</UnitOfMeasurePrice>
      <AllowDiscount>0</AllowDiscount>
      <itemStatus>1</itemStatus>
      <LastUpdateDate />
      <LastUpdateTime />
    </Product>
    <Product>
      <PriceUpdateDate>2022/06/23 12:05</PriceUpdateDate>
      <ItemCode>7290117261033</ItemCode>
      <ItemType>1</ItemType>
      <ItemName>זיתים שחורים מיובשים טאטוס 200 גרם</ItemName>
      <ManufactureName>ג. וילי-פוד אינטרנשיונל בע`מ</ManufactureName>
      <ManufactureCountry />
      <ManufactureItemDescription />
      <UnitQty>'יח</UnitQty>
      <Quantity>2</Quantity>
      <UnitMeasure>ל-100 גרם</UnitMeasure>
      <BisWeighted>0</BisWeighted>
      <QtyInPackage>1</QtyInPackage>
      <ItemPrice>8.90</ItemPrice>
      <UnitOfMeasurePrice>4.45</UnitOfMeasurePrice>
      <AllowDiscount>1</AllowDiscount>
      <itemStatus>1</itemStatus>
      <LastUpdateDate />
      <LastUpdateTime />
    </Product>
    <Product>
      <PriceUpdateDate>2022/08/17 10:20</PriceUpdateDate>
      <ItemCode>7290117261415</ItemCode>
      <ItemType>1</ItemType>
      <ItemName>יוגורט פרוביוטי 2.7% שומן 125 גרם</ItemName>
      <ManufactureName>ג. וילי-פוד אינטרנשיונל בע`מ</ManufactureName>
      <ManufactureCountry />
      <ManufactureItemDescription />
      <UnitQty>'יח</UnitQty>
      <Quantity>1.25</Quantity>
      <UnitMeasure>ל-100 גרם</UnitMeasure>
      <BisWeighted>0</BisWeighted>
      <QtyInPackage>1</QtyInPackage>
      <ItemPrice>2.90</ItemPrice>
      <UnitOfMeasurePrice>2.32</UnitOfMeasurePrice>
      <AllowDiscount>0</AllowDiscount>
      <itemStatus>1</itemStatus>
      <LastUpdateDate />
      <LastUpdateTime />
    </Product>
    <Product>
      <PriceUpdateDate>2022/08/17 10:20</PriceUpdateDate>
      <ItemCode>7290117261422</ItemCode>
      <ItemType>1</ItemType>
      <ItemName>יוגורט פרוביוטי 2.7% שומן תות שד 125 גרם</ItemName>
      <ManufactureName>ג. וילי-פוד אינטרנשיונל בע`מ</ManufactureName>
      <ManufactureCountry />
      <ManufactureItemDescription />
      <UnitQty>'יח</UnitQty>
      <Quantity>1.25</Quantity>
      <UnitMeasure>ל-100 גרם</UnitMeasure>
      <BisWeighted>0</BisWeighted>
      <QtyInPackage>1</QtyInPackage>
      <ItemPrice>2.90</ItemPrice>
      <UnitOfMeasurePrice>2.32</UnitOfMeasurePrice>
      <AllowDiscount>0</AllowDiscount>
      <itemStatus>1</itemStatus>
      <LastUpdateDate />
      <LastUpdateTime />
    </Product>
    <Product>
      <PriceUpdateDate>2022/08/17 10:20</PriceUpdateDate>
      <ItemCode>7290117261439</ItemCode>
      <ItemType>1</ItemType>
      <ItemName>יוגורט פרוביוטי 2.7% שומן פירות יער</ItemName>
      <ManufactureName>ג. וילי-פוד אינטרנשיונל בע`מ</ManufactureName>
      <ManufactureCountry />
      <ManufactureItemDescription />
      <UnitQty>'יח</UnitQty>
      <Quantity>1.25</Quantity>
      <UnitMeasure>ל-100 גרם</UnitMeasure>
      <BisWeighted>0</BisWeighted>
      <QtyInPackage>1</QtyInPackage>
      <ItemPrice>2.90</ItemPrice>
      <UnitOfMeasurePrice>2.32</UnitOfMeasurePrice>
      <AllowDiscount>0</AllowDiscount>
      <itemStatus>1</itemStatus>
      <LastUpdateDate />
      <LastUpdateTime />
    </Product>
    <Product>
      <PriceUpdateDate>2022/08/17 10:20</PriceUpdateDate>
      <ItemCode>7290117261446</ItemCode>
      <ItemType>1</ItemType>
      <ItemName>יוגורט פרוביוטי 2.7% שומן אפרסק ומשמש</ItemName>
      <ManufactureName>ג. וילי-פוד אינטרנשיונל בע`מ</ManufactureName>
      <ManufactureCountry />
      <ManufactureItemDescription />
      <UnitQty>'יח</UnitQty>
      <Quantity>1.25</Quantity>
      <UnitMeasure>ל-100 גרם</UnitMeasure>
      <BisWeighted>0</BisWeighted>
      <QtyInPackage>1</QtyInPackage>
      <ItemPrice>2.90</ItemPrice>
      <UnitOfMeasurePrice>2.32</UnitOfMeasurePrice>
      <AllowDiscount>0</AllowDiscount>
      <itemStatus>1</itemStatus>
      <LastUpdateDate />
      <LastUpdateTime />
    </Product>
    <Product>
      <PriceUpdateDate>2022/07/13 15:18</PriceUpdateDate>
      <ItemCode>7290117261521</ItemCode>
      <ItemType>1</ItemType>
      <ItemName>סלמון אטלנטי בשמן קנולה 120 גרם</ItemName>
      <ManufactureName>ג. וילי-פוד אינטרנשיונל בע`מ</ManufactureName>
      <ManufactureCountry />
      <ManufactureItemDescription />
      <UnitQty>'יח</UnitQty>
      <Quantity>1.20</Quantity>
      <UnitMeasure>ל-100 גרם</UnitMeasure>
      <BisWeighted>0</BisWeighted>
      <QtyInPackage>1</QtyInPackage>
      <ItemPrice>11.90</ItemPrice>
      <UnitOfMeasurePrice>9.92</UnitOfMeasurePrice>
      <AllowDiscount>1</AllowDiscount>
      <itemStatus>1</itemStatus>
      <LastUpdateDate />
      <LastUpdateTime />
    </Product>
    <Product>
      <PriceUpdateDate>2022/08/17 14:38</PriceUpdateDate>
      <ItemCode>7290117261583</ItemCode>
      <ItemType>1</ItemType>
      <ItemName>סרדינים בריסלינג מעושנים בשמן קנולה</ItemName>
      <ManufactureName>ג. וילי-פוד אינטרנשיונל בע`מ</ManufactureName>
      <ManufactureCountry />
      <ManufactureItemDescription />
      <UnitQty>'יח</UnitQty>
      <Quantity>1</Quantity>
      <UnitMeasure>ל-100 גרם</UnitMeasure>
      <BisWeighted>0</BisWeighted>
      <QtyInPackage>1</QtyInPackage>
      <ItemPrice>13.90</ItemPrice>
      <UnitOfMeasurePrice>13.90</UnitOfMeasurePrice>
      <AllowDiscount>0</AllowDiscount>
      <itemStatus>1</itemStatus>
      <LastUpdateDate />
      <LastUpdateTime />
    </Product>
    <Product>
      <PriceUpdateDate>2022/07/18 13:52</PriceUpdateDate>
      <ItemCode>7290117261903</ItemCode>
      <ItemType>1</ItemType>
      <ItemName>גבינת עיזים רכה 29% שומן</ItemName>
      <ManufactureName>ג. וילי-פוד אינטרנשיונל בע`מ</ManufactureName>
      <ManufactureCountry />
      <ManufactureItemDescription />
      <UnitQty>'יח</UnitQty>
      <Quantity>1.10</Quantity>
      <UnitMeasure>ל-100 גרם</UnitMeasure>
      <BisWeighted>0</BisWeighted>
      <QtyInPackage>1</QtyInPackage>
      <ItemPrice>14.90</ItemPrice>
      <UnitOfMeasurePrice>13.55</UnitOfMeasurePrice>
      <AllowDiscount>0</AllowDiscount>
      <itemStatus>1</itemStatus>
      <LastUpdateDate />
      <LastUpdateTime />
    </Product>
    <Product>
      <PriceUpdateDate>2022/08/10 20:23</PriceUpdateDate>
      <ItemCode>7290117262221</ItemCode>
      <ItemType>1</ItemType>
      <ItemName>משקה יוגורט עם אננס 200 מ"ל 2.3%</ItemName>
      <ManufactureName>ג. וילי-פוד אינטרנשיונל בע`מ</ManufactureName>
      <ManufactureCountry />
      <ManufactureItemDescription />
      <UnitQty>'יח</UnitQty>
      <Quantity>1.50</Quantity>
      <UnitMeasure>ל-100 גרם</UnitMeasure>
      <BisWeighted>0</BisWeighted>
      <QtyInPackage>1</QtyInPackage>
      <ItemPrice>4.90</ItemPrice>
      <UnitOfMeasurePrice>3.27</UnitOfMeasurePrice>
      <AllowDiscount>1</AllowDiscount>
      <itemStatus>1</itemStatus>
      <LastUpdateDate />
      <LastUpdateTime />
    </Product>
    <Product>
      <PriceUpdateDate>2022/08/10 20:23</PriceUpdateDate>
      <ItemCode>7290117262245</ItemCode>
      <ItemType>1</ItemType>
      <ItemName>משקה יוגורט עם אפרסק ומשמש 200 מ"ל 2.3</ItemName>
      <ManufactureName>ג. וילי-פוד אינטרנשיונל בע`מ</ManufactureName>
      <ManufactureCountry />
      <ManufactureItemDescription />
      <UnitQty>'יח</UnitQty>
      <Quantity>1.50</Quantity>
      <UnitMeasure>ל-100 גרם</UnitMeasure>
      <BisWeighted>0</BisWeighted>
      <QtyInPackage>1</QtyInPackage>
      <ItemPrice>4.90</ItemPrice>
      <UnitOfMeasurePrice>3.27</UnitOfMeasurePrice>
      <AllowDiscount>1</AllowDiscount>
      <itemStatus>1</itemStatus>
      <LastUpdateDate />
      <LastUpdateTime />
    </Product>
    <Product>
      <PriceUpdateDate>2022/04/14 09:11</PriceUpdateDate>
      <ItemCode>7290117380147</ItemCode>
      <ItemType>1</ItemType>
      <ItemName>מאסטר שף רוטב שום חרדל ודבש 260 גרם</ItemName>
      <ManufactureName>ש. שסטוביץ בע`מ</ManufactureName>
      <ManufactureCountry />
      <ManufactureItemDescription />
      <UnitQty>'יח</UnitQty>
      <Quantity>2.60</Quantity>
      <UnitMeasure>ל-100 גרם</UnitMeasure>
      <BisWeighted>0</BisWeighted>
      <QtyInPackage>1</QtyInPackage>
      <ItemPrice>9.90</ItemPrice>
      <UnitOfMeasurePrice>3.81</UnitOfMeasurePrice>
      <AllowDiscount>0</AllowDiscount>
      <itemStatus>1</itemStatus>
      <LastUpdateDate />
      <LastUpdateTime />
    </Product>
    <Product>
      <PriceUpdateDate>2022/08/02 14:41</PriceUpdateDate>
      <ItemCode>7290117381229</ItemCode>
      <ItemType>1</ItemType>
      <ItemName>פוף פריכיות מצופות שוקולד חלב 70 גרם</ItemName>
      <ManufactureName>ש. שסטוביץ בע`מ</ManufactureName>
      <ManufactureCountry />
      <ManufactureItemDescription />
      <UnitQty>'יח</UnitQty>
      <Quantity>0.70</Quantity>
      <UnitMeasure>ל-100 גרם</UnitMeasure>
      <BisWeighted>0</BisWeighted>
      <QtyInPackage>1</QtyInPackage>
      <ItemPrice>7.90</ItemPrice>
      <UnitOfMeasurePrice>11.29</UnitOfMeasurePrice>
      <AllowDiscount>1</AllowDiscount>
      <itemStatus>1</itemStatus>
      <LastUpdateDate />
      <LastUpdateTime />
    </Product>
    <Product>
      <PriceUpdateDate>2022/08/02 14:41</PriceUpdateDate>
      <ItemCode>7290117381243</ItemCode>
      <ItemType>1</ItemType>
      <ItemName>פוף פריכיות מצופות שוקולד חלב ותות 70ג</ItemName>
      <ManufactureName>ש. שסטוביץ בע`מ</ManufactureName>
      <ManufactureCountry />
      <ManufactureItemDescription />
      <UnitQty>'יח</UnitQty>
      <Quantity>0.70</Quantity>
      <UnitMeasure>ל-100 גרם</UnitMeasure>
      <BisWeighted>0</BisWeighted>
      <QtyInPackage>1</QtyInPackage>
      <ItemPrice>7.90</ItemPrice>
      <UnitOfMeasurePrice>11.29</UnitOfMeasurePrice>
      <AllowDiscount>1</AllowDiscount>
      <itemStatus>1</itemStatus>
      <LastUpdateDate />
      <LastUpdateTime />
    </Product>
    <Product>
      <PriceUpdateDate>2022/09/18 13:42</PriceUpdateDate>
      <ItemCode>7290117381922</ItemCode>
      <ItemType>1</ItemType>
      <ItemName>מארז רביעייה קולגייט טריפל אקשן 75 מל</ItemName>
      <ManufactureName>ש. שסטוביץ בע`מ</ManufactureName>
      <ManufactureCountry />
      <ManufactureItemDescription />
      <UnitQty>'יח</UnitQty>
      <Quantity>7.50</Quantity>
      <UnitMeasure>ל-100 גרם</UnitMeasure>
      <BisWeighted>0</BisWeighted>
      <QtyInPackage>1</QtyInPackage>
      <ItemPrice>26.90</ItemPrice>
      <UnitOfMeasurePrice>3.59</UnitOfMeasurePrice>
      <AllowDiscount>1</AllowDiscount>
      <itemStatus>1</itemStatus>
      <LastUpdateDate />
      <LastUpdateTime />
    </Product>
    <Product>
      <PriceUpdateDate>2022/10/31 15:02</PriceUpdateDate>
      <ItemCode>7290117860038</ItemCode>
      <ItemType>1</ItemType>
      <ItemName>הוואי תחליב יוגורט אוכמניות 700 מל`</ItemName>
      <ManufactureName>הנקל סוד בע`מ</ManufactureName>
      <ManufactureCountry />
      <ManufactureItemDescription />
      <UnitQty>'יח</UnitQty>
      <Quantity>7</Quantity>
      <UnitMeasure>ל-100 מ"ל</UnitMeasure>
      <BisWeighted>0</BisWeighted>
      <QtyInPackage>1</QtyInPackage>
      <ItemPrice>14.90</ItemPrice>
      <UnitOfMeasurePrice>2.13</UnitOfMeasurePrice>
      <AllowDiscount>1</AllowDiscount>
      <itemStatus>1</itemStatus>
      <LastUpdateDate />
      <LastUpdateTime />
    </Product>
    <Product>
      <PriceUpdateDate>2022/10/31 15:02</PriceUpdateDate>
      <ItemCode>7290117860045</ItemCode>
      <ItemType>1</ItemType>
      <ItemName>הוואי שמפו לשיער רגיל 700 מ`ל</ItemName>
      <ManufactureName>הנקל סוד בע`מ</ManufactureName>
      <ManufactureCountry />
      <ManufactureItemDescription />
      <UnitQty>'יח</UnitQty>
      <Quantity>7</Quantity>
      <UnitMeasure>ל-100 מ"ל</UnitMeasure>
      <BisWeighted>0</BisWeighted>
      <QtyInPackage>1</QtyInPackage>
      <ItemPrice>14.90</ItemPrice>
      <UnitOfMeasurePrice>2.13</UnitOfMeasurePrice>
      <AllowDiscount>1</AllowDiscount>
      <itemStatus>1</itemStatus>
      <LastUpdateDate />
      <LastUpdateTime />
    </Product>
    <Product>
      <PriceUpdateDate>2022/10/31 15:02</PriceUpdateDate>
      <ItemCode>7290117860083</ItemCode>
      <ItemType>1</ItemType>
      <ItemName>הוואי תחליב רחצה קרם דבש 700 מל`</ItemName>
      <ManufactureName>הנקל סוד בע`מ</ManufactureName>
      <ManufactureCountry />
      <ManufactureItemDescription />
      <UnitQty>'יח</UnitQty>
      <Quantity>0.70</Quantity>
      <UnitMeasure>ל-100 מ"ל</UnitMeasure>
      <BisWeighted>0</BisWeighted>
      <QtyInPackage>1</QtyInPackage>
      <ItemPrice>14.90</ItemPrice>
      <UnitOfMeasurePrice>21.29</UnitOfMeasurePrice>
      <AllowDiscount>1</AllowDiscount>
      <itemStatus>1</itemStatus>
      <LastUpdateDate />
      <LastUpdateTime />
    </Product>
    <Product>
      <PriceUpdateDate>2022/10/31 15:02</PriceUpdateDate>
      <ItemCode>7290117860090</ItemCode>
      <ItemType>1</ItemType>
      <ItemName>הוואי מרכך לשיער רגיל 700 מ`ל</ItemName>
      <ManufactureName>הנקל סוד בע`מ</ManufactureName>
      <ManufactureCountry />
      <ManufactureItemDescription />
      <UnitQty>'יח</UnitQty>
      <Quantity>7</Quantity>
      <UnitMeasure>ל-100 מ"ל</UnitMeasure>
      <BisWeighted>0</BisWeighted>
      <QtyInPackage>1</QtyInPackage>
      <ItemPrice>14.90</ItemPrice>
      <UnitOfMeasurePrice>2.13</UnitOfMeasurePrice>
      <AllowDiscount>1</AllowDiscount>
      <itemStatus>1</itemStatus>
      <LastUpdateDate />
      <LastUpdateTime />
    </Product>
    <Product>
      <PriceUpdateDate>2022/10/31 15:02</PriceUpdateDate>
      <ItemCode>7290117860137</ItemCode>
      <ItemType>1</ItemType>
      <ItemName>הוואי תחליב בניחוח פרח הקמליה 700 מל`</ItemName>
      <ManufactureName>הנקל סוד בע`מ</ManufactureName>
      <ManufactureCountry />
      <ManufactureItemDescription />
      <UnitQty>'יח</UnitQty>
      <Quantity>1.50</Quantity>
      <UnitMeasure>לליטר</UnitMeasure>
      <BisWeighted>0</BisWeighted>
      <QtyInPackage>1</QtyInPackage>
      <ItemPrice>14.90</ItemPrice>
      <UnitOfMeasurePrice>9.93</UnitOfMeasurePrice>
      <AllowDiscount>1</AllowDiscount>
      <itemStatus>1</itemStatus>
      <LastUpdateDate />
      <LastUpdateTime />
    </Product>
    <Product>
      <PriceUpdateDate>2022/10/31 15:02</PriceUpdateDate>
      <ItemCode>7290117860144</ItemCode>
      <ItemType>1</ItemType>
      <ItemName>הוואי שמפו נגד קשקשים 700 מ`ל</ItemName>
      <ManufactureName>הנקל סוד בע`מ</ManufactureName>
      <ManufactureCountry />
      <ManufactureItemDescription />
      <UnitQty>'יח</UnitQty>
      <Quantity>7</Quantity>
      <UnitMeasure>ל-100 מ"ל</UnitMeasure>
      <BisWeighted>0</BisWeighted>
      <QtyInPackage>1</QtyInPackage>
      <ItemPrice>14.90</ItemPrice>
      <UnitOfMeasurePrice>2.13</UnitOfMeasurePrice>
      <AllowDiscount>1</AllowDiscount>
      <itemStatus>1</itemStatus>
      <LastUpdateDate />
      <LastUpdateTime />
    </Product>
    <Product>
      <PriceUpdateDate>2022/10/31 15:02</PriceUpdateDate>
      <ItemCode>7290117860182</ItemCode>
      <ItemType>1</ItemType>
      <ItemName>הוואי תחליב רחצה לגבר פיג`י 700 מל`</ItemName>
      <ManufactureName>הנקל סוד בע`מ</ManufactureName>
      <ManufactureCountry />
      <ManufactureItemDescription />
      <UnitQty>'יח</UnitQty>
      <Quantity>0.70</Quantity>
      <UnitMeasure>ל-100 מ"ל</UnitMeasure>
      <BisWeighted>0</BisWeighted>
      <QtyInPackage>1</QtyInPackage>
      <ItemPrice>14.90</ItemPrice>
      <UnitOfMeasurePrice>21.29</UnitOfMeasurePrice>
      <AllowDiscount>1</AllowDiscount>
      <itemStatus>1</itemStatus>
      <LastUpdateDate />
      <LastUpdateTime />
    </Product>
    <Product>
      <PriceUpdateDate>2022/10/31 15:02</PriceUpdateDate>
      <ItemCode>7290117860199</ItemCode>
      <ItemType>1</ItemType>
      <ItemName>הוואי שמפו לשיער יבש ומסולסל 700 מ`ל</ItemName>
      <ManufactureName>הנקל סוד בע`מ</ManufactureName>
      <ManufactureCountry />
      <ManufactureItemDescription />
      <UnitQty>'יח</UnitQty>
      <Quantity>7</Quantity>
      <UnitMeasure>ל-100 מ"ל</UnitMeasure>
      <BisWeighted>0</BisWeighted>
      <QtyInPackage>1</QtyInPackage>
      <ItemPrice>14.90</ItemPrice>
      <UnitOfMeasurePrice>2.13</UnitOfMeasurePrice>
      <AllowDiscount>1</AllowDiscount>
      <itemStatus>1</itemStatus>
      <LastUpdateDate />
      <LastUpdateTime />
    </Product>
    <Product>
      <PriceUpdateDate>2022/10/31 15:02</PriceUpdateDate>
      <ItemCode>7290117860236</ItemCode>
      <ItemType>1</ItemType>
      <ItemName>הוואי תחליב רחצה ויולה ורודה 700 מל`</ItemName>
      <ManufactureName>הנקל סוד בע`מ</ManufactureName>
      <ManufactureCountry />
      <ManufactureItemDescription />
      <UnitQty>'יח</UnitQty>
      <Quantity>0.70</Quantity>
      <UnitMeasure>ל-100 מ"ל</UnitMeasure>
      <BisWeighted>0</BisWeighted>
      <QtyInPackage>1</QtyInPackage>
      <ItemPrice>14.90</ItemPrice>
      <UnitOfMeasurePrice>21.29</UnitOfMeasurePrice>
      <AllowDiscount>1</AllowDiscount>
      <itemStatus>1</itemStatus>
      <LastUpdateDate />
      <LastUpdateTime />
    </Product>
    <Product>
      <PriceUpdateDate>2022/10/31 15:02</PriceUpdateDate>
      <ItemCode>7290117860243</ItemCode>
      <ItemType>1</ItemType>
      <ItemName>הוואי מרכך לשיער יבש ומסולסל 700מ`ל</ItemName>
      <ManufactureName>הנקל סוד בע`מ</ManufactureName>
      <ManufactureCountry />
      <ManufactureItemDescription />
      <UnitQty>'יח</UnitQty>
      <Quantity>7</Quantity>
      <UnitMeasure>ל-100 מ"ל</UnitMeasure>
      <BisWeighted>0</BisWeighted>
      <QtyInPackage>1</QtyInPackage>
      <ItemPrice>14.90</ItemPrice>
      <UnitOfMeasurePrice>2.13</UnitOfMeasurePrice>
      <AllowDiscount>1</AllowDiscount>
      <itemStatus>1</itemStatus>
      <LastUpdateDate />
      <LastUpdateTime />
    </Product>
    <Product>
      <PriceUpdateDate>2022/10/31 15:02</PriceUpdateDate>
      <ItemCode>7290117860281</ItemCode>
      <ItemType>1</ItemType>
      <ItemName>הוואי תחליב רחצה לגבר איריססטבל 700 מל</ItemName>
      <ManufactureName>הנקל סוד בע`מ</ManufactureName>
      <ManufactureCountry />
      <ManufactureItemDescription />
      <UnitQty>'יח</UnitQty>
      <Quantity>0.70</Quantity>
      <UnitMeasure>ל-100 מ"ל</UnitMeasure>
      <BisWeighted>0</BisWeighted>
      <QtyInPackage>1</QtyInPackage>
      <ItemPrice>14.90</ItemPrice>
      <UnitOfMeasurePrice>21.29</UnitOfMeasurePrice>
      <AllowDiscount>1</AllowDiscount>
      <itemStatus>1</itemStatus>
      <LastUpdateDate />
      <LastUpdateTime />
    </Product>
    <Product>
      <PriceUpdateDate>2022/10/31 15:02</PriceUpdateDate>
      <ItemCode>7290117860298</ItemCode>
      <ItemType>1</ItemType>
      <ItemName>הוואי שמפו קרטין מחזק 700 מ`ל</ItemName>
      <ManufactureName>הנקל סוד בע`מ</ManufactureName>
      <ManufactureCountry />
      <ManufactureItemDescription />
      <UnitQty>'יח</UnitQty>
      <Quantity>7</Quantity>
      <UnitMeasure>ל-100 מ"ל</UnitMeasure>
      <BisWeighted>0</BisWeighted>
      <QtyInPackage>1</QtyInPackage>
      <ItemPrice>14.90</ItemPrice>
      <UnitOfMeasurePrice>2.13</UnitOfMeasurePrice>
      <AllowDiscount>1</AllowDiscount>
      <itemStatus>1</itemStatus>
      <LastUpdateDate />
      <LastUpdateTime />
    </Product>
    <Product>
      <PriceUpdateDate>2022/10/31 15:02</PriceUpdateDate>
      <ItemCode>7290117860335</ItemCode>
      <ItemType>1</ItemType>
      <ItemName>הוואי תחליב רחצה לגבר 700 מל`</ItemName>
      <ManufactureName>הנקל סוד בע`מ</ManufactureName>
      <ManufactureCountry />
      <ManufactureItemDescription />
      <UnitQty>'יח</UnitQty>
      <Quantity>0.70</Quantity>
      <UnitMeasure>ל-100 מ"ל</UnitMeasure>
      <BisWeighted>0</BisWeighted>
      <QtyInPackage>1</QtyInPackage>
      <ItemPrice>14.90</ItemPrice>
      <UnitOfMeasurePrice>21.29</UnitOfMeasurePrice>
      <AllowDiscount>1</AllowDiscount>
      <itemStatus>1</itemStatus>
      <LastUpdateDate />
      <LastUpdateTime />
    </Product>
    <Product>
      <PriceUpdateDate>2022/10/31 15:02</PriceUpdateDate>
      <ItemCode>7290117860342</ItemCode>
      <ItemType>1</ItemType>
      <ItemName>הוואי מרכך קרטין מחזק 700 מ`ל</ItemName>
      <ManufactureName>הנקל סוד בע`מ</ManufactureName>
      <ManufactureCountry />
      <ManufactureItemDescription />
      <UnitQty>'יח</UnitQty>
      <Quantity>7</Quantity>
      <UnitMeasure>ל-100 מ"ל</UnitMeasure>
      <BisWeighted>0</BisWeighted>
      <QtyInPackage>1</QtyInPackage>
      <ItemPrice>14.90</ItemPrice>
      <UnitOfMeasurePrice>2.13</UnitOfMeasurePrice>
      <AllowDiscount>1</AllowDiscount>
      <itemStatus>1</itemStatus>
      <LastUpdateDate />
      <LastUpdateTime />
    </Product>
    <Product>
      <PriceUpdateDate>2022/10/31 15:02</PriceUpdateDate>
      <ItemCode>7290117860380</ItemCode>
      <ItemType>1</ItemType>
      <ItemName>הוואי תחליב יוגורט אלוורה 700 מל`</ItemName>
      <ManufactureName>הנקל סוד בע`מ</ManufactureName>
      <ManufactureCountry />
      <ManufactureItemDescription />
      <UnitQty>'יח</UnitQty>
      <Quantity>7</Quantity>
      <UnitMeasure>ל-100 מ"ל</UnitMeasure>
      <BisWeighted>0</BisWeighted>
      <QtyInPackage>1</QtyInPackage>
      <ItemPrice>14.90</ItemPrice>
      <UnitOfMeasurePrice>2.13</UnitOfMeasurePrice>
      <AllowDiscount>1</AllowDiscount>
      <itemStatus>1</itemStatus>
      <LastUpdateDate />
      <LastUpdateTime />
    </Product>
    <Product>
      <PriceUpdateDate>2022/10/31 15:02</PriceUpdateDate>
      <ItemCode>7290117860397</ItemCode>
      <ItemType>1</ItemType>
      <ItemName>הוואי שמפו פריחת הדודבן 700 מ`ל</ItemName>
      <ManufactureName>הנקל סוד בע`מ</ManufactureName>
      <ManufactureCountry />
      <ManufactureItemDescription />
      <UnitQty>'יח</UnitQty>
      <Quantity>7</Quantity>
      <UnitMeasure>ל-100 מ"ל</UnitMeasure>
      <BisWeighted>0</BisWeighted>
      <QtyInPackage>1</QtyInPackage>
      <ItemPrice>14.90</ItemPrice>
      <UnitOfMeasurePrice>2.13</UnitOfMeasurePrice>
      <AllowDiscount>1</AllowDiscount>
      <itemStatus>1</itemStatus>
      <LastUpdateDate />
      <LastUpdateTime />
    </Product>
    <Product>
      <PriceUpdateDate>2022/10/31 15:02</PriceUpdateDate>
      <ItemCode>7290117860441</ItemCode>
      <ItemType>1</ItemType>
      <ItemName>הוואי מרכך פריחת הדובדבן 700 מ`ל</ItemName>
      <ManufactureName>הנקל סוד בע`מ</ManufactureName>
      <ManufactureCountry />
      <ManufactureItemDescription />
      <UnitQty>'יח</UnitQty>
      <Quantity>7</Quantity>
      <UnitMeasure>ל-100 מ"ל</UnitMeasure>
      <BisWeighted>0</BisWeighted>
      <QtyInPackage>1</QtyInPackage>
      <ItemPrice>14.90</ItemPrice>
      <UnitOfMeasurePrice>2.13</UnitOfMeasurePrice>
      <AllowDiscount>1</AllowDiscount>
      <itemStatus>1</itemStatus>
      <LastUpdateDate />
      <LastUpdateTime />
    </Product>
    <Product>
      <PriceUpdateDate>2022/10/31 15:02</PriceUpdateDate>
      <ItemCode>7290117860496</ItemCode>
      <ItemType>1</ItemType>
      <ItemName>הוואי שמפו+מרכך לגבר 700 מ`ל</ItemName>
      <ManufactureName>הנקל סוד בע`מ</ManufactureName>
      <ManufactureCountry />
      <ManufactureItemDescription />
      <UnitQty>'יח</UnitQty>
      <Quantity>7</Quantity>
      <UnitMeasure>ל-100 מ"ל</UnitMeasure>
      <BisWeighted>0</BisWeighted>
      <QtyInPackage>1</QtyInPackage>
      <ItemPrice>14.90</ItemPrice>
      <UnitOfMeasurePrice>2.13</UnitOfMeasurePrice>
      <AllowDiscount>1</AllowDiscount>
      <itemStatus>1</itemStatus>
      <LastUpdateDate />
      <LastUpdateTime />
    </Product>
    <Product>
      <PriceUpdateDate>2022/10/31 15:02</PriceUpdateDate>
      <ItemCode>7290117860540</ItemCode>
      <ItemType>1</ItemType>
      <ItemName>הוואי שמפו לילדים 700 מ`ל</ItemName>
      <ManufactureName>הנקל סוד בע`מ</ManufactureName>
      <ManufactureCountry />
      <ManufactureItemDescription />
      <UnitQty>'יח</UnitQty>
      <Quantity>7</Quantity>
      <UnitMeasure>ל-100 מ"ל</UnitMeasure>
      <BisWeighted>0</BisWeighted>
      <QtyInPackage>1</QtyInPackage>
      <ItemPrice>14.90</ItemPrice>
      <UnitOfMeasurePrice>2.13</UnitOfMeasurePrice>
      <AllowDiscount>1</AllowDiscount>
      <itemStatus>1</itemStatus>
      <LastUpdateDate />
      <LastUpdateTime />
    </Product>
    <Product>
      <PriceUpdateDate>2022/10/31 15:02</PriceUpdateDate>
      <ItemCode>7290117860595</ItemCode>
      <ItemType>1</ItemType>
      <ItemName>הוואי מרכך שיער לילדים 700 מ`ל</ItemName>
      <ManufactureName>הנקל סוד בע`מ</ManufactureName>
      <ManufactureCountry />
      <ManufactureItemDescription />
      <UnitQty>'יח</UnitQty>
      <Quantity>7</Quantity>
      <UnitMeasure>ל-100 מ"ל</UnitMeasure>
      <BisWeighted>0</BisWeighted>
      <QtyInPackage>1</QtyInPackage>
      <ItemPrice>14.90</ItemPrice>
      <UnitOfMeasurePrice>2.13</UnitOfMeasurePrice>
      <AllowDiscount>1</AllowDiscount>
      <itemStatus>1</itemStatus>
      <LastUpdateDate />
      <LastUpdateTime />
    </Product>
    <Product>
      <PriceUpdateDate>2022/10/31 15:02</PriceUpdateDate>
      <ItemCode>7290117860649</ItemCode>
      <ItemType>1</ItemType>
      <ItemName>הוואי שמפו ללא סולפטים 700 מ`ל</ItemName>
      <ManufactureName>הנקל סוד בע`מ</ManufactureName>
      <ManufactureCountry />
      <ManufactureItemDescription />
      <UnitQty>'יח</UnitQty>
      <Quantity>7</Quantity>
      <UnitMeasure>ל-100 מ"ל</UnitMeasure>
      <BisWeighted>0</BisWeighted>
      <QtyInPackage>1</QtyInPackage>
      <ItemPrice>14.90</ItemPrice>
      <UnitOfMeasurePrice>2.13</UnitOfMeasurePrice>
      <AllowDiscount>1</AllowDiscount>
      <itemStatus>1</itemStatus>
      <LastUpdateDate />
      <LastUpdateTime />
    </Product>
    <Product>
      <PriceUpdateDate>2022/10/31 15:02</PriceUpdateDate>
      <ItemCode>7290117860694</ItemCode>
      <ItemType>1</ItemType>
      <ItemName>הוואי מרכך שיער ללא סולפטים 700 מ`ל</ItemName>
      <ManufactureName>הנקל סוד בע`מ</ManufactureName>
      <ManufactureCountry />
      <ManufactureItemDescription />
      <UnitQty>'יח</UnitQty>
      <Quantity>7</Quantity>
      <UnitMeasure>ל-100 מ"ל</UnitMeasure>
      <BisWeighted>0</BisWeighted>
      <QtyInPackage>1</QtyInPackage>
      <ItemPrice>14.90</ItemPrice>
      <UnitOfMeasurePrice>2.13</UnitOfMeasurePrice>
      <AllowDiscount>1</AllowDiscount>
      <itemStatus>1</itemStatus>
      <LastUpdateDate />
      <LastUpdateTime />
    </Product>
    <Product>
      <PriceUpdateDate>2022/10/31 15:02</PriceUpdateDate>
      <ItemCode>7290117860748</ItemCode>
      <ItemType>1</ItemType>
      <ItemName>הוואי שמפו מעניק נפח 700 מ"ל</ItemName>
      <ManufactureName>הנקל סוד בע`מ</ManufactureName>
      <ManufactureCountry />
      <ManufactureItemDescription />
      <UnitQty>'יח</UnitQty>
      <Quantity>7</Quantity>
      <UnitMeasure>ל-100 מ"ל</UnitMeasure>
      <BisWeighted>0</BisWeighted>
      <QtyInPackage>1</QtyInPackage>
      <ItemPrice>14.90</ItemPrice>
      <UnitOfMeasurePrice>2.13</UnitOfMeasurePrice>
      <AllowDiscount>1</AllowDiscount>
      <itemStatus>1</itemStatus>
      <LastUpdateDate />
      <LastUpdateTime />
    </Product>
    <Product>
      <PriceUpdateDate>2022/10/31 15:02</PriceUpdateDate>
      <ItemCode>7290117860793</ItemCode>
      <ItemType>1</ItemType>
      <ItemName>הוואי מרכך שיער מעניק נפח 700 מ`ל</ItemName>
      <ManufactureName>הנקל סוד בע`מ</ManufactureName>
      <ManufactureCountry />
      <ManufactureItemDescription />
      <UnitQty>'יח</UnitQty>
      <Quantity>7</Quantity>
      <UnitMeasure>ל-100 מ"ל</UnitMeasure>
      <BisWeighted>0</BisWeighted>
      <QtyInPackage>1</QtyInPackage>
      <ItemPrice>14.90</ItemPrice>
      <UnitOfMeasurePrice>2.13</UnitOfMeasurePrice>
      <AllowDiscount>1</AllowDiscount>
      <itemStatus>1</itemStatus>
      <LastUpdateDate />
      <LastUpdateTime />
    </Product>
    <Product>
      <PriceUpdateDate>2022/10/31 15:02</PriceUpdateDate>
      <ItemCode>7290117860847</ItemCode>
      <ItemType>1</ItemType>
      <ItemName>הוואי שמפו 4ב1 לגבר רעננות קרירה 700 מ</ItemName>
      <ManufactureName>הנקל סוד בע`מ</ManufactureName>
      <ManufactureCountry />
      <ManufactureItemDescription />
      <UnitQty>'יח</UnitQty>
      <Quantity>7</Quantity>
      <UnitMeasure>ל-100 מ"ל</UnitMeasure>
      <BisWeighted>0</BisWeighted>
      <QtyInPackage>1</QtyInPackage>
      <ItemPrice>14.90</ItemPrice>
      <UnitOfMeasurePrice>2.13</UnitOfMeasurePrice>
      <AllowDiscount>1</AllowDiscount>
      <itemStatus>1</itemStatus>
      <LastUpdateDate />
      <LastUpdateTime />
    </Product>
    <Product>
      <PriceUpdateDate>2022/10/31 15:02</PriceUpdateDate>
      <ItemCode>7290117860892</ItemCode>
      <ItemType>1</ItemType>
      <ItemName>הוואי תחליב רחצה וניל ודבש 700 מל`</ItemName>
      <ManufactureName>הנקל סוד בע`מ</ManufactureName>
      <ManufactureCountry />
      <ManufactureItemDescription />
      <UnitQty>'יח</UnitQty>
      <Quantity>1.50</Quantity>
      <UnitMeasure>לליטר</UnitMeasure>
      <BisWeighted>0</BisWeighted>
      <QtyInPackage>1</QtyInPackage>
      <ItemPrice>14.90</ItemPrice>
      <UnitOfMeasurePrice>9.93</UnitOfMeasurePrice>
      <AllowDiscount>1</AllowDiscount>
      <itemStatus>1</itemStatus>
      <LastUpdateDate />
      <LastUpdateTime />
    </Product>
    <Product>
      <PriceUpdateDate>2022/10/31 15:02</PriceUpdateDate>
      <ItemCode>7290117860946</ItemCode>
      <ItemType>1</ItemType>
      <ItemName>הוואי תחליב רחצה יוגורט 700 מל`</ItemName>
      <ManufactureName>הנקל סוד בע`מ</ManufactureName>
      <ManufactureCountry />
      <ManufactureItemDescription />
      <UnitQty>'יח</UnitQty>
      <Quantity>0.70</Quantity>
      <UnitMeasure>ל-100 מ"ל</UnitMeasure>
      <BisWeighted>0</BisWeighted>
      <QtyInPackage>1</QtyInPackage>
      <ItemPrice>14.90</ItemPrice>
      <UnitOfMeasurePrice>21.29</UnitOfMeasurePrice>
      <AllowDiscount>1</AllowDiscount>
      <itemStatus>1</itemStatus>
      <LastUpdateDate />
      <LastUpdateTime />
    </Product>
    <Product>
      <PriceUpdateDate>2022/10/31 15:02</PriceUpdateDate>
      <ItemCode>7290117860991</ItemCode>
      <ItemType>1</ItemType>
      <ItemName>הוואי תחליב רחצה יוגורט שקדים 700 מל`</ItemName>
      <ManufactureName>הנקל סוד בע`מ</ManufactureName>
      <ManufactureCountry />
      <ManufactureItemDescription />
      <UnitQty>'יח</UnitQty>
      <Quantity>0.70</Quantity>
      <UnitMeasure>ל-100 מ"ל</UnitMeasure>
      <BisWeighted>0</BisWeighted>
      <QtyInPackage>1</QtyInPackage>
      <ItemPrice>14.90</ItemPrice>
      <UnitOfMeasurePrice>21.29</UnitOfMeasurePrice>
      <AllowDiscount>1</AllowDiscount>
      <itemStatus>1</itemStatus>
      <LastUpdateDate />
      <LastUpdateTime />
    </Product>
    <Product>
      <PriceUpdateDate>2022/03/28 15:03</PriceUpdateDate>
      <ItemCode>7290117900932</ItemCode>
      <ItemType>1</ItemType>
      <ItemName>גרעיני אבטיח קלויים 130 גרם</ItemName>
      <ManufactureName>דין שיווק וקליה 2021 בעמ</ManufactureName>
      <ManufactureCountry />
      <ManufactureItemDescription />
      <UnitQty>'יח</UnitQty>
      <Quantity>2.50</Quantity>
      <UnitMeasure>ל-100 גרם</UnitMeasure>
      <BisWeighted>0</BisWeighted>
      <QtyInPackage>1</QtyInPackage>
      <ItemPrice>10</ItemPrice>
      <UnitOfMeasurePrice>4</UnitOfMeasurePrice>
      <AllowDiscount>0</AllowDiscount>
      <itemStatus>1</itemStatus>
      <LastUpdateDate />
      <LastUpdateTime />
    </Product>
    <Product>
      <PriceUpdateDate>2022/03/28 15:03</PriceUpdateDate>
      <ItemCode>7290117900963</ItemCode>
      <ItemType>1</ItemType>
      <ItemName>בוטנים קלויים 270 גרם</ItemName>
      <ManufactureName>דין שיווק וקליה 2021 בעמ</ManufactureName>
      <ManufactureCountry />
      <ManufactureItemDescription />
      <UnitQty>'יח</UnitQty>
      <Quantity>2.70</Quantity>
      <UnitMeasure>ל-100 גרם</UnitMeasure>
      <BisWeighted>0</BisWeighted>
      <QtyInPackage>1</QtyInPackage>
      <ItemPrice>10</ItemPrice>
      <UnitOfMeasurePrice>3.70</UnitOfMeasurePrice>
      <AllowDiscount>0</AllowDiscount>
      <itemStatus>1</itemStatus>
      <LastUpdateDate />
      <LastUpdateTime />
    </Product>
    <Product>
      <PriceUpdateDate>2022/03/28 15:03</PriceUpdateDate>
      <ItemCode>7290117900970</ItemCode>
      <ItemType>1</ItemType>
      <ItemName>שקדים קלויים 180 גרם</ItemName>
      <ManufactureName>דין שיווק וקליה 2021 בעמ</ManufactureName>
      <ManufactureCountry />
      <ManufactureItemDescription />
      <UnitQty>'יח</UnitQty>
      <Quantity>1.80</Quantity>
      <UnitMeasure>ל-100 גרם</UnitMeasure>
      <BisWeighted>0</BisWeighted>
      <QtyInPackage>1</QtyInPackage>
      <ItemPrice>15</ItemPrice>
      <UnitOfMeasurePrice>8.33</UnitOfMeasurePrice>
      <AllowDiscount>0</AllowDiscount>
      <itemStatus>1</itemStatus>
      <LastUpdateDate />
      <LastUpdateTime />
    </Product>
    <Product>
      <PriceUpdateDate>2022/03/28 15:03</PriceUpdateDate>
      <ItemCode>7290117900987</ItemCode>
      <ItemType>1</ItemType>
      <ItemName>אגוז פאקן קלוף 140 גרם</ItemName>
      <ManufactureName>דין שיווק וקליה 2021 בעמ</ManufactureName>
      <ManufactureCountry />
      <ManufactureItemDescription />
      <UnitQty>'יח</UnitQty>
      <Quantity>1.40</Quantity>
      <UnitMeasure>ל-100 גרם</UnitMeasure>
      <BisWeighted>0</BisWeighted>
      <QtyInPackage>1</QtyInPackage>
      <ItemPrice>15</ItemPrice>
      <UnitOfMeasurePrice>10.71</UnitOfMeasurePrice>
      <AllowDiscount>0</AllowDiscount>
      <itemStatus>1</itemStatus>
      <LastUpdateDate />
      <LastUpdateTime />
    </Product>
    <Product>
      <PriceUpdateDate>2022/03/28 15:03</PriceUpdateDate>
      <ItemCode>7290117900994</ItemCode>
      <ItemType>1</ItemType>
      <ItemName>פאקן סיני מסוכר 140 גרם</ItemName>
      <ManufactureName>דין שיווק וקליה 2021 בעמ</ManufactureName>
      <ManufactureCountry />
      <ManufactureItemDescription />
      <UnitQty>'יח</UnitQty>
      <Quantity>1.40</Quantity>
      <UnitMeasure>ל-100 גרם</UnitMeasure>
      <BisWeighted>0</BisWeighted>
      <QtyInPackage>1</QtyInPackage>
      <ItemPrice>15</ItemPrice>
      <UnitOfMeasurePrice>10.71</UnitOfMeasurePrice>
      <AllowDiscount>0</AllowDiscount>
      <itemStatus>1</itemStatus>
      <LastUpdateDate />
      <LastUpdateTime />
    </Product>
    <Product>
      <PriceUpdateDate>2022/03/28 15:03</PriceUpdateDate>
      <ItemCode>7290117901014</ItemCode>
      <ItemType>1</ItemType>
      <ItemName>קשיו קלוי 160 גרם</ItemName>
      <ManufactureName>דין שיווק וקליה 2021 בעמ</ManufactureName>
      <ManufactureCountry />
      <ManufactureItemDescription />
      <UnitQty>'יח</UnitQty>
      <Quantity>1.60</Quantity>
      <UnitMeasure>ל-100 גרם</UnitMeasure>
      <BisWeighted>0</BisWeighted>
      <QtyInPackage>1</QtyInPackage>
      <ItemPrice>15</ItemPrice>
      <UnitOfMeasurePrice>9.38</UnitOfMeasurePrice>
      <AllowDiscount>0</AllowDiscount>
      <itemStatus>1</itemStatus>
      <LastUpdateDate />
      <LastUpdateTime />
    </Product>
    <Product>
      <PriceUpdateDate>2022/03/28 15:03</PriceUpdateDate>
      <ItemCode>7290117901038</ItemCode>
      <ItemType>1</ItemType>
      <ItemName>אגוזי מלך קלופים 190 גרם</ItemName>
      <ManufactureName>דין שיווק וקליה 2021 בעמ</ManufactureName>
      <ManufactureCountry />
      <ManufactureItemDescription />
      <UnitQty>'יח</UnitQty>
      <Quantity>8.30</Quantity>
      <UnitMeasure>ל-100 גרם</UnitMeasure>
      <BisWeighted>0</BisWeighted>
      <QtyInPackage>1</QtyInPackage>
      <ItemPrice>15</ItemPrice>
      <UnitOfMeasurePrice>1.81</UnitOfMeasurePrice>
      <AllowDiscount>0</AllowDiscount>
      <itemStatus>1</itemStatus>
      <LastUpdateDate />
      <LastUpdateTime />
    </Product>
    <Product>
      <PriceUpdateDate>2022/03/28 15:03</PriceUpdateDate>
      <ItemCode>7290117901045</ItemCode>
      <ItemType>1</ItemType>
      <ItemName>בוטן רביולי 200 גרם</ItemName>
      <ManufactureName>דין שיווק וקליה 2021 בעמ</ManufactureName>
      <ManufactureCountry />
      <ManufactureItemDescription />
      <UnitQty>'יח</UnitQty>
      <Quantity>2</Quantity>
      <UnitMeasure>ל-100 גרם</UnitMeasure>
      <BisWeighted>0</BisWeighted>
      <QtyInPackage>1</QtyInPackage>
      <ItemPrice>15</ItemPrice>
      <UnitOfMeasurePrice>7.50</UnitOfMeasurePrice>
      <AllowDiscount>0</AllowDiscount>
      <itemStatus>1</itemStatus>
      <LastUpdateDate />
      <LastUpdateTime />
    </Product>
    <Product>
      <PriceUpdateDate>2022/03/28 15:03</PriceUpdateDate>
      <ItemCode>7290117901052</ItemCode>
      <ItemType>1</ItemType>
      <ItemName>שקדים קלופים 180 גרם</ItemName>
      <ManufactureName>דין שיווק וקליה 2021 בעמ</ManufactureName>
      <ManufactureCountry />
      <ManufactureItemDescription />
      <UnitQty>'יח</UnitQty>
      <Quantity>1.80</Quantity>
      <UnitMeasure>ל-100 גרם</UnitMeasure>
      <BisWeighted>0</BisWeighted>
      <QtyInPackage>1</QtyInPackage>
      <ItemPrice>15</ItemPrice>
      <UnitOfMeasurePrice>8.33</UnitOfMeasurePrice>
      <AllowDiscount>0</AllowDiscount>
      <itemStatus>1</itemStatus>
      <LastUpdateDate />
      <LastUpdateTime />
    </Product>
    <Product>
      <PriceUpdateDate>2022/04/20 09:33</PriceUpdateDate>
      <ItemCode>7290117901175</ItemCode>
      <ItemType>1</ItemType>
      <ItemName>שקדים קלופים 250 גר`</ItemName>
      <ManufactureName>דין שיווק וקליה 2021 בעמ</ManufactureName>
      <ManufactureCountry />
      <ManufactureItemDescription />
      <UnitQty>'יח</UnitQty>
      <Quantity>2.50</Quantity>
      <UnitMeasure>ל-100 גרם</UnitMeasure>
      <BisWeighted>0</BisWeighted>
      <QtyInPackage>1</QtyInPackage>
      <ItemPrice>20</ItemPrice>
      <UnitOfMeasurePrice>8</UnitOfMeasurePrice>
      <AllowDiscount>0</AllowDiscount>
      <itemStatus>1</itemStatus>
      <LastUpdateDate />
      <LastUpdateTime />
    </Product>
    <Product>
      <PriceUpdateDate>2022/04/20 09:33</PriceUpdateDate>
      <ItemCode>7290117901182</ItemCode>
      <ItemType>1</ItemType>
      <ItemName>בוטן קליפה קלוי 350 גר`</ItemName>
      <ManufactureName>דין שיווק וקליה 2021 בעמ</ManufactureName>
      <ManufactureCountry />
      <ManufactureItemDescription />
      <UnitQty>'יח</UnitQty>
      <Quantity>5</Quantity>
      <UnitMeasure>ל-100 גרם</UnitMeasure>
      <BisWeighted>0</BisWeighted>
      <QtyInPackage>1</QtyInPackage>
      <ItemPrice>10</ItemPrice>
      <UnitOfMeasurePrice>2</UnitOfMeasurePrice>
      <AllowDiscount>0</AllowDiscount>
      <itemStatus>1</itemStatus>
      <LastUpdateDate />
      <LastUpdateTime />
    </Product>
    <Product>
      <PriceUpdateDate>2022/08/28 15:07</PriceUpdateDate>
      <ItemCode>7290117901199</ItemCode>
      <ItemType>1</ItemType>
      <ItemName>טורטיה על גחלים</ItemName>
      <ManufactureName>דין שיווק וקליה 2021 בעמ</ManufactureName>
      <ManufactureCountry />
      <ManufactureItemDescription />
      <UnitQty>'יח</UnitQty>
      <Quantity>3.60</Quantity>
      <UnitMeasure>ל-100 גרם</UnitMeasure>
      <BisWeighted>0</BisWeighted>
      <QtyInPackage>1</QtyInPackage>
      <ItemPrice>10.90</ItemPrice>
      <UnitOfMeasurePrice>3.03</UnitOfMeasurePrice>
      <AllowDiscount>0</AllowDiscount>
      <itemStatus>1</itemStatus>
      <LastUpdateDate />
      <LastUpdateTime />
    </Product>
    <Product>
      <PriceUpdateDate>2022/08/23 12:56</PriceUpdateDate>
      <ItemCode>7290117901205</ItemCode>
      <ItemType>1</ItemType>
      <ItemName>טורטיה דגנים בתוספת שומשום ופשתן</ItemName>
      <ManufactureName>דין שיווק וקליה 2021 בעמ</ManufactureName>
      <ManufactureCountry />
      <ManufactureItemDescription />
      <UnitQty>'יח</UnitQty>
      <Quantity>3.60</Quantity>
      <UnitMeasure>ל-100 גרם</UnitMeasure>
      <BisWeighted>0</BisWeighted>
      <QtyInPackage>1</QtyInPackage>
      <ItemPrice>10.90</ItemPrice>
      <UnitOfMeasurePrice>3.03</UnitOfMeasurePrice>
      <AllowDiscount>0</AllowDiscount>
      <itemStatus>1</itemStatus>
      <LastUpdateDate />
      <LastUpdateTime />
    </Product>
    <Product>
      <PriceUpdateDate>2022/08/17 18:11</PriceUpdateDate>
      <ItemCode>7290118430452</ItemCode>
      <ItemType>1</ItemType>
      <ItemName>כוס מאג מילאנו</ItemName>
      <ManufactureName>ד.ג.ש ייבוא ושיווק בעמ</ManufactureName>
      <ManufactureCountry />
      <ManufactureItemDescription />
      <UnitQty>'יח</UnitQty>
      <Quantity>1</Quantity>
      <UnitMeasure />
      <BisWeighted>0</BisWeighted>
      <QtyInPackage>1</QtyInPackage>
      <ItemPrice>5.90</ItemPrice>
      <UnitOfMeasurePrice>5.90</UnitOfMeasurePrice>
      <AllowDiscount>0</AllowDiscount>
      <itemStatus>1</itemStatus>
      <LastUpdateDate />
      <LastUpdateTime />
    </Product>
    <Product>
      <PriceUpdateDate>2022/08/17 18:11</PriceUpdateDate>
      <ItemCode>7290118430490</ItemCode>
      <ItemType>1</ItemType>
      <ItemName>כוס מאג מילאנו</ItemName>
      <ManufactureName>ד.ג.ש ייבוא ושיווק בעמ</ManufactureName>
      <ManufactureCountry />
      <ManufactureItemDescription />
      <UnitQty>'יח</UnitQty>
      <Quantity>1</Quantity>
      <UnitMeasure />
      <BisWeighted>0</BisWeighted>
      <QtyInPackage>1</QtyInPackage>
      <ItemPrice>5.90</ItemPrice>
      <UnitOfMeasurePrice>5.90</UnitOfMeasurePrice>
      <AllowDiscount>0</AllowDiscount>
      <itemStatus>1</itemStatus>
      <LastUpdateDate />
      <LastUpdateTime />
    </Product>
    <Product>
      <PriceUpdateDate>2022/07/12 14:37</PriceUpdateDate>
      <ItemCode>7291044081244</ItemCode>
      <ItemType>1</ItemType>
      <ItemName>נורת LED איכותית</ItemName>
      <ManufactureName>ד.ג.ש ייבוא ושיווק בעמ</ManufactureName>
      <ManufactureCountry />
      <ManufactureItemDescription />
      <UnitQty>'יח</UnitQty>
      <Quantity>1</Quantity>
      <UnitMeasure />
      <BisWeighted>0</BisWeighted>
      <QtyInPackage>1</QtyInPackage>
      <ItemPrice>9.90</ItemPrice>
      <UnitOfMeasurePrice>9.90</UnitOfMeasurePrice>
      <AllowDiscount>0</AllowDiscount>
      <itemStatus>1</itemStatus>
      <LastUpdateDate />
      <LastUpdateTime />
    </Product>
    <Product>
      <PriceUpdateDate>2022/07/17 20:58</PriceUpdateDate>
      <ItemCode>7291044089943</ItemCode>
      <ItemType>1</ItemType>
      <ItemName>שלישיית נורות LED משובחות</ItemName>
      <ManufactureName>ד.ג.ש ייבוא ושיווק בעמ</ManufactureName>
      <ManufactureCountry />
      <ManufactureItemDescription />
      <UnitQty>'יח</UnitQty>
      <Quantity>1</Quantity>
      <UnitMeasure />
      <BisWeighted>0</BisWeighted>
      <QtyInPackage>1</QtyInPackage>
      <ItemPrice>22.90</ItemPrice>
      <UnitOfMeasurePrice>22.90</UnitOfMeasurePrice>
      <AllowDiscount>0</AllowDiscount>
      <itemStatus>1</itemStatus>
      <LastUpdateDate />
      <LastUpdateTime />
    </Product>
    <Product>
      <PriceUpdateDate>2022/09/18 12:08</PriceUpdateDate>
      <ItemCode>7291988019150</ItemCode>
      <ItemType>1</ItemType>
      <ItemName>בקבוק למילוי</ItemName>
      <ManufactureName>ד.ג.ש ייבוא ושיווק בעמ</ManufactureName>
      <ManufactureCountry />
      <ManufactureItemDescription />
      <UnitQty>'יח</UnitQty>
      <Quantity>1</Quantity>
      <UnitMeasure />
      <BisWeighted>0</BisWeighted>
      <QtyInPackage>1</QtyInPackage>
      <ItemPrice>12.90</ItemPrice>
      <UnitOfMeasurePrice>12.90</UnitOfMeasurePrice>
      <AllowDiscount>0</AllowDiscount>
      <itemStatus>1</itemStatus>
      <LastUpdateDate />
      <LastUpdateTime />
    </Product>
    <Product>
      <PriceUpdateDate>2022/09/11 17:57</PriceUpdateDate>
      <ItemCode>7291988022020</ItemCode>
      <ItemType>1</ItemType>
      <ItemName>אלמוגית אקרילית רחבת סירה</ItemName>
      <ManufactureName>ד.ג.ש ייבוא ושיווק בעמ</ManufactureName>
      <ManufactureCountry />
      <ManufactureItemDescription />
      <UnitQty>'יח</UnitQty>
      <Quantity>1</Quantity>
      <UnitMeasure />
      <BisWeighted>0</BisWeighted>
      <QtyInPackage>1</QtyInPackage>
      <ItemPrice>9.90</ItemPrice>
      <UnitOfMeasurePrice>9.90</UnitOfMeasurePrice>
      <AllowDiscount>0</AllowDiscount>
      <itemStatus>1</itemStatus>
      <LastUpdateDate />
      <LastUpdateTime />
    </Product>
    <Product>
      <PriceUpdateDate>2022/09/11 17:57</PriceUpdateDate>
      <ItemCode>7291988030575</ItemCode>
      <ItemType>1</ItemType>
      <ItemName>אלמוגית אקרילית בינונית</ItemName>
      <ManufactureName>ד.ג.ש ייבוא ושיווק בעמ</ManufactureName>
      <ManufactureCountry />
      <ManufactureItemDescription />
      <UnitQty>'יח</UnitQty>
      <Quantity>1</Quantity>
      <UnitMeasure />
      <BisWeighted>0</BisWeighted>
      <QtyInPackage>1</QtyInPackage>
      <ItemPrice>14.90</ItemPrice>
      <UnitOfMeasurePrice>14.90</UnitOfMeasurePrice>
      <AllowDiscount>0</AllowDiscount>
      <itemStatus>1</itemStatus>
      <LastUpdateDate />
      <LastUpdateTime />
    </Product>
    <Product>
      <PriceUpdateDate>2022/09/11 17:57</PriceUpdateDate>
      <ItemCode>7291988035990</ItemCode>
      <ItemType>1</ItemType>
      <ItemName>מתקן כוסות כפול</ItemName>
      <ManufactureName>ד.ג.ש ייבוא ושיווק בעמ</ManufactureName>
      <ManufactureCountry />
      <ManufactureItemDescription />
      <UnitQty>'יח</UnitQty>
      <Quantity>1</Quantity>
      <UnitMeasure />
      <BisWeighted>0</BisWeighted>
      <QtyInPackage>1</QtyInPackage>
      <ItemPrice>14.90</ItemPrice>
      <UnitOfMeasurePrice>14.90</UnitOfMeasurePrice>
      <AllowDiscount>0</AllowDiscount>
      <itemStatus>1</itemStatus>
      <LastUpdateDate />
      <LastUpdateTime />
    </Product>
    <Product>
      <PriceUpdateDate>2022/09/11 17:57</PriceUpdateDate>
      <ItemCode>7291988043377</ItemCode>
      <ItemType>1</ItemType>
      <ItemName>כובע גומי רחצה שקוף</ItemName>
      <ManufactureName>ד.ג.ש ייבוא ושיווק בעמ</ManufactureName>
      <ManufactureCountry />
      <ManufactureItemDescription />
      <UnitQty>'יח</UnitQty>
      <Quantity>1</Quantity>
      <UnitMeasure />
      <BisWeighted>0</BisWeighted>
      <QtyInPackage>1</QtyInPackage>
      <ItemPrice>9.90</ItemPrice>
      <UnitOfMeasurePrice>9.90</UnitOfMeasurePrice>
      <AllowDiscount>0</AllowDiscount>
      <itemStatus>1</itemStatus>
      <LastUpdateDate />
      <LastUpdateTime />
    </Product>
    <Product>
      <PriceUpdateDate>2022/10/19 17:36</PriceUpdateDate>
      <ItemCode>7291988045470</ItemCode>
      <ItemType>1</ItemType>
      <ItemName>תחתית סיר חרסינה צבעונית</ItemName>
      <ManufactureName>ד.ג.ש ייבוא ושיווק בעמ</ManufactureName>
      <ManufactureCountry />
      <ManufactureItemDescription />
      <UnitQty>'יח</UnitQty>
      <Quantity>1</Quantity>
      <UnitMeasure />
      <BisWeighted>0</BisWeighted>
      <QtyInPackage>1</QtyInPackage>
      <ItemPrice>19.90</ItemPrice>
      <UnitOfMeasurePrice>19.90</UnitOfMeasurePrice>
      <AllowDiscount>0</AllowDiscount>
      <itemStatus>1</itemStatus>
      <LastUpdateDate />
      <LastUpdateTime />
    </Product>
    <Product>
      <PriceUpdateDate>2022/10/12 16:00</PriceUpdateDate>
      <ItemCode>7295682698567</ItemCode>
      <ItemType>1</ItemType>
      <ItemName>גרביי אלגנט</ItemName>
      <ManufactureName>הום פרפקט ק.ד.מ בעמ</ManufactureName>
      <ManufactureCountry />
      <ManufactureItemDescription />
      <UnitQty>'יח</UnitQty>
      <Quantity>1</Quantity>
      <UnitMeasure />
      <BisWeighted>0</BisWeighted>
      <QtyInPackage>1</QtyInPackage>
      <ItemPrice>12.90</ItemPrice>
      <UnitOfMeasurePrice>12.90</UnitOfMeasurePrice>
      <AllowDiscount>1</AllowDiscount>
      <itemStatus>1</itemStatus>
      <LastUpdateDate />
      <LastUpdateTime />
    </Product>
    <Product>
      <PriceUpdateDate>2022/06/19 14:15</PriceUpdateDate>
      <ItemCode>7296021133718</ItemCode>
      <ItemType>1</ItemType>
      <ItemName>מטרפה ידית שחורה</ItemName>
      <ManufactureName>ד.ג.ש ייבוא ושיווק בעמ</ManufactureName>
      <ManufactureCountry />
      <ManufactureItemDescription />
      <UnitQty>'יח</UnitQty>
      <Quantity>0</Quantity>
      <UnitMeasure>'יח</UnitMeasure>
      <BisWeighted>0</BisWeighted>
      <QtyInPackage>1</QtyInPackage>
      <ItemPrice>24.90</ItemPrice>
      <UnitOfMeasurePrice>24.90</UnitOfMeasurePrice>
      <AllowDiscount>0</AllowDiscount>
      <itemStatus>1</itemStatus>
      <LastUpdateDate />
      <LastUpdateTime />
    </Product>
    <Product>
      <PriceUpdateDate>2021/02/11 07:36</PriceUpdateDate>
      <ItemCode>7296058110010</ItemCode>
      <ItemType>1</ItemType>
      <ItemName>פריכיות אורז פרח 110 גר`</ItemName>
      <ManufactureName>מ.ד אטיאס סוכנויות מזון בע`מ</ManufactureName>
      <ManufactureCountry />
      <ManufactureItemDescription />
      <UnitQty>'יח</UnitQty>
      <Quantity>1.10</Quantity>
      <UnitMeasure>ל-100 גרם</UnitMeasure>
      <BisWeighted>0</BisWeighted>
      <QtyInPackage>1</QtyInPackage>
      <ItemPrice>4.90</ItemPrice>
      <UnitOfMeasurePrice>4.45</UnitOfMeasurePrice>
      <AllowDiscount>0</AllowDiscount>
      <itemStatus>1</itemStatus>
      <LastUpdateDate />
      <LastUpdateTime />
    </Product>
    <Product>
      <PriceUpdateDate>2021/09/30 11:00</PriceUpdateDate>
      <ItemCode>7296073377214</ItemCode>
      <ItemType>1</ItemType>
      <ItemName>לבבות קיסר</ItemName>
      <ManufactureName>ביכורי השדה הצפון בעמ` 1964</ManufactureName>
      <ManufactureCountry />
      <ManufactureItemDescription />
      <UnitQty>'יח</UnitQty>
      <Quantity>1</Quantity>
      <UnitMeasure />
      <BisWeighted>0</BisWeighted>
      <QtyInPackage>1</QtyInPackage>
      <ItemPrice>9.90</ItemPrice>
      <UnitOfMeasurePrice>9.90</UnitOfMeasurePrice>
      <AllowDiscount>0</AllowDiscount>
      <itemStatus>1</itemStatus>
      <LastUpdateDate />
      <LastUpdateTime />
    </Product>
    <Product>
      <PriceUpdateDate>2022/08/25 18:19</PriceUpdateDate>
      <ItemCode>7296073397328</ItemCode>
      <ItemType>1</ItemType>
      <ItemName>מברשת ניקוי</ItemName>
      <ManufactureName>ד.ג.ש ייבוא ושיווק בעמ</ManufactureName>
      <ManufactureCountry />
      <ManufactureItemDescription />
      <UnitQty>'יח</UnitQty>
      <Quantity>1</Quantity>
      <UnitMeasure />
      <BisWeighted>0</BisWeighted>
      <QtyInPackage>1</QtyInPackage>
      <ItemPrice>6</ItemPrice>
      <UnitOfMeasurePrice>6</UnitOfMeasurePrice>
      <AllowDiscount>0</AllowDiscount>
      <itemStatus>1</itemStatus>
      <LastUpdateDate />
      <LastUpdateTime />
    </Product>
    <Product>
      <PriceUpdateDate>2022/08/08 17:14</PriceUpdateDate>
      <ItemCode>7296073397373</ItemCode>
      <ItemType>1</ItemType>
      <ItemName>פומפה</ItemName>
      <ManufactureName>ד.ג.ש ייבוא ושיווק בעמ</ManufactureName>
      <ManufactureCountry />
      <ManufactureItemDescription />
      <UnitQty>'יח</UnitQty>
      <Quantity>1</Quantity>
      <UnitMeasure />
      <BisWeighted>0</BisWeighted>
      <QtyInPackage>1</QtyInPackage>
      <ItemPrice>10</ItemPrice>
      <UnitOfMeasurePrice>10</UnitOfMeasurePrice>
      <AllowDiscount>0</AllowDiscount>
      <itemStatus>1</itemStatus>
      <LastUpdateDate />
      <LastUpdateTime />
    </Product>
    <Product>
      <PriceUpdateDate>2022/06/15 07:04</PriceUpdateDate>
      <ItemCode>7296073397403</ItemCode>
      <ItemType>1</ItemType>
      <ItemName>מקל מטאטא מחוזק</ItemName>
      <ManufactureName>ד.ג.ש ייבוא ושיווק בעמ</ManufactureName>
      <ManufactureCountry />
      <ManufactureItemDescription />
      <UnitQty>'יח</UnitQty>
      <Quantity>1</Quantity>
      <UnitMeasure>'יח</UnitMeasure>
      <BisWeighted>0</BisWeighted>
      <QtyInPackage>1</QtyInPackage>
      <ItemPrice>6.90</ItemPrice>
      <UnitOfMeasurePrice>6.90</UnitOfMeasurePrice>
      <AllowDiscount>0</AllowDiscount>
      <itemStatus>1</itemStatus>
      <LastUpdateDate />
      <LastUpdateTime />
    </Product>
    <Product>
      <PriceUpdateDate>2022/09/18 12:08</PriceUpdateDate>
      <ItemCode>7296073398912</ItemCode>
      <ItemType>1</ItemType>
      <ItemName>דלי איכותי</ItemName>
      <ManufactureName>ד.ג.ש ייבוא ושיווק בעמ</ManufactureName>
      <ManufactureCountry />
      <ManufactureItemDescription />
      <UnitQty>'יח</UnitQty>
      <Quantity>1</Quantity>
      <UnitMeasure />
      <BisWeighted>0</BisWeighted>
      <QtyInPackage>1</QtyInPackage>
      <ItemPrice>11.90</ItemPrice>
      <UnitOfMeasurePrice>11.90</UnitOfMeasurePrice>
      <AllowDiscount>0</AllowDiscount>
      <itemStatus>1</itemStatus>
      <LastUpdateDate />
      <LastUpdateTime />
    </Product>
    <Product>
      <PriceUpdateDate>2022/08/17 10:20</PriceUpdateDate>
      <ItemCode>7296073400097</ItemCode>
      <ItemType>1</ItemType>
      <ItemName>מטאטא איטלקי משובח</ItemName>
      <ManufactureName>ד.ג.ש ייבוא ושיווק בעמ</ManufactureName>
      <ManufactureCountry />
      <ManufactureItemDescription />
      <UnitQty>'יח</UnitQty>
      <Quantity>1</Quantity>
      <UnitMeasure />
      <BisWeighted>0</BisWeighted>
      <QtyInPackage>1</QtyInPackage>
      <ItemPrice>19.90</ItemPrice>
      <UnitOfMeasurePrice>19.90</UnitOfMeasurePrice>
      <AllowDiscount>0</AllowDiscount>
      <itemStatus>1</itemStatus>
      <LastUpdateDate />
      <LastUpdateTime />
    </Product>
    <Product>
      <PriceUpdateDate>2022/06/15 07:04</PriceUpdateDate>
      <ItemCode>7296073413363</ItemCode>
      <ItemType>1</ItemType>
      <ItemName>מנקה שרותים יסמין</ItemName>
      <ManufactureName>ד.ג.ש ייבוא ושיווק בעמ</ManufactureName>
      <ManufactureCountry />
      <ManufactureItemDescription />
      <UnitQty>'יח</UnitQty>
      <Quantity>1</Quantity>
      <UnitMeasure>'יח</UnitMeasure>
      <BisWeighted>0</BisWeighted>
      <QtyInPackage>1</QtyInPackage>
      <ItemPrice>14.90</ItemPrice>
      <UnitOfMeasurePrice>14.90</UnitOfMeasurePrice>
      <AllowDiscount>0</AllowDiscount>
      <itemStatus>1</itemStatus>
      <LastUpdateDate />
      <LastUpdateTime />
    </Product>
    <Product>
      <PriceUpdateDate>2022/10/24 12:33</PriceUpdateDate>
      <ItemCode>7296102107577</ItemCode>
      <ItemType>1</ItemType>
      <ItemName>סט קופסאות מרובע</ItemName>
      <ManufactureName>הום פרפקט ק.ד.מ בעמ</ManufactureName>
      <ManufactureCountry />
      <ManufactureItemDescription />
      <UnitQty>'יח</UnitQty>
      <Quantity>1</Quantity>
      <UnitMeasure />
      <BisWeighted>0</BisWeighted>
      <QtyInPackage>1</QtyInPackage>
      <ItemPrice>9.90</ItemPrice>
      <UnitOfMeasurePrice>9.90</UnitOfMeasurePrice>
      <AllowDiscount>0</AllowDiscount>
      <itemStatus>1</itemStatus>
      <LastUpdateDate />
      <LastUpdateTime />
    </Product>
    <Product>
      <PriceUpdateDate>2022/09/07 19:05</PriceUpdateDate>
      <ItemCode>7296102133583</ItemCode>
      <ItemType>1</ItemType>
      <ItemName>מנגל נירוסטה</ItemName>
      <ManufactureName>הום פרפקט ק.ד.מ בעמ</ManufactureName>
      <ManufactureCountry />
      <ManufactureItemDescription />
      <UnitQty>'יח</UnitQty>
      <Quantity>1</Quantity>
      <UnitMeasure />
      <BisWeighted>0</BisWeighted>
      <QtyInPackage>1</QtyInPackage>
      <ItemPrice>119</ItemPrice>
      <UnitOfMeasurePrice>119</UnitOfMeasurePrice>
      <AllowDiscount>1</AllowDiscount>
      <itemStatus>1</itemStatus>
      <LastUpdateDate />
      <LastUpdateTime />
    </Product>
    <Product>
      <PriceUpdateDate>2022/08/21 20:32</PriceUpdateDate>
      <ItemCode>7296102521748</ItemCode>
      <ItemType>1</ItemType>
      <ItemName>סט קופסאות ריבוע 4 יח`</ItemName>
      <ManufactureName>הום פרפקט ק.ד.מ בעמ</ManufactureName>
      <ManufactureCountry />
      <ManufactureItemDescription />
      <UnitQty>'יח</UnitQty>
      <Quantity>1</Quantity>
      <UnitMeasure />
      <BisWeighted>0</BisWeighted>
      <QtyInPackage>1</QtyInPackage>
      <ItemPrice>12.90</ItemPrice>
      <UnitOfMeasurePrice>12.90</UnitOfMeasurePrice>
      <AllowDiscount>1</AllowDiscount>
      <itemStatus>1</itemStatus>
      <LastUpdateDate />
      <LastUpdateTime />
    </Product>
    <Product>
      <PriceUpdateDate>2022/10/24 12:33</PriceUpdateDate>
      <ItemCode>7296102521762</ItemCode>
      <ItemType>1</ItemType>
      <ItemName>סט קופסאות מלבן</ItemName>
      <ManufactureName>הום פרפקט ק.ד.מ בעמ</ManufactureName>
      <ManufactureCountry />
      <ManufactureItemDescription />
      <UnitQty>'יח</UnitQty>
      <Quantity>1</Quantity>
      <UnitMeasure />
      <BisWeighted>0</BisWeighted>
      <QtyInPackage>1</QtyInPackage>
      <ItemPrice>9.90</ItemPrice>
      <UnitOfMeasurePrice>9.90</UnitOfMeasurePrice>
      <AllowDiscount>0</AllowDiscount>
      <itemStatus>1</itemStatus>
      <LastUpdateDate />
      <LastUpdateTime />
    </Product>
    <Product>
      <PriceUpdateDate>2022/10/12 16:00</PriceUpdateDate>
      <ItemCode>7297029069191</ItemCode>
      <ItemType>1</ItemType>
      <ItemName>גרביי אלגנט</ItemName>
      <ManufactureName>הום פרפקט ק.ד.מ בעמ</ManufactureName>
      <ManufactureCountry />
      <ManufactureItemDescription />
      <UnitQty>'יח</UnitQty>
      <Quantity>1</Quantity>
      <UnitMeasure />
      <BisWeighted>0</BisWeighted>
      <QtyInPackage>1</QtyInPackage>
      <ItemPrice>12.90</ItemPrice>
      <UnitOfMeasurePrice>12.90</UnitOfMeasurePrice>
      <AllowDiscount>1</AllowDiscount>
      <itemStatus>1</itemStatus>
      <LastUpdateDate />
      <LastUpdateTime />
    </Product>
    <Product>
      <PriceUpdateDate>2022/10/12 16:00</PriceUpdateDate>
      <ItemCode>7297029070012</ItemCode>
      <ItemType>1</ItemType>
      <ItemName>גרביי עקביות לגבר</ItemName>
      <ManufactureName>הום פרפקט ק.ד.מ בעמ</ManufactureName>
      <ManufactureCountry />
      <ManufactureItemDescription />
      <UnitQty>'יח</UnitQty>
      <Quantity>1</Quantity>
      <UnitMeasure />
      <BisWeighted>0</BisWeighted>
      <QtyInPackage>1</QtyInPackage>
      <ItemPrice>12.90</ItemPrice>
      <UnitOfMeasurePrice>12.90</UnitOfMeasurePrice>
      <AllowDiscount>1</AllowDiscount>
      <itemStatus>1</itemStatus>
      <LastUpdateDate />
      <LastUpdateTime />
    </Product>
    <Product>
      <PriceUpdateDate>2022/10/12 16:00</PriceUpdateDate>
      <ItemCode>7297029070029</ItemCode>
      <ItemType>1</ItemType>
      <ItemName>גרבי נשים</ItemName>
      <ManufactureName>הום פרפקט ק.ד.מ בעמ</ManufactureName>
      <ManufactureCountry />
      <ManufactureItemDescription />
      <UnitQty>'יח</UnitQty>
      <Quantity>1</Quantity>
      <UnitMeasure />
      <BisWeighted>0</BisWeighted>
      <QtyInPackage>1</QtyInPackage>
      <ItemPrice>12.90</ItemPrice>
      <UnitOfMeasurePrice>12.90</UnitOfMeasurePrice>
      <AllowDiscount>1</AllowDiscount>
      <itemStatus>1</itemStatus>
      <LastUpdateDate />
      <LastUpdateTime />
    </Product>
    <Product>
      <PriceUpdateDate>2022/11/01 11:47</PriceUpdateDate>
      <ItemCode>7297331912123</ItemCode>
      <ItemType>1</ItemType>
      <ItemName>קולר בייסיק S</ItemName>
      <ManufactureName>שחורי אריה ואנסטסיה</ManufactureName>
      <ManufactureCountry />
      <ManufactureItemDescription />
      <UnitQty>'יח</UnitQty>
      <Quantity>1</Quantity>
      <UnitMeasure />
      <BisWeighted>0</BisWeighted>
      <QtyInPackage>1</QtyInPackage>
      <ItemPrice>20</ItemPrice>
      <UnitOfMeasurePrice>20</UnitOfMeasurePrice>
      <AllowDiscount>0</AllowDiscount>
      <itemStatus>1</itemStatus>
      <LastUpdateDate />
      <LastUpdateTime />
    </Product>
    <Product>
      <PriceUpdateDate>2022/11/01 11:47</PriceUpdateDate>
      <ItemCode>7297331912130</ItemCode>
      <ItemType>1</ItemType>
      <ItemName>קולר בייסיק M</ItemName>
      <ManufactureName>שחורי אריה ואנסטסיה</ManufactureName>
      <ManufactureCountry />
      <ManufactureItemDescription />
      <UnitQty>'יח</UnitQty>
      <Quantity>1</Quantity>
      <UnitMeasure />
      <BisWeighted>0</BisWeighted>
      <QtyInPackage>1</QtyInPackage>
      <ItemPrice>25</ItemPrice>
      <UnitOfMeasurePrice>25</UnitOfMeasurePrice>
      <AllowDiscount>0</AllowDiscount>
      <itemStatus>1</itemStatus>
      <LastUpdateDate />
      <LastUpdateTime />
    </Product>
    <Product>
      <PriceUpdateDate>2022/11/01 11:47</PriceUpdateDate>
      <ItemCode>7297331912147</ItemCode>
      <ItemType>1</ItemType>
      <ItemName>קולר בייסיק L</ItemName>
      <ManufactureName>שחורי אריה ואנסטסיה</ManufactureName>
      <ManufactureCountry />
      <ManufactureItemDescription />
      <UnitQty>'יח</UnitQty>
      <Quantity>1</Quantity>
      <UnitMeasure />
      <BisWeighted>0</BisWeighted>
      <QtyInPackage>1</QtyInPackage>
      <ItemPrice>29</ItemPrice>
      <UnitOfMeasurePrice>29</UnitOfMeasurePrice>
      <AllowDiscount>0</AllowDiscount>
      <itemStatus>1</itemStatus>
      <LastUpdateDate />
      <LastUpdateTime />
    </Product>
    <Product>
      <PriceUpdateDate>2022/11/01 11:47</PriceUpdateDate>
      <ItemCode>7297331912338</ItemCode>
      <ItemType>1</ItemType>
      <ItemName>רצועה בייסיק S</ItemName>
      <ManufactureName>שחורי אריה ואנסטסיה</ManufactureName>
      <ManufactureCountry />
      <ManufactureItemDescription />
      <UnitQty>'יח</UnitQty>
      <Quantity>1</Quantity>
      <UnitMeasure />
      <BisWeighted>0</BisWeighted>
      <QtyInPackage>1</QtyInPackage>
      <ItemPrice>20</ItemPrice>
      <UnitOfMeasurePrice>20</UnitOfMeasurePrice>
      <AllowDiscount>0</AllowDiscount>
      <itemStatus>1</itemStatus>
      <LastUpdateDate />
      <LastUpdateTime />
    </Product>
    <Product>
      <PriceUpdateDate>2022/11/01 11:47</PriceUpdateDate>
      <ItemCode>7297331912345</ItemCode>
      <ItemType>1</ItemType>
      <ItemName>רצועה בייסיק M</ItemName>
      <ManufactureName>שחורי אריה ואנסטסיה</ManufactureName>
      <ManufactureCountry />
      <ManufactureItemDescription />
      <UnitQty>'יח</UnitQty>
      <Quantity>1</Quantity>
      <UnitMeasure />
      <BisWeighted>0</BisWeighted>
      <QtyInPackage>1</QtyInPackage>
      <ItemPrice>25</ItemPrice>
      <UnitOfMeasurePrice>25</UnitOfMeasurePrice>
      <AllowDiscount>0</AllowDiscount>
      <itemStatus>1</itemStatus>
      <LastUpdateDate />
      <LastUpdateTime />
    </Product>
    <Product>
      <PriceUpdateDate>2022/11/01 11:47</PriceUpdateDate>
      <ItemCode>7297331912352</ItemCode>
      <ItemType>1</ItemType>
      <ItemName>רצועה בייסיק L</ItemName>
      <ManufactureName>שחורי אריה ואנסטסיה</ManufactureName>
      <ManufactureCountry />
      <ManufactureItemDescription />
      <UnitQty>'יח</UnitQty>
      <Quantity>1</Quantity>
      <UnitMeasure />
      <BisWeighted>0</BisWeighted>
      <QtyInPackage>1</QtyInPackage>
      <ItemPrice>29</ItemPrice>
      <UnitOfMeasurePrice>29</UnitOfMeasurePrice>
      <AllowDiscount>0</AllowDiscount>
      <itemStatus>1</itemStatus>
      <LastUpdateDate />
      <LastUpdateTime />
    </Product>
    <Product>
      <PriceUpdateDate>2022/11/01 11:47</PriceUpdateDate>
      <ItemCode>7297331970222</ItemCode>
      <ItemType>1</ItemType>
      <ItemName>רצועה קלועה S</ItemName>
      <ManufactureName>שחורי אריה ואנסטסיה</ManufactureName>
      <ManufactureCountry />
      <ManufactureItemDescription />
      <UnitQty>'יח</UnitQty>
      <Quantity>1</Quantity>
      <UnitMeasure />
      <BisWeighted>0</BisWeighted>
      <QtyInPackage>1</QtyInPackage>
      <ItemPrice>59.90</ItemPrice>
      <UnitOfMeasurePrice>59.90</UnitOfMeasurePrice>
      <AllowDiscount>0</AllowDiscount>
      <itemStatus>1</itemStatus>
      <LastUpdateDate />
      <LastUpdateTime />
    </Product>
    <Product>
      <PriceUpdateDate>2022/10/31 14:40</PriceUpdateDate>
      <ItemCode>7297391161615</ItemCode>
      <ItemType>1</ItemType>
      <ItemName>גופיית חורף</ItemName>
      <ManufactureName>הום פרפקט ק.ד.מ בעמ</ManufactureName>
      <ManufactureCountry />
      <ManufactureItemDescription />
      <UnitQty>'יח</UnitQty>
      <Quantity>1</Quantity>
      <UnitMeasure />
      <BisWeighted>0</BisWeighted>
      <QtyInPackage>1</QtyInPackage>
      <ItemPrice>19.90</ItemPrice>
      <UnitOfMeasurePrice>19.90</UnitOfMeasurePrice>
      <AllowDiscount>0</AllowDiscount>
      <itemStatus>1</itemStatus>
      <LastUpdateDate />
      <LastUpdateTime />
    </Product>
    <Product>
      <PriceUpdateDate>2022/10/30 19:02</PriceUpdateDate>
      <ItemCode>7297461004408</ItemCode>
      <ItemType>1</ItemType>
      <ItemName>שמיכה פליז כרבולית</ItemName>
      <ManufactureName>הום פרפקט ק.ד.מ בעמ</ManufactureName>
      <ManufactureCountry />
      <ManufactureItemDescription />
      <UnitQty>'יח</UnitQty>
      <Quantity>1</Quantity>
      <UnitMeasure />
      <BisWeighted>0</BisWeighted>
      <QtyInPackage>1</QtyInPackage>
      <ItemPrice>14.90</ItemPrice>
      <UnitOfMeasurePrice>14.90</UnitOfMeasurePrice>
      <AllowDiscount>1</AllowDiscount>
      <itemStatus>1</itemStatus>
      <LastUpdateDate />
      <LastUpdateTime />
    </Product>
    <Product>
      <PriceUpdateDate>2022/10/30 19:02</PriceUpdateDate>
      <ItemCode>7297588030496</ItemCode>
      <ItemType>1</ItemType>
      <ItemName>מטריה אוטומטית משובצת</ItemName>
      <ManufactureName>ד.ג.ש ייבוא ושיווק בעמ</ManufactureName>
      <ManufactureCountry />
      <ManufactureItemDescription />
      <UnitQty>'יח</UnitQty>
      <Quantity>1</Quantity>
      <UnitMeasure />
      <BisWeighted>0</BisWeighted>
      <QtyInPackage>1</QtyInPackage>
      <ItemPrice>39.90</ItemPrice>
      <UnitOfMeasurePrice>39.90</UnitOfMeasurePrice>
      <AllowDiscount>0</AllowDiscount>
      <itemStatus>1</itemStatus>
      <LastUpdateDate />
      <LastUpdateTime />
    </Product>
    <Product>
      <PriceUpdateDate>2022/10/30 19:02</PriceUpdateDate>
      <ItemCode>7297588030960</ItemCode>
      <ItemType>1</ItemType>
      <ItemName>מטריה חצי אוטומטית נקודות</ItemName>
      <ManufactureName>ד.ג.ש ייבוא ושיווק בעמ</ManufactureName>
      <ManufactureCountry />
      <ManufactureItemDescription />
      <UnitQty>'יח</UnitQty>
      <Quantity>1</Quantity>
      <UnitMeasure />
      <BisWeighted>0</BisWeighted>
      <QtyInPackage>1</QtyInPackage>
      <ItemPrice>39.90</ItemPrice>
      <UnitOfMeasurePrice>39.90</UnitOfMeasurePrice>
      <AllowDiscount>0</AllowDiscount>
      <itemStatus>1</itemStatus>
      <LastUpdateDate />
      <LastUpdateTime />
    </Product>
    <Product>
      <PriceUpdateDate>2022/01/03 13:00</PriceUpdateDate>
      <ItemCode>7501013122190</ItemCode>
      <ItemType>1</ItemType>
      <ItemName>נקטר ג`מקס תפוחים 1ל` קרטונית</ItemName>
      <ManufactureName>טמפו משקאות בע`מ</ManufactureName>
      <ManufactureCountry />
      <ManufactureItemDescription />
      <UnitQty>'יח</UnitQty>
      <Quantity>10</Quantity>
      <UnitMeasure>ל-100 מ"ל</UnitMeasure>
      <BisWeighted>0</BisWeighted>
      <QtyInPackage>1</QtyInPackage>
      <ItemPrice>9.90</ItemPrice>
      <UnitOfMeasurePrice>0.99</UnitOfMeasurePrice>
      <AllowDiscount>1</AllowDiscount>
      <itemStatus>1</itemStatus>
      <LastUpdateDate />
      <LastUpdateTime />
    </Product>
    <Product>
      <PriceUpdateDate>2022/01/03 13:00</PriceUpdateDate>
      <ItemCode>7501013122992</ItemCode>
      <ItemType>1</ItemType>
      <ItemName>נקטר ג`מקס קוקוס אננס 1ל` קרטונית</ItemName>
      <ManufactureName>טמפו משקאות בע`מ</ManufactureName>
      <ManufactureCountry />
      <ManufactureItemDescription />
      <UnitQty>'יח</UnitQty>
      <Quantity>10</Quantity>
      <UnitMeasure>ל-100 מ"ל</UnitMeasure>
      <BisWeighted>0</BisWeighted>
      <QtyInPackage>1</QtyInPackage>
      <ItemPrice>9.90</ItemPrice>
      <UnitOfMeasurePrice>0.99</UnitOfMeasurePrice>
      <AllowDiscount>1</AllowDiscount>
      <itemStatus>1</itemStatus>
      <LastUpdateDate />
      <LastUpdateTime />
    </Product>
    <Product>
      <PriceUpdateDate>2022/01/03 13:00</PriceUpdateDate>
      <ItemCode>7501013138047</ItemCode>
      <ItemType>1</ItemType>
      <ItemName>יונקו פרסקו משקה רימונים  קרטונית 1 לי</ItemName>
      <ManufactureName>טמפו משקאות בע`מ</ManufactureName>
      <ManufactureCountry />
      <ManufactureItemDescription />
      <UnitQty>'יח</UnitQty>
      <Quantity>10</Quantity>
      <UnitMeasure>ל-100 מ"ל</UnitMeasure>
      <BisWeighted>0</BisWeighted>
      <QtyInPackage>1</QtyInPackage>
      <ItemPrice>11.90</ItemPrice>
      <UnitOfMeasurePrice>1.19</UnitOfMeasurePrice>
      <AllowDiscount>0</AllowDiscount>
      <itemStatus>1</itemStatus>
      <LastUpdateDate />
      <LastUpdateTime />
    </Product>
    <Product>
      <PriceUpdateDate>2020/04/21 20:30</PriceUpdateDate>
      <ItemCode>7501049936945</ItemCode>
      <ItemType>1</ItemType>
      <ItemName>בירה סול שישייה 330 מ"ל</ItemName>
      <ManufactureName>טמפו משקאות בע`מ</ManufactureName>
      <ManufactureCountry />
      <ManufactureItemDescription />
      <UnitQty>'יח</UnitQty>
      <Quantity>19.80</Quantity>
      <UnitMeasure>ל-100 מ"ל</UnitMeasure>
      <BisWeighted>0</BisWeighted>
      <QtyInPackage>1</QtyInPackage>
      <ItemPrice>34.90</ItemPrice>
      <UnitOfMeasurePrice>1.67</UnitOfMeasurePrice>
      <AllowDiscount>1</AllowDiscount>
      <itemStatus>1</itemStatus>
      <LastUpdateDate />
      <LastUpdateTime />
    </Product>
    <Product>
      <PriceUpdateDate>2021/05/20 14:49</PriceUpdateDate>
      <ItemCode>7501064191398</ItemCode>
      <ItemType>1</ItemType>
      <ItemName>שישייה בירה קורונה</ItemName>
      <ManufactureName>תימקו בירה בעמ`</ManufactureName>
      <ManufactureCountry />
      <ManufactureItemDescription />
      <UnitQty>'יח</UnitQty>
      <Quantity>19.80</Quantity>
      <UnitMeasure>ל-100 מ"ל</UnitMeasure>
      <BisWeighted>0</BisWeighted>
      <QtyInPackage>1</QtyInPackage>
      <ItemPrice>34.90</ItemPrice>
      <UnitOfMeasurePrice>1.67</UnitOfMeasurePrice>
      <AllowDiscount>1</AllowDiscount>
      <itemStatus>1</itemStatus>
      <LastUpdateDate />
      <LastUpdateTime />
    </Product>
    <Product>
      <PriceUpdateDate>2021/05/18 10:42</PriceUpdateDate>
      <ItemCode>7509546666846</ItemCode>
      <ItemType>1</ItemType>
      <ItemName>משחת שיניים קולגייט טוטאל פחם 75 מ"ל</ItemName>
      <ManufactureName>ש. שסטוביץ בע`מ</ManufactureName>
      <ManufactureCountry />
      <ManufactureItemDescription />
      <UnitQty>'יח</UnitQty>
      <Quantity>0.75</Quantity>
      <UnitMeasure>ל-100 מ"ל</UnitMeasure>
      <BisWeighted>0</BisWeighted>
      <QtyInPackage>1</QtyInPackage>
      <ItemPrice>19.90</ItemPrice>
      <UnitOfMeasurePrice>26.53</UnitOfMeasurePrice>
      <AllowDiscount>0</AllowDiscount>
      <itemStatus>1</itemStatus>
      <LastUpdateDate />
      <LastUpdateTime />
    </Product>
    <Product>
      <PriceUpdateDate>2020/10/18 12:22</PriceUpdateDate>
      <ItemCode>7610113011652</ItemCode>
      <ItemType>1</ItemType>
      <ItemName>בקרדי בריזר תפוח 275 מל</ItemName>
      <ManufactureName>טמפו משקאות בע`מ</ManufactureName>
      <ManufactureCountry />
      <ManufactureItemDescription />
      <UnitQty>'יח</UnitQty>
      <Quantity>2.75</Quantity>
      <UnitMeasure>ל-100 מ"ל</UnitMeasure>
      <BisWeighted>0</BisWeighted>
      <QtyInPackage>24</QtyInPackage>
      <ItemPrice>13.90</ItemPrice>
      <UnitOfMeasurePrice>4.95</UnitOfMeasurePrice>
      <AllowDiscount>1</AllowDiscount>
      <itemStatus>1</itemStatus>
      <LastUpdateDate />
      <LastUpdateTime />
    </Product>
    <Product>
      <PriceUpdateDate>2021/08/08 13:53</PriceUpdateDate>
      <ItemCode>7613032045753</ItemCode>
      <ItemType>1</ItemType>
      <ItemName>פיטנס דגנים מחיטה מלאה שוקולד 375גרם</ItemName>
      <ManufactureName>קבוצת אסם סחר</ManufactureName>
      <ManufactureCountry />
      <ManufactureItemDescription />
      <UnitQty>'יח</UnitQty>
      <Quantity>3.75</Quantity>
      <UnitMeasure>ל-100 גרם</UnitMeasure>
      <BisWeighted>0</BisWeighted>
      <QtyInPackage>1</QtyInPackage>
      <ItemPrice>19.90</ItemPrice>
      <UnitOfMeasurePrice>5.31</UnitOfMeasurePrice>
      <AllowDiscount>1</AllowDiscount>
      <itemStatus>1</itemStatus>
      <LastUpdateDate />
      <LastUpdateTime />
    </Product>
    <Product>
      <PriceUpdateDate>2021/08/08 13:53</PriceUpdateDate>
      <ItemCode>7613033548192</ItemCode>
      <ItemType>1</ItemType>
      <ItemName>פיטנס שוקולד מריר 375 גרם</ItemName>
      <ManufactureName>קבוצת אסם סחר</ManufactureName>
      <ManufactureCountry />
      <ManufactureItemDescription />
      <UnitQty>'יח</UnitQty>
      <Quantity>3.75</Quantity>
      <UnitMeasure>ל-100 גרם</UnitMeasure>
      <BisWeighted>0</BisWeighted>
      <QtyInPackage>1</QtyInPackage>
      <ItemPrice>19.90</ItemPrice>
      <UnitOfMeasurePrice>5.31</UnitOfMeasurePrice>
      <AllowDiscount>1</AllowDiscount>
      <itemStatus>1</itemStatus>
      <LastUpdateDate />
      <LastUpdateTime />
    </Product>
    <Product>
      <PriceUpdateDate>2022/11/01 11:46</PriceUpdateDate>
      <ItemCode>7613033635571</ItemCode>
      <ItemType>1</ItemType>
      <ItemName>ONE חתול סטרילייז סלמון800גרם</ItemName>
      <ManufactureName>שחורי אריה ואנסטסיה</ManufactureName>
      <ManufactureCountry />
      <ManufactureItemDescription />
      <UnitQty>'יח</UnitQty>
      <Quantity>8</Quantity>
      <UnitMeasure>ל-100 גרם</UnitMeasure>
      <BisWeighted>0</BisWeighted>
      <QtyInPackage>1</QtyInPackage>
      <ItemPrice>39.90</ItemPrice>
      <UnitOfMeasurePrice>4.99</UnitOfMeasurePrice>
      <AllowDiscount>0</AllowDiscount>
      <itemStatus>1</itemStatus>
      <LastUpdateDate />
      <LastUpdateTime />
    </Product>
    <Product>
      <PriceUpdateDate>2022/11/01 11:46</PriceUpdateDate>
      <ItemCode>7613034146502</ItemCode>
      <ItemType>1</ItemType>
      <ItemName>ONE מיני אקטיב עוף 1.5קג</ItemName>
      <ManufactureName>שחורי אריה ואנסטסיה</ManufactureName>
      <ManufactureCountry />
      <ManufactureItemDescription />
      <UnitQty>'יח</UnitQty>
      <Quantity>15</Quantity>
      <UnitMeasure>ל-100 גרם</UnitMeasure>
      <BisWeighted>0</BisWeighted>
      <QtyInPackage>1</QtyInPackage>
      <ItemPrice>59.90</ItemPrice>
      <UnitOfMeasurePrice>3.99</UnitOfMeasurePrice>
      <AllowDiscount>0</AllowDiscount>
      <itemStatus>1</itemStatus>
      <LastUpdateDate />
      <LastUpdateTime />
    </Product>
    <Product>
      <PriceUpdateDate>2022/11/01 11:46</PriceUpdateDate>
      <ItemCode>7613034146656</ItemCode>
      <ItemType>1</ItemType>
      <ItemName>ONE מיני אקטיב בקר 1.5קג</ItemName>
      <ManufactureName>שחורי אריה ואנסטסיה</ManufactureName>
      <ManufactureCountry />
      <ManufactureItemDescription />
      <UnitQty>'יח</UnitQty>
      <Quantity>15</Quantity>
      <UnitMeasure>ל-100 גרם</UnitMeasure>
      <BisWeighted>0</BisWeighted>
      <QtyInPackage>1</QtyInPackage>
      <ItemPrice>59.90</ItemPrice>
      <UnitOfMeasurePrice>3.99</UnitOfMeasurePrice>
      <AllowDiscount>0</AllowDiscount>
      <itemStatus>1</itemStatus>
      <LastUpdateDate />
      <LastUpdateTime />
    </Product>
    <Product>
      <PriceUpdateDate>2022/11/01 11:46</PriceUpdateDate>
      <ItemCode>7613034146823</ItemCode>
      <ItemType>1</ItemType>
      <ItemName>ONE כלב מיני בוגר בקר 800ג</ItemName>
      <ManufactureName>שחורי אריה ואנסטסיה</ManufactureName>
      <ManufactureCountry />
      <ManufactureItemDescription />
      <UnitQty>'יח</UnitQty>
      <Quantity>8</Quantity>
      <UnitMeasure>ל-100 גרם</UnitMeasure>
      <BisWeighted>0</BisWeighted>
      <QtyInPackage>1</QtyInPackage>
      <ItemPrice>39.90</ItemPrice>
      <UnitOfMeasurePrice>4.99</UnitOfMeasurePrice>
      <AllowDiscount>0</AllowDiscount>
      <itemStatus>1</itemStatus>
      <LastUpdateDate />
      <LastUpdateTime />
    </Product>
    <Product>
      <PriceUpdateDate>2022/11/01 11:46</PriceUpdateDate>
      <ItemCode>7613034147486</ItemCode>
      <ItemType>1</ItemType>
      <ItemName>ONE כלב מיני אקטיב עוף 800ג</ItemName>
      <ManufactureName>שחורי אריה ואנסטסיה</ManufactureName>
      <ManufactureCountry />
      <ManufactureItemDescription />
      <UnitQty>'יח</UnitQty>
      <Quantity>8</Quantity>
      <UnitMeasure>ל-100 גרם</UnitMeasure>
      <BisWeighted>0</BisWeighted>
      <QtyInPackage>1</QtyInPackage>
      <ItemPrice>39.90</ItemPrice>
      <UnitOfMeasurePrice>4.99</UnitOfMeasurePrice>
      <AllowDiscount>0</AllowDiscount>
      <itemStatus>1</itemStatus>
      <LastUpdateDate />
      <LastUpdateTime />
    </Product>
    <Product>
      <PriceUpdateDate>2022/11/01 11:46</PriceUpdateDate>
      <ItemCode>7613035027022</ItemCode>
      <ItemType>1</ItemType>
      <ItemName>ONE כלב מיני גור עוף 800גרם</ItemName>
      <ManufactureName>שחורי אריה ואנסטסיה</ManufactureName>
      <ManufactureCountry />
      <ManufactureItemDescription />
      <UnitQty>'יח</UnitQty>
      <Quantity>8</Quantity>
      <UnitMeasure>ל-100 גרם</UnitMeasure>
      <BisWeighted>0</BisWeighted>
      <QtyInPackage>1</QtyInPackage>
      <ItemPrice>29.90</ItemPrice>
      <UnitOfMeasurePrice>3.74</UnitOfMeasurePrice>
      <AllowDiscount>0</AllowDiscount>
      <itemStatus>1</itemStatus>
      <LastUpdateDate />
      <LastUpdateTime />
    </Product>
    <Product>
      <PriceUpdateDate>2022/11/01 11:46</PriceUpdateDate>
      <ItemCode>7613035514430</ItemCode>
      <ItemType>1</ItemType>
      <ItemName>ONE חתול בוגר סלמון 3קג</ItemName>
      <ManufactureName>שחורי אריה ואנסטסיה</ManufactureName>
      <ManufactureCountry />
      <ManufactureItemDescription />
      <UnitQty>'יח</UnitQty>
      <Quantity>30</Quantity>
      <UnitMeasure>ל-100 גרם</UnitMeasure>
      <BisWeighted>0</BisWeighted>
      <QtyInPackage>1</QtyInPackage>
      <ItemPrice>119.90</ItemPrice>
      <UnitOfMeasurePrice>4</UnitOfMeasurePrice>
      <AllowDiscount>0</AllowDiscount>
      <itemStatus>1</itemStatus>
      <LastUpdateDate />
      <LastUpdateTime />
    </Product>
    <Product>
      <PriceUpdateDate>2022/11/01 11:46</PriceUpdateDate>
      <ItemCode>7613035514560</ItemCode>
      <ItemType>1</ItemType>
      <ItemName>ONE חתול סטרילייז בקר 3קג</ItemName>
      <ManufactureName>שחורי אריה ואנסטסיה</ManufactureName>
      <ManufactureCountry />
      <ManufactureItemDescription />
      <UnitQty>'יח</UnitQty>
      <Quantity>30</Quantity>
      <UnitMeasure>ל-100 גרם</UnitMeasure>
      <BisWeighted>0</BisWeighted>
      <QtyInPackage>1</QtyInPackage>
      <ItemPrice>119.90</ItemPrice>
      <UnitOfMeasurePrice>4</UnitOfMeasurePrice>
      <AllowDiscount>0</AllowDiscount>
      <itemStatus>1</itemStatus>
      <LastUpdateDate />
      <LastUpdateTime />
    </Product>
    <Product>
      <PriceUpdateDate>2022/11/01 11:46</PriceUpdateDate>
      <ItemCode>7613035614482</ItemCode>
      <ItemType>1</ItemType>
      <ItemName>ONE חתול גור800גרם</ItemName>
      <ManufactureName>שחורי אריה ואנסטסיה</ManufactureName>
      <ManufactureCountry />
      <ManufactureItemDescription />
      <UnitQty>'יח</UnitQty>
      <Quantity>8</Quantity>
      <UnitMeasure>ל-100 גרם</UnitMeasure>
      <BisWeighted>0</BisWeighted>
      <QtyInPackage>1</QtyInPackage>
      <ItemPrice>39.90</ItemPrice>
      <UnitOfMeasurePrice>4.99</UnitOfMeasurePrice>
      <AllowDiscount>0</AllowDiscount>
      <itemStatus>1</itemStatus>
      <LastUpdateDate />
      <LastUpdateTime />
    </Product>
    <Product>
      <PriceUpdateDate>2022/11/01 11:46</PriceUpdateDate>
      <ItemCode>7613035618794</ItemCode>
      <ItemType>1</ItemType>
      <ItemName>ONE 3קג חתול בוגר עוף</ItemName>
      <ManufactureName>שחורי אריה ואנסטסיה</ManufactureName>
      <ManufactureCountry />
      <ManufactureItemDescription />
      <UnitQty>'יח</UnitQty>
      <Quantity>30</Quantity>
      <UnitMeasure>ל-100 גרם</UnitMeasure>
      <BisWeighted>0</BisWeighted>
      <QtyInPackage>1</QtyInPackage>
      <ItemPrice>119.90</ItemPrice>
      <UnitOfMeasurePrice>4</UnitOfMeasurePrice>
      <AllowDiscount>0</AllowDiscount>
      <itemStatus>1</itemStatus>
      <LastUpdateDate />
      <LastUpdateTime />
    </Product>
    <Product>
      <PriceUpdateDate>2022/07/24 18:01</PriceUpdateDate>
      <ItemCode>7613035807778</ItemCode>
      <ItemType>1</ItemType>
      <ItemName>פרפקטו רוטב עגבניות לבולונז 400 גר`</ItemName>
      <ManufactureName>קבוצת אסם סחר</ManufactureName>
      <ManufactureCountry />
      <ManufactureItemDescription />
      <UnitQty>'יח</UnitQty>
      <Quantity>4</Quantity>
      <UnitMeasure>ל-100 גרם</UnitMeasure>
      <BisWeighted>0</BisWeighted>
      <QtyInPackage>1</QtyInPackage>
      <ItemPrice>8.90</ItemPrice>
      <UnitOfMeasurePrice>2.23</UnitOfMeasurePrice>
      <AllowDiscount>1</AllowDiscount>
      <itemStatus>1</itemStatus>
      <LastUpdateDate />
      <LastUpdateTime />
    </Product>
    <Product>
      <PriceUpdateDate>2022/07/24 18:01</PriceUpdateDate>
      <ItemCode>7613035809109</ItemCode>
      <ItemType>1</ItemType>
      <ItemName>פרפקטו רוטב עגבניות ובזיליקום 400 גר`</ItemName>
      <ManufactureName>קבוצת אסם סחר</ManufactureName>
      <ManufactureCountry />
      <ManufactureItemDescription />
      <UnitQty>'יח</UnitQty>
      <Quantity>4</Quantity>
      <UnitMeasure>ל-100 גרם</UnitMeasure>
      <BisWeighted>0</BisWeighted>
      <QtyInPackage>1</QtyInPackage>
      <ItemPrice>8.90</ItemPrice>
      <UnitOfMeasurePrice>2.23</UnitOfMeasurePrice>
      <AllowDiscount>1</AllowDiscount>
      <itemStatus>1</itemStatus>
      <LastUpdateDate />
      <LastUpdateTime />
    </Product>
    <Product>
      <PriceUpdateDate>2022/07/24 18:01</PriceUpdateDate>
      <ItemCode>7613035809123</ItemCode>
      <ItemType>1</ItemType>
      <ItemName>פרפקטו רוטב עגבניות עם פלפלים 400 גר`</ItemName>
      <ManufactureName>קבוצת אסם סחר</ManufactureName>
      <ManufactureCountry />
      <ManufactureItemDescription />
      <UnitQty>'יח</UnitQty>
      <Quantity>4</Quantity>
      <UnitMeasure>ל-100 גרם</UnitMeasure>
      <BisWeighted>0</BisWeighted>
      <QtyInPackage>1</QtyInPackage>
      <ItemPrice>8.90</ItemPrice>
      <UnitOfMeasurePrice>2.23</UnitOfMeasurePrice>
      <AllowDiscount>1</AllowDiscount>
      <itemStatus>1</itemStatus>
      <LastUpdateDate />
      <LastUpdateTime />
    </Product>
    <Product>
      <PriceUpdateDate>2022/07/24 18:01</PriceUpdateDate>
      <ItemCode>7613035809857</ItemCode>
      <ItemType>1</ItemType>
      <ItemName>פרפקטו רוטב עגבניות לבישול 400 גר`</ItemName>
      <ManufactureName>קבוצת אסם סחר</ManufactureName>
      <ManufactureCountry />
      <ManufactureItemDescription />
      <UnitQty>'יח</UnitQty>
      <Quantity>4</Quantity>
      <UnitMeasure>ל-100 גרם</UnitMeasure>
      <BisWeighted>0</BisWeighted>
      <QtyInPackage>1</QtyInPackage>
      <ItemPrice>8.90</ItemPrice>
      <UnitOfMeasurePrice>2.23</UnitOfMeasurePrice>
      <AllowDiscount>1</AllowDiscount>
      <itemStatus>1</itemStatus>
      <LastUpdateDate />
      <LastUpdateTime />
    </Product>
    <Product>
      <PriceUpdateDate>2022/11/01 11:46</PriceUpdateDate>
      <ItemCode>7613036105545</ItemCode>
      <ItemType>1</ItemType>
      <ItemName>דוגלי גזע קטן 3 קג</ItemName>
      <ManufactureName>שחורי אריה ואנסטסיה</ManufactureName>
      <ManufactureCountry />
      <ManufactureItemDescription />
      <UnitQty>'יח</UnitQty>
      <Quantity>30</Quantity>
      <UnitMeasure>ל-100 גרם</UnitMeasure>
      <BisWeighted>0</BisWeighted>
      <QtyInPackage>1</QtyInPackage>
      <ItemPrice>49.90</ItemPrice>
      <UnitOfMeasurePrice>1.66</UnitOfMeasurePrice>
      <AllowDiscount>0</AllowDiscount>
      <itemStatus>1</itemStatus>
      <LastUpdateDate />
      <LastUpdateTime />
    </Product>
    <Product>
      <PriceUpdateDate>2022/11/01 11:46</PriceUpdateDate>
      <ItemCode>7613036105576</ItemCode>
      <ItemType>1</ItemType>
      <ItemName>דוגלי בוגר עוף 3 קג</ItemName>
      <ManufactureName>שחורי אריה ואנסטסיה</ManufactureName>
      <ManufactureCountry />
      <ManufactureItemDescription />
      <UnitQty>'יח</UnitQty>
      <Quantity>30</Quantity>
      <UnitMeasure>ל-100 גרם</UnitMeasure>
      <BisWeighted>0</BisWeighted>
      <QtyInPackage>1</QtyInPackage>
      <ItemPrice>49.90</ItemPrice>
      <UnitOfMeasurePrice>1.66</UnitOfMeasurePrice>
      <AllowDiscount>0</AllowDiscount>
      <itemStatus>1</itemStatus>
      <LastUpdateDate />
      <LastUpdateTime />
    </Product>
    <Product>
      <PriceUpdateDate>2022/11/01 11:46</PriceUpdateDate>
      <ItemCode>7613036105606</ItemCode>
      <ItemType>1</ItemType>
      <ItemName>דוגלי בוגר בקר 3 קג</ItemName>
      <ManufactureName>שחורי אריה ואנסטסיה</ManufactureName>
      <ManufactureCountry />
      <ManufactureItemDescription />
      <UnitQty>'יח</UnitQty>
      <Quantity>30</Quantity>
      <UnitMeasure>ל-100 גרם</UnitMeasure>
      <BisWeighted>0</BisWeighted>
      <QtyInPackage>1</QtyInPackage>
      <ItemPrice>49.90</ItemPrice>
      <UnitOfMeasurePrice>1.66</UnitOfMeasurePrice>
      <AllowDiscount>0</AllowDiscount>
      <itemStatus>1</itemStatus>
      <LastUpdateDate />
      <LastUpdateTime />
    </Product>
    <Product>
      <PriceUpdateDate>2022/11/01 11:46</PriceUpdateDate>
      <ItemCode>7613036105637</ItemCode>
      <ItemType>1</ItemType>
      <ItemName>דוגלי בוגר עוף 12 קג</ItemName>
      <ManufactureName>שחורי אריה ואנסטסיה</ManufactureName>
      <ManufactureCountry />
      <ManufactureItemDescription />
      <UnitQty>'יח</UnitQty>
      <Quantity>120</Quantity>
      <UnitMeasure>ל-100 גרם</UnitMeasure>
      <BisWeighted>0</BisWeighted>
      <QtyInPackage>1</QtyInPackage>
      <ItemPrice>119.90</ItemPrice>
      <UnitOfMeasurePrice>1</UnitOfMeasurePrice>
      <AllowDiscount>0</AllowDiscount>
      <itemStatus>1</itemStatus>
      <LastUpdateDate />
      <LastUpdateTime />
    </Product>
    <Product>
      <PriceUpdateDate>2022/11/01 11:46</PriceUpdateDate>
      <ItemCode>7613036105651</ItemCode>
      <ItemType>1</ItemType>
      <ItemName>דוגלי בוגר בקר 12 קג</ItemName>
      <ManufactureName>שחורי אריה ואנסטסיה</ManufactureName>
      <ManufactureCountry />
      <ManufactureItemDescription />
      <UnitQty>'יח</UnitQty>
      <Quantity>30</Quantity>
      <UnitMeasure>ל-100 גרם</UnitMeasure>
      <BisWeighted>0</BisWeighted>
      <QtyInPackage>1</QtyInPackage>
      <ItemPrice>119.90</ItemPrice>
      <UnitOfMeasurePrice>4</UnitOfMeasurePrice>
      <AllowDiscount>0</AllowDiscount>
      <itemStatus>1</itemStatus>
      <LastUpdateDate />
      <LastUpdateTime />
    </Product>
    <Product>
      <PriceUpdateDate>2022/11/01 11:46</PriceUpdateDate>
      <ItemCode>7613036118651</ItemCode>
      <ItemType>1</ItemType>
      <ItemName>ONE גור מידמקסי עוף 2.5קג</ItemName>
      <ManufactureName>שחורי אריה ואנסטסיה</ManufactureName>
      <ManufactureCountry />
      <ManufactureItemDescription />
      <UnitQty>'יח</UnitQty>
      <Quantity>25</Quantity>
      <UnitMeasure>ל-100 גרם</UnitMeasure>
      <BisWeighted>0</BisWeighted>
      <QtyInPackage>1</QtyInPackage>
      <ItemPrice>89.90</ItemPrice>
      <UnitOfMeasurePrice>3.60</UnitOfMeasurePrice>
      <AllowDiscount>0</AllowDiscount>
      <itemStatus>1</itemStatus>
      <LastUpdateDate />
      <LastUpdateTime />
    </Product>
    <Product>
      <PriceUpdateDate>2022/11/01 11:46</PriceUpdateDate>
      <ItemCode>7613036120395</ItemCode>
      <ItemType>1</ItemType>
      <ItemName>ONE כלב מידמקסי בקר 2.5קג</ItemName>
      <ManufactureName>שחורי אריה ואנסטסיה</ManufactureName>
      <ManufactureCountry />
      <ManufactureItemDescription />
      <UnitQty>'יח</UnitQty>
      <Quantity>25</Quantity>
      <UnitMeasure>ל-100 גרם</UnitMeasure>
      <BisWeighted>0</BisWeighted>
      <QtyInPackage>1</QtyInPackage>
      <ItemPrice>89.90</ItemPrice>
      <UnitOfMeasurePrice>3.60</UnitOfMeasurePrice>
      <AllowDiscount>0</AllowDiscount>
      <itemStatus>1</itemStatus>
      <LastUpdateDate />
      <LastUpdateTime />
    </Product>
    <Product>
      <PriceUpdateDate>2022/11/01 11:46</PriceUpdateDate>
      <ItemCode>7613036251389</ItemCode>
      <ItemType>1</ItemType>
      <ItemName>דוגלי אקטיב 12 קג</ItemName>
      <ManufactureName>שחורי אריה ואנסטסיה</ManufactureName>
      <ManufactureCountry />
      <ManufactureItemDescription />
      <UnitQty>'יח</UnitQty>
      <Quantity>120</Quantity>
      <UnitMeasure>ל-100 גרם</UnitMeasure>
      <BisWeighted>0</BisWeighted>
      <QtyInPackage>1</QtyInPackage>
      <ItemPrice>129.90</ItemPrice>
      <UnitOfMeasurePrice>1.08</UnitOfMeasurePrice>
      <AllowDiscount>0</AllowDiscount>
      <itemStatus>1</itemStatus>
      <LastUpdateDate />
      <LastUpdateTime />
    </Product>
    <Product>
      <PriceUpdateDate>2022/11/01 11:46</PriceUpdateDate>
      <ItemCode>7613036307390</ItemCode>
      <ItemType>1</ItemType>
      <ItemName>ONE מידמקסי עוף 2.5קג</ItemName>
      <ManufactureName>שחורי אריה ואנסטסיה</ManufactureName>
      <ManufactureCountry />
      <ManufactureItemDescription />
      <UnitQty>'יח</UnitQty>
      <Quantity>25</Quantity>
      <UnitMeasure>ל-100 גרם</UnitMeasure>
      <BisWeighted>0</BisWeighted>
      <QtyInPackage>1</QtyInPackage>
      <ItemPrice>89.90</ItemPrice>
      <UnitOfMeasurePrice>3.60</UnitOfMeasurePrice>
      <AllowDiscount>0</AllowDiscount>
      <itemStatus>1</itemStatus>
      <LastUpdateDate />
      <LastUpdateTime />
    </Product>
    <Product>
      <PriceUpdateDate>2022/11/01 11:47</PriceUpdateDate>
      <ItemCode>7613036725286</ItemCode>
      <ItemType>1</ItemType>
      <ItemName>דנטלייף חתול סלמון 40 גרם</ItemName>
      <ManufactureName>שחורי אריה ואנסטסיה</ManufactureName>
      <ManufactureCountry />
      <ManufactureItemDescription />
      <UnitQty>'יח</UnitQty>
      <Quantity>0.40</Quantity>
      <UnitMeasure>ל-100 גרם</UnitMeasure>
      <BisWeighted>0</BisWeighted>
      <QtyInPackage>1</QtyInPackage>
      <ItemPrice>9.90</ItemPrice>
      <UnitOfMeasurePrice>24.75</UnitOfMeasurePrice>
      <AllowDiscount>0</AllowDiscount>
      <itemStatus>1</itemStatus>
      <LastUpdateDate />
      <LastUpdateTime />
    </Product>
    <Product>
      <PriceUpdateDate>2022/11/01 11:46</PriceUpdateDate>
      <ItemCode>7613036725309</ItemCode>
      <ItemType>1</ItemType>
      <ItemName>דנטלייף חתול עוף 40 גרם</ItemName>
      <ManufactureName>שחורי אריה ואנסטסיה</ManufactureName>
      <ManufactureCountry />
      <ManufactureItemDescription />
      <UnitQty>'יח</UnitQty>
      <Quantity>0.40</Quantity>
      <UnitMeasure>ל-100 גרם</UnitMeasure>
      <BisWeighted>0</BisWeighted>
      <QtyInPackage>1</QtyInPackage>
      <ItemPrice>9.90</ItemPrice>
      <UnitOfMeasurePrice>24.75</UnitOfMeasurePrice>
      <AllowDiscount>0</AllowDiscount>
      <itemStatus>1</itemStatus>
      <LastUpdateDate />
      <LastUpdateTime />
    </Product>
    <Product>
      <PriceUpdateDate>2022/07/24 18:01</PriceUpdateDate>
      <ItemCode>7613036737623</ItemCode>
      <ItemType>1</ItemType>
      <ItemName>קראנץ מקס 410 גר`</ItemName>
      <ManufactureName>קבוצת אסם סחר</ManufactureName>
      <ManufactureCountry />
      <ManufactureItemDescription />
      <UnitQty>'יח</UnitQty>
      <Quantity>4.10</Quantity>
      <UnitMeasure>ל-100 גרם</UnitMeasure>
      <BisWeighted>0</BisWeighted>
      <QtyInPackage>1</QtyInPackage>
      <ItemPrice>19.90</ItemPrice>
      <UnitOfMeasurePrice>4.85</UnitOfMeasurePrice>
      <AllowDiscount>1</AllowDiscount>
      <itemStatus>1</itemStatus>
      <LastUpdateDate />
      <LastUpdateTime />
    </Product>
    <Product>
      <PriceUpdateDate>2022/11/01 11:46</PriceUpdateDate>
      <ItemCode>7613036976657</ItemCode>
      <ItemType>1</ItemType>
      <ItemName>פאוץ פריסקיז הודו 85גר</ItemName>
      <ManufactureName>שחורי אריה ואנסטסיה</ManufactureName>
      <ManufactureCountry />
      <ManufactureItemDescription />
      <UnitQty>'יח</UnitQty>
      <Quantity>0.85</Quantity>
      <UnitMeasure>ל-100 גרם</UnitMeasure>
      <BisWeighted>0</BisWeighted>
      <QtyInPackage>1</QtyInPackage>
      <ItemPrice>4.90</ItemPrice>
      <UnitOfMeasurePrice>5.76</UnitOfMeasurePrice>
      <AllowDiscount>0</AllowDiscount>
      <itemStatus>1</itemStatus>
      <LastUpdateDate />
      <LastUpdateTime />
    </Product>
    <Product>
      <PriceUpdateDate>2022/11/01 11:46</PriceUpdateDate>
      <ItemCode>7613036976671</ItemCode>
      <ItemType>1</ItemType>
      <ItemName>פאוץ פריסקיז עוף 85 גר</ItemName>
      <ManufactureName>שחורי אריה ואנסטסיה</ManufactureName>
      <ManufactureCountry />
      <ManufactureItemDescription />
      <UnitQty>'יח</UnitQty>
      <Quantity>0.85</Quantity>
      <UnitMeasure>ל-100 גרם</UnitMeasure>
      <BisWeighted>0</BisWeighted>
      <QtyInPackage>1</QtyInPackage>
      <ItemPrice>4.90</ItemPrice>
      <UnitOfMeasurePrice>5.76</UnitOfMeasurePrice>
      <AllowDiscount>0</AllowDiscount>
      <itemStatus>1</itemStatus>
      <LastUpdateDate />
      <LastUpdateTime />
    </Product>
    <Product>
      <PriceUpdateDate>2022/11/01 11:46</PriceUpdateDate>
      <ItemCode>7613036976695</ItemCode>
      <ItemType>1</ItemType>
      <ItemName>פאוץ פריסקיז בקר 85 גר</ItemName>
      <ManufactureName>שחורי אריה ואנסטסיה</ManufactureName>
      <ManufactureCountry />
      <ManufactureItemDescription />
      <UnitQty>'יח</UnitQty>
      <Quantity>0.85</Quantity>
      <UnitMeasure>ל-100 גרם</UnitMeasure>
      <BisWeighted>0</BisWeighted>
      <QtyInPackage>1</QtyInPackage>
      <ItemPrice>4.90</ItemPrice>
      <UnitOfMeasurePrice>5.76</UnitOfMeasurePrice>
      <AllowDiscount>0</AllowDiscount>
      <itemStatus>1</itemStatus>
      <LastUpdateDate />
      <LastUpdateTime />
    </Product>
    <Product>
      <PriceUpdateDate>2022/11/01 11:46</PriceUpdateDate>
      <ItemCode>7613036976718</ItemCode>
      <ItemType>1</ItemType>
      <ItemName>פאוץ פריסקיז ברווז 85 גר</ItemName>
      <ManufactureName>שחורי אריה ואנסטסיה</ManufactureName>
      <ManufactureCountry />
      <ManufactureItemDescription />
      <UnitQty>'יח</UnitQty>
      <Quantity>0.85</Quantity>
      <UnitMeasure>ל-100 גרם</UnitMeasure>
      <BisWeighted>0</BisWeighted>
      <QtyInPackage>1</QtyInPackage>
      <ItemPrice>4.90</ItemPrice>
      <UnitOfMeasurePrice>5.76</UnitOfMeasurePrice>
      <AllowDiscount>0</AllowDiscount>
      <itemStatus>1</itemStatus>
      <LastUpdateDate />
      <LastUpdateTime />
    </Product>
    <Product>
      <PriceUpdateDate>2022/11/01 11:46</PriceUpdateDate>
      <ItemCode>7613036976732</ItemCode>
      <ItemType>1</ItemType>
      <ItemName>פאוץ פריסקיז סלומון 85גר</ItemName>
      <ManufactureName>שחורי אריה ואנסטסיה</ManufactureName>
      <ManufactureCountry />
      <ManufactureItemDescription />
      <UnitQty>'יח</UnitQty>
      <Quantity>0.85</Quantity>
      <UnitMeasure>ל-100 גרם</UnitMeasure>
      <BisWeighted>0</BisWeighted>
      <QtyInPackage>1</QtyInPackage>
      <ItemPrice>4.90</ItemPrice>
      <UnitOfMeasurePrice>5.76</UnitOfMeasurePrice>
      <AllowDiscount>0</AllowDiscount>
      <itemStatus>1</itemStatus>
      <LastUpdateDate />
      <LastUpdateTime />
    </Product>
    <Product>
      <PriceUpdateDate>2021/08/09 16:47</PriceUpdateDate>
      <ItemCode>7613037686906</ItemCode>
      <ItemType>1</ItemType>
      <ItemName>פיטנס דגני בוקר שקדים ודבש 355גר</ItemName>
      <ManufactureName>קבוצת אסם סחר</ManufactureName>
      <ManufactureCountry />
      <ManufactureItemDescription />
      <UnitQty>'יח</UnitQty>
      <Quantity>3.55</Quantity>
      <UnitMeasure>ל-100 גרם</UnitMeasure>
      <BisWeighted>0</BisWeighted>
      <QtyInPackage>1</QtyInPackage>
      <ItemPrice>19.90</ItemPrice>
      <UnitOfMeasurePrice>5.61</UnitOfMeasurePrice>
      <AllowDiscount>1</AllowDiscount>
      <itemStatus>1</itemStatus>
      <LastUpdateDate />
      <LastUpdateTime />
    </Product>
    <Product>
      <PriceUpdateDate>2021/01/05 06:59</PriceUpdateDate>
      <ItemCode>7613039770450</ItemCode>
      <ItemType>1</ItemType>
      <ItemName>טבעול בורגר צמחוני סנסשיונל 226 גר`</ItemName>
      <ManufactureName>קבוצת אסם סחר</ManufactureName>
      <ManufactureCountry />
      <ManufactureItemDescription />
      <UnitQty>'יח</UnitQty>
      <Quantity>2.26</Quantity>
      <UnitMeasure>ל-100 גרם</UnitMeasure>
      <BisWeighted>0</BisWeighted>
      <QtyInPackage>1</QtyInPackage>
      <ItemPrice>34.90</ItemPrice>
      <UnitOfMeasurePrice>15.44</UnitOfMeasurePrice>
      <AllowDiscount>1</AllowDiscount>
      <itemStatus>1</itemStatus>
      <LastUpdateDate />
      <LastUpdateTime />
    </Product>
    <Product>
      <PriceUpdateDate>2022/10/23 19:20</PriceUpdateDate>
      <ItemCode>7613287182425</ItemCode>
      <ItemType>1</ItemType>
      <ItemName>מחית ויטמינציק בננה תפוח תות 110 גר`</ItemName>
      <ManufactureName>קבוצת אסם סחר</ManufactureName>
      <ManufactureCountry />
      <ManufactureItemDescription />
      <UnitQty>'יח</UnitQty>
      <Quantity>1.10</Quantity>
      <UnitMeasure>ל-100 גרם</UnitMeasure>
      <BisWeighted>0</BisWeighted>
      <QtyInPackage>1</QtyInPackage>
      <ItemPrice>5.90</ItemPrice>
      <UnitOfMeasurePrice>5.36</UnitOfMeasurePrice>
      <AllowDiscount>1</AllowDiscount>
      <itemStatus>1</itemStatus>
      <LastUpdateDate />
      <LastUpdateTime />
    </Product>
    <Product>
      <PriceUpdateDate>2022/07/24 18:01</PriceUpdateDate>
      <ItemCode>7613287476678</ItemCode>
      <ItemType>1</ItemType>
      <ItemName>סינימיניס צ`ורוס 360 גר`</ItemName>
      <ManufactureName>קבוצת אסם סחר</ManufactureName>
      <ManufactureCountry />
      <ManufactureItemDescription />
      <UnitQty>'יח</UnitQty>
      <Quantity>3.60</Quantity>
      <UnitMeasure>ל-100 גרם</UnitMeasure>
      <BisWeighted>0</BisWeighted>
      <QtyInPackage>1</QtyInPackage>
      <ItemPrice>19.90</ItemPrice>
      <UnitOfMeasurePrice>5.53</UnitOfMeasurePrice>
      <AllowDiscount>1</AllowDiscount>
      <itemStatus>1</itemStatus>
      <LastUpdateDate />
      <LastUpdateTime />
    </Product>
    <Product>
      <PriceUpdateDate>2021/07/16 06:49</PriceUpdateDate>
      <ItemCode>7613287821348</ItemCode>
      <ItemType>1</ItemType>
      <ItemName>טבעול נתחוני עוף טבעוני סנסשיונל 350 ג</ItemName>
      <ManufactureName>קבוצת אסם סחר</ManufactureName>
      <ManufactureCountry />
      <ManufactureItemDescription />
      <UnitQty>'יח</UnitQty>
      <Quantity>3.50</Quantity>
      <UnitMeasure>ל-100 גרם</UnitMeasure>
      <BisWeighted>0</BisWeighted>
      <QtyInPackage>1</QtyInPackage>
      <ItemPrice>31.90</ItemPrice>
      <UnitOfMeasurePrice>9.11</UnitOfMeasurePrice>
      <AllowDiscount>0</AllowDiscount>
      <itemStatus>1</itemStatus>
      <LastUpdateDate />
      <LastUpdateTime />
    </Product>
    <Product>
      <PriceUpdateDate>2019/07/03 08:47</PriceUpdateDate>
      <ItemCode>7622010001858</ItemCode>
      <ItemType>1</ItemType>
      <ItemName>עוגיות סנדביץ אוראו 176 גרם</ItemName>
      <ManufactureName>דיפלומט מפיצים (1968) בע`מ</ManufactureName>
      <ManufactureCountry />
      <ManufactureItemDescription />
      <UnitQty>'יח</UnitQty>
      <Quantity>1.76</Quantity>
      <UnitMeasure>ל-100 גרם</UnitMeasure>
      <BisWeighted>0</BisWeighted>
      <QtyInPackage>1</QtyInPackage>
      <ItemPrice>8.90</ItemPrice>
      <UnitOfMeasurePrice>5.06</UnitOfMeasurePrice>
      <AllowDiscount>1</AllowDiscount>
      <itemStatus>1</itemStatus>
      <LastUpdateDate />
      <LastUpdateTime />
    </Product>
    <Product>
      <PriceUpdateDate>2019/01/16 14:51</PriceUpdateDate>
      <ItemCode>7622201050757</ItemCode>
      <ItemType>1</ItemType>
      <ItemName>מילקה שוקולד חלב במילוי קרם קרמל 100 ג</ItemName>
      <ManufactureName>דיפלומט מפיצים (1968) בע`מ</ManufactureName>
      <ManufactureCountry />
      <ManufactureItemDescription />
      <UnitQty>'יח</UnitQty>
      <Quantity>1</Quantity>
      <UnitMeasure />
      <BisWeighted>0</BisWeighted>
      <QtyInPackage>23</QtyInPackage>
      <ItemPrice>5.90</ItemPrice>
      <UnitOfMeasurePrice>5.90</UnitOfMeasurePrice>
      <AllowDiscount>0</AllowDiscount>
      <itemStatus>1</itemStatus>
      <LastUpdateDate />
      <LastUpdateTime />
    </Product>
    <Product>
      <PriceUpdateDate>2022/02/24 16:11</PriceUpdateDate>
      <ItemCode>7622201120931</ItemCode>
      <ItemType>1</ItemType>
      <ItemName>מילקה אוראו לבן 100 גרם</ItemName>
      <ManufactureName>דיפלומט מפיצים (1968) בע`מ</ManufactureName>
      <ManufactureCountry />
      <ManufactureItemDescription />
      <UnitQty>'יח</UnitQty>
      <Quantity>1</Quantity>
      <UnitMeasure />
      <BisWeighted>0</BisWeighted>
      <QtyInPackage>24</QtyInPackage>
      <ItemPrice>5.90</ItemPrice>
      <UnitOfMeasurePrice>5.90</UnitOfMeasurePrice>
      <AllowDiscount>0</AllowDiscount>
      <itemStatus>1</itemStatus>
      <LastUpdateDate />
      <LastUpdateTime />
    </Product>
    <Product>
      <PriceUpdateDate>2020/07/13 13:05</PriceUpdateDate>
      <ItemCode>7622201139278</ItemCode>
      <ItemType>1</ItemType>
      <ItemName>גבינת שמנת פילדלפיה 150 גר`</ItemName>
      <ManufactureName>נטו מלינדה סחר בע`מ</ManufactureName>
      <ManufactureCountry />
      <ManufactureItemDescription />
      <UnitQty>'יח</UnitQty>
      <Quantity>1.50</Quantity>
      <UnitMeasure>ל-100 גרם</UnitMeasure>
      <BisWeighted>0</BisWeighted>
      <QtyInPackage>1</QtyInPackage>
      <ItemPrice>13.90</ItemPrice>
      <UnitOfMeasurePrice>9.27</UnitOfMeasurePrice>
      <AllowDiscount>1</AllowDiscount>
      <itemStatus>1</itemStatus>
      <LastUpdateDate />
      <LastUpdateTime />
    </Product>
    <Product>
      <PriceUpdateDate>2021/05/20 14:49</PriceUpdateDate>
      <ItemCode>7622201400972</ItemCode>
      <ItemType>1</ItemType>
      <ItemName>ממרח שוקולד מילקה 600 גר`</ItemName>
      <ManufactureName>דיפלומט מפיצים (1968) בע`מ</ManufactureName>
      <ManufactureCountry />
      <ManufactureItemDescription />
      <UnitQty>'יח</UnitQty>
      <Quantity>6</Quantity>
      <UnitMeasure>ל-100 גרם</UnitMeasure>
      <BisWeighted>0</BisWeighted>
      <QtyInPackage>1</QtyInPackage>
      <ItemPrice>24.90</ItemPrice>
      <UnitOfMeasurePrice>4.15</UnitOfMeasurePrice>
      <AllowDiscount>0</AllowDiscount>
      <itemStatus>1</itemStatus>
      <LastUpdateDate />
      <LastUpdateTime />
    </Product>
    <Product>
      <PriceUpdateDate>2021/05/18 14:45</PriceUpdateDate>
      <ItemCode>7622201401900</ItemCode>
      <ItemType>1</ItemType>
      <ItemName>עוגיות מילקה סנסיישן אוראו 156 גר`</ItemName>
      <ManufactureName>דיפלומט מפיצים (1968) בע`מ</ManufactureName>
      <ManufactureCountry />
      <ManufactureItemDescription />
      <UnitQty>'יח</UnitQty>
      <Quantity>2</Quantity>
      <UnitMeasure>ל-100 גרם</UnitMeasure>
      <BisWeighted>0</BisWeighted>
      <QtyInPackage>16</QtyInPackage>
      <ItemPrice>10.90</ItemPrice>
      <UnitOfMeasurePrice>5.45</UnitOfMeasurePrice>
      <AllowDiscount>0</AllowDiscount>
      <itemStatus>1</itemStatus>
      <LastUpdateDate />
      <LastUpdateTime />
    </Product>
    <Product>
      <PriceUpdateDate>2022/05/29 09:46</PriceUpdateDate>
      <ItemCode>7622201521493</ItemCode>
      <ItemType>1</ItemType>
      <ItemName>גבינת שמנת פילדלפיה 150 גר`</ItemName>
      <ManufactureName>נטו מלינדה סחר בע`מ</ManufactureName>
      <ManufactureCountry />
      <ManufactureItemDescription />
      <UnitQty>'יח</UnitQty>
      <Quantity>1.50</Quantity>
      <UnitMeasure>ל-100 גרם</UnitMeasure>
      <BisWeighted>0</BisWeighted>
      <QtyInPackage>1</QtyInPackage>
      <ItemPrice>13.90</ItemPrice>
      <UnitOfMeasurePrice>9.27</UnitOfMeasurePrice>
      <AllowDiscount>1</AllowDiscount>
      <itemStatus>1</itemStatus>
      <LastUpdateDate />
      <LastUpdateTime />
    </Product>
    <Product>
      <PriceUpdateDate>2021/08/19 15:25</PriceUpdateDate>
      <ItemCode>7622201798154</ItemCode>
      <ItemType>1</ItemType>
      <ItemName>גבינת שמנת פילדלפיה לייט 150 גרם</ItemName>
      <ManufactureName>נטו מלינדה סחר בע`מ</ManufactureName>
      <ManufactureCountry />
      <ManufactureItemDescription />
      <UnitQty>'יח</UnitQty>
      <Quantity>1.50</Quantity>
      <UnitMeasure>ל-100 גרם</UnitMeasure>
      <BisWeighted>0</BisWeighted>
      <QtyInPackage>1</QtyInPackage>
      <ItemPrice>13.90</ItemPrice>
      <UnitOfMeasurePrice>9.27</UnitOfMeasurePrice>
      <AllowDiscount>1</AllowDiscount>
      <itemStatus>1</itemStatus>
      <LastUpdateDate />
      <LastUpdateTime />
    </Product>
    <Product>
      <PriceUpdateDate>2021/07/01 22:21</PriceUpdateDate>
      <ItemCode>7622201801809</ItemCode>
      <ItemType>1</ItemType>
      <ItemName>.מילקה שוקולד חלב עם אגוזים 100 גרם</ItemName>
      <ManufactureName>דיפלומט מפיצים (1968) בע`מ</ManufactureName>
      <ManufactureCountry />
      <ManufactureItemDescription />
      <UnitQty>'יח</UnitQty>
      <Quantity>1</Quantity>
      <UnitMeasure>'יח</UnitMeasure>
      <BisWeighted>0</BisWeighted>
      <QtyInPackage>22</QtyInPackage>
      <ItemPrice>5.90</ItemPrice>
      <UnitOfMeasurePrice>5.90</UnitOfMeasurePrice>
      <AllowDiscount>0</AllowDiscount>
      <itemStatus>1</itemStatus>
      <LastUpdateDate />
      <LastUpdateTime />
    </Product>
    <Product>
      <PriceUpdateDate>2021/07/01 22:21</PriceUpdateDate>
      <ItemCode>7622201802363</ItemCode>
      <ItemType>1</ItemType>
      <ItemName>מילקה שוקולד חלב עם צימוקים ואגוזים 10</ItemName>
      <ManufactureName>דיפלומט מפיצים (1968) בע`מ</ManufactureName>
      <ManufactureCountry />
      <ManufactureItemDescription />
      <UnitQty>'יח</UnitQty>
      <Quantity>1</Quantity>
      <UnitMeasure />
      <BisWeighted>0</BisWeighted>
      <QtyInPackage>22</QtyInPackage>
      <ItemPrice>5.90</ItemPrice>
      <UnitOfMeasurePrice>5.90</UnitOfMeasurePrice>
      <AllowDiscount>0</AllowDiscount>
      <itemStatus>1</itemStatus>
      <LastUpdateDate />
      <LastUpdateTime />
    </Product>
    <Product>
      <PriceUpdateDate>2021/07/01 22:21</PriceUpdateDate>
      <ItemCode>7622201802394</ItemCode>
      <ItemType>1</ItemType>
      <ItemName>מילקה שוקולד חלב 100 גרם</ItemName>
      <ManufactureName>דיפלומט מפיצים (1968) בע`מ</ManufactureName>
      <ManufactureCountry />
      <ManufactureItemDescription />
      <UnitQty>'יח</UnitQty>
      <Quantity>1</Quantity>
      <UnitMeasure />
      <BisWeighted>0</BisWeighted>
      <QtyInPackage>24</QtyInPackage>
      <ItemPrice>5.90</ItemPrice>
      <UnitOfMeasurePrice>5.90</UnitOfMeasurePrice>
      <AllowDiscount>0</AllowDiscount>
      <itemStatus>1</itemStatus>
      <LastUpdateDate />
      <LastUpdateTime />
    </Product>
    <Product>
      <PriceUpdateDate>2021/12/23 21:44</PriceUpdateDate>
      <ItemCode>7622201809188</ItemCode>
      <ItemType>1</ItemType>
      <ItemName>מילקה ביסקויט 150 גר`</ItemName>
      <ManufactureName>דיפלומט מפיצים (1968) בע`מ</ManufactureName>
      <ManufactureCountry />
      <ManufactureItemDescription />
      <UnitQty>'יח</UnitQty>
      <Quantity>1.50</Quantity>
      <UnitMeasure>ל-100 גרם</UnitMeasure>
      <BisWeighted>0</BisWeighted>
      <QtyInPackage>14</QtyInPackage>
      <ItemPrice>11.90</ItemPrice>
      <UnitOfMeasurePrice>7.93</UnitOfMeasurePrice>
      <AllowDiscount>0</AllowDiscount>
      <itemStatus>1</itemStatus>
      <LastUpdateDate />
      <LastUpdateTime />
    </Product>
    <Product>
      <PriceUpdateDate>2021/12/23 21:44</PriceUpdateDate>
      <ItemCode>7622201813390</ItemCode>
      <ItemType>1</ItemType>
      <ItemName>מילקה וופל במילוי קרם קקאו 150גר</ItemName>
      <ManufactureName>דיפלומט מפיצים (1968) בע`מ</ManufactureName>
      <ManufactureCountry />
      <ManufactureItemDescription />
      <UnitQty>'יח</UnitQty>
      <Quantity>2</Quantity>
      <UnitMeasure>ל-100 גרם</UnitMeasure>
      <BisWeighted>0</BisWeighted>
      <QtyInPackage>14</QtyInPackage>
      <ItemPrice>10.90</ItemPrice>
      <UnitOfMeasurePrice>5.45</UnitOfMeasurePrice>
      <AllowDiscount>0</AllowDiscount>
      <itemStatus>1</itemStatus>
      <LastUpdateDate />
      <LastUpdateTime />
    </Product>
    <Product>
      <PriceUpdateDate>2022/10/31 14:54</PriceUpdateDate>
      <ItemCode>7622201823733</ItemCode>
      <ItemType>1</ItemType>
      <ItemName>עוגיות מילקה ת`ינס דקות 151 גרם</ItemName>
      <ManufactureName>דיפלומט מפיצים (1968) בע`מ</ManufactureName>
      <ManufactureCountry />
      <ManufactureItemDescription />
      <UnitQty>'יח</UnitQty>
      <Quantity>1.51</Quantity>
      <UnitMeasure>ל-100 גרם</UnitMeasure>
      <BisWeighted>0</BisWeighted>
      <QtyInPackage>14</QtyInPackage>
      <ItemPrice>10.90</ItemPrice>
      <UnitOfMeasurePrice>7.22</UnitOfMeasurePrice>
      <AllowDiscount>0</AllowDiscount>
      <itemStatus>1</itemStatus>
      <LastUpdateDate />
      <LastUpdateTime />
    </Product>
    <Product>
      <PriceUpdateDate>2019/01/16 14:51</PriceUpdateDate>
      <ItemCode>7622210078131</ItemCode>
      <ItemType>1</ItemType>
      <ItemName>שוקולד מילקה חלב עם דיים 100 גר`</ItemName>
      <ManufactureName>דיפלומט מפיצים (1968) בע`מ</ManufactureName>
      <ManufactureCountry />
      <ManufactureItemDescription />
      <UnitQty>'יח</UnitQty>
      <Quantity>1</Quantity>
      <UnitMeasure />
      <BisWeighted>0</BisWeighted>
      <QtyInPackage>22</QtyInPackage>
      <ItemPrice>5.90</ItemPrice>
      <UnitOfMeasurePrice>5.90</UnitOfMeasurePrice>
      <AllowDiscount>0</AllowDiscount>
      <itemStatus>1</itemStatus>
      <LastUpdateDate />
      <LastUpdateTime />
    </Product>
    <Product>
      <PriceUpdateDate>2019/01/16 14:51</PriceUpdateDate>
      <ItemCode>7622210163899</ItemCode>
      <ItemType>1</ItemType>
      <ItemName>מילקה שוקולד חלב עם עדשים 100 גר`</ItemName>
      <ManufactureName>דיפלומט מפיצים (1968) בע`מ</ManufactureName>
      <ManufactureCountry />
      <ManufactureItemDescription />
      <UnitQty>'יח</UnitQty>
      <Quantity>1</Quantity>
      <UnitMeasure />
      <BisWeighted>0</BisWeighted>
      <QtyInPackage>22</QtyInPackage>
      <ItemPrice>5.90</ItemPrice>
      <UnitOfMeasurePrice>5.90</UnitOfMeasurePrice>
      <AllowDiscount>0</AllowDiscount>
      <itemStatus>1</itemStatus>
      <LastUpdateDate />
      <LastUpdateTime />
    </Product>
    <Product>
      <PriceUpdateDate>2020/11/03 17:11</PriceUpdateDate>
      <ItemCode>7622210406354</ItemCode>
      <ItemType>1</ItemType>
      <ItemName>מילקה אצבעות ביסקוויט 112 גר`</ItemName>
      <ManufactureName>דיפלומט מפיצים (1968) בע`מ</ManufactureName>
      <ManufactureCountry />
      <ManufactureItemDescription />
      <UnitQty>'יח</UnitQty>
      <Quantity>1.12</Quantity>
      <UnitMeasure>ל-100 גרם</UnitMeasure>
      <BisWeighted>0</BisWeighted>
      <QtyInPackage>20</QtyInPackage>
      <ItemPrice>10.90</ItemPrice>
      <UnitOfMeasurePrice>9.73</UnitOfMeasurePrice>
      <AllowDiscount>0</AllowDiscount>
      <itemStatus>1</itemStatus>
      <LastUpdateDate />
      <LastUpdateTime />
    </Product>
    <Product>
      <PriceUpdateDate>2021/05/18 14:45</PriceUpdateDate>
      <ItemCode>7622210453327</ItemCode>
      <ItemType>1</ItemType>
      <ItemName>מילקה סנסיישן 156 גר</ItemName>
      <ManufactureName>דיפלומט מפיצים (1968) בע`מ</ManufactureName>
      <ManufactureCountry />
      <ManufactureItemDescription />
      <UnitQty>'יח</UnitQty>
      <Quantity>1.56</Quantity>
      <UnitMeasure>ל-100 גרם</UnitMeasure>
      <BisWeighted>0</BisWeighted>
      <QtyInPackage>1</QtyInPackage>
      <ItemPrice>10.90</ItemPrice>
      <UnitOfMeasurePrice>6.99</UnitOfMeasurePrice>
      <AllowDiscount>0</AllowDiscount>
      <itemStatus>1</itemStatus>
      <LastUpdateDate />
      <LastUpdateTime />
    </Product>
    <Product>
      <PriceUpdateDate>2019/11/19 16:18</PriceUpdateDate>
      <ItemCode>7622210635105</ItemCode>
      <ItemType>1</ItemType>
      <ItemName>אוראו תות 154 גר`</ItemName>
      <ManufactureName>דיפלומט מפיצים (1968) בע`מ</ManufactureName>
      <ManufactureCountry />
      <ManufactureItemDescription />
      <UnitQty>'יח</UnitQty>
      <Quantity>1.54</Quantity>
      <UnitMeasure>ל-100 גרם</UnitMeasure>
      <BisWeighted>0</BisWeighted>
      <QtyInPackage>1</QtyInPackage>
      <ItemPrice>8.90</ItemPrice>
      <UnitOfMeasurePrice>5.78</UnitOfMeasurePrice>
      <AllowDiscount>0</AllowDiscount>
      <itemStatus>1</itemStatus>
      <LastUpdateDate />
      <LastUpdateTime />
    </Product>
    <Product>
      <PriceUpdateDate>2020/09/02 18:43</PriceUpdateDate>
      <ItemCode>7622210826053</ItemCode>
      <ItemType>1</ItemType>
      <ItemName>מילקה שוקולד אוראו סנדוויץ  100 גרם</ItemName>
      <ManufactureName>דיפלומט מפיצים (1968) בע`מ</ManufactureName>
      <ManufactureCountry />
      <ManufactureItemDescription />
      <UnitQty>'יח</UnitQty>
      <Quantity>1</Quantity>
      <UnitMeasure />
      <BisWeighted>0</BisWeighted>
      <QtyInPackage>22</QtyInPackage>
      <ItemPrice>5.90</ItemPrice>
      <UnitOfMeasurePrice>5.90</UnitOfMeasurePrice>
      <AllowDiscount>0</AllowDiscount>
      <itemStatus>1</itemStatus>
      <LastUpdateDate />
      <LastUpdateTime />
    </Product>
    <Product>
      <PriceUpdateDate>2019/07/03 08:47</PriceUpdateDate>
      <ItemCode>7622210835338</ItemCode>
      <ItemType>1</ItemType>
      <ItemName>עוגיות סנדביץ אוראו בראוניז 176 גרם</ItemName>
      <ManufactureName>דיפלומט מפיצים (1968) בע`מ</ManufactureName>
      <ManufactureCountry />
      <ManufactureItemDescription />
      <UnitQty>'יח</UnitQty>
      <Quantity>0.1760</Quantity>
      <UnitMeasure>ל-100 גרם</UnitMeasure>
      <BisWeighted>0</BisWeighted>
      <QtyInPackage>12</QtyInPackage>
      <ItemPrice>8.90</ItemPrice>
      <UnitOfMeasurePrice>50.57</UnitOfMeasurePrice>
      <AllowDiscount>1</AllowDiscount>
      <itemStatus>1</itemStatus>
      <LastUpdateDate />
      <LastUpdateTime />
    </Product>
    <Product>
      <PriceUpdateDate>2019/07/03 08:47</PriceUpdateDate>
      <ItemCode>7622300489427</ItemCode>
      <ItemType>1</ItemType>
      <ItemName>אוראו פאדג` שוקולד חלב 246 גר`</ItemName>
      <ManufactureName>דיפלומט מפיצים (1968) בע`מ</ManufactureName>
      <ManufactureCountry />
      <ManufactureItemDescription />
      <UnitQty>'יח</UnitQty>
      <Quantity>0.2460</Quantity>
      <UnitMeasure>ל-100 גרם</UnitMeasure>
      <BisWeighted>0</BisWeighted>
      <QtyInPackage>10</QtyInPackage>
      <ItemPrice>17.90</ItemPrice>
      <UnitOfMeasurePrice>72.76</UnitOfMeasurePrice>
      <AllowDiscount>1</AllowDiscount>
      <itemStatus>1</itemStatus>
      <LastUpdateDate />
      <LastUpdateTime />
    </Product>
    <Product>
      <PriceUpdateDate>2019/07/03 08:47</PriceUpdateDate>
      <ItemCode>7622300489434</ItemCode>
      <ItemType>1</ItemType>
      <ItemName>אוראו פאדג` שוקולד חלב 246 גר`</ItemName>
      <ManufactureName>דיפלומט מפיצים (1968) בע`מ</ManufactureName>
      <ManufactureCountry />
      <ManufactureItemDescription />
      <UnitQty>'יח</UnitQty>
      <Quantity>0.2460</Quantity>
      <UnitMeasure>ל-100 גרם</UnitMeasure>
      <BisWeighted>0</BisWeighted>
      <QtyInPackage>10</QtyInPackage>
      <ItemPrice>17.90</ItemPrice>
      <UnitOfMeasurePrice>72.76</UnitOfMeasurePrice>
      <AllowDiscount>1</AllowDiscount>
      <itemStatus>1</itemStatus>
      <LastUpdateDate />
      <LastUpdateTime />
    </Product>
    <Product>
      <PriceUpdateDate>2021/05/18 14:45</PriceUpdateDate>
      <ItemCode>7622300503079</ItemCode>
      <ItemType>1</ItemType>
      <ItemName>מילקה ביסקוויט מצופה שוקולד חלב 200גר</ItemName>
      <ManufactureName>דיפלומט מפיצים (1968) בע`מ</ManufactureName>
      <ManufactureCountry />
      <ManufactureItemDescription />
      <UnitQty>'יח</UnitQty>
      <Quantity>2</Quantity>
      <UnitMeasure>ל-100 גרם</UnitMeasure>
      <BisWeighted>0</BisWeighted>
      <QtyInPackage>16</QtyInPackage>
      <ItemPrice>10.90</ItemPrice>
      <UnitOfMeasurePrice>5.45</UnitOfMeasurePrice>
      <AllowDiscount>0</AllowDiscount>
      <itemStatus>1</itemStatus>
      <LastUpdateDate />
      <LastUpdateTime />
    </Product>
    <Product>
      <PriceUpdateDate>2019/01/16 14:51</PriceUpdateDate>
      <ItemCode>7622300617820</ItemCode>
      <ItemType>1</ItemType>
      <ItemName>מילקה שוקולד אוראו 100 גרם</ItemName>
      <ManufactureName>דיפלומט מפיצים (1968) בע`מ</ManufactureName>
      <ManufactureCountry />
      <ManufactureItemDescription />
      <UnitQty>'יח</UnitQty>
      <Quantity>1</Quantity>
      <UnitMeasure />
      <BisWeighted>0</BisWeighted>
      <QtyInPackage>22</QtyInPackage>
      <ItemPrice>5.90</ItemPrice>
      <UnitOfMeasurePrice>5.90</UnitOfMeasurePrice>
      <AllowDiscount>0</AllowDiscount>
      <itemStatus>1</itemStatus>
      <LastUpdateDate />
      <LastUpdateTime />
    </Product>
    <Product>
      <PriceUpdateDate>2019/01/16 14:51</PriceUpdateDate>
      <ItemCode>7622400005190</ItemCode>
      <ItemType>1</ItemType>
      <ItemName>מילקה שוקולד חלב במילוי קרם קרמל 100 ג</ItemName>
      <ManufactureName>דיפלומט מפיצים (1968) בע`מ</ManufactureName>
      <ManufactureCountry />
      <ManufactureItemDescription />
      <UnitQty>'יח</UnitQty>
      <Quantity>1</Quantity>
      <UnitMeasure />
      <BisWeighted>0</BisWeighted>
      <QtyInPackage>1</QtyInPackage>
      <ItemPrice>5.90</ItemPrice>
      <UnitOfMeasurePrice>5.90</UnitOfMeasurePrice>
      <AllowDiscount>0</AllowDiscount>
      <itemStatus>1</itemStatus>
      <LastUpdateDate />
      <LastUpdateTime />
    </Product>
    <Product>
      <PriceUpdateDate>2020/08/05 11:29</PriceUpdateDate>
      <ItemCode>7630477891639</ItemCode>
      <ItemType>1</ItemType>
      <ItemName>קפסולות סטארבקס ורונה 12 יח`</ItemName>
      <ManufactureName>קבוצת אסם סחר</ManufactureName>
      <ManufactureCountry />
      <ManufactureItemDescription />
      <UnitQty>'יח</UnitQty>
      <Quantity>0.57</Quantity>
      <UnitMeasure>ל-100 גרם</UnitMeasure>
      <BisWeighted>0</BisWeighted>
      <QtyInPackage>1</QtyInPackage>
      <ItemPrice>21.90</ItemPrice>
      <UnitOfMeasurePrice>38.42</UnitOfMeasurePrice>
      <AllowDiscount>1</AllowDiscount>
      <itemStatus>1</itemStatus>
      <LastUpdateDate />
      <LastUpdateTime />
    </Product>
    <Product>
      <PriceUpdateDate>2019/01/16 14:51</PriceUpdateDate>
      <ItemCode>7702018271788</ItemCode>
      <ItemType>1</ItemType>
      <ItemName>דאו קיר ג`ל 70 מ`ל</ItemName>
      <ManufactureName>דיפלומט מפיצים (1986) בע`מ</ManufactureName>
      <ManufactureCountry />
      <ManufactureItemDescription />
      <UnitQty>'יח</UnitQty>
      <Quantity>1</Quantity>
      <UnitMeasure />
      <BisWeighted>0</BisWeighted>
      <QtyInPackage>1</QtyInPackage>
      <ItemPrice>26.70</ItemPrice>
      <UnitOfMeasurePrice>26.70</UnitOfMeasurePrice>
      <AllowDiscount>0</AllowDiscount>
      <itemStatus>1</itemStatus>
      <LastUpdateDate />
      <LastUpdateTime />
    </Product>
    <Product>
      <PriceUpdateDate>2022/10/31 14:54</PriceUpdateDate>
      <ItemCode>7702018607518</ItemCode>
      <ItemType>1</ItemType>
      <ItemName>גילט פיוז`ן ידית +6סכינים</ItemName>
      <ManufactureName>דיפלומט מפיצים (1986) בע`מ</ManufactureName>
      <ManufactureCountry />
      <ManufactureItemDescription />
      <UnitQty>'יח</UnitQty>
      <Quantity>1</Quantity>
      <UnitMeasure>'יח</UnitMeasure>
      <BisWeighted>0</BisWeighted>
      <QtyInPackage>1</QtyInPackage>
      <ItemPrice>109.90</ItemPrice>
      <UnitOfMeasurePrice>109.90</UnitOfMeasurePrice>
      <AllowDiscount>0</AllowDiscount>
      <itemStatus>1</itemStatus>
      <LastUpdateDate />
      <LastUpdateTime />
    </Product>
    <Product>
      <PriceUpdateDate>2019/01/16 14:51</PriceUpdateDate>
      <ItemCode>7702024074625</ItemCode>
      <ItemType>1</ItemType>
      <ItemName>פיטנס חטיפי קרקר 234 גר`</ItemName>
      <ManufactureName>קבוצת אסם סחר</ManufactureName>
      <ManufactureCountry />
      <ManufactureItemDescription />
      <UnitQty>'יח</UnitQty>
      <Quantity>0.2340</Quantity>
      <UnitMeasure>ל-100 גרם</UnitMeasure>
      <BisWeighted>0</BisWeighted>
      <QtyInPackage>1</QtyInPackage>
      <ItemPrice>11.90</ItemPrice>
      <UnitOfMeasurePrice>50.85</UnitOfMeasurePrice>
      <AllowDiscount>1</AllowDiscount>
      <itemStatus>1</itemStatus>
      <LastUpdateDate />
      <LastUpdateTime />
    </Product>
    <Product>
      <PriceUpdateDate>2020/09/03 16:09</PriceUpdateDate>
      <ItemCode>7702024258322</ItemCode>
      <ItemType>1</ItemType>
      <ItemName>פיטנס חטיפי קרקר עם ציה וזרעי פש 234 ג</ItemName>
      <ManufactureName>קבוצת אסם סחר</ManufactureName>
      <ManufactureCountry />
      <ManufactureItemDescription />
      <UnitQty>'יח</UnitQty>
      <Quantity>0.2340</Quantity>
      <UnitMeasure>ל-100 גרם</UnitMeasure>
      <BisWeighted>0</BisWeighted>
      <QtyInPackage>1</QtyInPackage>
      <ItemPrice>11.90</ItemPrice>
      <UnitOfMeasurePrice>50.85</UnitOfMeasurePrice>
      <AllowDiscount>0</AllowDiscount>
      <itemStatus>1</itemStatus>
      <LastUpdateDate />
      <LastUpdateTime />
    </Product>
    <Product>
      <PriceUpdateDate>2022/09/19 16:22</PriceUpdateDate>
      <ItemCode>7702174066631</ItemCode>
      <ItemType>1</ItemType>
      <ItemName>סוכריות לקקנים בטעם פין פופ 216 גרם</ItemName>
      <ManufactureName>ליימן שליסל בע`מ</ManufactureName>
      <ManufactureCountry />
      <ManufactureItemDescription />
      <UnitQty>'יח</UnitQty>
      <Quantity>1.80</Quantity>
      <UnitMeasure>ל-100 גרם</UnitMeasure>
      <BisWeighted>0</BisWeighted>
      <QtyInPackage>20</QtyInPackage>
      <ItemPrice>7.90</ItemPrice>
      <UnitOfMeasurePrice>4.39</UnitOfMeasurePrice>
      <AllowDiscount>1</AllowDiscount>
      <itemStatus>1</itemStatus>
      <LastUpdateDate />
      <LastUpdateTime />
    </Product>
    <Product>
      <PriceUpdateDate>2022/05/09 11:04</PriceUpdateDate>
      <ItemCode>7702174068833</ItemCode>
      <ItemType>1</ItemType>
      <ItemName>סוכריות לקקן יוגטה גלידה 12יח 216 גר`</ItemName>
      <ManufactureName>ליימן שליסל בע`מ</ManufactureName>
      <ManufactureCountry />
      <ManufactureItemDescription />
      <UnitQty>'יח</UnitQty>
      <Quantity>2.16</Quantity>
      <UnitMeasure>ל-100 גרם</UnitMeasure>
      <BisWeighted>0</BisWeighted>
      <QtyInPackage>1</QtyInPackage>
      <ItemPrice>10.90</ItemPrice>
      <UnitOfMeasurePrice>5.05</UnitOfMeasurePrice>
      <AllowDiscount>0</AllowDiscount>
      <itemStatus>1</itemStatus>
      <LastUpdateDate />
      <LastUpdateTime />
    </Product>
    <Product>
      <PriceUpdateDate>2022/09/19 16:22</PriceUpdateDate>
      <ItemCode>7702174073783</ItemCode>
      <ItemType>1</ItemType>
      <ItemName>סוכריות לקקן פין פופ בטעם קולה 10 יח`</ItemName>
      <ManufactureName>ליימן שליסל בע`מ</ManufactureName>
      <ManufactureCountry />
      <ManufactureItemDescription />
      <UnitQty>'יח</UnitQty>
      <Quantity>1</Quantity>
      <UnitMeasure />
      <BisWeighted>0</BisWeighted>
      <QtyInPackage>20</QtyInPackage>
      <ItemPrice>7.90</ItemPrice>
      <UnitOfMeasurePrice>7.90</UnitOfMeasurePrice>
      <AllowDiscount>1</AllowDiscount>
      <itemStatus>1</itemStatus>
      <LastUpdateDate />
      <LastUpdateTime />
    </Product>
    <Product>
      <PriceUpdateDate>2020/06/30 14:08</PriceUpdateDate>
      <ItemCode>7777445600180</ItemCode>
      <ItemType>1</ItemType>
      <ItemName>פותחן מאסטרו מקצועי</ItemName>
      <ManufactureName>ד.ג.ש ייבוא ושיווק בעמ</ManufactureName>
      <ManufactureCountry />
      <ManufactureItemDescription />
      <UnitQty>'יח</UnitQty>
      <Quantity>1</Quantity>
      <UnitMeasure />
      <BisWeighted>0</BisWeighted>
      <QtyInPackage>1</QtyInPackage>
      <ItemPrice>29.90</ItemPrice>
      <UnitOfMeasurePrice>29.90</UnitOfMeasurePrice>
      <AllowDiscount>0</AllowDiscount>
      <itemStatus>1</itemStatus>
      <LastUpdateDate />
      <LastUpdateTime />
    </Product>
    <Product>
      <PriceUpdateDate>2021/10/10 14:30</PriceUpdateDate>
      <ItemCode>7777555501070</ItemCode>
      <ItemType>1</ItemType>
      <ItemName>מוצרי ספא מפנקים</ItemName>
      <ManufactureName>ד.ג.ש ייבוא ושיווק בעמ</ManufactureName>
      <ManufactureCountry />
      <ManufactureItemDescription />
      <UnitQty>'יח</UnitQty>
      <Quantity>0</Quantity>
      <UnitMeasure>'יח</UnitMeasure>
      <BisWeighted>0</BisWeighted>
      <QtyInPackage>1</QtyInPackage>
      <ItemPrice>8</ItemPrice>
      <UnitOfMeasurePrice>8</UnitOfMeasurePrice>
      <AllowDiscount>0</AllowDiscount>
      <itemStatus>1</itemStatus>
      <LastUpdateDate />
      <LastUpdateTime />
    </Product>
    <Product>
      <PriceUpdateDate>2020/09/03 14:18</PriceUpdateDate>
      <ItemCode>7777555502091</ItemCode>
      <ItemType>1</ItemType>
      <ItemName>מצקת</ItemName>
      <ManufactureName>ד.ג.ש ייבוא ושיווק בעמ</ManufactureName>
      <ManufactureCountry />
      <ManufactureItemDescription />
      <UnitQty>'יח</UnitQty>
      <Quantity>1</Quantity>
      <UnitMeasure />
      <BisWeighted>0</BisWeighted>
      <QtyInPackage>1</QtyInPackage>
      <ItemPrice>15</ItemPrice>
      <UnitOfMeasurePrice>15</UnitOfMeasurePrice>
      <AllowDiscount>0</AllowDiscount>
      <itemStatus>1</itemStatus>
      <LastUpdateDate />
      <LastUpdateTime />
    </Product>
    <Product>
      <PriceUpdateDate>2020/07/27 09:34</PriceUpdateDate>
      <ItemCode>7777555503647</ItemCode>
      <ItemType>1</ItemType>
      <ItemName>ספוג צבעוני תות בננה</ItemName>
      <ManufactureName>ד.ג.ש ייבוא ושיווק בעמ</ManufactureName>
      <ManufactureCountry />
      <ManufactureItemDescription />
      <UnitQty>'יח</UnitQty>
      <Quantity>1</Quantity>
      <UnitMeasure />
      <BisWeighted>0</BisWeighted>
      <QtyInPackage>1</QtyInPackage>
      <ItemPrice>6</ItemPrice>
      <UnitOfMeasurePrice>6</UnitOfMeasurePrice>
      <AllowDiscount>0</AllowDiscount>
      <itemStatus>1</itemStatus>
      <LastUpdateDate />
      <LastUpdateTime />
    </Product>
    <Product>
      <PriceUpdateDate>2020/06/30 14:08</PriceUpdateDate>
      <ItemCode>7777555507843</ItemCode>
      <ItemType>1</ItemType>
      <ItemName>מסננת ידית ברזל 20 סמ</ItemName>
      <ManufactureName>ד.ג.ש ייבוא ושיווק בעמ</ManufactureName>
      <ManufactureCountry />
      <ManufactureItemDescription />
      <UnitQty>'יח</UnitQty>
      <Quantity>1</Quantity>
      <UnitMeasure />
      <BisWeighted>0</BisWeighted>
      <QtyInPackage>1</QtyInPackage>
      <ItemPrice>16</ItemPrice>
      <UnitOfMeasurePrice>16</UnitOfMeasurePrice>
      <AllowDiscount>0</AllowDiscount>
      <itemStatus>1</itemStatus>
      <LastUpdateDate />
      <LastUpdateTime />
    </Product>
    <Product>
      <PriceUpdateDate>2020/08/03 07:39</PriceUpdateDate>
      <ItemCode>7777555508109</ItemCode>
      <ItemType>1</ItemType>
      <ItemName>מארז סיכות ביטחון</ItemName>
      <ManufactureName>ד.ג.ש ייבוא ושיווק בעמ</ManufactureName>
      <ManufactureCountry />
      <ManufactureItemDescription />
      <UnitQty>'יח</UnitQty>
      <Quantity>1</Quantity>
      <UnitMeasure />
      <BisWeighted>0</BisWeighted>
      <QtyInPackage>1</QtyInPackage>
      <ItemPrice>5.90</ItemPrice>
      <UnitOfMeasurePrice>5.90</UnitOfMeasurePrice>
      <AllowDiscount>0</AllowDiscount>
      <itemStatus>1</itemStatus>
      <LastUpdateDate />
      <LastUpdateTime />
    </Product>
    <Product>
      <PriceUpdateDate>2020/10/27 15:09</PriceUpdateDate>
      <ItemCode>7777555508406</ItemCode>
      <ItemType>1</ItemType>
      <ItemName>מברשת לניקוי מגהץ</ItemName>
      <ManufactureName>ד.ג.ש ייבוא ושיווק בעמ</ManufactureName>
      <ManufactureCountry />
      <ManufactureItemDescription />
      <UnitQty>'יח</UnitQty>
      <Quantity>1</Quantity>
      <UnitMeasure />
      <BisWeighted>0</BisWeighted>
      <QtyInPackage>1</QtyInPackage>
      <ItemPrice>6</ItemPrice>
      <UnitOfMeasurePrice>6</UnitOfMeasurePrice>
      <AllowDiscount>0</AllowDiscount>
      <itemStatus>1</itemStatus>
      <LastUpdateDate />
      <LastUpdateTime />
    </Product>
    <Product>
      <PriceUpdateDate>2020/06/30 14:08</PriceUpdateDate>
      <ItemCode>7777555510546</ItemCode>
      <ItemType>1</ItemType>
      <ItemName>פינג`אן גדול איכותי</ItemName>
      <ManufactureName>ד.ג.ש ייבוא ושיווק בעמ</ManufactureName>
      <ManufactureCountry />
      <ManufactureItemDescription />
      <UnitQty>'יח</UnitQty>
      <Quantity>1</Quantity>
      <UnitMeasure />
      <BisWeighted>0</BisWeighted>
      <QtyInPackage>1</QtyInPackage>
      <ItemPrice>34.90</ItemPrice>
      <UnitOfMeasurePrice>34.90</UnitOfMeasurePrice>
      <AllowDiscount>0</AllowDiscount>
      <itemStatus>1</itemStatus>
      <LastUpdateDate />
      <LastUpdateTime />
    </Product>
    <Product>
      <PriceUpdateDate>2020/01/29 07:51</PriceUpdateDate>
      <ItemCode>7777555510836</ItemCode>
      <ItemType>1</ItemType>
      <ItemName>סט 3 קופסאות אחסון</ItemName>
      <ManufactureName>ד.ג.ש ייבוא ושיווק בעמ</ManufactureName>
      <ManufactureCountry />
      <ManufactureItemDescription />
      <UnitQty>'יח</UnitQty>
      <Quantity>1</Quantity>
      <UnitMeasure />
      <BisWeighted>0</BisWeighted>
      <QtyInPackage>1</QtyInPackage>
      <ItemPrice>19.90</ItemPrice>
      <UnitOfMeasurePrice>19.90</UnitOfMeasurePrice>
      <AllowDiscount>0</AllowDiscount>
      <itemStatus>1</itemStatus>
      <LastUpdateDate />
      <LastUpdateTime />
    </Product>
    <Product>
      <PriceUpdateDate>2020/04/30 14:31</PriceUpdateDate>
      <ItemCode>7777555515305</ItemCode>
      <ItemType>1</ItemType>
      <ItemName>מלחייה מעוצבת</ItemName>
      <ManufactureName>ד.ג.ש ייבוא ושיווק בעמ</ManufactureName>
      <ManufactureCountry />
      <ManufactureItemDescription />
      <UnitQty>'יח</UnitQty>
      <Quantity>1</Quantity>
      <UnitMeasure />
      <BisWeighted>0</BisWeighted>
      <QtyInPackage>1</QtyInPackage>
      <ItemPrice>7.90</ItemPrice>
      <UnitOfMeasurePrice>7.90</UnitOfMeasurePrice>
      <AllowDiscount>0</AllowDiscount>
      <itemStatus>1</itemStatus>
      <LastUpdateDate />
      <LastUpdateTime />
    </Product>
    <Product>
      <PriceUpdateDate>2020/06/30 14:08</PriceUpdateDate>
      <ItemCode>7777884400105</ItemCode>
      <ItemType>1</ItemType>
      <ItemName>קערת נירוסטה S</ItemName>
      <ManufactureName>ד.ג.ש ייבוא ושיווק בעמ</ManufactureName>
      <ManufactureCountry />
      <ManufactureItemDescription />
      <UnitQty>'יח</UnitQty>
      <Quantity>1</Quantity>
      <UnitMeasure />
      <BisWeighted>0</BisWeighted>
      <QtyInPackage>1</QtyInPackage>
      <ItemPrice>10</ItemPrice>
      <UnitOfMeasurePrice>10</UnitOfMeasurePrice>
      <AllowDiscount>0</AllowDiscount>
      <itemStatus>1</itemStatus>
      <LastUpdateDate />
      <LastUpdateTime />
    </Product>
    <Product>
      <PriceUpdateDate>2020/07/27 11:02</PriceUpdateDate>
      <ItemCode>7777886600015</ItemCode>
      <ItemType>1</ItemType>
      <ItemName>סט תפירה</ItemName>
      <ManufactureName>ד.ג.ש ייבוא ושיווק בעמ</ManufactureName>
      <ManufactureCountry />
      <ManufactureItemDescription />
      <UnitQty>'יח</UnitQty>
      <Quantity>0</Quantity>
      <UnitMeasure>'יח</UnitMeasure>
      <BisWeighted>0</BisWeighted>
      <QtyInPackage>1</QtyInPackage>
      <ItemPrice>6.90</ItemPrice>
      <UnitOfMeasurePrice>6.90</UnitOfMeasurePrice>
      <AllowDiscount>0</AllowDiscount>
      <itemStatus>1</itemStatus>
      <LastUpdateDate />
      <LastUpdateTime />
    </Product>
    <Product>
      <PriceUpdateDate>2020/07/12 15:52</PriceUpdateDate>
      <ItemCode>7777886600091</ItemCode>
      <ItemType>1</ItemType>
      <ItemName>שישיית כפיות</ItemName>
      <ManufactureName>ד.ג.ש ייבוא ושיווק בעמ</ManufactureName>
      <ManufactureCountry />
      <ManufactureItemDescription />
      <UnitQty>'יח</UnitQty>
      <Quantity>1</Quantity>
      <UnitMeasure />
      <BisWeighted>0</BisWeighted>
      <QtyInPackage>1</QtyInPackage>
      <ItemPrice>7.90</ItemPrice>
      <UnitOfMeasurePrice>7.90</UnitOfMeasurePrice>
      <AllowDiscount>0</AllowDiscount>
      <itemStatus>1</itemStatus>
      <LastUpdateDate />
      <LastUpdateTime />
    </Product>
    <Product>
      <PriceUpdateDate>2020/08/03 07:39</PriceUpdateDate>
      <ItemCode>7777886600121</ItemCode>
      <ItemType>1</ItemType>
      <ItemName>מסנן כיור פרפר</ItemName>
      <ManufactureName>ד.ג.ש ייבוא ושיווק בעמ</ManufactureName>
      <ManufactureCountry />
      <ManufactureItemDescription />
      <UnitQty>'יח</UnitQty>
      <Quantity>0</Quantity>
      <UnitMeasure>'יח</UnitMeasure>
      <BisWeighted>0</BisWeighted>
      <QtyInPackage>1</QtyInPackage>
      <ItemPrice>4.90</ItemPrice>
      <UnitOfMeasurePrice>4.90</UnitOfMeasurePrice>
      <AllowDiscount>0</AllowDiscount>
      <itemStatus>1</itemStatus>
      <LastUpdateDate />
      <LastUpdateTime />
    </Product>
    <Product>
      <PriceUpdateDate>2020/07/22 14:24</PriceUpdateDate>
      <ItemCode>7777886601234</ItemCode>
      <ItemType>1</ItemType>
      <ItemName>מגב חלון איכותית</ItemName>
      <ManufactureName>ד.ג.ש ייבוא ושיווק בעמ</ManufactureName>
      <ManufactureCountry />
      <ManufactureItemDescription />
      <UnitQty>'יח</UnitQty>
      <Quantity>1</Quantity>
      <UnitMeasure />
      <BisWeighted>0</BisWeighted>
      <QtyInPackage>1</QtyInPackage>
      <ItemPrice>8</ItemPrice>
      <UnitOfMeasurePrice>8</UnitOfMeasurePrice>
      <AllowDiscount>0</AllowDiscount>
      <itemStatus>1</itemStatus>
      <LastUpdateDate />
      <LastUpdateTime />
    </Product>
    <Product>
      <PriceUpdateDate>2020/07/22 14:24</PriceUpdateDate>
      <ItemCode>7777886602026</ItemCode>
      <ItemType>1</ItemType>
      <ItemName>כותש שום איכותי אלומיניום</ItemName>
      <ManufactureName>ד.ג.ש ייבוא ושיווק בעמ</ManufactureName>
      <ManufactureCountry />
      <ManufactureItemDescription />
      <UnitQty>'יח</UnitQty>
      <Quantity>1</Quantity>
      <UnitMeasure />
      <BisWeighted>0</BisWeighted>
      <QtyInPackage>1</QtyInPackage>
      <ItemPrice>19.90</ItemPrice>
      <UnitOfMeasurePrice>19.90</UnitOfMeasurePrice>
      <AllowDiscount>0</AllowDiscount>
      <itemStatus>1</itemStatus>
      <LastUpdateDate />
      <LastUpdateTime />
    </Product>
    <Product>
      <PriceUpdateDate>2020/12/23 10:50</PriceUpdateDate>
      <ItemCode>7777886602149</ItemCode>
      <ItemType>1</ItemType>
      <ItemName>קוצצים לציפורניים שלישייה</ItemName>
      <ManufactureName>ד.ג.ש ייבוא ושיווק בעמ</ManufactureName>
      <ManufactureCountry />
      <ManufactureItemDescription />
      <UnitQty>'יח</UnitQty>
      <Quantity>0</Quantity>
      <UnitMeasure>ל-100 גרם</UnitMeasure>
      <BisWeighted>0</BisWeighted>
      <QtyInPackage>1</QtyInPackage>
      <ItemPrice>14.90</ItemPrice>
      <UnitOfMeasurePrice>14.90</UnitOfMeasurePrice>
      <AllowDiscount>0</AllowDiscount>
      <itemStatus>1</itemStatus>
      <LastUpdateDate />
      <LastUpdateTime />
    </Product>
    <Product>
      <PriceUpdateDate>2020/07/27 11:02</PriceUpdateDate>
      <ItemCode>7777886602194</ItemCode>
      <ItemType>1</ItemType>
      <ItemName>אטבי כביסה סופר מילניום</ItemName>
      <ManufactureName>ד.ג.ש ייבוא ושיווק בעמ</ManufactureName>
      <ManufactureCountry />
      <ManufactureItemDescription />
      <UnitQty>'יח</UnitQty>
      <Quantity>1</Quantity>
      <UnitMeasure />
      <BisWeighted>0</BisWeighted>
      <QtyInPackage>1</QtyInPackage>
      <ItemPrice>19.90</ItemPrice>
      <UnitOfMeasurePrice>19.90</UnitOfMeasurePrice>
      <AllowDiscount>0</AllowDiscount>
      <itemStatus>1</itemStatus>
      <LastUpdateDate />
      <LastUpdateTime />
    </Product>
    <Product>
      <PriceUpdateDate>2020/07/27 11:02</PriceUpdateDate>
      <ItemCode>7777886603221</ItemCode>
      <ItemType>1</ItemType>
      <ItemName>אטבי כביסה עץ</ItemName>
      <ManufactureName>ד.ג.ש ייבוא ושיווק בעמ</ManufactureName>
      <ManufactureCountry />
      <ManufactureItemDescription />
      <UnitQty>'יח</UnitQty>
      <Quantity>1</Quantity>
      <UnitMeasure />
      <BisWeighted>0</BisWeighted>
      <QtyInPackage>1</QtyInPackage>
      <ItemPrice>9.90</ItemPrice>
      <UnitOfMeasurePrice>9.90</UnitOfMeasurePrice>
      <AllowDiscount>0</AllowDiscount>
      <itemStatus>1</itemStatus>
      <LastUpdateDate />
      <LastUpdateTime />
    </Product>
    <Product>
      <PriceUpdateDate>2020/01/29 07:51</PriceUpdateDate>
      <ItemCode>7777886604914</ItemCode>
      <ItemType>1</ItemType>
      <ItemName>מחבת יציקה איכותית 28 wood editrion</ItemName>
      <ManufactureName>ד.ג.ש ייבוא ושיווק בעמ</ManufactureName>
      <ManufactureCountry />
      <ManufactureItemDescription />
      <UnitQty>'יח</UnitQty>
      <Quantity>1</Quantity>
      <UnitMeasure />
      <BisWeighted>0</BisWeighted>
      <QtyInPackage>1</QtyInPackage>
      <ItemPrice>64.90</ItemPrice>
      <UnitOfMeasurePrice>64.90</UnitOfMeasurePrice>
      <AllowDiscount>0</AllowDiscount>
      <itemStatus>1</itemStatus>
      <LastUpdateDate />
      <LastUpdateTime />
    </Product>
    <Product>
      <PriceUpdateDate>2022/10/30 19:07</PriceUpdateDate>
      <ItemCode>7777886605768</ItemCode>
      <ItemType>1</ItemType>
      <ItemName>יעה פס גומי</ItemName>
      <ManufactureName>ד.ג.ש ייבוא ושיווק בעמ</ManufactureName>
      <ManufactureCountry />
      <ManufactureItemDescription />
      <UnitQty>'יח</UnitQty>
      <Quantity>1</Quantity>
      <UnitMeasure />
      <BisWeighted>0</BisWeighted>
      <QtyInPackage>1</QtyInPackage>
      <ItemPrice>5.90</ItemPrice>
      <UnitOfMeasurePrice>5.90</UnitOfMeasurePrice>
      <AllowDiscount>0</AllowDiscount>
      <itemStatus>1</itemStatus>
      <LastUpdateDate />
      <LastUpdateTime />
    </Product>
    <Product>
      <PriceUpdateDate>2021/12/02 15:10</PriceUpdateDate>
      <ItemCode>7777886605775</ItemCode>
      <ItemType>1</ItemType>
      <ItemName>מגביר זרם</ItemName>
      <ManufactureName>ד.ג.ש ייבוא ושיווק בעמ</ManufactureName>
      <ManufactureCountry />
      <ManufactureItemDescription />
      <UnitQty>'יח</UnitQty>
      <Quantity>1</Quantity>
      <UnitMeasure />
      <BisWeighted>0</BisWeighted>
      <QtyInPackage>1</QtyInPackage>
      <ItemPrice>39.90</ItemPrice>
      <UnitOfMeasurePrice>39.90</UnitOfMeasurePrice>
      <AllowDiscount>0</AllowDiscount>
      <itemStatus>1</itemStatus>
      <LastUpdateDate />
      <LastUpdateTime />
    </Product>
    <Product>
      <PriceUpdateDate>2021/07/12 15:26</PriceUpdateDate>
      <ItemCode>7777886605881</ItemCode>
      <ItemType>1</ItemType>
      <ItemName>צינור אמבט גמיש מחוזק 1.5 מ`</ItemName>
      <ManufactureName>ד.ג.ש ייבוא ושיווק בעמ</ManufactureName>
      <ManufactureCountry />
      <ManufactureItemDescription />
      <UnitQty>'יח</UnitQty>
      <Quantity>1</Quantity>
      <UnitMeasure />
      <BisWeighted>0</BisWeighted>
      <QtyInPackage>1</QtyInPackage>
      <ItemPrice>24.90</ItemPrice>
      <UnitOfMeasurePrice>24.90</UnitOfMeasurePrice>
      <AllowDiscount>0</AllowDiscount>
      <itemStatus>1</itemStatus>
      <LastUpdateDate />
      <LastUpdateTime />
    </Product>
    <Product>
      <PriceUpdateDate>2021/12/15 17:18</PriceUpdateDate>
      <ItemCode>7777886605942</ItemCode>
      <ItemType>1</ItemType>
      <ItemName>מתלי מגבות נדבקים</ItemName>
      <ManufactureName>ד.ג.ש ייבוא ושיווק בעמ</ManufactureName>
      <ManufactureCountry />
      <ManufactureItemDescription />
      <UnitQty>'יח</UnitQty>
      <Quantity>1</Quantity>
      <UnitMeasure />
      <BisWeighted>0</BisWeighted>
      <QtyInPackage>1</QtyInPackage>
      <ItemPrice>5.90</ItemPrice>
      <UnitOfMeasurePrice>5.90</UnitOfMeasurePrice>
      <AllowDiscount>0</AllowDiscount>
      <itemStatus>1</itemStatus>
      <LastUpdateDate />
      <LastUpdateTime />
    </Product>
    <Product>
      <PriceUpdateDate>2021/04/05 15:30</PriceUpdateDate>
      <ItemCode>7777886605959</ItemCode>
      <ItemType>1</ItemType>
      <ItemName>6 מתלי מגבות נדבקים</ItemName>
      <ManufactureName>ד.ג.ש ייבוא ושיווק בעמ</ManufactureName>
      <ManufactureCountry />
      <ManufactureItemDescription />
      <UnitQty>'יח</UnitQty>
      <Quantity>0</Quantity>
      <UnitMeasure>'יח</UnitMeasure>
      <BisWeighted>0</BisWeighted>
      <QtyInPackage>1</QtyInPackage>
      <ItemPrice>9.90</ItemPrice>
      <UnitOfMeasurePrice>9.90</UnitOfMeasurePrice>
      <AllowDiscount>0</AllowDiscount>
      <itemStatus>1</itemStatus>
      <LastUpdateDate />
      <LastUpdateTime />
    </Product>
    <Product>
      <PriceUpdateDate>2022/09/01 06:45</PriceUpdateDate>
      <ItemCode>7777886700272</ItemCode>
      <ItemType>1</ItemType>
      <ItemName>סט 4 קערות קש</ItemName>
      <ManufactureName>ד.ג.ש ייבוא ושיווק בעמ</ManufactureName>
      <ManufactureCountry />
      <ManufactureItemDescription />
      <UnitQty>'יח</UnitQty>
      <Quantity>1</Quantity>
      <UnitMeasure />
      <BisWeighted>0</BisWeighted>
      <QtyInPackage>1</QtyInPackage>
      <ItemPrice>9.90</ItemPrice>
      <UnitOfMeasurePrice>9.90</UnitOfMeasurePrice>
      <AllowDiscount>0</AllowDiscount>
      <itemStatus>1</itemStatus>
      <LastUpdateDate />
      <LastUpdateTime />
    </Product>
    <Product>
      <PriceUpdateDate>2020/08/17 14:20</PriceUpdateDate>
      <ItemCode>7777999910636</ItemCode>
      <ItemType>1</ItemType>
      <ItemName>מברשת לניקוי מעוצבת</ItemName>
      <ManufactureName>ד.ג.ש ייבוא ושיווק בעמ</ManufactureName>
      <ManufactureCountry />
      <ManufactureItemDescription />
      <UnitQty>'יח</UnitQty>
      <Quantity>1</Quantity>
      <UnitMeasure />
      <BisWeighted>0</BisWeighted>
      <QtyInPackage>1</QtyInPackage>
      <ItemPrice>6</ItemPrice>
      <UnitOfMeasurePrice>6</UnitOfMeasurePrice>
      <AllowDiscount>0</AllowDiscount>
      <itemStatus>1</itemStatus>
      <LastUpdateDate />
      <LastUpdateTime />
    </Product>
    <Product>
      <PriceUpdateDate>2020/12/15 09:49</PriceUpdateDate>
      <ItemCode>7778999900948</ItemCode>
      <ItemType>1</ItemType>
      <ItemName>כללי טקסטיל</ItemName>
      <ManufactureName>ד.ג.ש ייבוא ושיווק בעמ</ManufactureName>
      <ManufactureCountry />
      <ManufactureItemDescription />
      <UnitQty>'יח</UnitQty>
      <Quantity>1</Quantity>
      <UnitMeasure />
      <BisWeighted>0</BisWeighted>
      <QtyInPackage>1</QtyInPackage>
      <ItemPrice>14.90</ItemPrice>
      <UnitOfMeasurePrice>14.90</UnitOfMeasurePrice>
      <AllowDiscount>0</AllowDiscount>
      <itemStatus>1</itemStatus>
      <LastUpdateDate />
      <LastUpdateTime />
    </Product>
    <Product>
      <PriceUpdateDate>2020/12/15 09:49</PriceUpdateDate>
      <ItemCode>7778999901778</ItemCode>
      <ItemType>1</ItemType>
      <ItemName>כללי טקסטיל</ItemName>
      <ManufactureName>ד.ג.ש ייבוא ושיווק בעמ</ManufactureName>
      <ManufactureCountry />
      <ManufactureItemDescription />
      <UnitQty>'יח</UnitQty>
      <Quantity>1</Quantity>
      <UnitMeasure />
      <BisWeighted>0</BisWeighted>
      <QtyInPackage>1</QtyInPackage>
      <ItemPrice>19.90</ItemPrice>
      <UnitOfMeasurePrice>19.90</UnitOfMeasurePrice>
      <AllowDiscount>0</AllowDiscount>
      <itemStatus>1</itemStatus>
      <LastUpdateDate />
      <LastUpdateTime />
    </Product>
    <Product>
      <PriceUpdateDate>2022/10/19 17:36</PriceUpdateDate>
      <ItemCode>7778999902379</ItemCode>
      <ItemType>1</ItemType>
      <ItemName>בקבוק תרמי פרימיום</ItemName>
      <ManufactureName>ד.ג.ש ייבוא ושיווק בעמ</ManufactureName>
      <ManufactureCountry />
      <ManufactureItemDescription />
      <UnitQty>'יח</UnitQty>
      <Quantity>1</Quantity>
      <UnitMeasure />
      <BisWeighted>0</BisWeighted>
      <QtyInPackage>1</QtyInPackage>
      <ItemPrice>59.90</ItemPrice>
      <UnitOfMeasurePrice>59.90</UnitOfMeasurePrice>
      <AllowDiscount>0</AllowDiscount>
      <itemStatus>1</itemStatus>
      <LastUpdateDate />
      <LastUpdateTime />
    </Product>
    <Product>
      <PriceUpdateDate>2021/02/09 13:22</PriceUpdateDate>
      <ItemCode>7792860006218</ItemCode>
      <ItemType>1</ItemType>
      <ItemName>סוכריות על מקל בייבי דול רביעייה</ItemName>
      <ManufactureName>משה סידס ובנו בעמ</ManufactureName>
      <ManufactureCountry />
      <ManufactureItemDescription />
      <UnitQty>'יח</UnitQty>
      <Quantity>1</Quantity>
      <UnitMeasure>'יח</UnitMeasure>
      <BisWeighted>0</BisWeighted>
      <QtyInPackage>1</QtyInPackage>
      <ItemPrice>2</ItemPrice>
      <UnitOfMeasurePrice>2</UnitOfMeasurePrice>
      <AllowDiscount>0</AllowDiscount>
      <itemStatus>1</itemStatus>
      <LastUpdateDate />
      <LastUpdateTime />
    </Product>
    <Product>
      <PriceUpdateDate>2022/10/31 14:55</PriceUpdateDate>
      <ItemCode>7798092421232</ItemCode>
      <ItemType>1</ItemType>
      <ItemName>אוכמניות</ItemName>
      <ManufactureName>ביכורי השדה הצפון בעמ` 1964</ManufactureName>
      <ManufactureCountry />
      <ManufactureItemDescription />
      <UnitQty>ק"ג</UnitQty>
      <Quantity>1</Quantity>
      <UnitMeasure />
      <BisWeighted>0</BisWeighted>
      <QtyInPackage>1</QtyInPackage>
      <ItemPrice>13.90</ItemPrice>
      <UnitOfMeasurePrice>13.90</UnitOfMeasurePrice>
      <AllowDiscount>1</AllowDiscount>
      <itemStatus>1</itemStatus>
      <LastUpdateDate />
      <LastUpdateTime />
    </Product>
    <Product>
      <PriceUpdateDate>2022/10/31 14:55</PriceUpdateDate>
      <ItemCode>7798132550014</ItemCode>
      <ItemType>1</ItemType>
      <ItemName>אוכמניות</ItemName>
      <ManufactureName>ביכורי השדה הצפון בעמ` 1964</ManufactureName>
      <ManufactureCountry />
      <ManufactureItemDescription />
      <UnitQty>'יח</UnitQty>
      <Quantity>1</Quantity>
      <UnitMeasure />
      <BisWeighted>0</BisWeighted>
      <QtyInPackage>1</QtyInPackage>
      <ItemPrice>13.90</ItemPrice>
      <UnitOfMeasurePrice>13.90</UnitOfMeasurePrice>
      <AllowDiscount>1</AllowDiscount>
      <itemStatus>1</itemStatus>
      <LastUpdateDate />
      <LastUpdateTime />
    </Product>
    <Product>
      <PriceUpdateDate>2022/10/31 14:55</PriceUpdateDate>
      <ItemCode>7798304600011</ItemCode>
      <ItemType>1</ItemType>
      <ItemName>אוכמניות</ItemName>
      <ManufactureName>ביכורי השדה הצפון בעמ` 1964</ManufactureName>
      <ManufactureCountry />
      <ManufactureItemDescription />
      <UnitQty>'יח</UnitQty>
      <Quantity>1</Quantity>
      <UnitMeasure />
      <BisWeighted>0</BisWeighted>
      <QtyInPackage>1</QtyInPackage>
      <ItemPrice>13.90</ItemPrice>
      <UnitOfMeasurePrice>13.90</UnitOfMeasurePrice>
      <AllowDiscount>1</AllowDiscount>
      <itemStatus>1</itemStatus>
      <LastUpdateDate />
      <LastUpdateTime />
    </Product>
    <Product>
      <PriceUpdateDate>2022/10/31 14:55</PriceUpdateDate>
      <ItemCode>7798304600042</ItemCode>
      <ItemType>1</ItemType>
      <ItemName>אוכמניות</ItemName>
      <ManufactureName>ביכורי השדה הצפון בעמ` 1964</ManufactureName>
      <ManufactureCountry />
      <ManufactureItemDescription />
      <UnitQty>'יח</UnitQty>
      <Quantity>1</Quantity>
      <UnitMeasure />
      <BisWeighted>0</BisWeighted>
      <QtyInPackage>1</QtyInPackage>
      <ItemPrice>13.90</ItemPrice>
      <UnitOfMeasurePrice>13.90</UnitOfMeasurePrice>
      <AllowDiscount>1</AllowDiscount>
      <itemStatus>1</itemStatus>
      <LastUpdateDate />
      <LastUpdateTime />
    </Product>
    <Product>
      <PriceUpdateDate>2022/10/31 14:55</PriceUpdateDate>
      <ItemCode>7804651030026</ItemCode>
      <ItemType>1</ItemType>
      <ItemName>אוכמניות</ItemName>
      <ManufactureName>ביכורי השדה הצפון בעמ` 1964</ManufactureName>
      <ManufactureCountry />
      <ManufactureItemDescription />
      <UnitQty>ק"ג</UnitQty>
      <Quantity>1</Quantity>
      <UnitMeasure />
      <BisWeighted>0</BisWeighted>
      <QtyInPackage>1</QtyInPackage>
      <ItemPrice>13.90</ItemPrice>
      <UnitOfMeasurePrice>13.90</UnitOfMeasurePrice>
      <AllowDiscount>1</AllowDiscount>
      <itemStatus>1</itemStatus>
      <LastUpdateDate />
      <LastUpdateTime />
    </Product>
    <Product>
      <PriceUpdateDate>2022/09/18 13:42</PriceUpdateDate>
      <ItemCode>7891024030974</ItemCode>
      <ItemType>1</ItemType>
      <ItemName>קולגייט משחת שיניים טריפל אקשן</ItemName>
      <ManufactureName>ש. שסטוביץ בע`מ</ManufactureName>
      <ManufactureCountry />
      <ManufactureItemDescription />
      <UnitQty>'יח</UnitQty>
      <Quantity>0.75</Quantity>
      <UnitMeasure>ל-100 מ"ל</UnitMeasure>
      <BisWeighted>0</BisWeighted>
      <QtyInPackage>1</QtyInPackage>
      <ItemPrice>26.90</ItemPrice>
      <UnitOfMeasurePrice>35.87</UnitOfMeasurePrice>
      <AllowDiscount>1</AllowDiscount>
      <itemStatus>1</itemStatus>
      <LastUpdateDate />
      <LastUpdateTime />
    </Product>
    <Product>
      <PriceUpdateDate>2019/07/03 08:47</PriceUpdateDate>
      <ItemCode>8000380003723</ItemCode>
      <ItemType>1</ItemType>
      <ItemName>וופלים גרנד פטיסרי במילוי קרם אגוזים 100</ItemName>
      <ManufactureName>ליימן שליסל בע`מ</ManufactureName>
      <ManufactureCountry />
      <ManufactureItemDescription />
      <UnitQty>'יח</UnitQty>
      <Quantity>1</Quantity>
      <UnitMeasure>ל-100 גרם</UnitMeasure>
      <BisWeighted>0</BisWeighted>
      <QtyInPackage>18</QtyInPackage>
      <ItemPrice>12.90</ItemPrice>
      <UnitOfMeasurePrice>12.90</UnitOfMeasurePrice>
      <AllowDiscount>1</AllowDiscount>
      <itemStatus>1</itemStatus>
      <LastUpdateDate />
      <LastUpdateTime />
    </Product>
    <Product>
      <PriceUpdateDate>2019/07/03 08:47</PriceUpdateDate>
      <ItemCode>8000380004676</ItemCode>
      <ItemType>1</ItemType>
      <ItemName>וופל ממולא קרם בטעם וניל 200 גרם</ItemName>
      <ManufactureName>ליימן שליסל בע`מ</ManufactureName>
      <ManufactureCountry />
      <ManufactureItemDescription />
      <UnitQty>'יח</UnitQty>
      <Quantity>2</Quantity>
      <UnitMeasure>ל-100 גרם</UnitMeasure>
      <BisWeighted>0</BisWeighted>
      <QtyInPackage>18</QtyInPackage>
      <ItemPrice>12.90</ItemPrice>
      <UnitOfMeasurePrice>6.45</UnitOfMeasurePrice>
      <AllowDiscount>1</AllowDiscount>
      <itemStatus>1</itemStatus>
      <LastUpdateDate />
      <LastUpdateTime />
    </Product>
    <Product>
      <PriceUpdateDate>2019/01/16 14:51</PriceUpdateDate>
      <ItemCode>8000380004911</ItemCode>
      <ItemType>1</ItemType>
      <ItemName>וופל קואדרטיני בטעם אגוזים 250 גרם</ItemName>
      <ManufactureName>ליימן שליסל בע`מ</ManufactureName>
      <ManufactureCountry />
      <ManufactureItemDescription />
      <UnitQty>'יח</UnitQty>
      <Quantity>2.50</Quantity>
      <UnitMeasure>ל-100 גרם</UnitMeasure>
      <BisWeighted>0</BisWeighted>
      <QtyInPackage>18</QtyInPackage>
      <ItemPrice>14.90</ItemPrice>
      <UnitOfMeasurePrice>5.96</UnitOfMeasurePrice>
      <AllowDiscount>1</AllowDiscount>
      <itemStatus>1</itemStatus>
      <LastUpdateDate />
      <LastUpdateTime />
    </Product>
    <Product>
      <PriceUpdateDate>2019/01/16 14:51</PriceUpdateDate>
      <ItemCode>8000380004966</ItemCode>
      <ItemType>1</ItemType>
      <ItemName>וופל קואדרטיני בטעם קקאו 250 גרם</ItemName>
      <ManufactureName>ליימן שליסל בע`מ</ManufactureName>
      <ManufactureCountry />
      <ManufactureItemDescription />
      <UnitQty>'יח</UnitQty>
      <Quantity>2.50</Quantity>
      <UnitMeasure>ל-100 גרם</UnitMeasure>
      <BisWeighted>0</BisWeighted>
      <QtyInPackage>1</QtyInPackage>
      <ItemPrice>14.90</ItemPrice>
      <UnitOfMeasurePrice>5.96</UnitOfMeasurePrice>
      <AllowDiscount>1</AllowDiscount>
      <itemStatus>1</itemStatus>
      <LastUpdateDate />
      <LastUpdateTime />
    </Product>
    <Product>
      <PriceUpdateDate>2019/06/25 09:03</PriceUpdateDate>
      <ItemCode>8000380007219</ItemCode>
      <ItemType>1</ItemType>
      <ItemName>וופל לואקר ממולא קרם אגוזים 175 גרם</ItemName>
      <ManufactureName>ליימן שליסל בע`מ</ManufactureName>
      <ManufactureCountry />
      <ManufactureItemDescription />
      <UnitQty>'יח</UnitQty>
      <Quantity>1.75</Quantity>
      <UnitMeasure>ל-100 גרם</UnitMeasure>
      <BisWeighted>0</BisWeighted>
      <QtyInPackage>18</QtyInPackage>
      <ItemPrice>10.90</ItemPrice>
      <UnitOfMeasurePrice>6.23</UnitOfMeasurePrice>
      <AllowDiscount>1</AllowDiscount>
      <itemStatus>1</itemStatus>
      <LastUpdateDate />
      <LastUpdateTime />
    </Product>
    <Product>
      <PriceUpdateDate>2019/01/16 14:51</PriceUpdateDate>
      <ItemCode>8000380007257</ItemCode>
      <ItemType>1</ItemType>
      <ItemName>וופל גרדנה במילוי קרם אגוזים מצופה</ItemName>
      <ManufactureName>ליימן שליסל בע`מ</ManufactureName>
      <ManufactureCountry />
      <ManufactureItemDescription />
      <UnitQty>'יח</UnitQty>
      <Quantity>2</Quantity>
      <UnitMeasure>ל-100 גרם</UnitMeasure>
      <BisWeighted>0</BisWeighted>
      <QtyInPackage>10</QtyInPackage>
      <ItemPrice>14.90</ItemPrice>
      <UnitOfMeasurePrice>7.45</UnitOfMeasurePrice>
      <AllowDiscount>1</AllowDiscount>
      <itemStatus>1</itemStatus>
      <LastUpdateDate />
      <LastUpdateTime />
    </Product>
    <Product>
      <PriceUpdateDate>2019/07/03 08:47</PriceUpdateDate>
      <ItemCode>8000380007264</ItemCode>
      <ItemType>1</ItemType>
      <ItemName>וופל לואקר ממולא קרם קקאו 175 גרם</ItemName>
      <ManufactureName>ליימן שליסל בע`מ</ManufactureName>
      <ManufactureCountry />
      <ManufactureItemDescription />
      <UnitQty>'יח</UnitQty>
      <Quantity>1.75</Quantity>
      <UnitMeasure>ל-100 גרם</UnitMeasure>
      <BisWeighted>0</BisWeighted>
      <QtyInPackage>18</QtyInPackage>
      <ItemPrice>10.90</ItemPrice>
      <UnitOfMeasurePrice>6.23</UnitOfMeasurePrice>
      <AllowDiscount>1</AllowDiscount>
      <itemStatus>1</itemStatus>
      <LastUpdateDate />
      <LastUpdateTime />
    </Product>
    <Product>
      <PriceUpdateDate>2022/01/19 14:23</PriceUpdateDate>
      <ItemCode>8000380106028</ItemCode>
      <ItemType>1</ItemType>
      <ItemName>לואקר טורטינה חלב 6*21 גרם</ItemName>
      <ManufactureName>ליימן שליסל בע`מ</ManufactureName>
      <ManufactureCountry />
      <ManufactureItemDescription />
      <UnitQty>'יח</UnitQty>
      <Quantity>1.25</Quantity>
      <UnitMeasure>ל-100 גרם</UnitMeasure>
      <BisWeighted>0</BisWeighted>
      <QtyInPackage>24</QtyInPackage>
      <ItemPrice>16.90</ItemPrice>
      <UnitOfMeasurePrice>13.52</UnitOfMeasurePrice>
      <AllowDiscount>1</AllowDiscount>
      <itemStatus>1</itemStatus>
      <LastUpdateDate />
      <LastUpdateTime />
    </Product>
    <Product>
      <PriceUpdateDate>2019/01/16 14:51</PriceUpdateDate>
      <ItemCode>8000380157570</ItemCode>
      <ItemType>1</ItemType>
      <ItemName>לואקר אגוז 262 גר`</ItemName>
      <ManufactureName>ליימן שליסל בע`מ</ManufactureName>
      <ManufactureCountry />
      <ManufactureItemDescription />
      <UnitQty>'יח</UnitQty>
      <Quantity>2.62</Quantity>
      <UnitMeasure>ל-100 גרם</UnitMeasure>
      <BisWeighted>0</BisWeighted>
      <QtyInPackage>1</QtyInPackage>
      <ItemPrice>13.90</ItemPrice>
      <UnitOfMeasurePrice>5.31</UnitOfMeasurePrice>
      <AllowDiscount>1</AllowDiscount>
      <itemStatus>1</itemStatus>
      <LastUpdateDate />
      <LastUpdateTime />
    </Product>
    <Product>
      <PriceUpdateDate>2019/01/16 14:51</PriceUpdateDate>
      <ItemCode>8000380157587</ItemCode>
      <ItemType>1</ItemType>
      <ItemName>לואקר שוקולד 262 גר`</ItemName>
      <ManufactureName>ליימן שליסל בע`מ</ManufactureName>
      <ManufactureCountry />
      <ManufactureItemDescription />
      <UnitQty>'יח</UnitQty>
      <Quantity>2.62</Quantity>
      <UnitMeasure>ל-100 גרם</UnitMeasure>
      <BisWeighted>0</BisWeighted>
      <QtyInPackage>1</QtyInPackage>
      <ItemPrice>13.90</ItemPrice>
      <UnitOfMeasurePrice>5.31</UnitOfMeasurePrice>
      <AllowDiscount>1</AllowDiscount>
      <itemStatus>1</itemStatus>
      <LastUpdateDate />
      <LastUpdateTime />
    </Product>
    <Product>
      <PriceUpdateDate>2019/05/26 21:38</PriceUpdateDate>
      <ItemCode>8000380192199</ItemCode>
      <ItemType>1</ItemType>
      <ItemName>וופל לואקר דאבל שוקולד 175 גרם</ItemName>
      <ManufactureName>ליימן שליסל בע`מ</ManufactureName>
      <ManufactureCountry />
      <ManufactureItemDescription />
      <UnitQty>'יח</UnitQty>
      <Quantity>1.75</Quantity>
      <UnitMeasure>ל-100 גרם</UnitMeasure>
      <BisWeighted>0</BisWeighted>
      <QtyInPackage>1</QtyInPackage>
      <ItemPrice>10.90</ItemPrice>
      <UnitOfMeasurePrice>6.23</UnitOfMeasurePrice>
      <AllowDiscount>1</AllowDiscount>
      <itemStatus>1</itemStatus>
      <LastUpdateDate />
      <LastUpdateTime />
    </Product>
    <Product>
      <PriceUpdateDate>2021/06/16 06:46</PriceUpdateDate>
      <ItemCode>8000380192243</ItemCode>
      <ItemType>1</ItemType>
      <ItemName>לואקר מקסי בטעם אגוז 200 גר`</ItemName>
      <ManufactureName>ליימן שליסל בע`מ</ManufactureName>
      <ManufactureCountry />
      <ManufactureItemDescription />
      <UnitQty>'יח</UnitQty>
      <Quantity>2</Quantity>
      <UnitMeasure>ל-100 גרם</UnitMeasure>
      <BisWeighted>0</BisWeighted>
      <QtyInPackage>1</QtyInPackage>
      <ItemPrice>13.90</ItemPrice>
      <UnitOfMeasurePrice>6.95</UnitOfMeasurePrice>
      <AllowDiscount>1</AllowDiscount>
      <itemStatus>1</itemStatus>
      <LastUpdateDate />
      <LastUpdateTime />
    </Product>
    <Product>
      <PriceUpdateDate>2021/06/16 06:46</PriceUpdateDate>
      <ItemCode>8000380192250</ItemCode>
      <ItemType>1</ItemType>
      <ItemName>לואקר מקסי בטעם שוקולד 200 גרם</ItemName>
      <ManufactureName>ליימן שליסל בע`מ</ManufactureName>
      <ManufactureCountry />
      <ManufactureItemDescription />
      <UnitQty>'יח</UnitQty>
      <Quantity>2</Quantity>
      <UnitMeasure>ל-100 גרם</UnitMeasure>
      <BisWeighted>0</BisWeighted>
      <QtyInPackage>1</QtyInPackage>
      <ItemPrice>13.90</ItemPrice>
      <UnitOfMeasurePrice>6.95</UnitOfMeasurePrice>
      <AllowDiscount>1</AllowDiscount>
      <itemStatus>1</itemStatus>
      <LastUpdateDate />
      <LastUpdateTime />
    </Product>
    <Product>
      <PriceUpdateDate>2022/04/12 14:48</PriceUpdateDate>
      <ItemCode>8000380205523</ItemCode>
      <ItemType>1</ItemType>
      <ItemName>וופל לואקר ממולא חמאת בוטנים 175 גרם</ItemName>
      <ManufactureName>ליימן שליסל בע`מ</ManufactureName>
      <ManufactureCountry />
      <ManufactureItemDescription />
      <UnitQty>'יח</UnitQty>
      <Quantity>1.75</Quantity>
      <UnitMeasure>ל-100 גרם</UnitMeasure>
      <BisWeighted>0</BisWeighted>
      <QtyInPackage>18</QtyInPackage>
      <ItemPrice>10.90</ItemPrice>
      <UnitOfMeasurePrice>6.23</UnitOfMeasurePrice>
      <AllowDiscount>1</AllowDiscount>
      <itemStatus>1</itemStatus>
      <LastUpdateDate />
      <LastUpdateTime />
    </Product>
    <Product>
      <PriceUpdateDate>2019/07/03 08:47</PriceUpdateDate>
      <ItemCode>8000500023624</ItemCode>
      <ItemType>1</ItemType>
      <ItemName>קינדר Happy Hippo ופל במילוי קרם 5יח</ItemName>
      <ManufactureName>פרימיום חברה לדברי מתיקה ולמסח</ManufactureName>
      <ManufactureCountry />
      <ManufactureItemDescription />
      <UnitQty>'יח</UnitQty>
      <Quantity>1.30</Quantity>
      <UnitMeasure>ל-100 גרם</UnitMeasure>
      <BisWeighted>0</BisWeighted>
      <QtyInPackage>1</QtyInPackage>
      <ItemPrice>12.90</ItemPrice>
      <UnitOfMeasurePrice>9.92</UnitOfMeasurePrice>
      <AllowDiscount>0</AllowDiscount>
      <itemStatus>1</itemStatus>
      <LastUpdateDate />
      <LastUpdateTime />
    </Product>
    <Product>
      <PriceUpdateDate>2019/10/16 13:11</PriceUpdateDate>
      <ItemCode>8000500026731</ItemCode>
      <ItemType>1</ItemType>
      <ItemName>ביצת קינדר JOY</ItemName>
      <ManufactureName>פרימיום חברה לדברי מתיקה ולמסח</ManufactureName>
      <ManufactureCountry />
      <ManufactureItemDescription />
      <UnitQty>'יח</UnitQty>
      <Quantity>0.60</Quantity>
      <UnitMeasure>ל-100 גרם</UnitMeasure>
      <BisWeighted>0</BisWeighted>
      <QtyInPackage>1</QtyInPackage>
      <ItemPrice>14.90</ItemPrice>
      <UnitOfMeasurePrice>24.83</UnitOfMeasurePrice>
      <AllowDiscount>0</AllowDiscount>
      <itemStatus>1</itemStatus>
      <LastUpdateDate />
      <LastUpdateTime />
    </Product>
    <Product>
      <PriceUpdateDate>2019/10/10 09:24</PriceUpdateDate>
      <ItemCode>8000500029350</ItemCode>
      <ItemType>1</ItemType>
      <ItemName>חטיף קינדר בואנו שוקולד*3יח 43 גרם</ItemName>
      <ManufactureName>פרימיום חברה לדברי מתיקה ולמסח</ManufactureName>
      <ManufactureCountry />
      <ManufactureItemDescription />
      <UnitQty>'יח</UnitQty>
      <Quantity>0.43</Quantity>
      <UnitMeasure>ל-100 גרם</UnitMeasure>
      <BisWeighted>0</BisWeighted>
      <QtyInPackage>1</QtyInPackage>
      <ItemPrice>10.90</ItemPrice>
      <UnitOfMeasurePrice>25.35</UnitOfMeasurePrice>
      <AllowDiscount>1</AllowDiscount>
      <itemStatus>1</itemStatus>
      <LastUpdateDate />
      <LastUpdateTime />
    </Product>
    <Product>
      <PriceUpdateDate>2022/08/19 09:32</PriceUpdateDate>
      <ItemCode>8000500071083</ItemCode>
      <ItemType>1</ItemType>
      <ItemName>אצבעות שוקולד קינדר 16 יח 200 גרם</ItemName>
      <ManufactureName>פרימיום חברה לדברי מתיקה ולמסח</ManufactureName>
      <ManufactureCountry />
      <ManufactureItemDescription />
      <UnitQty>'יח</UnitQty>
      <Quantity>2</Quantity>
      <UnitMeasure>ל-100 גרם</UnitMeasure>
      <BisWeighted>0</BisWeighted>
      <QtyInPackage>1</QtyInPackage>
      <ItemPrice>11.90</ItemPrice>
      <UnitOfMeasurePrice>5.95</UnitOfMeasurePrice>
      <AllowDiscount>1</AllowDiscount>
      <itemStatus>1</itemStatus>
      <LastUpdateDate />
      <LastUpdateTime />
    </Product>
    <Product>
      <PriceUpdateDate>2019/10/18 09:44</PriceUpdateDate>
      <ItemCode>8000500075708</ItemCode>
      <ItemType>1</ItemType>
      <ItemName>ביצת קינדר Joy עם הפתעה כחול 3*20 גרם</ItemName>
      <ManufactureName>פרימיום חברה לדברי מתיקה ולמסח</ManufactureName>
      <ManufactureCountry />
      <ManufactureItemDescription />
      <UnitQty>'יח</UnitQty>
      <Quantity>0.60</Quantity>
      <UnitMeasure>ל-100 גרם</UnitMeasure>
      <BisWeighted>0</BisWeighted>
      <QtyInPackage>1</QtyInPackage>
      <ItemPrice>14.90</ItemPrice>
      <UnitOfMeasurePrice>24.83</UnitOfMeasurePrice>
      <AllowDiscount>1</AllowDiscount>
      <itemStatus>1</itemStatus>
      <LastUpdateDate />
      <LastUpdateTime />
    </Product>
    <Product>
      <PriceUpdateDate>2019/10/16 13:11</PriceUpdateDate>
      <ItemCode>8000500121436</ItemCode>
      <ItemType>1</ItemType>
      <ItemName>חטיף קינדר בואנו לבן*3יח 43 גרם</ItemName>
      <ManufactureName>פרימיום חברה לדברי מתיקה ולמסח</ManufactureName>
      <ManufactureCountry />
      <ManufactureItemDescription />
      <UnitQty>'יח</UnitQty>
      <Quantity>1.29</Quantity>
      <UnitMeasure>ל-100 גרם</UnitMeasure>
      <BisWeighted>0</BisWeighted>
      <QtyInPackage>1</QtyInPackage>
      <ItemPrice>10.90</ItemPrice>
      <UnitOfMeasurePrice>8.45</UnitOfMeasurePrice>
      <AllowDiscount>1</AllowDiscount>
      <itemStatus>1</itemStatus>
      <LastUpdateDate />
      <LastUpdateTime />
    </Product>
    <Product>
      <PriceUpdateDate>2021/08/16 06:48</PriceUpdateDate>
      <ItemCode>8000500126325</ItemCode>
      <ItemType>1</ItemType>
      <ItemName>ביצת קינדר Joy עם הפתעה ורוד 3*20 גרם</ItemName>
      <ManufactureName>פרימיום חברה לדברי מתיקה ולמסח</ManufactureName>
      <ManufactureCountry />
      <ManufactureItemDescription />
      <UnitQty>'יח</UnitQty>
      <Quantity>0.60</Quantity>
      <UnitMeasure>ל-100 גרם</UnitMeasure>
      <BisWeighted>0</BisWeighted>
      <QtyInPackage>1</QtyInPackage>
      <ItemPrice>14.90</ItemPrice>
      <UnitOfMeasurePrice>24.83</UnitOfMeasurePrice>
      <AllowDiscount>1</AllowDiscount>
      <itemStatus>1</itemStatus>
      <LastUpdateDate />
      <LastUpdateTime />
    </Product>
    <Product>
      <PriceUpdateDate>2021/05/09 13:15</PriceUpdateDate>
      <ItemCode>8000500127728</ItemCode>
      <ItemType>1</ItemType>
      <ItemName>קינדר מילק סלייס עוגת ספוג 112 גר`</ItemName>
      <ManufactureName>תנובה חלב</ManufactureName>
      <ManufactureCountry />
      <ManufactureItemDescription />
      <UnitQty>'יח</UnitQty>
      <Quantity>0.30</Quantity>
      <UnitMeasure>ל-100 גרם</UnitMeasure>
      <BisWeighted>0</BisWeighted>
      <QtyInPackage>1</QtyInPackage>
      <ItemPrice>13.90</ItemPrice>
      <UnitOfMeasurePrice>46.33</UnitOfMeasurePrice>
      <AllowDiscount>1</AllowDiscount>
      <itemStatus>1</itemStatus>
      <LastUpdateDate />
      <LastUpdateTime />
    </Product>
    <Product>
      <PriceUpdateDate>2019/01/16 14:51</PriceUpdateDate>
      <ItemCode>8000500227848</ItemCode>
      <ItemType>1</ItemType>
      <ItemName>נוטלה B-READY</ItemName>
      <ManufactureName>פרימיום חברה לדברי מתיקה ולמסח</ManufactureName>
      <ManufactureCountry />
      <ManufactureItemDescription />
      <UnitQty>'יח</UnitQty>
      <Quantity>1.32</Quantity>
      <UnitMeasure>ל-100 גרם</UnitMeasure>
      <BisWeighted>0</BisWeighted>
      <QtyInPackage>1</QtyInPackage>
      <ItemPrice>11.90</ItemPrice>
      <UnitOfMeasurePrice>9.02</UnitOfMeasurePrice>
      <AllowDiscount>1</AllowDiscount>
      <itemStatus>1</itemStatus>
      <LastUpdateDate />
      <LastUpdateTime />
    </Product>
    <Product>
      <PriceUpdateDate>2019/01/16 14:51</PriceUpdateDate>
      <ItemCode>8000500249352</ItemCode>
      <ItemType>1</ItemType>
      <ItemName>קינדר בואנו מיני מיקס</ItemName>
      <ManufactureName>פרימיום חברה לדברי מתיקה ולמסח</ManufactureName>
      <ManufactureCountry />
      <ManufactureItemDescription />
      <UnitQty>'יח</UnitQty>
      <Quantity>0</Quantity>
      <UnitMeasure>ל-100 גרם</UnitMeasure>
      <BisWeighted>0</BisWeighted>
      <QtyInPackage>1</QtyInPackage>
      <ItemPrice>18.90</ItemPrice>
      <UnitOfMeasurePrice>18.90</UnitOfMeasurePrice>
      <AllowDiscount>0</AllowDiscount>
      <itemStatus>1</itemStatus>
      <LastUpdateDate />
      <LastUpdateTime />
    </Product>
    <Product>
      <PriceUpdateDate>2022/08/10 20:25</PriceUpdateDate>
      <ItemCode>8000500269169</ItemCode>
      <ItemType>1</ItemType>
      <ItemName>קינדר קארדס חמישיה  *5 25.6 גרם</ItemName>
      <ManufactureName>פרימיום חברה לדברי מתיקה ולמסח</ManufactureName>
      <ManufactureCountry />
      <ManufactureItemDescription />
      <UnitQty>'יח</UnitQty>
      <Quantity>12.80</Quantity>
      <UnitMeasure>ל-100 גרם</UnitMeasure>
      <BisWeighted>0</BisWeighted>
      <QtyInPackage>1</QtyInPackage>
      <ItemPrice>12.90</ItemPrice>
      <UnitOfMeasurePrice>1.01</UnitOfMeasurePrice>
      <AllowDiscount>0</AllowDiscount>
      <itemStatus>1</itemStatus>
      <LastUpdateDate />
      <LastUpdateTime />
    </Product>
    <Product>
      <PriceUpdateDate>2022/07/24 15:26</PriceUpdateDate>
      <ItemCode>8000500328750</ItemCode>
      <ItemType>1</ItemType>
      <ItemName>פררו רונדנואר 141 גר`</ItemName>
      <ManufactureName>פרימיום חברה לדברי מתיקה ולמסח</ManufactureName>
      <ManufactureCountry />
      <ManufactureItemDescription />
      <UnitQty>'יח</UnitQty>
      <Quantity>1.41</Quantity>
      <UnitMeasure>ל-100 גרם</UnitMeasure>
      <BisWeighted>0</BisWeighted>
      <QtyInPackage>1</QtyInPackage>
      <ItemPrice>25.90</ItemPrice>
      <UnitOfMeasurePrice>18.37</UnitOfMeasurePrice>
      <AllowDiscount>1</AllowDiscount>
      <itemStatus>1</itemStatus>
      <LastUpdateDate />
      <LastUpdateTime />
    </Product>
    <Product>
      <PriceUpdateDate>2022/05/03 07:45</PriceUpdateDate>
      <ItemCode>8000500386941</ItemCode>
      <ItemType>1</ItemType>
      <ItemName>נוטלה 900 גרם</ItemName>
      <ManufactureName>פרימיום חברה לדברי מתיקה ולמסח</ManufactureName>
      <ManufactureCountry />
      <ManufactureItemDescription />
      <UnitQty>'יח</UnitQty>
      <Quantity>10</Quantity>
      <UnitMeasure>ל-100 גרם</UnitMeasure>
      <BisWeighted>0</BisWeighted>
      <QtyInPackage>1</QtyInPackage>
      <ItemPrice>30.90</ItemPrice>
      <UnitOfMeasurePrice>3.09</UnitOfMeasurePrice>
      <AllowDiscount>1</AllowDiscount>
      <itemStatus>1</itemStatus>
      <LastUpdateDate />
      <LastUpdateTime />
    </Product>
    <Product>
      <PriceUpdateDate>2019/07/03 08:47</PriceUpdateDate>
      <ItemCode>8000700000050</ItemCode>
      <ItemType>1</ItemType>
      <ItemName>סבון DOVE מוצק לבן רביעיה 4*100 גרם</ItemName>
      <ManufactureName>יוניליוור ישראל שיווק בע`מ</ManufactureName>
      <ManufactureCountry />
      <ManufactureItemDescription />
      <UnitQty>'יח</UnitQty>
      <Quantity>4</Quantity>
      <UnitMeasure>ל-100 גרם</UnitMeasure>
      <BisWeighted>0</BisWeighted>
      <QtyInPackage>1</QtyInPackage>
      <ItemPrice>17.90</ItemPrice>
      <UnitOfMeasurePrice>4.48</UnitOfMeasurePrice>
      <AllowDiscount>1</AllowDiscount>
      <itemStatus>1</itemStatus>
      <LastUpdateDate />
      <LastUpdateTime />
    </Product>
    <Product>
      <PriceUpdateDate>2022/08/10 18:14</PriceUpdateDate>
      <ItemCode>8001090206855</ItemCode>
      <ItemType>1</ItemType>
      <ItemName>מרכך לנור כחול 750 מ"ל</ItemName>
      <ManufactureName>איינשטיין צור-יבוא-יצוא וסחר ב</ManufactureName>
      <ManufactureCountry />
      <ManufactureItemDescription />
      <UnitQty>'יח</UnitQty>
      <Quantity>7.50</Quantity>
      <UnitMeasure>ל-100 מ"ל</UnitMeasure>
      <BisWeighted>0</BisWeighted>
      <QtyInPackage>1</QtyInPackage>
      <ItemPrice>12.90</ItemPrice>
      <UnitOfMeasurePrice>1.72</UnitOfMeasurePrice>
      <AllowDiscount>1</AllowDiscount>
      <itemStatus>1</itemStatus>
      <LastUpdateDate />
      <LastUpdateTime />
    </Product>
    <Product>
      <PriceUpdateDate>2022/08/10 18:14</PriceUpdateDate>
      <ItemCode>8001090206930</ItemCode>
      <ItemType>1</ItemType>
      <ItemName>מרכך לנור לבן 750 מ"ל</ItemName>
      <ManufactureName>איינשטיין צור-יבוא-יצוא וסחר ב</ManufactureName>
      <ManufactureCountry />
      <ManufactureItemDescription />
      <UnitQty>'יח</UnitQty>
      <Quantity>7.50</Quantity>
      <UnitMeasure>ל-100 מ"ל</UnitMeasure>
      <BisWeighted>0</BisWeighted>
      <QtyInPackage>1</QtyInPackage>
      <ItemPrice>12.90</ItemPrice>
      <UnitOfMeasurePrice>1.72</UnitOfMeasurePrice>
      <AllowDiscount>1</AllowDiscount>
      <itemStatus>1</itemStatus>
      <LastUpdateDate />
      <LastUpdateTime />
    </Product>
    <Product>
      <PriceUpdateDate>2020/05/26 16:06</PriceUpdateDate>
      <ItemCode>8001090458353</ItemCode>
      <ItemType>1</ItemType>
      <ItemName>פיירי אנטי בקטריאלי 515 מל`</ItemName>
      <ManufactureName>דיפלומט מפיצים (1986) בע`מ</ManufactureName>
      <ManufactureCountry />
      <ManufactureItemDescription />
      <UnitQty>'יח</UnitQty>
      <Quantity>5.15</Quantity>
      <UnitMeasure>ל-100 מ"ל</UnitMeasure>
      <BisWeighted>0</BisWeighted>
      <QtyInPackage>1</QtyInPackage>
      <ItemPrice>10.90</ItemPrice>
      <UnitOfMeasurePrice>2.12</UnitOfMeasurePrice>
      <AllowDiscount>1</AllowDiscount>
      <itemStatus>1</itemStatus>
      <LastUpdateDate />
      <LastUpdateTime />
    </Product>
    <Product>
      <PriceUpdateDate>2020/05/22 07:51</PriceUpdateDate>
      <ItemCode>8001090721099</ItemCode>
      <ItemType>1</ItemType>
      <ItemName>.אריאל קפסולות לכביסה רגיל 24 יח`</ItemName>
      <ManufactureName>דיפלומט מפיצים (1986) בע`מ</ManufactureName>
      <ManufactureCountry />
      <ManufactureItemDescription />
      <UnitQty>'יח</UnitQty>
      <Quantity>1</Quantity>
      <UnitMeasure>ל-100 גרם</UnitMeasure>
      <BisWeighted>0</BisWeighted>
      <QtyInPackage>3</QtyInPackage>
      <ItemPrice>34.90</ItemPrice>
      <UnitOfMeasurePrice>34.90</UnitOfMeasurePrice>
      <AllowDiscount>0</AllowDiscount>
      <itemStatus>1</itemStatus>
      <LastUpdateDate />
      <LastUpdateTime />
    </Product>
    <Product>
      <PriceUpdateDate>2019/06/25 09:03</PriceUpdateDate>
      <ItemCode>8001090721129</ItemCode>
      <ItemType>1</ItemType>
      <ItemName>אריאל קפסולות לכביסה קולור 24 יח`</ItemName>
      <ManufactureName>דיפלומט מפיצים (1986) בע`מ</ManufactureName>
      <ManufactureCountry />
      <ManufactureItemDescription />
      <UnitQty>'יח</UnitQty>
      <Quantity>1</Quantity>
      <UnitMeasure>ל-100 גרם</UnitMeasure>
      <BisWeighted>0</BisWeighted>
      <QtyInPackage>3</QtyInPackage>
      <ItemPrice>34.90</ItemPrice>
      <UnitOfMeasurePrice>34.90</UnitOfMeasurePrice>
      <AllowDiscount>0</AllowDiscount>
      <itemStatus>1</itemStatus>
      <LastUpdateDate />
      <LastUpdateTime />
    </Product>
    <Product>
      <PriceUpdateDate>2019/10/06 10:00</PriceUpdateDate>
      <ItemCode>8001090734044</ItemCode>
      <ItemType>1</ItemType>
      <ItemName>מגן תחתון אולוויז מגה פק  לארג`פרש 62 יח</ItemName>
      <ManufactureName>דיפלומט מפיצים (1986) בע`מ</ManufactureName>
      <ManufactureCountry />
      <ManufactureItemDescription />
      <UnitQty>'יח</UnitQty>
      <Quantity>1</Quantity>
      <UnitMeasure>ל-100 גרם</UnitMeasure>
      <BisWeighted>0</BisWeighted>
      <QtyInPackage>1</QtyInPackage>
      <ItemPrice>19.90</ItemPrice>
      <UnitOfMeasurePrice>19.90</UnitOfMeasurePrice>
      <AllowDiscount>1</AllowDiscount>
      <itemStatus>1</itemStatus>
      <LastUpdateDate />
      <LastUpdateTime />
    </Product>
    <Product>
      <PriceUpdateDate>2019/10/06 10:00</PriceUpdateDate>
      <ItemCode>8001090740717</ItemCode>
      <ItemType>1</ItemType>
      <ItemName>מגן תחתון אולוויז מגה פק  לארג`פרש 78יח`</ItemName>
      <ManufactureName>דיפלומט מפיצים (1986) בע`מ</ManufactureName>
      <ManufactureCountry />
      <ManufactureItemDescription />
      <UnitQty>'יח</UnitQty>
      <Quantity>1</Quantity>
      <UnitMeasure>ל-100 גרם</UnitMeasure>
      <BisWeighted>0</BisWeighted>
      <QtyInPackage>1</QtyInPackage>
      <ItemPrice>19.90</ItemPrice>
      <UnitOfMeasurePrice>19.90</UnitOfMeasurePrice>
      <AllowDiscount>1</AllowDiscount>
      <itemStatus>1</itemStatus>
      <LastUpdateDate />
      <LastUpdateTime />
    </Product>
    <Product>
      <PriceUpdateDate>2020/05/21 15:57</PriceUpdateDate>
      <ItemCode>8001090745903</ItemCode>
      <ItemType>1</ItemType>
      <ItemName>טייד אלפיין 4 ק`ג</ItemName>
      <ManufactureName>דיפלומט מפיצים (1986) בע`מ</ManufactureName>
      <ManufactureCountry />
      <ManufactureItemDescription />
      <UnitQty>'יח</UnitQty>
      <Quantity>40</Quantity>
      <UnitMeasure>ל-100 מ"ל</UnitMeasure>
      <BisWeighted>0</BisWeighted>
      <QtyInPackage>3</QtyInPackage>
      <ItemPrice>29.90</ItemPrice>
      <UnitOfMeasurePrice>0.75</UnitOfMeasurePrice>
      <AllowDiscount>0</AllowDiscount>
      <itemStatus>1</itemStatus>
      <LastUpdateDate />
      <LastUpdateTime />
    </Product>
    <Product>
      <PriceUpdateDate>2021/12/23 21:44</PriceUpdateDate>
      <ItemCode>8001090832450</ItemCode>
      <ItemType>1</ItemType>
      <ItemName>פנטן שמפו נוסחה קלאסית 660 מ"ל</ItemName>
      <ManufactureName>דיפלומט מפיצים (1986) בע`מ</ManufactureName>
      <ManufactureCountry />
      <ManufactureItemDescription />
      <UnitQty>'יח</UnitQty>
      <Quantity>6.60</Quantity>
      <UnitMeasure>ל-100 מ"ל</UnitMeasure>
      <BisWeighted>0</BisWeighted>
      <QtyInPackage>6</QtyInPackage>
      <ItemPrice>18.90</ItemPrice>
      <UnitOfMeasurePrice>2.86</UnitOfMeasurePrice>
      <AllowDiscount>1</AllowDiscount>
      <itemStatus>1</itemStatus>
      <LastUpdateDate />
      <LastUpdateTime />
    </Product>
    <Product>
      <PriceUpdateDate>2021/12/23 21:44</PriceUpdateDate>
      <ItemCode>8001090832535</ItemCode>
      <ItemType>1</ItemType>
      <ItemName>פנטן שמפו שמן מרוקאי משקם 660 מ"ל</ItemName>
      <ManufactureName>דיפלומט מפיצים (1986) בע`מ</ManufactureName>
      <ManufactureCountry />
      <ManufactureItemDescription />
      <UnitQty>'יח</UnitQty>
      <Quantity>6.60</Quantity>
      <UnitMeasure>ל-100 מ"ל</UnitMeasure>
      <BisWeighted>0</BisWeighted>
      <QtyInPackage>6</QtyInPackage>
      <ItemPrice>18.90</ItemPrice>
      <UnitOfMeasurePrice>2.86</UnitOfMeasurePrice>
      <AllowDiscount>1</AllowDiscount>
      <itemStatus>1</itemStatus>
      <LastUpdateDate />
      <LastUpdateTime />
    </Product>
    <Product>
      <PriceUpdateDate>2021/12/23 21:44</PriceUpdateDate>
      <ItemCode>8001090832610</ItemCode>
      <ItemType>1</ItemType>
      <ItemName>פנטן שמפו למגע רך כמשי 660 מ"ל</ItemName>
      <ManufactureName>דיפלומט מפיצים (1986) בע`מ</ManufactureName>
      <ManufactureCountry />
      <ManufactureItemDescription />
      <UnitQty>'יח</UnitQty>
      <Quantity>6.60</Quantity>
      <UnitMeasure>ל-100 מ"ל</UnitMeasure>
      <BisWeighted>0</BisWeighted>
      <QtyInPackage>6</QtyInPackage>
      <ItemPrice>18.90</ItemPrice>
      <UnitOfMeasurePrice>2.86</UnitOfMeasurePrice>
      <AllowDiscount>1</AllowDiscount>
      <itemStatus>1</itemStatus>
      <LastUpdateDate />
      <LastUpdateTime />
    </Product>
    <Product>
      <PriceUpdateDate>2021/12/23 21:44</PriceUpdateDate>
      <ItemCode>8001090832818</ItemCode>
      <ItemType>1</ItemType>
      <ItemName>פנטן מרכך נוסחה קלאסית 660 מ"ל</ItemName>
      <ManufactureName>דיפלומט מפיצים (1986) בע`מ</ManufactureName>
      <ManufactureCountry />
      <ManufactureItemDescription />
      <UnitQty>'יח</UnitQty>
      <Quantity>6.60</Quantity>
      <UnitMeasure>ל-100 מ"ל</UnitMeasure>
      <BisWeighted>0</BisWeighted>
      <QtyInPackage>6</QtyInPackage>
      <ItemPrice>18.90</ItemPrice>
      <UnitOfMeasurePrice>2.86</UnitOfMeasurePrice>
      <AllowDiscount>1</AllowDiscount>
      <itemStatus>1</itemStatus>
      <LastUpdateDate />
      <LastUpdateTime />
    </Product>
    <Product>
      <PriceUpdateDate>2021/12/23 21:44</PriceUpdateDate>
      <ItemCode>8001090832931</ItemCode>
      <ItemType>1</ItemType>
      <ItemName>פנטן מרכך למגע רך כמשי 660 מ"ל</ItemName>
      <ManufactureName>דיפלומט מפיצים (1986) בע`מ</ManufactureName>
      <ManufactureCountry />
      <ManufactureItemDescription />
      <UnitQty>'יח</UnitQty>
      <Quantity>6.60</Quantity>
      <UnitMeasure>ל-100 מ"ל</UnitMeasure>
      <BisWeighted>0</BisWeighted>
      <QtyInPackage>6</QtyInPackage>
      <ItemPrice>18.90</ItemPrice>
      <UnitOfMeasurePrice>2.86</UnitOfMeasurePrice>
      <AllowDiscount>1</AllowDiscount>
      <itemStatus>1</itemStatus>
      <LastUpdateDate />
      <LastUpdateTime />
    </Product>
    <Product>
      <PriceUpdateDate>2021/12/23 21:44</PriceUpdateDate>
      <ItemCode>8001090832979</ItemCode>
      <ItemType>1</ItemType>
      <ItemName>פנטן מרכך לתלתלים מושלמים 660 מ"ל</ItemName>
      <ManufactureName>דיפלומט מפיצים (1986) בע`מ</ManufactureName>
      <ManufactureCountry />
      <ManufactureItemDescription />
      <UnitQty>'יח</UnitQty>
      <Quantity>6.60</Quantity>
      <UnitMeasure>ל-100 מ"ל</UnitMeasure>
      <BisWeighted>0</BisWeighted>
      <QtyInPackage>6</QtyInPackage>
      <ItemPrice>18.90</ItemPrice>
      <UnitOfMeasurePrice>2.86</UnitOfMeasurePrice>
      <AllowDiscount>1</AllowDiscount>
      <itemStatus>1</itemStatus>
      <LastUpdateDate />
      <LastUpdateTime />
    </Product>
    <Product>
      <PriceUpdateDate>2021/01/21 17:30</PriceUpdateDate>
      <ItemCode>8001090833136</ItemCode>
      <ItemType>1</ItemType>
      <ItemName>אריאל נוזל כביסה בייבי 2.275</ItemName>
      <ManufactureName>דיפלומט מפיצים (1986) בע`מ</ManufactureName>
      <ManufactureCountry />
      <ManufactureItemDescription />
      <UnitQty>'יח</UnitQty>
      <Quantity>2.2250</Quantity>
      <UnitMeasure>ל-100 מ"ל</UnitMeasure>
      <BisWeighted>0</BisWeighted>
      <QtyInPackage>4</QtyInPackage>
      <ItemPrice>29.90</ItemPrice>
      <UnitOfMeasurePrice>13.44</UnitOfMeasurePrice>
      <AllowDiscount>0</AllowDiscount>
      <itemStatus>1</itemStatus>
      <LastUpdateDate />
      <LastUpdateTime />
    </Product>
    <Product>
      <PriceUpdateDate>2021/01/21 17:30</PriceUpdateDate>
      <ItemCode>8001090833198</ItemCode>
      <ItemType>1</ItemType>
      <ItemName>אריאל ג`ל 2.47 ל`בניחוח מרענן</ItemName>
      <ManufactureName>דיפלומט מפיצים (1986) בע`מ</ManufactureName>
      <ManufactureCountry />
      <ManufactureItemDescription />
      <UnitQty>'יח</UnitQty>
      <Quantity>2.3650</Quantity>
      <UnitMeasure>ל-100 מ"ל</UnitMeasure>
      <BisWeighted>0</BisWeighted>
      <QtyInPackage>4</QtyInPackage>
      <ItemPrice>29.90</ItemPrice>
      <UnitOfMeasurePrice>12.64</UnitOfMeasurePrice>
      <AllowDiscount>0</AllowDiscount>
      <itemStatus>1</itemStatus>
      <LastUpdateDate />
      <LastUpdateTime />
    </Product>
    <Product>
      <PriceUpdateDate>2021/01/21 17:30</PriceUpdateDate>
      <ItemCode>8001090833228</ItemCode>
      <ItemType>1</ItemType>
      <ItemName>אריאל ג`ל כביסה קולור 2.365 ל`</ItemName>
      <ManufactureName>דיפלומט מפיצים (1986) בע`מ</ManufactureName>
      <ManufactureCountry />
      <ManufactureItemDescription />
      <UnitQty>'יח</UnitQty>
      <Quantity>2.3650</Quantity>
      <UnitMeasure>ל-100 מ"ל</UnitMeasure>
      <BisWeighted>0</BisWeighted>
      <QtyInPackage>4</QtyInPackage>
      <ItemPrice>29.90</ItemPrice>
      <UnitOfMeasurePrice>12.64</UnitOfMeasurePrice>
      <AllowDiscount>0</AllowDiscount>
      <itemStatus>1</itemStatus>
      <LastUpdateDate />
      <LastUpdateTime />
    </Product>
    <Product>
      <PriceUpdateDate>2019/11/19 14:04</PriceUpdateDate>
      <ItemCode>8001090886460</ItemCode>
      <ItemType>1</ItemType>
      <ItemName>לנור כדוריות הבושם בניחוח אביבי  140 גר</ItemName>
      <ManufactureName>דיפלומט מפיצים (1986) בע`מ</ManufactureName>
      <ManufactureCountry />
      <ManufactureItemDescription />
      <UnitQty>'יח</UnitQty>
      <Quantity>1.40</Quantity>
      <UnitMeasure>ל-100 גרם</UnitMeasure>
      <BisWeighted>0</BisWeighted>
      <QtyInPackage>1</QtyInPackage>
      <ItemPrice>24.90</ItemPrice>
      <UnitOfMeasurePrice>17.79</UnitOfMeasurePrice>
      <AllowDiscount>0</AllowDiscount>
      <itemStatus>1</itemStatus>
      <LastUpdateDate />
      <LastUpdateTime />
    </Product>
    <Product>
      <PriceUpdateDate>2019/10/06 10:00</PriceUpdateDate>
      <ItemCode>8001090899224</ItemCode>
      <ItemType>1</ItemType>
      <ItemName>אולוויז פלטינום לונג 20 יח`</ItemName>
      <ManufactureName>דיפלומט מפיצים (1986) בע`מ</ManufactureName>
      <ManufactureCountry />
      <ManufactureItemDescription />
      <UnitQty>'יח</UnitQty>
      <Quantity>1</Quantity>
      <UnitMeasure>ל-100 גרם</UnitMeasure>
      <BisWeighted>0</BisWeighted>
      <QtyInPackage>1</QtyInPackage>
      <ItemPrice>19.90</ItemPrice>
      <UnitOfMeasurePrice>19.90</UnitOfMeasurePrice>
      <AllowDiscount>1</AllowDiscount>
      <itemStatus>1</itemStatus>
      <LastUpdateDate />
      <LastUpdateTime />
    </Product>
    <Product>
      <PriceUpdateDate>2019/10/06 10:00</PriceUpdateDate>
      <ItemCode>8001090899255</ItemCode>
      <ItemType>1</ItemType>
      <ItemName>אולוויז פלטינום לילה 16 יח`</ItemName>
      <ManufactureName>דיפלומט מפיצים (1986) בע`מ</ManufactureName>
      <ManufactureCountry />
      <ManufactureItemDescription />
      <UnitQty>'יח</UnitQty>
      <Quantity>1</Quantity>
      <UnitMeasure>ל-100 גרם</UnitMeasure>
      <BisWeighted>0</BisWeighted>
      <QtyInPackage>1</QtyInPackage>
      <ItemPrice>19.90</ItemPrice>
      <UnitOfMeasurePrice>19.90</UnitOfMeasurePrice>
      <AllowDiscount>1</AllowDiscount>
      <itemStatus>1</itemStatus>
      <LastUpdateDate />
      <LastUpdateTime />
    </Product>
    <Product>
      <PriceUpdateDate>2019/10/06 10:00</PriceUpdateDate>
      <ItemCode>8001090899286</ItemCode>
      <ItemType>1</ItemType>
      <ItemName>אולוויז פלטינום לילה בטוח 14יח`</ItemName>
      <ManufactureName>דיפלומט מפיצים (1986) בע`מ</ManufactureName>
      <ManufactureCountry />
      <ManufactureItemDescription />
      <UnitQty>'יח</UnitQty>
      <Quantity>1</Quantity>
      <UnitMeasure>ל-100 גרם</UnitMeasure>
      <BisWeighted>0</BisWeighted>
      <QtyInPackage>1</QtyInPackage>
      <ItemPrice>19.90</ItemPrice>
      <UnitOfMeasurePrice>19.90</UnitOfMeasurePrice>
      <AllowDiscount>1</AllowDiscount>
      <itemStatus>1</itemStatus>
      <LastUpdateDate />
      <LastUpdateTime />
    </Product>
    <Product>
      <PriceUpdateDate>2022/07/24 18:20</PriceUpdateDate>
      <ItemCode>8001160001786</ItemCode>
      <ItemType>1</ItemType>
      <ItemName>גטורייד ספורט כחול 500 מ"ל</ItemName>
      <ManufactureName>טמפו משקאות בע`מ</ManufactureName>
      <ManufactureCountry />
      <ManufactureItemDescription />
      <UnitQty>'יח</UnitQty>
      <Quantity>5</Quantity>
      <UnitMeasure>ל-100 מ"ל</UnitMeasure>
      <BisWeighted>0</BisWeighted>
      <QtyInPackage>1</QtyInPackage>
      <ItemPrice>9.90</ItemPrice>
      <UnitOfMeasurePrice>1.92</UnitOfMeasurePrice>
      <AllowDiscount>0</AllowDiscount>
      <itemStatus>1</itemStatus>
      <LastUpdateDate />
      <LastUpdateTime />
    </Product>
    <Product>
      <PriceUpdateDate>2022/07/24 18:20</PriceUpdateDate>
      <ItemCode>8001160001892</ItemCode>
      <ItemType>1</ItemType>
      <ItemName>גטורייד ספורט תפוז אדום 500 מ"ל</ItemName>
      <ManufactureName>טמפו משקאות בע`מ</ManufactureName>
      <ManufactureCountry />
      <ManufactureItemDescription />
      <UnitQty>'יח</UnitQty>
      <Quantity>5</Quantity>
      <UnitMeasure>ל-100 מ"ל</UnitMeasure>
      <BisWeighted>0</BisWeighted>
      <QtyInPackage>1</QtyInPackage>
      <ItemPrice>9.90</ItemPrice>
      <UnitOfMeasurePrice>1.92</UnitOfMeasurePrice>
      <AllowDiscount>0</AllowDiscount>
      <itemStatus>1</itemStatus>
      <LastUpdateDate />
      <LastUpdateTime />
    </Product>
    <Product>
      <PriceUpdateDate>2022/10/19 12:30</PriceUpdateDate>
      <ItemCode>8001244002555</ItemCode>
      <ItemType>1</ItemType>
      <ItemName>מתקן כביסה מתכת</ItemName>
      <ManufactureName>הום פרפקט ק.ד.מ בעמ</ManufactureName>
      <ManufactureCountry />
      <ManufactureItemDescription />
      <UnitQty>'יח</UnitQty>
      <Quantity>1</Quantity>
      <UnitMeasure />
      <BisWeighted>0</BisWeighted>
      <QtyInPackage>1</QtyInPackage>
      <ItemPrice>59.90</ItemPrice>
      <UnitOfMeasurePrice>59.90</UnitOfMeasurePrice>
      <AllowDiscount>0</AllowDiscount>
      <itemStatus>1</itemStatus>
      <LastUpdateDate />
      <LastUpdateTime />
    </Product>
    <Product>
      <PriceUpdateDate>2022/11/01 11:47</PriceUpdateDate>
      <ItemCode>8001541003040</ItemCode>
      <ItemType>1</ItemType>
      <ItemName>בסקוויט קירה ביסקו 500 גרם</ItemName>
      <ManufactureName>שחורי אריה ואנסטסיה</ManufactureName>
      <ManufactureCountry />
      <ManufactureItemDescription />
      <UnitQty>'יח</UnitQty>
      <Quantity>5</Quantity>
      <UnitMeasure>ל-100 גרם</UnitMeasure>
      <BisWeighted>0</BisWeighted>
      <QtyInPackage>1</QtyInPackage>
      <ItemPrice>24.90</ItemPrice>
      <UnitOfMeasurePrice>4.98</UnitOfMeasurePrice>
      <AllowDiscount>0</AllowDiscount>
      <itemStatus>1</itemStatus>
      <LastUpdateDate />
      <LastUpdateTime />
    </Product>
    <Product>
      <PriceUpdateDate>2022/11/01 11:47</PriceUpdateDate>
      <ItemCode>8001541003064</ItemCode>
      <ItemType>1</ItemType>
      <ItemName>בסקוויט קירה רולר 500 גרם</ItemName>
      <ManufactureName>שחורי אריה ואנסטסיה</ManufactureName>
      <ManufactureCountry />
      <ManufactureItemDescription />
      <UnitQty>'יח</UnitQty>
      <Quantity>5</Quantity>
      <UnitMeasure>ל-100 גרם</UnitMeasure>
      <BisWeighted>0</BisWeighted>
      <QtyInPackage>1</QtyInPackage>
      <ItemPrice>24.90</ItemPrice>
      <UnitOfMeasurePrice>4.98</UnitOfMeasurePrice>
      <AllowDiscount>0</AllowDiscount>
      <itemStatus>1</itemStatus>
      <LastUpdateDate />
      <LastUpdateTime />
    </Product>
    <Product>
      <PriceUpdateDate>2022/11/01 11:47</PriceUpdateDate>
      <ItemCode>8001541004023</ItemCode>
      <ItemType>1</ItemType>
      <ItemName>בסקוויט קירה טריז 500 גרם</ItemName>
      <ManufactureName>שחורי אריה ואנסטסיה</ManufactureName>
      <ManufactureCountry />
      <ManufactureItemDescription />
      <UnitQty>'יח</UnitQty>
      <Quantity>5</Quantity>
      <UnitMeasure>ל-100 גרם</UnitMeasure>
      <BisWeighted>0</BisWeighted>
      <QtyInPackage>1</QtyInPackage>
      <ItemPrice>24.90</ItemPrice>
      <UnitOfMeasurePrice>4.98</UnitOfMeasurePrice>
      <AllowDiscount>0</AllowDiscount>
      <itemStatus>1</itemStatus>
      <LastUpdateDate />
      <LastUpdateTime />
    </Product>
    <Product>
      <PriceUpdateDate>2022/11/01 11:47</PriceUpdateDate>
      <ItemCode>8001541004450</ItemCode>
      <ItemType>1</ItemType>
      <ItemName>בסקוויט קירה פרולי 500 גרם</ItemName>
      <ManufactureName>שחורי אריה ואנסטסיה</ManufactureName>
      <ManufactureCountry />
      <ManufactureItemDescription />
      <UnitQty>'יח</UnitQty>
      <Quantity>5</Quantity>
      <UnitMeasure>ל-100 גרם</UnitMeasure>
      <BisWeighted>0</BisWeighted>
      <QtyInPackage>1</QtyInPackage>
      <ItemPrice>24.90</ItemPrice>
      <UnitOfMeasurePrice>4.98</UnitOfMeasurePrice>
      <AllowDiscount>0</AllowDiscount>
      <itemStatus>1</itemStatus>
      <LastUpdateDate />
      <LastUpdateTime />
    </Product>
    <Product>
      <PriceUpdateDate>2022/11/01 11:47</PriceUpdateDate>
      <ItemCode>8001541004467</ItemCode>
      <ItemType>1</ItemType>
      <ItemName>בסקוויט קירה מיני 500 גרם</ItemName>
      <ManufactureName>שחורי אריה ואנסטסיה</ManufactureName>
      <ManufactureCountry />
      <ManufactureItemDescription />
      <UnitQty>'יח</UnitQty>
      <Quantity>5</Quantity>
      <UnitMeasure>ל-100 גרם</UnitMeasure>
      <BisWeighted>0</BisWeighted>
      <QtyInPackage>1</QtyInPackage>
      <ItemPrice>24.90</ItemPrice>
      <UnitOfMeasurePrice>4.98</UnitOfMeasurePrice>
      <AllowDiscount>0</AllowDiscount>
      <itemStatus>1</itemStatus>
      <LastUpdateDate />
      <LastUpdateTime />
    </Product>
    <Product>
      <PriceUpdateDate>2021/11/15 06:43</PriceUpdateDate>
      <ItemCode>8001620015629</ItemCode>
      <ItemType>1</ItemType>
      <ItemName>סן בנדטותפוז ותפוז אדום  400 מ"ל</ItemName>
      <ManufactureName>טמפו משקאות בע`מ</ManufactureName>
      <ManufactureCountry />
      <ManufactureItemDescription />
      <UnitQty>'יח</UnitQty>
      <Quantity>4</Quantity>
      <UnitMeasure>ל-100 מ"ל</UnitMeasure>
      <BisWeighted>0</BisWeighted>
      <QtyInPackage>1</QtyInPackage>
      <ItemPrice>5.90</ItemPrice>
      <UnitOfMeasurePrice>1.40</UnitOfMeasurePrice>
      <AllowDiscount>0</AllowDiscount>
      <itemStatus>1</itemStatus>
      <LastUpdateDate />
      <LastUpdateTime />
    </Product>
    <Product>
      <PriceUpdateDate>2021/05/02 15:17</PriceUpdateDate>
      <ItemCode>8001620015636</ItemCode>
      <ItemType>1</ItemType>
      <ItemName>סן בנדטו מיקס פירות  400 מ"ל</ItemName>
      <ManufactureName>טמפו משקאות בע`מ</ManufactureName>
      <ManufactureCountry />
      <ManufactureItemDescription />
      <UnitQty>'יח</UnitQty>
      <Quantity>4</Quantity>
      <UnitMeasure>ל-100 מ"ל</UnitMeasure>
      <BisWeighted>0</BisWeighted>
      <QtyInPackage>1</QtyInPackage>
      <ItemPrice>5.90</ItemPrice>
      <UnitOfMeasurePrice>1.40</UnitOfMeasurePrice>
      <AllowDiscount>0</AllowDiscount>
      <itemStatus>1</itemStatus>
      <LastUpdateDate />
      <LastUpdateTime />
    </Product>
    <Product>
      <PriceUpdateDate>2022/08/10 18:14</PriceUpdateDate>
      <ItemCode>8001841375762</ItemCode>
      <ItemType>1</ItemType>
      <ItemName>מרכך לנור גולד 750 מ"ל</ItemName>
      <ManufactureName>איינשטיין צור-יבוא-יצוא וסחר ב</ManufactureName>
      <ManufactureCountry />
      <ManufactureItemDescription />
      <UnitQty>'יח</UnitQty>
      <Quantity>7.50</Quantity>
      <UnitMeasure>ל-100 מ"ל</UnitMeasure>
      <BisWeighted>0</BisWeighted>
      <QtyInPackage>1</QtyInPackage>
      <ItemPrice>12.90</ItemPrice>
      <UnitOfMeasurePrice>1.72</UnitOfMeasurePrice>
      <AllowDiscount>1</AllowDiscount>
      <itemStatus>1</itemStatus>
      <LastUpdateDate />
      <LastUpdateTime />
    </Product>
    <Product>
      <PriceUpdateDate>2022/08/10 18:14</PriceUpdateDate>
      <ItemCode>8001841375809</ItemCode>
      <ItemType>1</ItemType>
      <ItemName>מרכך לנור סגול 750 מ"ל</ItemName>
      <ManufactureName>איינשטיין צור-יבוא-יצוא וסחר ב</ManufactureName>
      <ManufactureCountry />
      <ManufactureItemDescription />
      <UnitQty>'יח</UnitQty>
      <Quantity>7.50</Quantity>
      <UnitMeasure>ל-100 מ"ל</UnitMeasure>
      <BisWeighted>0</BisWeighted>
      <QtyInPackage>1</QtyInPackage>
      <ItemPrice>12.90</ItemPrice>
      <UnitOfMeasurePrice>1.72</UnitOfMeasurePrice>
      <AllowDiscount>1</AllowDiscount>
      <itemStatus>1</itemStatus>
      <LastUpdateDate />
      <LastUpdateTime />
    </Product>
    <Product>
      <PriceUpdateDate>2022/08/10 18:14</PriceUpdateDate>
      <ItemCode>8001841376042</ItemCode>
      <ItemType>1</ItemType>
      <ItemName>מרכך לנור שחור 750 מ"ל</ItemName>
      <ManufactureName>איינשטיין צור-יבוא-יצוא וסחר ב</ManufactureName>
      <ManufactureCountry />
      <ManufactureItemDescription />
      <UnitQty>'יח</UnitQty>
      <Quantity>7.50</Quantity>
      <UnitMeasure>ל-100 מ"ל</UnitMeasure>
      <BisWeighted>0</BisWeighted>
      <QtyInPackage>1</QtyInPackage>
      <ItemPrice>12.90</ItemPrice>
      <UnitOfMeasurePrice>1.72</UnitOfMeasurePrice>
      <AllowDiscount>1</AllowDiscount>
      <itemStatus>1</itemStatus>
      <LastUpdateDate />
      <LastUpdateTime />
    </Product>
    <Product>
      <PriceUpdateDate>2020/06/15 15:04</PriceUpdateDate>
      <ItemCode>8001841427126</ItemCode>
      <ItemType>1</ItemType>
      <ItemName>מגן תחתון אולוויז מגה פק נורמל 64 יח`</ItemName>
      <ManufactureName>דיפלומט מפיצים (1986) בע`מ</ManufactureName>
      <ManufactureCountry />
      <ManufactureItemDescription />
      <UnitQty>'יח</UnitQty>
      <Quantity>1</Quantity>
      <UnitMeasure>ל-100 גרם</UnitMeasure>
      <BisWeighted>0</BisWeighted>
      <QtyInPackage>1</QtyInPackage>
      <ItemPrice>19.90</ItemPrice>
      <UnitOfMeasurePrice>19.90</UnitOfMeasurePrice>
      <AllowDiscount>1</AllowDiscount>
      <itemStatus>1</itemStatus>
      <LastUpdateDate />
      <LastUpdateTime />
    </Product>
    <Product>
      <PriceUpdateDate>2020/05/26 16:06</PriceUpdateDate>
      <ItemCode>8001841625461</ItemCode>
      <ItemType>1</ItemType>
      <ItemName>פיירי פלטינום אורגינל החדש 515 מ"ל</ItemName>
      <ManufactureName>דיפלומט מפיצים (1986) בע`מ</ManufactureName>
      <ManufactureCountry />
      <ManufactureItemDescription />
      <UnitQty>'יח</UnitQty>
      <Quantity>5.15</Quantity>
      <UnitMeasure>ל-100 מ"ל</UnitMeasure>
      <BisWeighted>0</BisWeighted>
      <QtyInPackage>1</QtyInPackage>
      <ItemPrice>10.90</ItemPrice>
      <UnitOfMeasurePrice>2.12</UnitOfMeasurePrice>
      <AllowDiscount>1</AllowDiscount>
      <itemStatus>1</itemStatus>
      <LastUpdateDate />
      <LastUpdateTime />
    </Product>
    <Product>
      <PriceUpdateDate>2021/05/28 06:38</PriceUpdateDate>
      <ItemCode>8001841716596</ItemCode>
      <ItemType>1</ItemType>
      <ItemName>שולדרס ג`ל רחצה ושמפו מרענן  360 מ"ל</ItemName>
      <ManufactureName>דיפלומט מפיצים (1986) בע`מ</ManufactureName>
      <ManufactureCountry />
      <ManufactureItemDescription />
      <UnitQty>'יח</UnitQty>
      <Quantity>5</Quantity>
      <UnitMeasure>ל-100 מ"ל</UnitMeasure>
      <BisWeighted>0</BisWeighted>
      <QtyInPackage>6</QtyInPackage>
      <ItemPrice>19.90</ItemPrice>
      <UnitOfMeasurePrice>3.98</UnitOfMeasurePrice>
      <AllowDiscount>0</AllowDiscount>
      <itemStatus>1</itemStatus>
      <LastUpdateDate />
      <LastUpdateTime />
    </Product>
    <Product>
      <PriceUpdateDate>2021/08/05 16:06</PriceUpdateDate>
      <ItemCode>8001841893990</ItemCode>
      <ItemType>1</ItemType>
      <ItemName>טבליות למדיח פלטינום פלוס 30 טבליות</ItemName>
      <ManufactureName>דיפלומט מפיצים (1986) בע`מ</ManufactureName>
      <ManufactureCountry />
      <ManufactureItemDescription />
      <UnitQty>'יח</UnitQty>
      <Quantity>1</Quantity>
      <UnitMeasure />
      <BisWeighted>0</BisWeighted>
      <QtyInPackage>4</QtyInPackage>
      <ItemPrice>34.90</ItemPrice>
      <UnitOfMeasurePrice>34.90</UnitOfMeasurePrice>
      <AllowDiscount>0</AllowDiscount>
      <itemStatus>1</itemStatus>
      <LastUpdateDate />
      <LastUpdateTime />
    </Product>
    <Product>
      <PriceUpdateDate>2021/10/13 07:03</PriceUpdateDate>
      <ItemCode>8001841941929</ItemCode>
      <ItemType>1</ItemType>
      <ItemName>אלוויז תחבושות לילה 16 יח`</ItemName>
      <ManufactureName>דיפלומט מפיצים (1986) בע`מ</ManufactureName>
      <ManufactureCountry />
      <ManufactureItemDescription />
      <UnitQty>'יח</UnitQty>
      <Quantity>1</Quantity>
      <UnitMeasure>ל-100 גרם</UnitMeasure>
      <BisWeighted>0</BisWeighted>
      <QtyInPackage>1</QtyInPackage>
      <ItemPrice>19.90</ItemPrice>
      <UnitOfMeasurePrice>19.90</UnitOfMeasurePrice>
      <AllowDiscount>1</AllowDiscount>
      <itemStatus>1</itemStatus>
      <LastUpdateDate />
      <LastUpdateTime />
    </Product>
    <Product>
      <PriceUpdateDate>2021/08/05 16:06</PriceUpdateDate>
      <ItemCode>8001841958460</ItemCode>
      <ItemType>1</ItemType>
      <ItemName>פיירי טבליות למדיח פלטינום 48 יח`</ItemName>
      <ManufactureName>דיפלומט מפיצים (1986) בע`מ</ManufactureName>
      <ManufactureCountry />
      <ManufactureItemDescription />
      <UnitQty>'יח</UnitQty>
      <Quantity>1</Quantity>
      <UnitMeasure />
      <BisWeighted>0</BisWeighted>
      <QtyInPackage>4</QtyInPackage>
      <ItemPrice>34.90</ItemPrice>
      <UnitOfMeasurePrice>34.90</UnitOfMeasurePrice>
      <AllowDiscount>0</AllowDiscount>
      <itemStatus>1</itemStatus>
      <LastUpdateDate />
      <LastUpdateTime />
    </Product>
    <Product>
      <PriceUpdateDate>2022/11/01 11:46</PriceUpdateDate>
      <ItemCode>8002205319835</ItemCode>
      <ItemType>1</ItemType>
      <ItemName>ONE חתול בוגר סלמון 800</ItemName>
      <ManufactureName>שחורי אריה ואנסטסיה</ManufactureName>
      <ManufactureCountry />
      <ManufactureItemDescription />
      <UnitQty>'יח</UnitQty>
      <Quantity>8</Quantity>
      <UnitMeasure>ל-100 גרם</UnitMeasure>
      <BisWeighted>0</BisWeighted>
      <QtyInPackage>1</QtyInPackage>
      <ItemPrice>39.90</ItemPrice>
      <UnitOfMeasurePrice>4.99</UnitOfMeasurePrice>
      <AllowDiscount>0</AllowDiscount>
      <itemStatus>1</itemStatus>
      <LastUpdateDate />
      <LastUpdateTime />
    </Product>
    <Product>
      <PriceUpdateDate>2022/11/01 11:46</PriceUpdateDate>
      <ItemCode>8002205319903</ItemCode>
      <ItemType>1</ItemType>
      <ItemName>ONE חתול בוגר עוף 800גרם</ItemName>
      <ManufactureName>שחורי אריה ואנסטסיה</ManufactureName>
      <ManufactureCountry />
      <ManufactureItemDescription />
      <UnitQty>'יח</UnitQty>
      <Quantity>8</Quantity>
      <UnitMeasure>ל-100 גרם</UnitMeasure>
      <BisWeighted>0</BisWeighted>
      <QtyInPackage>1</QtyInPackage>
      <ItemPrice>39.90</ItemPrice>
      <UnitOfMeasurePrice>4.99</UnitOfMeasurePrice>
      <AllowDiscount>0</AllowDiscount>
      <itemStatus>1</itemStatus>
      <LastUpdateDate />
      <LastUpdateTime />
    </Product>
    <Product>
      <PriceUpdateDate>2022/07/07 19:37</PriceUpdateDate>
      <ItemCode>8002270866524</ItemCode>
      <ItemType>1</ItemType>
      <ItemName>סאן פלגרינו 1ל</ItemName>
      <ManufactureName>טמפו משקאות בע`מ</ManufactureName>
      <ManufactureCountry />
      <ManufactureItemDescription />
      <UnitQty>'יח</UnitQty>
      <Quantity>10</Quantity>
      <UnitMeasure>ל-100 מ"ל</UnitMeasure>
      <BisWeighted>0</BisWeighted>
      <QtyInPackage>6</QtyInPackage>
      <ItemPrice>8.90</ItemPrice>
      <UnitOfMeasurePrice>0.86</UnitOfMeasurePrice>
      <AllowDiscount>0</AllowDiscount>
      <itemStatus>1</itemStatus>
      <LastUpdateDate />
      <LastUpdateTime />
    </Product>
    <Product>
      <PriceUpdateDate>2022/11/01 11:47</PriceUpdateDate>
      <ItemCode>8003507975866</ItemCode>
      <ItemType>1</ItemType>
      <ItemName>שירותים סגורים קטי</ItemName>
      <ManufactureName>שחורי אריה ואנסטסיה</ManufactureName>
      <ManufactureCountry />
      <ManufactureItemDescription />
      <UnitQty>'יח</UnitQty>
      <Quantity>1</Quantity>
      <UnitMeasure />
      <BisWeighted>0</BisWeighted>
      <QtyInPackage>1</QtyInPackage>
      <ItemPrice>99.90</ItemPrice>
      <UnitOfMeasurePrice>99.90</UnitOfMeasurePrice>
      <AllowDiscount>0</AllowDiscount>
      <itemStatus>1</itemStatus>
      <LastUpdateDate />
      <LastUpdateTime />
    </Product>
    <Product>
      <PriceUpdateDate>2019/05/26 21:38</PriceUpdateDate>
      <ItemCode>8004030102033</ItemCode>
      <ItemType>1</ItemType>
      <ItemName>טונה ריו בשמן זית עם לימון ופלפל 3יח*8</ItemName>
      <ManufactureName>ש. שסטוביץ בע`מ</ManufactureName>
      <ManufactureCountry />
      <ManufactureItemDescription />
      <UnitQty>'יח</UnitQty>
      <Quantity>2.40</Quantity>
      <UnitMeasure>ל-100 גרם</UnitMeasure>
      <BisWeighted>0</BisWeighted>
      <QtyInPackage>1</QtyInPackage>
      <ItemPrice>25.90</ItemPrice>
      <UnitOfMeasurePrice>10.79</UnitOfMeasurePrice>
      <AllowDiscount>0</AllowDiscount>
      <itemStatus>1</itemStatus>
      <LastUpdateDate />
      <LastUpdateTime />
    </Product>
    <Product>
      <PriceUpdateDate>2022/10/18 16:50</PriceUpdateDate>
      <ItemCode>8005110002243</ItemCode>
      <ItemType>1</ItemType>
      <ItemName>רכז עגבניות בשפורפרת מוטי 185 גר`</ItemName>
      <ManufactureName>רסטרטו יבוא ושיווק בעמ</ManufactureName>
      <ManufactureCountry />
      <ManufactureItemDescription />
      <UnitQty>'יח</UnitQty>
      <Quantity>1.85</Quantity>
      <UnitMeasure>ל-100 גרם</UnitMeasure>
      <BisWeighted>0</BisWeighted>
      <QtyInPackage>1</QtyInPackage>
      <ItemPrice>7.90</ItemPrice>
      <UnitOfMeasurePrice>4.27</UnitOfMeasurePrice>
      <AllowDiscount>0</AllowDiscount>
      <itemStatus>1</itemStatus>
      <LastUpdateDate />
      <LastUpdateTime />
    </Product>
    <Product>
      <PriceUpdateDate>2020/10/07 08:29</PriceUpdateDate>
      <ItemCode>8005110170300</ItemCode>
      <ItemType>1</ItemType>
      <ItemName>מוטי עגבניות שלישייה חתוכות 400 גרם</ItemName>
      <ManufactureName>רסטרטו יבוא ושיווק בעמ</ManufactureName>
      <ManufactureCountry />
      <ManufactureItemDescription />
      <UnitQty>'יח</UnitQty>
      <Quantity>4</Quantity>
      <UnitMeasure>ל-100 גרם</UnitMeasure>
      <BisWeighted>0</BisWeighted>
      <QtyInPackage>1</QtyInPackage>
      <ItemPrice>16.90</ItemPrice>
      <UnitOfMeasurePrice>4.23</UnitOfMeasurePrice>
      <AllowDiscount>0</AllowDiscount>
      <itemStatus>1</itemStatus>
      <LastUpdateDate />
      <LastUpdateTime />
    </Product>
    <Product>
      <PriceUpdateDate>2020/10/07 08:29</PriceUpdateDate>
      <ItemCode>8005110171215</ItemCode>
      <ItemType>1</ItemType>
      <ItemName>עגבניות חתוכות 690 גרם מוטי</ItemName>
      <ManufactureName>רסטרטו יבוא ושיווק בעמ</ManufactureName>
      <ManufactureCountry />
      <ManufactureItemDescription />
      <UnitQty>'יח</UnitQty>
      <Quantity>6.90</Quantity>
      <UnitMeasure>ל-100 גרם</UnitMeasure>
      <BisWeighted>0</BisWeighted>
      <QtyInPackage>1</QtyInPackage>
      <ItemPrice>13.90</ItemPrice>
      <UnitOfMeasurePrice>2.01</UnitOfMeasurePrice>
      <AllowDiscount>0</AllowDiscount>
      <itemStatus>1</itemStatus>
      <LastUpdateDate />
      <LastUpdateTime />
    </Product>
    <Product>
      <PriceUpdateDate>2022/03/01 09:05</PriceUpdateDate>
      <ItemCode>8005110191015</ItemCode>
      <ItemType>1</ItemType>
      <ItemName>רסק עגבניות ובזיליקום 700 גר` מוטי</ItemName>
      <ManufactureName>רסטרטו יבוא ושיווק בעמ</ManufactureName>
      <ManufactureCountry />
      <ManufactureItemDescription />
      <UnitQty>'יח</UnitQty>
      <Quantity>7</Quantity>
      <UnitMeasure>ל-100 גרם</UnitMeasure>
      <BisWeighted>0</BisWeighted>
      <QtyInPackage>1</QtyInPackage>
      <ItemPrice>11.90</ItemPrice>
      <UnitOfMeasurePrice>1.70</UnitOfMeasurePrice>
      <AllowDiscount>0</AllowDiscount>
      <itemStatus>1</itemStatus>
      <LastUpdateDate />
      <LastUpdateTime />
    </Product>
    <Product>
      <PriceUpdateDate>2022/05/09 20:24</PriceUpdateDate>
      <ItemCode>8005110550508</ItemCode>
      <ItemType>1</ItemType>
      <ItemName>עגבניות שרי MUTTI 400 גרם</ItemName>
      <ManufactureName>רסטרטו יבוא ושיווק בעמ</ManufactureName>
      <ManufactureCountry />
      <ManufactureItemDescription />
      <UnitQty>'יח</UnitQty>
      <Quantity>4</Quantity>
      <UnitMeasure>ל-100 גרם</UnitMeasure>
      <BisWeighted>0</BisWeighted>
      <QtyInPackage>1</QtyInPackage>
      <ItemPrice>9.90</ItemPrice>
      <UnitOfMeasurePrice>2.48</UnitOfMeasurePrice>
      <AllowDiscount>0</AllowDiscount>
      <itemStatus>1</itemStatus>
      <LastUpdateDate />
      <LastUpdateTime />
    </Product>
    <Product>
      <PriceUpdateDate>2022/10/18 16:50</PriceUpdateDate>
      <ItemCode>8005110551253</ItemCode>
      <ItemType>1</ItemType>
      <ItemName>רוטב לפיצה MUTTI 400 גרם</ItemName>
      <ManufactureName>רסטרטו יבוא ושיווק בעמ</ManufactureName>
      <ManufactureCountry />
      <ManufactureItemDescription />
      <UnitQty>'יח</UnitQty>
      <Quantity>1</Quantity>
      <UnitMeasure>'יח</UnitMeasure>
      <BisWeighted>0</BisWeighted>
      <QtyInPackage>1</QtyInPackage>
      <ItemPrice>8.90</ItemPrice>
      <UnitOfMeasurePrice>8.90</UnitOfMeasurePrice>
      <AllowDiscount>0</AllowDiscount>
      <itemStatus>1</itemStatus>
      <LastUpdateDate />
      <LastUpdateTime />
    </Product>
    <Product>
      <PriceUpdateDate>2022/07/18 20:29</PriceUpdateDate>
      <ItemCode>8005200286584</ItemCode>
      <ItemType>1</ItemType>
      <ItemName>תה קר נסטי מנגו אננס 1.5 ליטר פיקדון</ItemName>
      <ManufactureName>טמפו משקאות בע`מ</ManufactureName>
      <ManufactureCountry />
      <ManufactureItemDescription />
      <UnitQty>'יח</UnitQty>
      <Quantity>15</Quantity>
      <UnitMeasure>ל-100 מ"ל</UnitMeasure>
      <BisWeighted>0</BisWeighted>
      <QtyInPackage>6</QtyInPackage>
      <ItemPrice>7.90</ItemPrice>
      <UnitOfMeasurePrice>0.51</UnitOfMeasurePrice>
      <AllowDiscount>1</AllowDiscount>
      <itemStatus>1</itemStatus>
      <LastUpdateDate />
      <LastUpdateTime />
    </Product>
    <Product>
      <PriceUpdateDate>2022/07/07 19:37</PriceUpdateDate>
      <ItemCode>8005200316588</ItemCode>
      <ItemType>1</ItemType>
      <ItemName>תה קר נסטי אפרסק דיאט 1.5 ליטר פיקדון</ItemName>
      <ManufactureName>טמפו משקאות בע`מ</ManufactureName>
      <ManufactureCountry />
      <ManufactureItemDescription />
      <UnitQty>'יח</UnitQty>
      <Quantity>15</Quantity>
      <UnitMeasure>ל-100 מ"ל</UnitMeasure>
      <BisWeighted>0</BisWeighted>
      <QtyInPackage>12</QtyInPackage>
      <ItemPrice>7.90</ItemPrice>
      <UnitOfMeasurePrice>0.51</UnitOfMeasurePrice>
      <AllowDiscount>1</AllowDiscount>
      <itemStatus>1</itemStatus>
      <LastUpdateDate />
      <LastUpdateTime />
    </Product>
    <Product>
      <PriceUpdateDate>2021/09/17 06:37</PriceUpdateDate>
      <ItemCode>8006540091906</ItemCode>
      <ItemType>1</ItemType>
      <ItemName>לנור כדוריות הבושם בניחוח אריאל 140 גר</ItemName>
      <ManufactureName>דיפלומט מפיצים (1986) בע`מ</ManufactureName>
      <ManufactureCountry />
      <ManufactureItemDescription />
      <UnitQty>'יח</UnitQty>
      <Quantity>1.40</Quantity>
      <UnitMeasure>ל-100 גרם</UnitMeasure>
      <BisWeighted>0</BisWeighted>
      <QtyInPackage>1</QtyInPackage>
      <ItemPrice>24.90</ItemPrice>
      <UnitOfMeasurePrice>17.79</UnitOfMeasurePrice>
      <AllowDiscount>0</AllowDiscount>
      <itemStatus>1</itemStatus>
      <LastUpdateDate />
      <LastUpdateTime />
    </Product>
    <Product>
      <PriceUpdateDate>2021/04/21 15:20</PriceUpdateDate>
      <ItemCode>8006540112793</ItemCode>
      <ItemType>1</ItemType>
      <ItemName>לנור מרכך מרוכז בניחוח יסמין 900 מ"</ItemName>
      <ManufactureName>דיפלומט מפיצים (1986) בע`מ</ManufactureName>
      <ManufactureCountry />
      <ManufactureItemDescription />
      <UnitQty>'יח</UnitQty>
      <Quantity>9</Quantity>
      <UnitMeasure>ל-100 מ"ל</UnitMeasure>
      <BisWeighted>0</BisWeighted>
      <QtyInPackage>1</QtyInPackage>
      <ItemPrice>16.90</ItemPrice>
      <UnitOfMeasurePrice>1.88</UnitOfMeasurePrice>
      <AllowDiscount>1</AllowDiscount>
      <itemStatus>1</itemStatus>
      <LastUpdateDate />
      <LastUpdateTime />
    </Product>
    <Product>
      <PriceUpdateDate>2022/05/22 15:35</PriceUpdateDate>
      <ItemCode>8006540383018</ItemCode>
      <ItemType>1</ItemType>
      <ItemName>פיירי טבליות פלטינום פלוס דפי קלין 23 יח</ItemName>
      <ManufactureName>דיפלומט מפיצים (1986) בע`מ</ManufactureName>
      <ManufactureCountry />
      <ManufactureItemDescription />
      <UnitQty>'יח</UnitQty>
      <Quantity>1</Quantity>
      <UnitMeasure />
      <BisWeighted>0</BisWeighted>
      <QtyInPackage>4</QtyInPackage>
      <ItemPrice>34.90</ItemPrice>
      <UnitOfMeasurePrice>34.90</UnitOfMeasurePrice>
      <AllowDiscount>0</AllowDiscount>
      <itemStatus>1</itemStatus>
      <LastUpdateDate />
      <LastUpdateTime />
    </Product>
    <Product>
      <PriceUpdateDate>2022/10/31 14:54</PriceUpdateDate>
      <ItemCode>8006540404850</ItemCode>
      <ItemType>1</ItemType>
      <ItemName>אולוויז תחבושות דיסקרט נורמל 10 יח`</ItemName>
      <ManufactureName>דיפלומט מפיצים (1986) בע`מ</ManufactureName>
      <ManufactureCountry />
      <ManufactureItemDescription />
      <UnitQty>'יח</UnitQty>
      <Quantity>1</Quantity>
      <UnitMeasure />
      <BisWeighted>0</BisWeighted>
      <QtyInPackage>5</QtyInPackage>
      <ItemPrice>19.90</ItemPrice>
      <UnitOfMeasurePrice>19.90</UnitOfMeasurePrice>
      <AllowDiscount>0</AllowDiscount>
      <itemStatus>1</itemStatus>
      <LastUpdateDate />
      <LastUpdateTime />
    </Product>
    <Product>
      <PriceUpdateDate>2022/10/31 14:54</PriceUpdateDate>
      <ItemCode>8006540404935</ItemCode>
      <ItemType>1</ItemType>
      <ItemName>אולוויז תחבושות דיסקרט נורמל 12 יח`</ItemName>
      <ManufactureName>דיפלומט מפיצים (1986) בע`מ</ManufactureName>
      <ManufactureCountry />
      <ManufactureItemDescription />
      <UnitQty>'יח</UnitQty>
      <Quantity>1</Quantity>
      <UnitMeasure />
      <BisWeighted>0</BisWeighted>
      <QtyInPackage>1</QtyInPackage>
      <ItemPrice>19.90</ItemPrice>
      <UnitOfMeasurePrice>19.90</UnitOfMeasurePrice>
      <AllowDiscount>0</AllowDiscount>
      <itemStatus>1</itemStatus>
      <LastUpdateDate />
      <LastUpdateTime />
    </Product>
    <Product>
      <PriceUpdateDate>2021/11/22 07:15</PriceUpdateDate>
      <ItemCode>8006540425930</ItemCode>
      <ItemType>1</ItemType>
      <ItemName>אריאל קפסולות לכמים קשים 24 יח</ItemName>
      <ManufactureName>דיפלומט מפיצים (1986) בע`מ</ManufactureName>
      <ManufactureCountry />
      <ManufactureItemDescription />
      <UnitQty>'יח</UnitQty>
      <Quantity>1</Quantity>
      <UnitMeasure>ל-100 גרם</UnitMeasure>
      <BisWeighted>0</BisWeighted>
      <QtyInPackage>3</QtyInPackage>
      <ItemPrice>34.90</ItemPrice>
      <UnitOfMeasurePrice>34.90</UnitOfMeasurePrice>
      <AllowDiscount>0</AllowDiscount>
      <itemStatus>1</itemStatus>
      <LastUpdateDate />
      <LastUpdateTime />
    </Product>
    <Product>
      <PriceUpdateDate>2022/05/03 07:46</PriceUpdateDate>
      <ItemCode>8006540491539</ItemCode>
      <ItemType>1</ItemType>
      <ItemName>פיירי פלטינום 780 מ"ל</ItemName>
      <ManufactureName>דיפלומט מפיצים (1986) בע`מ</ManufactureName>
      <ManufactureCountry />
      <ManufactureItemDescription />
      <UnitQty>'יח</UnitQty>
      <Quantity>7.80</Quantity>
      <UnitMeasure>ל-100 מ"ל</UnitMeasure>
      <BisWeighted>0</BisWeighted>
      <QtyInPackage>1</QtyInPackage>
      <ItemPrice>12.90</ItemPrice>
      <UnitOfMeasurePrice>1.65</UnitOfMeasurePrice>
      <AllowDiscount>1</AllowDiscount>
      <itemStatus>1</itemStatus>
      <LastUpdateDate />
      <LastUpdateTime />
    </Product>
    <Product>
      <PriceUpdateDate>2022/07/24 18:02</PriceUpdateDate>
      <ItemCode>8006540566701</ItemCode>
      <ItemType>1</ItemType>
      <ItemName>אריאל ג`ל כתמים קשים 1.925 ק</ItemName>
      <ManufactureName>דיפלומט מפיצים (1986) בע`מ</ManufactureName>
      <ManufactureCountry />
      <ManufactureItemDescription />
      <UnitQty>'יח</UnitQty>
      <Quantity>2.2250</Quantity>
      <UnitMeasure>ל-100 מ"ל</UnitMeasure>
      <BisWeighted>0</BisWeighted>
      <QtyInPackage>4</QtyInPackage>
      <ItemPrice>29.90</ItemPrice>
      <UnitOfMeasurePrice>13.44</UnitOfMeasurePrice>
      <AllowDiscount>0</AllowDiscount>
      <itemStatus>1</itemStatus>
      <LastUpdateDate />
      <LastUpdateTime />
    </Product>
    <Product>
      <PriceUpdateDate>2022/11/01 11:47</PriceUpdateDate>
      <ItemCode>8007520013017</ItemCode>
      <ItemType>1</ItemType>
      <ItemName>מור ש.מעדן חתול סלמון 100 גר`</ItemName>
      <ManufactureName>שחורי אריה ואנסטסיה</ManufactureName>
      <ManufactureCountry />
      <ManufactureItemDescription />
      <UnitQty>'יח</UnitQty>
      <Quantity>1</Quantity>
      <UnitMeasure>ל-100 גרם</UnitMeasure>
      <BisWeighted>0</BisWeighted>
      <QtyInPackage>1</QtyInPackage>
      <ItemPrice>5.90</ItemPrice>
      <UnitOfMeasurePrice>5.90</UnitOfMeasurePrice>
      <AllowDiscount>0</AllowDiscount>
      <itemStatus>1</itemStatus>
      <LastUpdateDate />
      <LastUpdateTime />
    </Product>
    <Product>
      <PriceUpdateDate>2022/11/01 11:47</PriceUpdateDate>
      <ItemCode>8007520013024</ItemCode>
      <ItemType>1</ItemType>
      <ItemName>מור ש.מעדן חתול כבש וכבד 100 גר`</ItemName>
      <ManufactureName>שחורי אריה ואנסטסיה</ManufactureName>
      <ManufactureCountry />
      <ManufactureItemDescription />
      <UnitQty>'יח</UnitQty>
      <Quantity>1</Quantity>
      <UnitMeasure>ל-100 גרם</UnitMeasure>
      <BisWeighted>0</BisWeighted>
      <QtyInPackage>1</QtyInPackage>
      <ItemPrice>5.90</ItemPrice>
      <UnitOfMeasurePrice>5.90</UnitOfMeasurePrice>
      <AllowDiscount>0</AllowDiscount>
      <itemStatus>1</itemStatus>
      <LastUpdateDate />
      <LastUpdateTime />
    </Product>
    <Product>
      <PriceUpdateDate>2022/11/01 11:47</PriceUpdateDate>
      <ItemCode>8007520013031</ItemCode>
      <ItemType>1</ItemType>
      <ItemName>מור ש.מעדן חתול צייד 100 גר`</ItemName>
      <ManufactureName>שחורי אריה ואנסטסיה</ManufactureName>
      <ManufactureCountry />
      <ManufactureItemDescription />
      <UnitQty>'יח</UnitQty>
      <Quantity>1</Quantity>
      <UnitMeasure>ל-100 גרם</UnitMeasure>
      <BisWeighted>0</BisWeighted>
      <QtyInPackage>1</QtyInPackage>
      <ItemPrice>5.90</ItemPrice>
      <UnitOfMeasurePrice>5.90</UnitOfMeasurePrice>
      <AllowDiscount>0</AllowDiscount>
      <itemStatus>1</itemStatus>
      <LastUpdateDate />
      <LastUpdateTime />
    </Product>
    <Product>
      <PriceUpdateDate>2022/11/01 11:47</PriceUpdateDate>
      <ItemCode>8007520013055</ItemCode>
      <ItemType>1</ItemType>
      <ItemName>מור ש.מעדן חתול עוף וארנבת 100 גר`</ItemName>
      <ManufactureName>שחורי אריה ואנסטסיה</ManufactureName>
      <ManufactureCountry />
      <ManufactureItemDescription />
      <UnitQty>'יח</UnitQty>
      <Quantity>1</Quantity>
      <UnitMeasure>ל-100 גרם</UnitMeasure>
      <BisWeighted>0</BisWeighted>
      <QtyInPackage>1</QtyInPackage>
      <ItemPrice>5.90</ItemPrice>
      <UnitOfMeasurePrice>5.90</UnitOfMeasurePrice>
      <AllowDiscount>0</AllowDiscount>
      <itemStatus>1</itemStatus>
      <LastUpdateDate />
      <LastUpdateTime />
    </Product>
    <Product>
      <PriceUpdateDate>2022/11/01 11:47</PriceUpdateDate>
      <ItemCode>8007520013062</ItemCode>
      <ItemType>1</ItemType>
      <ItemName>מור ש.מעדן חתול בקר ולב 100 גר`</ItemName>
      <ManufactureName>שחורי אריה ואנסטסיה</ManufactureName>
      <ManufactureCountry />
      <ManufactureItemDescription />
      <UnitQty>'יח</UnitQty>
      <Quantity>1</Quantity>
      <UnitMeasure>ל-100 גרם</UnitMeasure>
      <BisWeighted>0</BisWeighted>
      <QtyInPackage>1</QtyInPackage>
      <ItemPrice>5.90</ItemPrice>
      <UnitOfMeasurePrice>5.90</UnitOfMeasurePrice>
      <AllowDiscount>0</AllowDiscount>
      <itemStatus>1</itemStatus>
      <LastUpdateDate />
      <LastUpdateTime />
    </Product>
    <Product>
      <PriceUpdateDate>2022/11/01 11:47</PriceUpdateDate>
      <ItemCode>8007520014014</ItemCode>
      <ItemType>1</ItemType>
      <ItemName>מור.נתחים בקר וגזר לחתול פאוץ 100ג`</ItemName>
      <ManufactureName>שחורי אריה ואנסטסיה</ManufactureName>
      <ManufactureCountry />
      <ManufactureItemDescription />
      <UnitQty>'יח</UnitQty>
      <Quantity>1</Quantity>
      <UnitMeasure>ל-100 גרם</UnitMeasure>
      <BisWeighted>0</BisWeighted>
      <QtyInPackage>1</QtyInPackage>
      <ItemPrice>4.90</ItemPrice>
      <UnitOfMeasurePrice>4.90</UnitOfMeasurePrice>
      <AllowDiscount>0</AllowDiscount>
      <itemStatus>1</itemStatus>
      <LastUpdateDate />
      <LastUpdateTime />
    </Product>
    <Product>
      <PriceUpdateDate>2022/11/01 11:47</PriceUpdateDate>
      <ItemCode>8007520014021</ItemCode>
      <ItemType>1</ItemType>
      <ItemName>מור.נתחים עוף והודו לחתול פאוץ 100ג`</ItemName>
      <ManufactureName>שחורי אריה ואנסטסיה</ManufactureName>
      <ManufactureCountry />
      <ManufactureItemDescription />
      <UnitQty>'יח</UnitQty>
      <Quantity>1</Quantity>
      <UnitMeasure>ל-100 גרם</UnitMeasure>
      <BisWeighted>0</BisWeighted>
      <QtyInPackage>1</QtyInPackage>
      <ItemPrice>4.90</ItemPrice>
      <UnitOfMeasurePrice>4.90</UnitOfMeasurePrice>
      <AllowDiscount>0</AllowDiscount>
      <itemStatus>1</itemStatus>
      <LastUpdateDate />
      <LastUpdateTime />
    </Product>
    <Product>
      <PriceUpdateDate>2022/11/01 11:47</PriceUpdateDate>
      <ItemCode>8007520014038</ItemCode>
      <ItemType>1</ItemType>
      <ItemName>מור.נתחים סלמון וטונה לחתול פאוץ 100ג`</ItemName>
      <ManufactureName>שחורי אריה ואנסטסיה</ManufactureName>
      <ManufactureCountry />
      <ManufactureItemDescription />
      <UnitQty>'יח</UnitQty>
      <Quantity>1</Quantity>
      <UnitMeasure>ל-100 גרם</UnitMeasure>
      <BisWeighted>0</BisWeighted>
      <QtyInPackage>1</QtyInPackage>
      <ItemPrice>4.90</ItemPrice>
      <UnitOfMeasurePrice>4.90</UnitOfMeasurePrice>
      <AllowDiscount>0</AllowDiscount>
      <itemStatus>1</itemStatus>
      <LastUpdateDate />
      <LastUpdateTime />
    </Product>
    <Product>
      <PriceUpdateDate>2022/11/01 11:47</PriceUpdateDate>
      <ItemCode>8007520014519</ItemCode>
      <ItemType>1</ItemType>
      <ItemName>מיגליורגטו עוף חזיר חתול מסורס 100ג`(צהו</ItemName>
      <ManufactureName>שחורי אריה ואנסטסיה</ManufactureName>
      <ManufactureCountry />
      <ManufactureItemDescription />
      <UnitQty>'יח</UnitQty>
      <Quantity>1</Quantity>
      <UnitMeasure>ל-100 גרם</UnitMeasure>
      <BisWeighted>0</BisWeighted>
      <QtyInPackage>1</QtyInPackage>
      <ItemPrice>5.90</ItemPrice>
      <UnitOfMeasurePrice>5.90</UnitOfMeasurePrice>
      <AllowDiscount>0</AllowDiscount>
      <itemStatus>1</itemStatus>
      <LastUpdateDate />
      <LastUpdateTime />
    </Product>
    <Product>
      <PriceUpdateDate>2022/11/01 11:47</PriceUpdateDate>
      <ItemCode>8007520014526</ItemCode>
      <ItemType>1</ItemType>
      <ItemName>מיגליורגטו עוף,כבש וירקות חתול מסורס 100</ItemName>
      <ManufactureName>שחורי אריה ואנסטסיה</ManufactureName>
      <ManufactureCountry />
      <ManufactureItemDescription />
      <UnitQty>'יח</UnitQty>
      <Quantity>1</Quantity>
      <UnitMeasure>ל-100 גרם</UnitMeasure>
      <BisWeighted>0</BisWeighted>
      <QtyInPackage>1</QtyInPackage>
      <ItemPrice>5.90</ItemPrice>
      <UnitOfMeasurePrice>5.90</UnitOfMeasurePrice>
      <AllowDiscount>0</AllowDiscount>
      <itemStatus>1</itemStatus>
      <LastUpdateDate />
      <LastUpdateTime />
    </Product>
    <Product>
      <PriceUpdateDate>2022/11/01 11:47</PriceUpdateDate>
      <ItemCode>8007520014533</ItemCode>
      <ItemType>1</ItemType>
      <ItemName>מיגליורגטו בקר,כבד וגזר חתול מסורס 100ג`</ItemName>
      <ManufactureName>שחורי אריה ואנסטסיה</ManufactureName>
      <ManufactureCountry />
      <ManufactureItemDescription />
      <UnitQty>'יח</UnitQty>
      <Quantity>1</Quantity>
      <UnitMeasure>ל-100 גרם</UnitMeasure>
      <BisWeighted>0</BisWeighted>
      <QtyInPackage>1</QtyInPackage>
      <ItemPrice>5.90</ItemPrice>
      <UnitOfMeasurePrice>5.90</UnitOfMeasurePrice>
      <AllowDiscount>0</AllowDiscount>
      <itemStatus>1</itemStatus>
      <LastUpdateDate />
      <LastUpdateTime />
    </Product>
    <Product>
      <PriceUpdateDate>2022/11/01 11:47</PriceUpdateDate>
      <ItemCode>8007520014540</ItemCode>
      <ItemType>1</ItemType>
      <ItemName>מיגליורגטו סלמון ואורז לחתול מסורס 100ג`</ItemName>
      <ManufactureName>שחורי אריה ואנסטסיה</ManufactureName>
      <ManufactureCountry />
      <ManufactureItemDescription />
      <UnitQty>'יח</UnitQty>
      <Quantity>1</Quantity>
      <UnitMeasure>ל-100 גרם</UnitMeasure>
      <BisWeighted>0</BisWeighted>
      <QtyInPackage>1</QtyInPackage>
      <ItemPrice>5.90</ItemPrice>
      <UnitOfMeasurePrice>5.90</UnitOfMeasurePrice>
      <AllowDiscount>0</AllowDiscount>
      <itemStatus>1</itemStatus>
      <LastUpdateDate />
      <LastUpdateTime />
    </Product>
    <Product>
      <PriceUpdateDate>2022/11/01 11:47</PriceUpdateDate>
      <ItemCode>8007520014557</ItemCode>
      <ItemType>1</ItemType>
      <ItemName>מיגליורגטו דגים ושרימפס לחתול מסורס 100ג</ItemName>
      <ManufactureName>שחורי אריה ואנסטסיה</ManufactureName>
      <ManufactureCountry />
      <ManufactureItemDescription />
      <UnitQty>'יח</UnitQty>
      <Quantity>1</Quantity>
      <UnitMeasure>ל-100 גרם</UnitMeasure>
      <BisWeighted>0</BisWeighted>
      <QtyInPackage>1</QtyInPackage>
      <ItemPrice>5.90</ItemPrice>
      <UnitOfMeasurePrice>5.90</UnitOfMeasurePrice>
      <AllowDiscount>0</AllowDiscount>
      <itemStatus>1</itemStatus>
      <LastUpdateDate />
      <LastUpdateTime />
    </Product>
    <Product>
      <PriceUpdateDate>2022/11/01 11:47</PriceUpdateDate>
      <ItemCode>8007520014571</ItemCode>
      <ItemType>1</ItemType>
      <ItemName>מור.חתול מסורס 100  ג`מארז שישיה 3 טעמים</ItemName>
      <ManufactureName>שחורי אריה ואנסטסיה</ManufactureName>
      <ManufactureCountry />
      <ManufactureItemDescription />
      <UnitQty>'יח</UnitQty>
      <Quantity>1</Quantity>
      <UnitMeasure>ל-100 גרם</UnitMeasure>
      <BisWeighted>0</BisWeighted>
      <QtyInPackage>1</QtyInPackage>
      <ItemPrice>29.90</ItemPrice>
      <UnitOfMeasurePrice>29.90</UnitOfMeasurePrice>
      <AllowDiscount>0</AllowDiscount>
      <itemStatus>1</itemStatus>
      <LastUpdateDate />
      <LastUpdateTime />
    </Product>
    <Product>
      <PriceUpdateDate>2022/11/01 11:47</PriceUpdateDate>
      <ItemCode>8007520024402</ItemCode>
      <ItemType>1</ItemType>
      <ItemName>מור. יוניקו מונופרוטאין הודו לכלב 150 גר</ItemName>
      <ManufactureName>שחורי אריה ואנסטסיה</ManufactureName>
      <ManufactureCountry />
      <ManufactureItemDescription />
      <UnitQty>'יח</UnitQty>
      <Quantity>1.50</Quantity>
      <UnitMeasure>ל-100 גרם</UnitMeasure>
      <BisWeighted>0</BisWeighted>
      <QtyInPackage>1</QtyInPackage>
      <ItemPrice>5.90</ItemPrice>
      <UnitOfMeasurePrice>3.93</UnitOfMeasurePrice>
      <AllowDiscount>0</AllowDiscount>
      <itemStatus>1</itemStatus>
      <LastUpdateDate />
      <LastUpdateTime />
    </Product>
    <Product>
      <PriceUpdateDate>2022/11/01 11:47</PriceUpdateDate>
      <ItemCode>8007520024419</ItemCode>
      <ItemType>1</ItemType>
      <ItemName>מור. יוניקו מונופרוטאין חזיר לכלב 150 גר</ItemName>
      <ManufactureName>שחורי אריה ואנסטסיה</ManufactureName>
      <ManufactureCountry />
      <ManufactureItemDescription />
      <UnitQty>'יח</UnitQty>
      <Quantity>1.50</Quantity>
      <UnitMeasure>ל-100 גרם</UnitMeasure>
      <BisWeighted>0</BisWeighted>
      <QtyInPackage>1</QtyInPackage>
      <ItemPrice>5.90</ItemPrice>
      <UnitOfMeasurePrice>3.93</UnitOfMeasurePrice>
      <AllowDiscount>0</AllowDiscount>
      <itemStatus>1</itemStatus>
      <LastUpdateDate />
      <LastUpdateTime />
    </Product>
    <Product>
      <PriceUpdateDate>2022/11/01 11:47</PriceUpdateDate>
      <ItemCode>8007520024426</ItemCode>
      <ItemType>1</ItemType>
      <ItemName>מור. יוניקו מונופרוטאין עגל לכלב 150 גרם</ItemName>
      <ManufactureName>שחורי אריה ואנסטסיה</ManufactureName>
      <ManufactureCountry />
      <ManufactureItemDescription />
      <UnitQty>'יח</UnitQty>
      <Quantity>1.50</Quantity>
      <UnitMeasure>ל-100 גרם</UnitMeasure>
      <BisWeighted>0</BisWeighted>
      <QtyInPackage>1</QtyInPackage>
      <ItemPrice>5.90</ItemPrice>
      <UnitOfMeasurePrice>3.93</UnitOfMeasurePrice>
      <AllowDiscount>0</AllowDiscount>
      <itemStatus>1</itemStatus>
      <LastUpdateDate />
      <LastUpdateTime />
    </Product>
    <Product>
      <PriceUpdateDate>2022/11/01 11:47</PriceUpdateDate>
      <ItemCode>8007520024501</ItemCode>
      <ItemType>1</ItemType>
      <ItemName>פאוץ מיגליאור כבש 100 גרם</ItemName>
      <ManufactureName>שחורי אריה ואנסטסיה</ManufactureName>
      <ManufactureCountry />
      <ManufactureItemDescription />
      <UnitQty>'יח</UnitQty>
      <Quantity>1</Quantity>
      <UnitMeasure>ל-100 גרם</UnitMeasure>
      <BisWeighted>0</BisWeighted>
      <QtyInPackage>1</QtyInPackage>
      <ItemPrice>4.90</ItemPrice>
      <UnitOfMeasurePrice>4.90</UnitOfMeasurePrice>
      <AllowDiscount>0</AllowDiscount>
      <itemStatus>1</itemStatus>
      <LastUpdateDate />
      <LastUpdateTime />
    </Product>
    <Product>
      <PriceUpdateDate>2022/11/01 11:47</PriceUpdateDate>
      <ItemCode>8007520024532</ItemCode>
      <ItemType>1</ItemType>
      <ItemName>פאוץ מיגליאור הודו 100 גרם</ItemName>
      <ManufactureName>שחורי אריה ואנסטסיה</ManufactureName>
      <ManufactureCountry />
      <ManufactureItemDescription />
      <UnitQty>'יח</UnitQty>
      <Quantity>1</Quantity>
      <UnitMeasure>ל-100 גרם</UnitMeasure>
      <BisWeighted>0</BisWeighted>
      <QtyInPackage>1</QtyInPackage>
      <ItemPrice>4.90</ItemPrice>
      <UnitOfMeasurePrice>4.90</UnitOfMeasurePrice>
      <AllowDiscount>0</AllowDiscount>
      <itemStatus>1</itemStatus>
      <LastUpdateDate />
      <LastUpdateTime />
    </Product>
    <Product>
      <PriceUpdateDate>2022/11/01 11:47</PriceUpdateDate>
      <ItemCode>8007520096003</ItemCode>
      <ItemType>1</ItemType>
      <ItemName>מורנדו 4 קג לכלב(ירוק)</ItemName>
      <ManufactureName>שחורי אריה ואנסטסיה</ManufactureName>
      <ManufactureCountry />
      <ManufactureItemDescription />
      <UnitQty>'יח</UnitQty>
      <Quantity>40</Quantity>
      <UnitMeasure>ל-100 גרם</UnitMeasure>
      <BisWeighted>0</BisWeighted>
      <QtyInPackage>1</QtyInPackage>
      <ItemPrice>49.90</ItemPrice>
      <UnitOfMeasurePrice>1.25</UnitOfMeasurePrice>
      <AllowDiscount>0</AllowDiscount>
      <itemStatus>1</itemStatus>
      <LastUpdateDate />
      <LastUpdateTime />
    </Product>
    <Product>
      <PriceUpdateDate>2022/11/01 11:47</PriceUpdateDate>
      <ItemCode>8007520096027</ItemCode>
      <ItemType>1</ItemType>
      <ItemName>מור.פרופ כ קרוקט בקר 4 קג</ItemName>
      <ManufactureName>שחורי אריה ואנסטסיה</ManufactureName>
      <ManufactureCountry />
      <ManufactureItemDescription />
      <UnitQty>'יח</UnitQty>
      <Quantity>40</Quantity>
      <UnitMeasure>ל-100 גרם</UnitMeasure>
      <BisWeighted>0</BisWeighted>
      <QtyInPackage>1</QtyInPackage>
      <ItemPrice>49.90</ItemPrice>
      <UnitOfMeasurePrice>1.25</UnitOfMeasurePrice>
      <AllowDiscount>0</AllowDiscount>
      <itemStatus>1</itemStatus>
      <LastUpdateDate />
      <LastUpdateTime />
    </Product>
    <Product>
      <PriceUpdateDate>2022/11/01 11:47</PriceUpdateDate>
      <ItemCode>8007520098038</ItemCode>
      <ItemType>1</ItemType>
      <ItemName>מורנדו בוגר מיני עוף 1.5 קג</ItemName>
      <ManufactureName>שחורי אריה ואנסטסיה</ManufactureName>
      <ManufactureCountry />
      <ManufactureItemDescription />
      <UnitQty>'יח</UnitQty>
      <Quantity>15</Quantity>
      <UnitMeasure>ל-100 גרם</UnitMeasure>
      <BisWeighted>0</BisWeighted>
      <QtyInPackage>1</QtyInPackage>
      <ItemPrice>29.90</ItemPrice>
      <UnitOfMeasurePrice>1.99</UnitOfMeasurePrice>
      <AllowDiscount>0</AllowDiscount>
      <itemStatus>1</itemStatus>
      <LastUpdateDate />
      <LastUpdateTime />
    </Product>
    <Product>
      <PriceUpdateDate>2022/11/01 11:47</PriceUpdateDate>
      <ItemCode>8007520098045</ItemCode>
      <ItemType>1</ItemType>
      <ItemName>מורנדו בוגר מיני בקר 1.5 קג</ItemName>
      <ManufactureName>שחורי אריה ואנסטסיה</ManufactureName>
      <ManufactureCountry />
      <ManufactureItemDescription />
      <UnitQty>'יח</UnitQty>
      <Quantity>15</Quantity>
      <UnitMeasure>ל-100 גרם</UnitMeasure>
      <BisWeighted>0</BisWeighted>
      <QtyInPackage>1</QtyInPackage>
      <ItemPrice>29.90</ItemPrice>
      <UnitOfMeasurePrice>1.99</UnitOfMeasurePrice>
      <AllowDiscount>0</AllowDiscount>
      <itemStatus>1</itemStatus>
      <LastUpdateDate />
      <LastUpdateTime />
    </Product>
    <Product>
      <PriceUpdateDate>2021/01/03 18:13</PriceUpdateDate>
      <ItemCode>8008245004861</ItemCode>
      <ItemType>1</ItemType>
      <ItemName>ממרח אגוזי לוז וחלב 300 גר`</ItemName>
      <ManufactureName>א.סיימן סחר בעמ</ManufactureName>
      <ManufactureCountry />
      <ManufactureItemDescription />
      <UnitQty>'יח</UnitQty>
      <Quantity>3</Quantity>
      <UnitMeasure>ל-100 גרם</UnitMeasure>
      <BisWeighted>0</BisWeighted>
      <QtyInPackage>1</QtyInPackage>
      <ItemPrice>13.90</ItemPrice>
      <UnitOfMeasurePrice>4.63</UnitOfMeasurePrice>
      <AllowDiscount>1</AllowDiscount>
      <itemStatus>1</itemStatus>
      <LastUpdateDate />
      <LastUpdateTime />
    </Product>
    <Product>
      <PriceUpdateDate>2022/02/16 21:27</PriceUpdateDate>
      <ItemCode>8008660210038</ItemCode>
      <ItemType>1</ItemType>
      <ItemName>מעדן תות שדה 300 גר`</ItemName>
      <ManufactureName>תה ויסוצקי בע`מ</ManufactureName>
      <ManufactureCountry />
      <ManufactureItemDescription />
      <UnitQty>'יח</UnitQty>
      <Quantity>3</Quantity>
      <UnitMeasure>ל-100 גרם</UnitMeasure>
      <BisWeighted>0</BisWeighted>
      <QtyInPackage>1</QtyInPackage>
      <ItemPrice>15.90</ItemPrice>
      <UnitOfMeasurePrice>5.30</UnitOfMeasurePrice>
      <AllowDiscount>1</AllowDiscount>
      <itemStatus>1</itemStatus>
      <LastUpdateDate />
      <LastUpdateTime />
    </Product>
    <Product>
      <PriceUpdateDate>2019/01/16 14:51</PriceUpdateDate>
      <ItemCode>8008857200194</ItemCode>
      <ItemType>1</ItemType>
      <ItemName>פסטה רג`ייה ספגטי</ItemName>
      <ManufactureName>תומר ייבוא ושיווק מוצרי מזון [</ManufactureName>
      <ManufactureCountry />
      <ManufactureItemDescription />
      <UnitQty>'יח</UnitQty>
      <Quantity>5</Quantity>
      <UnitMeasure>ל-100 גרם</UnitMeasure>
      <BisWeighted>0</BisWeighted>
      <QtyInPackage>1</QtyInPackage>
      <ItemPrice>4.90</ItemPrice>
      <UnitOfMeasurePrice>0.98</UnitOfMeasurePrice>
      <AllowDiscount>1</AllowDiscount>
      <itemStatus>1</itemStatus>
      <LastUpdateDate />
      <LastUpdateTime />
    </Product>
    <Product>
      <PriceUpdateDate>2022/11/01 11:46</PriceUpdateDate>
      <ItemCode>8009470009010</ItemCode>
      <ItemType>1</ItemType>
      <ItemName>סימבה לכלב בקר 415 גרם</ItemName>
      <ManufactureName>שחורי אריה ואנסטסיה</ManufactureName>
      <ManufactureCountry />
      <ManufactureItemDescription />
      <UnitQty>'יח</UnitQty>
      <Quantity>4.15</Quantity>
      <UnitMeasure>ל-100 גרם</UnitMeasure>
      <BisWeighted>0</BisWeighted>
      <QtyInPackage>1</QtyInPackage>
      <ItemPrice>4</ItemPrice>
      <UnitOfMeasurePrice>0.96</UnitOfMeasurePrice>
      <AllowDiscount>0</AllowDiscount>
      <itemStatus>1</itemStatus>
      <LastUpdateDate />
      <LastUpdateTime />
    </Product>
    <Product>
      <PriceUpdateDate>2022/11/01 11:46</PriceUpdateDate>
      <ItemCode>8009470009027</ItemCode>
      <ItemType>1</ItemType>
      <ItemName>סימבה לכלב עוף והודו 415 גרם</ItemName>
      <ManufactureName>שחורי אריה ואנסטסיה</ManufactureName>
      <ManufactureCountry />
      <ManufactureItemDescription />
      <UnitQty>'יח</UnitQty>
      <Quantity>4.15</Quantity>
      <UnitMeasure>ל-100 גרם</UnitMeasure>
      <BisWeighted>0</BisWeighted>
      <QtyInPackage>1</QtyInPackage>
      <ItemPrice>4</ItemPrice>
      <UnitOfMeasurePrice>0.96</UnitOfMeasurePrice>
      <AllowDiscount>0</AllowDiscount>
      <itemStatus>1</itemStatus>
      <LastUpdateDate />
      <LastUpdateTime />
    </Product>
    <Product>
      <PriceUpdateDate>2022/11/01 11:46</PriceUpdateDate>
      <ItemCode>8009470009041</ItemCode>
      <ItemType>1</ItemType>
      <ItemName>סימבה בקר לחתול 2 קג</ItemName>
      <ManufactureName>שחורי אריה ואנסטסיה</ManufactureName>
      <ManufactureCountry />
      <ManufactureItemDescription />
      <UnitQty>'יח</UnitQty>
      <Quantity>20</Quantity>
      <UnitMeasure>ל-100 גרם</UnitMeasure>
      <BisWeighted>0</BisWeighted>
      <QtyInPackage>1</QtyInPackage>
      <ItemPrice>35.90</ItemPrice>
      <UnitOfMeasurePrice>1.80</UnitOfMeasurePrice>
      <AllowDiscount>0</AllowDiscount>
      <itemStatus>1</itemStatus>
      <LastUpdateDate />
      <LastUpdateTime />
    </Product>
    <Product>
      <PriceUpdateDate>2022/11/01 11:46</PriceUpdateDate>
      <ItemCode>8009470009072</ItemCode>
      <ItemType>1</ItemType>
      <ItemName>סימבה לחתול עוף 415 גרם</ItemName>
      <ManufactureName>שחורי אריה ואנסטסיה</ManufactureName>
      <ManufactureCountry />
      <ManufactureItemDescription />
      <UnitQty>'יח</UnitQty>
      <Quantity>4.15</Quantity>
      <UnitMeasure>ל-100 גרם</UnitMeasure>
      <BisWeighted>0</BisWeighted>
      <QtyInPackage>1</QtyInPackage>
      <ItemPrice>4</ItemPrice>
      <UnitOfMeasurePrice>0.96</UnitOfMeasurePrice>
      <AllowDiscount>0</AllowDiscount>
      <itemStatus>1</itemStatus>
      <LastUpdateDate />
      <LastUpdateTime />
    </Product>
    <Product>
      <PriceUpdateDate>2022/11/01 11:46</PriceUpdateDate>
      <ItemCode>8009470009089</ItemCode>
      <ItemType>1</ItemType>
      <ItemName>סימבה לחתול ארנב 415 גרם</ItemName>
      <ManufactureName>שחורי אריה ואנסטסיה</ManufactureName>
      <ManufactureCountry />
      <ManufactureItemDescription />
      <UnitQty>'יח</UnitQty>
      <Quantity>4.15</Quantity>
      <UnitMeasure>ל-100 גרם</UnitMeasure>
      <BisWeighted>0</BisWeighted>
      <QtyInPackage>1</QtyInPackage>
      <ItemPrice>4</ItemPrice>
      <UnitOfMeasurePrice>0.96</UnitOfMeasurePrice>
      <AllowDiscount>0</AllowDiscount>
      <itemStatus>1</itemStatus>
      <LastUpdateDate />
      <LastUpdateTime />
    </Product>
    <Product>
      <PriceUpdateDate>2022/11/01 11:46</PriceUpdateDate>
      <ItemCode>8009470009096</ItemCode>
      <ItemType>1</ItemType>
      <ItemName>סימבה לחתול טונה 415 גרם</ItemName>
      <ManufactureName>שחורי אריה ואנסטסיה</ManufactureName>
      <ManufactureCountry />
      <ManufactureItemDescription />
      <UnitQty>'יח</UnitQty>
      <Quantity>4.15</Quantity>
      <UnitMeasure>ל-100 גרם</UnitMeasure>
      <BisWeighted>0</BisWeighted>
      <QtyInPackage>1</QtyInPackage>
      <ItemPrice>4</ItemPrice>
      <UnitOfMeasurePrice>0.96</UnitOfMeasurePrice>
      <AllowDiscount>0</AllowDiscount>
      <itemStatus>1</itemStatus>
      <LastUpdateDate />
      <LastUpdateTime />
    </Product>
    <Product>
      <PriceUpdateDate>2022/11/01 11:46</PriceUpdateDate>
      <ItemCode>8009470009164</ItemCode>
      <ItemType>1</ItemType>
      <ItemName>סימבה לכלב כבש 415 גרם</ItemName>
      <ManufactureName>שחורי אריה ואנסטסיה</ManufactureName>
      <ManufactureCountry />
      <ManufactureItemDescription />
      <UnitQty>'יח</UnitQty>
      <Quantity>4.15</Quantity>
      <UnitMeasure>ל-100 גרם</UnitMeasure>
      <BisWeighted>0</BisWeighted>
      <QtyInPackage>1</QtyInPackage>
      <ItemPrice>4</ItemPrice>
      <UnitOfMeasurePrice>0.96</UnitOfMeasurePrice>
      <AllowDiscount>0</AllowDiscount>
      <itemStatus>1</itemStatus>
      <LastUpdateDate />
      <LastUpdateTime />
    </Product>
    <Product>
      <PriceUpdateDate>2022/11/01 11:46</PriceUpdateDate>
      <ItemCode>8009470009171</ItemCode>
      <ItemType>1</ItemType>
      <ItemName>סימבה לכלב צייד 415 גרם</ItemName>
      <ManufactureName>שחורי אריה ואנסטסיה</ManufactureName>
      <ManufactureCountry />
      <ManufactureItemDescription />
      <UnitQty>'יח</UnitQty>
      <Quantity>4.15</Quantity>
      <UnitMeasure>ל-100 גרם</UnitMeasure>
      <BisWeighted>0</BisWeighted>
      <QtyInPackage>1</QtyInPackage>
      <ItemPrice>4</ItemPrice>
      <UnitOfMeasurePrice>0.96</UnitOfMeasurePrice>
      <AllowDiscount>0</AllowDiscount>
      <itemStatus>1</itemStatus>
      <LastUpdateDate />
      <LastUpdateTime />
    </Product>
    <Product>
      <PriceUpdateDate>2022/11/01 11:46</PriceUpdateDate>
      <ItemCode>8009470009515</ItemCode>
      <ItemType>1</ItemType>
      <ItemName>סימבה לחתול פנינית 415 גרם</ItemName>
      <ManufactureName>שחורי אריה ואנסטסיה</ManufactureName>
      <ManufactureCountry />
      <ManufactureItemDescription />
      <UnitQty>'יח</UnitQty>
      <Quantity>4.15</Quantity>
      <UnitMeasure>ל-100 גרם</UnitMeasure>
      <BisWeighted>0</BisWeighted>
      <QtyInPackage>1</QtyInPackage>
      <ItemPrice>4</ItemPrice>
      <UnitOfMeasurePrice>0.96</UnitOfMeasurePrice>
      <AllowDiscount>0</AllowDiscount>
      <itemStatus>1</itemStatus>
      <LastUpdateDate />
      <LastUpdateTime />
    </Product>
    <Product>
      <PriceUpdateDate>2022/11/01 11:46</PriceUpdateDate>
      <ItemCode>8009470009522</ItemCode>
      <ItemType>1</ItemType>
      <ItemName>סימבה לחתול הודו 415 גרם</ItemName>
      <ManufactureName>שחורי אריה ואנסטסיה</ManufactureName>
      <ManufactureCountry />
      <ManufactureItemDescription />
      <UnitQty>'יח</UnitQty>
      <Quantity>4.15</Quantity>
      <UnitMeasure>ל-100 גרם</UnitMeasure>
      <BisWeighted>0</BisWeighted>
      <QtyInPackage>1</QtyInPackage>
      <ItemPrice>4</ItemPrice>
      <UnitOfMeasurePrice>0.96</UnitOfMeasurePrice>
      <AllowDiscount>0</AllowDiscount>
      <itemStatus>1</itemStatus>
      <LastUpdateDate />
      <LastUpdateTime />
    </Product>
    <Product>
      <PriceUpdateDate>2022/11/01 11:46</PriceUpdateDate>
      <ItemCode>8009470009539</ItemCode>
      <ItemType>1</ItemType>
      <ItemName>סימבה לחתול צייד 415 גרם</ItemName>
      <ManufactureName>שחורי אריה ואנסטסיה</ManufactureName>
      <ManufactureCountry />
      <ManufactureItemDescription />
      <UnitQty>'יח</UnitQty>
      <Quantity>4.15</Quantity>
      <UnitMeasure>ל-100 גרם</UnitMeasure>
      <BisWeighted>0</BisWeighted>
      <QtyInPackage>1</QtyInPackage>
      <ItemPrice>4</ItemPrice>
      <UnitOfMeasurePrice>0.96</UnitOfMeasurePrice>
      <AllowDiscount>0</AllowDiscount>
      <itemStatus>1</itemStatus>
      <LastUpdateDate />
      <LastUpdateTime />
    </Product>
    <Product>
      <PriceUpdateDate>2022/11/01 11:46</PriceUpdateDate>
      <ItemCode>8009470009546</ItemCode>
      <ItemType>1</ItemType>
      <ItemName>סימבה לחתול כבש 415 גרם</ItemName>
      <ManufactureName>שחורי אריה ואנסטסיה</ManufactureName>
      <ManufactureCountry />
      <ManufactureItemDescription />
      <UnitQty>'יח</UnitQty>
      <Quantity>4.15</Quantity>
      <UnitMeasure>ל-100 גרם</UnitMeasure>
      <BisWeighted>0</BisWeighted>
      <QtyInPackage>1</QtyInPackage>
      <ItemPrice>4</ItemPrice>
      <UnitOfMeasurePrice>0.96</UnitOfMeasurePrice>
      <AllowDiscount>0</AllowDiscount>
      <itemStatus>1</itemStatus>
      <LastUpdateDate />
      <LastUpdateTime />
    </Product>
    <Product>
      <PriceUpdateDate>2022/11/01 11:46</PriceUpdateDate>
      <ItemCode>8009470009553</ItemCode>
      <ItemType>1</ItemType>
      <ItemName>סימבה לחתול בשר 415 גרם</ItemName>
      <ManufactureName>שחורי אריה ואנסטסיה</ManufactureName>
      <ManufactureCountry />
      <ManufactureItemDescription />
      <UnitQty>'יח</UnitQty>
      <Quantity>4.15</Quantity>
      <UnitMeasure>ל-100 גרם</UnitMeasure>
      <BisWeighted>0</BisWeighted>
      <QtyInPackage>1</QtyInPackage>
      <ItemPrice>4</ItemPrice>
      <UnitOfMeasurePrice>0.96</UnitOfMeasurePrice>
      <AllowDiscount>0</AllowDiscount>
      <itemStatus>1</itemStatus>
      <LastUpdateDate />
      <LastUpdateTime />
    </Product>
    <Product>
      <PriceUpdateDate>2022/11/01 11:46</PriceUpdateDate>
      <ItemCode>8009470009560</ItemCode>
      <ItemType>1</ItemType>
      <ItemName>סימבה בקר לכלב 4 קג</ItemName>
      <ManufactureName>שחורי אריה ואנסטסיה</ManufactureName>
      <ManufactureCountry />
      <ManufactureItemDescription />
      <UnitQty>'יח</UnitQty>
      <Quantity>40</Quantity>
      <UnitMeasure>ל-100 גרם</UnitMeasure>
      <BisWeighted>0</BisWeighted>
      <QtyInPackage>1</QtyInPackage>
      <ItemPrice>49.90</ItemPrice>
      <UnitOfMeasurePrice>1.25</UnitOfMeasurePrice>
      <AllowDiscount>0</AllowDiscount>
      <itemStatus>1</itemStatus>
      <LastUpdateDate />
      <LastUpdateTime />
    </Product>
    <Product>
      <PriceUpdateDate>2022/11/01 11:47</PriceUpdateDate>
      <ItemCode>8009470009607</ItemCode>
      <ItemType>1</ItemType>
      <ItemName>שימור סימבה בקר לחתול 400 גרם</ItemName>
      <ManufactureName>שחורי אריה ואנסטסיה</ManufactureName>
      <ManufactureCountry />
      <ManufactureItemDescription />
      <UnitQty>'יח</UnitQty>
      <Quantity>4</Quantity>
      <UnitMeasure>ל-100 גרם</UnitMeasure>
      <BisWeighted>0</BisWeighted>
      <QtyInPackage>1</QtyInPackage>
      <ItemPrice>4</ItemPrice>
      <UnitOfMeasurePrice>1</UnitOfMeasurePrice>
      <AllowDiscount>0</AllowDiscount>
      <itemStatus>1</itemStatus>
      <LastUpdateDate />
      <LastUpdateTime />
    </Product>
    <Product>
      <PriceUpdateDate>2022/11/01 11:46</PriceUpdateDate>
      <ItemCode>8009470009812</ItemCode>
      <ItemType>1</ItemType>
      <ItemName>סימבה עוף לכלב 4 קג</ItemName>
      <ManufactureName>שחורי אריה ואנסטסיה</ManufactureName>
      <ManufactureCountry />
      <ManufactureItemDescription />
      <UnitQty>'יח</UnitQty>
      <Quantity>40</Quantity>
      <UnitMeasure>ל-100 גרם</UnitMeasure>
      <BisWeighted>0</BisWeighted>
      <QtyInPackage>1</QtyInPackage>
      <ItemPrice>49.90</ItemPrice>
      <UnitOfMeasurePrice>1.25</UnitOfMeasurePrice>
      <AllowDiscount>0</AllowDiscount>
      <itemStatus>1</itemStatus>
      <LastUpdateDate />
      <LastUpdateTime />
    </Product>
    <Product>
      <PriceUpdateDate>2022/11/01 11:46</PriceUpdateDate>
      <ItemCode>8009470009843</ItemCode>
      <ItemType>1</ItemType>
      <ItemName>סימבה לכלב עוף 10 קג</ItemName>
      <ManufactureName>שחורי אריה ואנסטסיה</ManufactureName>
      <ManufactureCountry />
      <ManufactureItemDescription />
      <UnitQty>'יח</UnitQty>
      <Quantity>4.15</Quantity>
      <UnitMeasure>ל-100 גרם</UnitMeasure>
      <BisWeighted>0</BisWeighted>
      <QtyInPackage>1</QtyInPackage>
      <ItemPrice>99.90</ItemPrice>
      <UnitOfMeasurePrice>24.07</UnitOfMeasurePrice>
      <AllowDiscount>0</AllowDiscount>
      <itemStatus>1</itemStatus>
      <LastUpdateDate />
      <LastUpdateTime />
    </Product>
    <Product>
      <PriceUpdateDate>2022/11/01 11:46</PriceUpdateDate>
      <ItemCode>8009470009850</ItemCode>
      <ItemType>1</ItemType>
      <ItemName>סימבה בקר לכלב 10 קג</ItemName>
      <ManufactureName>שחורי אריה ואנסטסיה</ManufactureName>
      <ManufactureCountry />
      <ManufactureItemDescription />
      <UnitQty>'יח</UnitQty>
      <Quantity>100</Quantity>
      <UnitMeasure>ל-100 גרם</UnitMeasure>
      <BisWeighted>0</BisWeighted>
      <QtyInPackage>1</QtyInPackage>
      <ItemPrice>99.90</ItemPrice>
      <UnitOfMeasurePrice>1</UnitOfMeasurePrice>
      <AllowDiscount>0</AllowDiscount>
      <itemStatus>1</itemStatus>
      <LastUpdateDate />
      <LastUpdateTime />
    </Product>
    <Product>
      <PriceUpdateDate>2022/11/01 11:46</PriceUpdateDate>
      <ItemCode>8009470016063</ItemCode>
      <ItemType>1</ItemType>
      <ItemName>סימבה עוף לחתול 2 קג</ItemName>
      <ManufactureName>שחורי אריה ואנסטסיה</ManufactureName>
      <ManufactureCountry />
      <ManufactureItemDescription />
      <UnitQty>'יח</UnitQty>
      <Quantity>20</Quantity>
      <UnitMeasure>ל-100 גרם</UnitMeasure>
      <BisWeighted>0</BisWeighted>
      <QtyInPackage>1</QtyInPackage>
      <ItemPrice>35.90</ItemPrice>
      <UnitOfMeasurePrice>1.80</UnitOfMeasurePrice>
      <AllowDiscount>0</AllowDiscount>
      <itemStatus>1</itemStatus>
      <LastUpdateDate />
      <LastUpdateTime />
    </Product>
    <Product>
      <PriceUpdateDate>2022/11/01 11:47</PriceUpdateDate>
      <ItemCode>8010690056562</ItemCode>
      <ItemType>1</ItemType>
      <ItemName>מברשת חד צדדית 5942</ItemName>
      <ManufactureName>שחורי אריה ואנסטסיה</ManufactureName>
      <ManufactureCountry />
      <ManufactureItemDescription />
      <UnitQty>'יח</UnitQty>
      <Quantity>1</Quantity>
      <UnitMeasure />
      <BisWeighted>0</BisWeighted>
      <QtyInPackage>1</QtyInPackage>
      <ItemPrice>33.90</ItemPrice>
      <UnitOfMeasurePrice>33.90</UnitOfMeasurePrice>
      <AllowDiscount>0</AllowDiscount>
      <itemStatus>1</itemStatus>
      <LastUpdateDate />
      <LastUpdateTime />
    </Product>
    <Product>
      <PriceUpdateDate>2022/11/01 11:47</PriceUpdateDate>
      <ItemCode>8010690056586</ItemCode>
      <ItemType>1</ItemType>
      <ItemName>מברשת חד צדדית 5946</ItemName>
      <ManufactureName>שחורי אריה ואנסטסיה</ManufactureName>
      <ManufactureCountry />
      <ManufactureItemDescription />
      <UnitQty>'יח</UnitQty>
      <Quantity>1</Quantity>
      <UnitMeasure />
      <BisWeighted>0</BisWeighted>
      <QtyInPackage>1</QtyInPackage>
      <ItemPrice>41.90</ItemPrice>
      <UnitOfMeasurePrice>41.90</UnitOfMeasurePrice>
      <AllowDiscount>0</AllowDiscount>
      <itemStatus>1</itemStatus>
      <LastUpdateDate />
      <LastUpdateTime />
    </Product>
    <Product>
      <PriceUpdateDate>2022/11/01 11:47</PriceUpdateDate>
      <ItemCode>8010690067704</ItemCode>
      <ItemType>1</ItemType>
      <ItemName>שירותים ניפ פלוס</ItemName>
      <ManufactureName>שחורי אריה ואנסטסיה</ManufactureName>
      <ManufactureCountry />
      <ManufactureItemDescription />
      <UnitQty>'יח</UnitQty>
      <Quantity>1</Quantity>
      <UnitMeasure />
      <BisWeighted>0</BisWeighted>
      <QtyInPackage>1</QtyInPackage>
      <ItemPrice>59.90</ItemPrice>
      <UnitOfMeasurePrice>59.90</UnitOfMeasurePrice>
      <AllowDiscount>0</AllowDiscount>
      <itemStatus>1</itemStatus>
      <LastUpdateDate />
      <LastUpdateTime />
    </Product>
    <Product>
      <PriceUpdateDate>2022/11/01 11:47</PriceUpdateDate>
      <ItemCode>8010690150147</ItemCode>
      <ItemType>1</ItemType>
      <ItemName>שירותים סגורים פרימה</ItemName>
      <ManufactureName>שחורי אריה ואנסטסיה</ManufactureName>
      <ManufactureCountry />
      <ManufactureItemDescription />
      <UnitQty>'יח</UnitQty>
      <Quantity>1</Quantity>
      <UnitMeasure />
      <BisWeighted>0</BisWeighted>
      <QtyInPackage>1</QtyInPackage>
      <ItemPrice>99.90</ItemPrice>
      <UnitOfMeasurePrice>99.90</UnitOfMeasurePrice>
      <AllowDiscount>0</AllowDiscount>
      <itemStatus>1</itemStatus>
      <LastUpdateDate />
      <LastUpdateTime />
    </Product>
    <Product>
      <PriceUpdateDate>2019/01/16 14:51</PriceUpdateDate>
      <ItemCode>8021886313079</ItemCode>
      <ItemType>1</ItemType>
      <ItemName>בלון לינק אדום/לבן</ItemName>
      <ManufactureName>שמחה זה אנחנו בע`מ</ManufactureName>
      <ManufactureCountry />
      <ManufactureItemDescription />
      <UnitQty>'יח</UnitQty>
      <Quantity>1</Quantity>
      <UnitMeasure />
      <BisWeighted>0</BisWeighted>
      <QtyInPackage>1</QtyInPackage>
      <ItemPrice>12.90</ItemPrice>
      <UnitOfMeasurePrice>12.90</UnitOfMeasurePrice>
      <AllowDiscount>0</AllowDiscount>
      <itemStatus>1</itemStatus>
      <LastUpdateDate />
      <LastUpdateTime />
    </Product>
    <Product>
      <PriceUpdateDate>2022/01/19 11:02</PriceUpdateDate>
      <ItemCode>8076800195033</ItemCode>
      <ItemType>1</ItemType>
      <ItemName>ספגטיני ברילה מספר 3 500 גרם</ItemName>
      <ManufactureName>ש. שסטוביץ בע`מ</ManufactureName>
      <ManufactureCountry />
      <ManufactureItemDescription />
      <UnitQty>'יח</UnitQty>
      <Quantity>5</Quantity>
      <UnitMeasure>ל-100 גרם</UnitMeasure>
      <BisWeighted>0</BisWeighted>
      <QtyInPackage>1</QtyInPackage>
      <ItemPrice>7.90</ItemPrice>
      <UnitOfMeasurePrice>1.58</UnitOfMeasurePrice>
      <AllowDiscount>1</AllowDiscount>
      <itemStatus>1</itemStatus>
      <LastUpdateDate />
      <LastUpdateTime />
    </Product>
    <Product>
      <PriceUpdateDate>2022/01/19 11:02</PriceUpdateDate>
      <ItemCode>8076800195057</ItemCode>
      <ItemType>1</ItemType>
      <ItemName>ספגטי ברילה מוסמולינה 500 גרם</ItemName>
      <ManufactureName>ש. שסטוביץ בע`מ</ManufactureName>
      <ManufactureCountry />
      <ManufactureItemDescription />
      <UnitQty>'יח</UnitQty>
      <Quantity>5</Quantity>
      <UnitMeasure>ל-100 גרם</UnitMeasure>
      <BisWeighted>0</BisWeighted>
      <QtyInPackage>1</QtyInPackage>
      <ItemPrice>7.90</ItemPrice>
      <UnitOfMeasurePrice>1.58</UnitOfMeasurePrice>
      <AllowDiscount>1</AllowDiscount>
      <itemStatus>1</itemStatus>
      <LastUpdateDate />
      <LastUpdateTime />
    </Product>
    <Product>
      <PriceUpdateDate>2022/01/19 11:02</PriceUpdateDate>
      <ItemCode>8076800315097</ItemCode>
      <ItemType>1</ItemType>
      <ItemName>ספגטי בוקטיני 500 גרם</ItemName>
      <ManufactureName>ש. שסטוביץ בע`מ</ManufactureName>
      <ManufactureCountry />
      <ManufactureItemDescription />
      <UnitQty>'יח</UnitQty>
      <Quantity>5</Quantity>
      <UnitMeasure>ל-100 גרם</UnitMeasure>
      <BisWeighted>0</BisWeighted>
      <QtyInPackage>1</QtyInPackage>
      <ItemPrice>7.90</ItemPrice>
      <UnitOfMeasurePrice>1.58</UnitOfMeasurePrice>
      <AllowDiscount>1</AllowDiscount>
      <itemStatus>1</itemStatus>
      <LastUpdateDate />
      <LastUpdateTime />
    </Product>
    <Product>
      <PriceUpdateDate>2022/01/19 11:02</PriceUpdateDate>
      <ItemCode>8076802085738</ItemCode>
      <ItemType>1</ItemType>
      <ItemName>פתיתים פנה ריגטה 500 גרם</ItemName>
      <ManufactureName>ש. שסטוביץ בע`מ</ManufactureName>
      <ManufactureCountry />
      <ManufactureItemDescription />
      <UnitQty>'יח</UnitQty>
      <Quantity>5</Quantity>
      <UnitMeasure>ל-100 גרם</UnitMeasure>
      <BisWeighted>0</BisWeighted>
      <QtyInPackage>1</QtyInPackage>
      <ItemPrice>7.90</ItemPrice>
      <UnitOfMeasurePrice>1.58</UnitOfMeasurePrice>
      <AllowDiscount>1</AllowDiscount>
      <itemStatus>1</itemStatus>
      <LastUpdateDate />
      <LastUpdateTime />
    </Product>
    <Product>
      <PriceUpdateDate>2022/01/19 11:02</PriceUpdateDate>
      <ItemCode>8076802085837</ItemCode>
      <ItemType>1</ItemType>
      <ItemName>פתיתים טורטיליוני 500 גרם</ItemName>
      <ManufactureName>ש. שסטוביץ בע`מ</ManufactureName>
      <ManufactureCountry />
      <ManufactureItemDescription />
      <UnitQty>'יח</UnitQty>
      <Quantity>5</Quantity>
      <UnitMeasure>ל-100 גרם</UnitMeasure>
      <BisWeighted>0</BisWeighted>
      <QtyInPackage>1</QtyInPackage>
      <ItemPrice>7.90</ItemPrice>
      <UnitOfMeasurePrice>1.58</UnitOfMeasurePrice>
      <AllowDiscount>1</AllowDiscount>
      <itemStatus>1</itemStatus>
      <LastUpdateDate />
      <LastUpdateTime />
    </Product>
    <Product>
      <PriceUpdateDate>2022/01/19 11:02</PriceUpdateDate>
      <ItemCode>8076802085936</ItemCode>
      <ItemType>1</ItemType>
      <ItemName>קונציליאה ריגאטי 3</ItemName>
      <ManufactureName>ש. שסטוביץ בע`מ</ManufactureName>
      <ManufactureCountry />
      <ManufactureItemDescription />
      <UnitQty>'יח</UnitQty>
      <Quantity>5</Quantity>
      <UnitMeasure>ל-100 גרם</UnitMeasure>
      <BisWeighted>0</BisWeighted>
      <QtyInPackage>1</QtyInPackage>
      <ItemPrice>7.90</ItemPrice>
      <UnitOfMeasurePrice>1.58</UnitOfMeasurePrice>
      <AllowDiscount>1</AllowDiscount>
      <itemStatus>1</itemStatus>
      <LastUpdateDate />
      <LastUpdateTime />
    </Product>
    <Product>
      <PriceUpdateDate>2022/01/19 11:02</PriceUpdateDate>
      <ItemCode>8076802085981</ItemCode>
      <ItemType>1</ItemType>
      <ItemName>פתיתים פוזילי 500 גרם</ItemName>
      <ManufactureName>ש. שסטוביץ בע`מ</ManufactureName>
      <ManufactureCountry />
      <ManufactureItemDescription />
      <UnitQty>'יח</UnitQty>
      <Quantity>5</Quantity>
      <UnitMeasure>ל-100 גרם</UnitMeasure>
      <BisWeighted>0</BisWeighted>
      <QtyInPackage>1</QtyInPackage>
      <ItemPrice>7.90</ItemPrice>
      <UnitOfMeasurePrice>1.58</UnitOfMeasurePrice>
      <AllowDiscount>1</AllowDiscount>
      <itemStatus>1</itemStatus>
      <LastUpdateDate />
      <LastUpdateTime />
    </Product>
    <Product>
      <PriceUpdateDate>2022/01/19 11:02</PriceUpdateDate>
      <ItemCode>8076808050440</ItemCode>
      <ItemType>1</ItemType>
      <ItemName>פסטה פתיתים מקרוני 44 500 גרם</ItemName>
      <ManufactureName>ש. שסטוביץ בע`מ</ManufactureName>
      <ManufactureCountry />
      <ManufactureItemDescription />
      <UnitQty>'יח</UnitQty>
      <Quantity>5</Quantity>
      <UnitMeasure>ל-100 גרם</UnitMeasure>
      <BisWeighted>0</BisWeighted>
      <QtyInPackage>1</QtyInPackage>
      <ItemPrice>7.90</ItemPrice>
      <UnitOfMeasurePrice>1.58</UnitOfMeasurePrice>
      <AllowDiscount>1</AllowDiscount>
      <itemStatus>1</itemStatus>
      <LastUpdateDate />
      <LastUpdateTime />
    </Product>
    <Product>
      <PriceUpdateDate>2022/01/19 11:02</PriceUpdateDate>
      <ItemCode>8076808060654</ItemCode>
      <ItemType>1</ItemType>
      <ItemName>פסטה פרפלה 65 ברילה 500 גרם</ItemName>
      <ManufactureName>ש. שסטוביץ בע`מ</ManufactureName>
      <ManufactureCountry />
      <ManufactureItemDescription />
      <UnitQty>'יח</UnitQty>
      <Quantity>5</Quantity>
      <UnitMeasure>ל-100 גרם</UnitMeasure>
      <BisWeighted>0</BisWeighted>
      <QtyInPackage>1</QtyInPackage>
      <ItemPrice>7.90</ItemPrice>
      <UnitOfMeasurePrice>1.58</UnitOfMeasurePrice>
      <AllowDiscount>1</AllowDiscount>
      <itemStatus>1</itemStatus>
      <LastUpdateDate />
      <LastUpdateTime />
    </Product>
    <Product>
      <PriceUpdateDate>2022/01/19 11:02</PriceUpdateDate>
      <ItemCode>8076808150072</ItemCode>
      <ItemType>1</ItemType>
      <ItemName>ספגטוני מס 7 500 גרם</ItemName>
      <ManufactureName>ש. שסטוביץ בע`מ</ManufactureName>
      <ManufactureCountry />
      <ManufactureItemDescription />
      <UnitQty>'יח</UnitQty>
      <Quantity>5</Quantity>
      <UnitMeasure>ל-100 גרם</UnitMeasure>
      <BisWeighted>0</BisWeighted>
      <QtyInPackage>1</QtyInPackage>
      <ItemPrice>7.90</ItemPrice>
      <UnitOfMeasurePrice>1.58</UnitOfMeasurePrice>
      <AllowDiscount>1</AllowDiscount>
      <itemStatus>1</itemStatus>
      <LastUpdateDate />
      <LastUpdateTime />
    </Product>
    <Product>
      <PriceUpdateDate>2022/01/19 11:02</PriceUpdateDate>
      <ItemCode>8076809512268</ItemCode>
      <ItemType>1</ItemType>
      <ItemName>פסטה ברילה קצרה גירנדולה 500 גרם</ItemName>
      <ManufactureName>ש. שסטוביץ בע`מ</ManufactureName>
      <ManufactureCountry />
      <ManufactureItemDescription />
      <UnitQty>'יח</UnitQty>
      <Quantity>5</Quantity>
      <UnitMeasure>ל-100 גרם</UnitMeasure>
      <BisWeighted>0</BisWeighted>
      <QtyInPackage>1</QtyInPackage>
      <ItemPrice>7.90</ItemPrice>
      <UnitOfMeasurePrice>1.58</UnitOfMeasurePrice>
      <AllowDiscount>1</AllowDiscount>
      <itemStatus>1</itemStatus>
      <LastUpdateDate />
      <LastUpdateTime />
    </Product>
    <Product>
      <PriceUpdateDate>2022/06/23 12:05</PriceUpdateDate>
      <ItemCode>8076809513388</ItemCode>
      <ItemType>1</ItemType>
      <ItemName>ברילה רוטב אראביאטה צילי לפסטה 400 ג</ItemName>
      <ManufactureName>ש. שסטוביץ בע`מ</ManufactureName>
      <ManufactureCountry />
      <ManufactureItemDescription />
      <UnitQty>'יח</UnitQty>
      <Quantity>4</Quantity>
      <UnitMeasure>ל-100 גרם</UnitMeasure>
      <BisWeighted>0</BisWeighted>
      <QtyInPackage>1</QtyInPackage>
      <ItemPrice>14.90</ItemPrice>
      <UnitOfMeasurePrice>3.73</UnitOfMeasurePrice>
      <AllowDiscount>0</AllowDiscount>
      <itemStatus>1</itemStatus>
      <LastUpdateDate />
      <LastUpdateTime />
    </Product>
    <Product>
      <PriceUpdateDate>2022/06/23 12:05</PriceUpdateDate>
      <ItemCode>8076809513395</ItemCode>
      <ItemType>1</ItemType>
      <ItemName>ברילה רוטב פומודורו עם עגבניות לפסטה</ItemName>
      <ManufactureName>ש. שסטוביץ בע`מ</ManufactureName>
      <ManufactureCountry />
      <ManufactureItemDescription />
      <UnitQty>'יח</UnitQty>
      <Quantity>4</Quantity>
      <UnitMeasure>ל-100 גרם</UnitMeasure>
      <BisWeighted>0</BisWeighted>
      <QtyInPackage>1</QtyInPackage>
      <ItemPrice>14.90</ItemPrice>
      <UnitOfMeasurePrice>3.73</UnitOfMeasurePrice>
      <AllowDiscount>0</AllowDiscount>
      <itemStatus>1</itemStatus>
      <LastUpdateDate />
      <LastUpdateTime />
    </Product>
    <Product>
      <PriceUpdateDate>2022/06/23 12:05</PriceUpdateDate>
      <ItemCode>8076809513739</ItemCode>
      <ItemType>1</ItemType>
      <ItemName>ברילה רוטב בזיליקום לפסטה 400 גרם</ItemName>
      <ManufactureName>ש. שסטוביץ בע`מ</ManufactureName>
      <ManufactureCountry />
      <ManufactureItemDescription />
      <UnitQty>'יח</UnitQty>
      <Quantity>4</Quantity>
      <UnitMeasure>ל-100 גרם</UnitMeasure>
      <BisWeighted>0</BisWeighted>
      <QtyInPackage>1</QtyInPackage>
      <ItemPrice>14.90</ItemPrice>
      <UnitOfMeasurePrice>3.73</UnitOfMeasurePrice>
      <AllowDiscount>0</AllowDiscount>
      <itemStatus>1</itemStatus>
      <LastUpdateDate />
      <LastUpdateTime />
    </Product>
    <Product>
      <PriceUpdateDate>2022/08/05 14:17</PriceUpdateDate>
      <ItemCode>8076809523738</ItemCode>
      <ItemType>1</ItemType>
      <ItemName>ברילה לזניה 500 גרם</ItemName>
      <ManufactureName>ש. שסטוביץ בע`מ</ManufactureName>
      <ManufactureCountry />
      <ManufactureItemDescription />
      <UnitQty>'יח</UnitQty>
      <Quantity>5</Quantity>
      <UnitMeasure>'יח</UnitMeasure>
      <BisWeighted>0</BisWeighted>
      <QtyInPackage>1</QtyInPackage>
      <ItemPrice>24.90</ItemPrice>
      <UnitOfMeasurePrice>4.98</UnitOfMeasurePrice>
      <AllowDiscount>0</AllowDiscount>
      <itemStatus>1</itemStatus>
      <LastUpdateDate />
      <LastUpdateTime />
    </Product>
    <Product>
      <PriceUpdateDate>2019/01/16 14:51</PriceUpdateDate>
      <ItemCode>8076809529433</ItemCode>
      <ItemType>1</ItemType>
      <ItemName>פנטה רגטה פסטה מחיטה מלאה 500 גרם</ItemName>
      <ManufactureName>ש. שסטוביץ בע`מ</ManufactureName>
      <ManufactureCountry />
      <ManufactureItemDescription />
      <UnitQty>'יח</UnitQty>
      <Quantity>5</Quantity>
      <UnitMeasure>ל-100 גרם</UnitMeasure>
      <BisWeighted>0</BisWeighted>
      <QtyInPackage>1</QtyInPackage>
      <ItemPrice>14.90</ItemPrice>
      <UnitOfMeasurePrice>2.98</UnitOfMeasurePrice>
      <AllowDiscount>0</AllowDiscount>
      <itemStatus>1</itemStatus>
      <LastUpdateDate />
      <LastUpdateTime />
    </Product>
    <Product>
      <PriceUpdateDate>2022/01/19 11:02</PriceUpdateDate>
      <ItemCode>8076809571302</ItemCode>
      <ItemType>1</ItemType>
      <ItemName>ברילה פוזילי 1 קג`</ItemName>
      <ManufactureName>ש. שסטוביץ בע`מ</ManufactureName>
      <ManufactureCountry />
      <ManufactureItemDescription />
      <UnitQty>'יח</UnitQty>
      <Quantity>10</Quantity>
      <UnitMeasure>ל-100 גרם</UnitMeasure>
      <BisWeighted>0</BisWeighted>
      <QtyInPackage>1</QtyInPackage>
      <ItemPrice>11.90</ItemPrice>
      <UnitOfMeasurePrice>1.19</UnitOfMeasurePrice>
      <AllowDiscount>0</AllowDiscount>
      <itemStatus>1</itemStatus>
      <LastUpdateDate />
      <LastUpdateTime />
    </Product>
    <Product>
      <PriceUpdateDate>2019/12/24 08:42</PriceUpdateDate>
      <ItemCode>8121300206946</ItemCode>
      <ItemType>1</ItemType>
      <ItemName>טרוביה-סטיביה ממתיק 80 שק`</ItemName>
      <ManufactureName>גורי ע.ע.ע. בע`מ</ManufactureName>
      <ManufactureCountry />
      <ManufactureItemDescription />
      <UnitQty>'יח</UnitQty>
      <Quantity>1</Quantity>
      <UnitMeasure />
      <BisWeighted>0</BisWeighted>
      <QtyInPackage>1</QtyInPackage>
      <ItemPrice>29.90</ItemPrice>
      <UnitOfMeasurePrice>29.90</UnitOfMeasurePrice>
      <AllowDiscount>0</AllowDiscount>
      <itemStatus>1</itemStatus>
      <LastUpdateDate />
      <LastUpdateTime />
    </Product>
    <Product>
      <PriceUpdateDate>2022/10/30 19:07</PriceUpdateDate>
      <ItemCode>8377373138848</ItemCode>
      <ItemType>1</ItemType>
      <ItemName>מסחטת מיצים 800MI</ItemName>
      <ManufactureName>ד.ש.ש אלקטרוניקה בעמ`</ManufactureName>
      <ManufactureCountry />
      <ManufactureItemDescription />
      <UnitQty>'יח</UnitQty>
      <Quantity>1</Quantity>
      <UnitMeasure />
      <BisWeighted>0</BisWeighted>
      <QtyInPackage>1</QtyInPackage>
      <ItemPrice>89.90</ItemPrice>
      <UnitOfMeasurePrice>89.90</UnitOfMeasurePrice>
      <AllowDiscount>1</AllowDiscount>
      <itemStatus>1</itemStatus>
      <LastUpdateDate />
      <LastUpdateTime />
    </Product>
    <Product>
      <PriceUpdateDate>2019/07/03 08:47</PriceUpdateDate>
      <ItemCode>8410076610379</ItemCode>
      <ItemType>1</ItemType>
      <ItemName>נייטשר ואלי פרוטאין בוטנים ושוקולד*4יח</ItemName>
      <ManufactureName>ליימן שליסל בע`מ</ManufactureName>
      <ManufactureCountry />
      <ManufactureItemDescription />
      <UnitQty>'יח</UnitQty>
      <Quantity>2.10</Quantity>
      <UnitMeasure>ל-100 גרם</UnitMeasure>
      <BisWeighted>0</BisWeighted>
      <QtyInPackage>12</QtyInPackage>
      <ItemPrice>24.90</ItemPrice>
      <UnitOfMeasurePrice>11.86</UnitOfMeasurePrice>
      <AllowDiscount>1</AllowDiscount>
      <itemStatus>1</itemStatus>
      <LastUpdateDate />
      <LastUpdateTime />
    </Product>
    <Product>
      <PriceUpdateDate>2022/10/26 16:38</PriceUpdateDate>
      <ItemCode>8410104039134</ItemCode>
      <ItemType>1</ItemType>
      <ItemName>פיניש מנקה ומחדש מדיח 250 מל</ItemName>
      <ManufactureName>תה ויסוצקי בע`מ</ManufactureName>
      <ManufactureCountry />
      <ManufactureItemDescription />
      <UnitQty>'יח</UnitQty>
      <Quantity>2.50</Quantity>
      <UnitMeasure>ל-100 מ"ל</UnitMeasure>
      <BisWeighted>0</BisWeighted>
      <QtyInPackage>1</QtyInPackage>
      <ItemPrice>14.90</ItemPrice>
      <UnitOfMeasurePrice>5.96</UnitOfMeasurePrice>
      <AllowDiscount>1</AllowDiscount>
      <itemStatus>1</itemStatus>
      <LastUpdateDate />
      <LastUpdateTime />
    </Product>
    <Product>
      <PriceUpdateDate>2020/04/20 12:38</PriceUpdateDate>
      <ItemCode>8410104045111</ItemCode>
      <ItemType>1</ItemType>
      <ItemName>פיניש מלח למדיח 2 ק"ג</ItemName>
      <ManufactureName>תה ויסוצקי בע`מ</ManufactureName>
      <ManufactureCountry />
      <ManufactureItemDescription />
      <UnitQty>'יח</UnitQty>
      <Quantity>0</Quantity>
      <UnitMeasure>ל-100 גרם</UnitMeasure>
      <BisWeighted>0</BisWeighted>
      <QtyInPackage>1</QtyInPackage>
      <ItemPrice>14.90</ItemPrice>
      <UnitOfMeasurePrice>14.90</UnitOfMeasurePrice>
      <AllowDiscount>1</AllowDiscount>
      <itemStatus>1</itemStatus>
      <LastUpdateDate />
      <LastUpdateTime />
    </Product>
    <Product>
      <PriceUpdateDate>2022/10/26 16:38</PriceUpdateDate>
      <ItemCode>8410104437268</ItemCode>
      <ItemType>1</ItemType>
      <ItemName>פיניש מפיג ריח למדיח רגיל</ItemName>
      <ManufactureName>תה ויסוצקי בע`מ</ManufactureName>
      <ManufactureCountry />
      <ManufactureItemDescription />
      <UnitQty>'יח</UnitQty>
      <Quantity>0.27</Quantity>
      <UnitMeasure>ל-100 גרם</UnitMeasure>
      <BisWeighted>0</BisWeighted>
      <QtyInPackage>1</QtyInPackage>
      <ItemPrice>14.90</ItemPrice>
      <UnitOfMeasurePrice>55.19</UnitOfMeasurePrice>
      <AllowDiscount>1</AllowDiscount>
      <itemStatus>1</itemStatus>
      <LastUpdateDate />
      <LastUpdateTime />
    </Product>
    <Product>
      <PriceUpdateDate>2020/03/10 19:31</PriceUpdateDate>
      <ItemCode>8410128768324</ItemCode>
      <ItemType>1</ItemType>
      <ItemName>ויוה סוי שקדים  קרטונית 1 ל`</ItemName>
      <ManufactureName>טמפו משקאות בע`מ</ManufactureName>
      <ManufactureCountry />
      <ManufactureItemDescription />
      <UnitQty>'יח</UnitQty>
      <Quantity>10</Quantity>
      <UnitMeasure>ל-100 מ"ל</UnitMeasure>
      <BisWeighted>0</BisWeighted>
      <QtyInPackage>1</QtyInPackage>
      <ItemPrice>12.90</ItemPrice>
      <UnitOfMeasurePrice>1.29</UnitOfMeasurePrice>
      <AllowDiscount>1</AllowDiscount>
      <itemStatus>1</itemStatus>
      <LastUpdateDate />
      <LastUpdateTime />
    </Product>
    <Product>
      <PriceUpdateDate>2021/08/08 13:53</PriceUpdateDate>
      <ItemCode>8410128768416</ItemCode>
      <ItemType>1</ItemType>
      <ItemName>ויוה סוי סויה   בריסטה קרטונית 1 ל`</ItemName>
      <ManufactureName>טמפו משקאות בע`מ</ManufactureName>
      <ManufactureCountry />
      <ManufactureItemDescription />
      <UnitQty>'יח</UnitQty>
      <Quantity>10</Quantity>
      <UnitMeasure>ל-100 מ"ל</UnitMeasure>
      <BisWeighted>0</BisWeighted>
      <QtyInPackage>1</QtyInPackage>
      <ItemPrice>11.90</ItemPrice>
      <UnitOfMeasurePrice>1.19</UnitOfMeasurePrice>
      <AllowDiscount>0</AllowDiscount>
      <itemStatus>1</itemStatus>
      <LastUpdateDate />
      <LastUpdateTime />
    </Product>
    <Product>
      <PriceUpdateDate>2019/01/16 14:51</PriceUpdateDate>
      <ItemCode>8412497362219</ItemCode>
      <ItemType>1</ItemType>
      <ItemName>תחתית לשולחן-נסיכות</ItemName>
      <ManufactureName>שמחה זה אנחנו בע`מ</ManufactureName>
      <ManufactureCountry />
      <ManufactureItemDescription />
      <UnitQty>'יח</UnitQty>
      <Quantity>1</Quantity>
      <UnitMeasure />
      <BisWeighted>0</BisWeighted>
      <QtyInPackage>1</QtyInPackage>
      <ItemPrice>8.90</ItemPrice>
      <UnitOfMeasurePrice>8.90</UnitOfMeasurePrice>
      <AllowDiscount>0</AllowDiscount>
      <itemStatus>1</itemStatus>
      <LastUpdateDate />
      <LastUpdateTime />
    </Product>
    <Product>
      <PriceUpdateDate>2019/01/16 14:51</PriceUpdateDate>
      <ItemCode>8413376022965</ItemCode>
      <ItemType>1</ItemType>
      <ItemName>גבינת עיזים רכה 29% שומן</ItemName>
      <ManufactureName>ג. וילי-פוד אינטרנשיונל בע`מ</ManufactureName>
      <ManufactureCountry />
      <ManufactureItemDescription />
      <UnitQty>'יח</UnitQty>
      <Quantity>1.10</Quantity>
      <UnitMeasure>ל-100 גרם</UnitMeasure>
      <BisWeighted>0</BisWeighted>
      <QtyInPackage>1</QtyInPackage>
      <ItemPrice>14.90</ItemPrice>
      <UnitOfMeasurePrice>13.55</UnitOfMeasurePrice>
      <AllowDiscount>1</AllowDiscount>
      <itemStatus>1</itemStatus>
      <LastUpdateDate />
      <LastUpdateTime />
    </Product>
    <Product>
      <PriceUpdateDate>2019/01/16 14:51</PriceUpdateDate>
      <ItemCode>8413376024839</ItemCode>
      <ItemType>1</ItemType>
      <ItemName>גבינת עיזים רכה עם עשבי תיבול 29%</ItemName>
      <ManufactureName>ג. וילי-פוד אינטרנשיונל בע`מ</ManufactureName>
      <ManufactureCountry />
      <ManufactureItemDescription />
      <UnitQty>'יח</UnitQty>
      <Quantity>1.10</Quantity>
      <UnitMeasure>ל-100 גרם</UnitMeasure>
      <BisWeighted>0</BisWeighted>
      <QtyInPackage>1</QtyInPackage>
      <ItemPrice>14.90</ItemPrice>
      <UnitOfMeasurePrice>13.55</UnitOfMeasurePrice>
      <AllowDiscount>1</AllowDiscount>
      <itemStatus>1</itemStatus>
      <LastUpdateDate />
      <LastUpdateTime />
    </Product>
    <Product>
      <PriceUpdateDate>2022/10/19 11:20</PriceUpdateDate>
      <ItemCode>8423207206488</ItemCode>
      <ItemType>1</ItemType>
      <ItemName>חטיף דגנים מלאים מצופה 120גר</ItemName>
      <ManufactureName>ש. שסטוביץ בע`מ</ManufactureName>
      <ManufactureCountry />
      <ManufactureItemDescription />
      <UnitQty>'יח</UnitQty>
      <Quantity>1.20</Quantity>
      <UnitMeasure>ל-100 גרם</UnitMeasure>
      <BisWeighted>0</BisWeighted>
      <QtyInPackage>1</QtyInPackage>
      <ItemPrice>11.90</ItemPrice>
      <UnitOfMeasurePrice>9.92</UnitOfMeasurePrice>
      <AllowDiscount>1</AllowDiscount>
      <itemStatus>1</itemStatus>
      <LastUpdateDate />
      <LastUpdateTime />
    </Product>
    <Product>
      <PriceUpdateDate>2022/10/19 11:20</PriceUpdateDate>
      <ItemCode>8423207206495</ItemCode>
      <ItemType>1</ItemType>
      <ItemName>חטיף דגנים מלאים מצופה 120גר</ItemName>
      <ManufactureName>ש. שסטוביץ בע`מ</ManufactureName>
      <ManufactureCountry />
      <ManufactureItemDescription />
      <UnitQty>'יח</UnitQty>
      <Quantity>1.20</Quantity>
      <UnitMeasure>ל-100 גרם</UnitMeasure>
      <BisWeighted>0</BisWeighted>
      <QtyInPackage>1</QtyInPackage>
      <ItemPrice>11.90</ItemPrice>
      <UnitOfMeasurePrice>9.92</UnitOfMeasurePrice>
      <AllowDiscount>1</AllowDiscount>
      <itemStatus>1</itemStatus>
      <LastUpdateDate />
      <LastUpdateTime />
    </Product>
    <Product>
      <PriceUpdateDate>2022/10/19 11:20</PriceUpdateDate>
      <ItemCode>8423207206501</ItemCode>
      <ItemType>1</ItemType>
      <ItemName>חטיף דגנים מלאים מצופה 78גר</ItemName>
      <ManufactureName>ש. שסטוביץ בע`מ</ManufactureName>
      <ManufactureCountry />
      <ManufactureItemDescription />
      <UnitQty>'יח</UnitQty>
      <Quantity>0.78</Quantity>
      <UnitMeasure>ל-100 גרם</UnitMeasure>
      <BisWeighted>0</BisWeighted>
      <QtyInPackage>1</QtyInPackage>
      <ItemPrice>11.90</ItemPrice>
      <UnitOfMeasurePrice>15.26</UnitOfMeasurePrice>
      <AllowDiscount>1</AllowDiscount>
      <itemStatus>1</itemStatus>
      <LastUpdateDate />
      <LastUpdateTime />
    </Product>
    <Product>
      <PriceUpdateDate>2022/10/19 11:20</PriceUpdateDate>
      <ItemCode>8423207207362</ItemCode>
      <ItemType>1</ItemType>
      <ItemName>מרבה סלים דליס שוקולד לבן 120 גר`</ItemName>
      <ManufactureName>ש. שסטוביץ בע`מ</ManufactureName>
      <ManufactureCountry />
      <ManufactureItemDescription />
      <UnitQty>'יח</UnitQty>
      <Quantity>1.20</Quantity>
      <UnitMeasure>ל-100 גרם</UnitMeasure>
      <BisWeighted>0</BisWeighted>
      <QtyInPackage>1</QtyInPackage>
      <ItemPrice>11.90</ItemPrice>
      <UnitOfMeasurePrice>9.92</UnitOfMeasurePrice>
      <AllowDiscount>1</AllowDiscount>
      <itemStatus>1</itemStatus>
      <LastUpdateDate />
      <LastUpdateTime />
    </Product>
    <Product>
      <PriceUpdateDate>2022/10/19 11:20</PriceUpdateDate>
      <ItemCode>8423207208260</ItemCode>
      <ItemType>1</ItemType>
      <ItemName>מרבה סלים דליס ללא גלוטן שוקולד חלב</ItemName>
      <ManufactureName>ש. שסטוביץ בע`מ</ManufactureName>
      <ManufactureCountry />
      <ManufactureItemDescription />
      <UnitQty>'יח</UnitQty>
      <Quantity>1.10</Quantity>
      <UnitMeasure>ל-100 גרם</UnitMeasure>
      <BisWeighted>0</BisWeighted>
      <QtyInPackage>1</QtyInPackage>
      <ItemPrice>11.90</ItemPrice>
      <UnitOfMeasurePrice>10.82</UnitOfMeasurePrice>
      <AllowDiscount>1</AllowDiscount>
      <itemStatus>1</itemStatus>
      <LastUpdateDate />
      <LastUpdateTime />
    </Product>
    <Product>
      <PriceUpdateDate>2022/10/19 11:20</PriceUpdateDate>
      <ItemCode>8423207208680</ItemCode>
      <ItemType>1</ItemType>
      <ItemName>מרבה סלים דליס לילדים עם שוקולד חלב</ItemName>
      <ManufactureName>ש. שסטוביץ בע`מ</ManufactureName>
      <ManufactureCountry />
      <ManufactureItemDescription />
      <UnitQty>'יח</UnitQty>
      <Quantity>1.10</Quantity>
      <UnitMeasure>ל-100 גרם</UnitMeasure>
      <BisWeighted>0</BisWeighted>
      <QtyInPackage>1</QtyInPackage>
      <ItemPrice>11.90</ItemPrice>
      <UnitOfMeasurePrice>10.82</UnitOfMeasurePrice>
      <AllowDiscount>1</AllowDiscount>
      <itemStatus>1</itemStatus>
      <LastUpdateDate />
      <LastUpdateTime />
    </Product>
    <Product>
      <PriceUpdateDate>2022/10/19 11:20</PriceUpdateDate>
      <ItemCode>8423207208697</ItemCode>
      <ItemType>1</ItemType>
      <ItemName>מרבה סלים דליס לילדים עם שוקולד לבן</ItemName>
      <ManufactureName>ש. שסטוביץ בע`מ</ManufactureName>
      <ManufactureCountry />
      <ManufactureItemDescription />
      <UnitQty>'יח</UnitQty>
      <Quantity>1.10</Quantity>
      <UnitMeasure>ל-100 גרם</UnitMeasure>
      <BisWeighted>0</BisWeighted>
      <QtyInPackage>1</QtyInPackage>
      <ItemPrice>11.90</ItemPrice>
      <UnitOfMeasurePrice>10.82</UnitOfMeasurePrice>
      <AllowDiscount>1</AllowDiscount>
      <itemStatus>1</itemStatus>
      <LastUpdateDate />
      <LastUpdateTime />
    </Product>
    <Product>
      <PriceUpdateDate>2022/10/19 11:20</PriceUpdateDate>
      <ItemCode>8423207208703</ItemCode>
      <ItemType>1</ItemType>
      <ItemName>מרבה סלים דליס לילדים עם שוקולד מריר</ItemName>
      <ManufactureName>ש. שסטוביץ בע`מ</ManufactureName>
      <ManufactureCountry />
      <ManufactureItemDescription />
      <UnitQty>'יח</UnitQty>
      <Quantity>1.10</Quantity>
      <UnitMeasure>ל-100 גרם</UnitMeasure>
      <BisWeighted>0</BisWeighted>
      <QtyInPackage>1</QtyInPackage>
      <ItemPrice>11.90</ItemPrice>
      <UnitOfMeasurePrice>10.82</UnitOfMeasurePrice>
      <AllowDiscount>1</AllowDiscount>
      <itemStatus>1</itemStatus>
      <LastUpdateDate />
      <LastUpdateTime />
    </Product>
    <Product>
      <PriceUpdateDate>2019/07/03 08:47</PriceUpdateDate>
      <ItemCode>8423207208871</ItemCode>
      <ItemType>1</ItemType>
      <ItemName>פריכיות תירס בטעם טבעי`סלים דליס`</ItemName>
      <ManufactureName>גורי מוצרי צריכה 1991 בע`מ</ManufactureName>
      <ManufactureCountry />
      <ManufactureItemDescription />
      <UnitQty>'יח</UnitQty>
      <Quantity>1.30</Quantity>
      <UnitMeasure>ל-100 גרם</UnitMeasure>
      <BisWeighted>0</BisWeighted>
      <QtyInPackage>1</QtyInPackage>
      <ItemPrice>9.90</ItemPrice>
      <UnitOfMeasurePrice>7.62</UnitOfMeasurePrice>
      <AllowDiscount>1</AllowDiscount>
      <itemStatus>1</itemStatus>
      <LastUpdateDate />
      <LastUpdateTime />
    </Product>
    <Product>
      <PriceUpdateDate>2019/07/03 08:47</PriceUpdateDate>
      <ItemCode>8423207208895</ItemCode>
      <ItemType>1</ItemType>
      <ItemName>פריכיות תירס בטעם זיתים ועירית`סלים דל</ItemName>
      <ManufactureName>גורי מוצרי צריכה 1991 בע`מ</ManufactureName>
      <ManufactureCountry />
      <ManufactureItemDescription />
      <UnitQty>'יח</UnitQty>
      <Quantity>1.30</Quantity>
      <UnitMeasure>ל-100 גרם</UnitMeasure>
      <BisWeighted>0</BisWeighted>
      <QtyInPackage>1</QtyInPackage>
      <ItemPrice>9.90</ItemPrice>
      <UnitOfMeasurePrice>7.62</UnitOfMeasurePrice>
      <AllowDiscount>1</AllowDiscount>
      <itemStatus>1</itemStatus>
      <LastUpdateDate />
      <LastUpdateTime />
    </Product>
    <Product>
      <PriceUpdateDate>2022/10/19 11:20</PriceUpdateDate>
      <ItemCode>8423207209885</ItemCode>
      <ItemType>1</ItemType>
      <ItemName>מרבה סלים דליס לילדים עם שוקולד חלב</ItemName>
      <ManufactureName>ש. שסטוביץ בע`מ</ManufactureName>
      <ManufactureCountry />
      <ManufactureItemDescription />
      <UnitQty>'יח</UnitQty>
      <Quantity>1.10</Quantity>
      <UnitMeasure>ל-100 גרם</UnitMeasure>
      <BisWeighted>0</BisWeighted>
      <QtyInPackage>1</QtyInPackage>
      <ItemPrice>11.90</ItemPrice>
      <UnitOfMeasurePrice>10.82</UnitOfMeasurePrice>
      <AllowDiscount>1</AllowDiscount>
      <itemStatus>1</itemStatus>
      <LastUpdateDate />
      <LastUpdateTime />
    </Product>
    <Product>
      <PriceUpdateDate>2020/08/17 11:11</PriceUpdateDate>
      <ItemCode>8423207210928</ItemCode>
      <ItemType>1</ItemType>
      <ItemName>מרבה סלים דליס טופינג אגוזי לוז</ItemName>
      <ManufactureName>ש. שסטוביץ בע`מ</ManufactureName>
      <ManufactureCountry />
      <ManufactureItemDescription />
      <UnitQty>'יח</UnitQty>
      <Quantity>1.10</Quantity>
      <UnitMeasure>ל-100 גרם</UnitMeasure>
      <BisWeighted>0</BisWeighted>
      <QtyInPackage>1</QtyInPackage>
      <ItemPrice>11.90</ItemPrice>
      <UnitOfMeasurePrice>10.82</UnitOfMeasurePrice>
      <AllowDiscount>0</AllowDiscount>
      <itemStatus>1</itemStatus>
      <LastUpdateDate />
      <LastUpdateTime />
    </Product>
    <Product>
      <PriceUpdateDate>2022/10/19 11:20</PriceUpdateDate>
      <ItemCode>8423207210942</ItemCode>
      <ItemType>1</ItemType>
      <ItemName>מרבה סלים דליס טופינג פירות יער</ItemName>
      <ManufactureName>ש. שסטוביץ בע`מ</ManufactureName>
      <ManufactureCountry />
      <ManufactureItemDescription />
      <UnitQty>'יח</UnitQty>
      <Quantity>1.10</Quantity>
      <UnitMeasure>ל-100 גרם</UnitMeasure>
      <BisWeighted>0</BisWeighted>
      <QtyInPackage>1</QtyInPackage>
      <ItemPrice>11.90</ItemPrice>
      <UnitOfMeasurePrice>10.82</UnitOfMeasurePrice>
      <AllowDiscount>1</AllowDiscount>
      <itemStatus>1</itemStatus>
      <LastUpdateDate />
      <LastUpdateTime />
    </Product>
    <Product>
      <PriceUpdateDate>2020/08/17 11:11</PriceUpdateDate>
      <ItemCode>8423207210966</ItemCode>
      <ItemType>1</ItemType>
      <ItemName>מרבה סלים דליס טופינג קוקוס ולימון</ItemName>
      <ManufactureName>ש. שסטוביץ בע`מ</ManufactureName>
      <ManufactureCountry />
      <ManufactureItemDescription />
      <UnitQty>'יח</UnitQty>
      <Quantity>1.10</Quantity>
      <UnitMeasure>ל-100 גרם</UnitMeasure>
      <BisWeighted>0</BisWeighted>
      <QtyInPackage>1</QtyInPackage>
      <ItemPrice>11.90</ItemPrice>
      <UnitOfMeasurePrice>10.82</UnitOfMeasurePrice>
      <AllowDiscount>0</AllowDiscount>
      <itemStatus>1</itemStatus>
      <LastUpdateDate />
      <LastUpdateTime />
    </Product>
    <Product>
      <PriceUpdateDate>2021/04/01 07:20</PriceUpdateDate>
      <ItemCode>8424842050016</ItemCode>
      <ItemType>1</ItemType>
      <ItemName>צ`יפס בטעם כמהין 125 גר`</ItemName>
      <ManufactureName>א.סיימן סחר בעמ</ManufactureName>
      <ManufactureCountry />
      <ManufactureItemDescription />
      <UnitQty>'יח</UnitQty>
      <Quantity>1.25</Quantity>
      <UnitMeasure>ל-100 גרם</UnitMeasure>
      <BisWeighted>0</BisWeighted>
      <QtyInPackage>1</QtyInPackage>
      <ItemPrice>11.90</ItemPrice>
      <UnitOfMeasurePrice>9.52</UnitOfMeasurePrice>
      <AllowDiscount>1</AllowDiscount>
      <itemStatus>1</itemStatus>
      <LastUpdateDate />
      <LastUpdateTime />
    </Product>
    <Product>
      <PriceUpdateDate>2021/04/01 07:20</PriceUpdateDate>
      <ItemCode>8424842050030</ItemCode>
      <ItemType>1</ItemType>
      <ItemName>צ`יפס עם מלח הימלאי  125 גר`</ItemName>
      <ManufactureName>א.סיימן סחר בעמ</ManufactureName>
      <ManufactureCountry />
      <ManufactureItemDescription />
      <UnitQty>'יח</UnitQty>
      <Quantity>1.25</Quantity>
      <UnitMeasure>ל-100 גרם</UnitMeasure>
      <BisWeighted>0</BisWeighted>
      <QtyInPackage>1</QtyInPackage>
      <ItemPrice>11.90</ItemPrice>
      <UnitOfMeasurePrice>9.52</UnitOfMeasurePrice>
      <AllowDiscount>1</AllowDiscount>
      <itemStatus>1</itemStatus>
      <LastUpdateDate />
      <LastUpdateTime />
    </Product>
    <Product>
      <PriceUpdateDate>2021/10/27 15:41</PriceUpdateDate>
      <ItemCode>8435495805199</ItemCode>
      <ItemType>1</ItemType>
      <ItemName>תינוקלין אבקת כביסה 3 ק`ג</ItemName>
      <ManufactureName>ליימן שליסל בע`מ</ManufactureName>
      <ManufactureCountry />
      <ManufactureItemDescription />
      <UnitQty>'יח</UnitQty>
      <Quantity>30</Quantity>
      <UnitMeasure>ל-100 גרם</UnitMeasure>
      <BisWeighted>0</BisWeighted>
      <QtyInPackage>6</QtyInPackage>
      <ItemPrice>39.90</ItemPrice>
      <UnitOfMeasurePrice>1.33</UnitOfMeasurePrice>
      <AllowDiscount>0</AllowDiscount>
      <itemStatus>1</itemStatus>
      <LastUpdateDate />
      <LastUpdateTime />
    </Product>
    <Product>
      <PriceUpdateDate>2019/01/16 14:51</PriceUpdateDate>
      <ItemCode>8435495807605</ItemCode>
      <ItemType>1</ItemType>
      <ItemName>מרכך כביסה מרוכז תינוקלין 1 ליטר</ItemName>
      <ManufactureName>ליימן שליסל בע`מ</ManufactureName>
      <ManufactureCountry />
      <ManufactureItemDescription />
      <UnitQty>'יח</UnitQty>
      <Quantity>10</Quantity>
      <UnitMeasure>ל-100 מ"ל</UnitMeasure>
      <BisWeighted>0</BisWeighted>
      <QtyInPackage>15</QtyInPackage>
      <ItemPrice>19.90</ItemPrice>
      <UnitOfMeasurePrice>1.99</UnitOfMeasurePrice>
      <AllowDiscount>1</AllowDiscount>
      <itemStatus>1</itemStatus>
      <LastUpdateDate />
      <LastUpdateTime />
    </Product>
    <Product>
      <PriceUpdateDate>2022/02/15 11:52</PriceUpdateDate>
      <ItemCode>8436575292205</ItemCode>
      <ItemType>1</ItemType>
      <ItemName>מאגדת חמשושים 180 גרם</ItemName>
      <ManufactureName>נגה גלידות שותפות מוגבלת</ManufactureName>
      <ManufactureCountry />
      <ManufactureItemDescription />
      <UnitQty>'יח</UnitQty>
      <Quantity>1.80</Quantity>
      <UnitMeasure>ל-100 גרם</UnitMeasure>
      <BisWeighted>0</BisWeighted>
      <QtyInPackage>1</QtyInPackage>
      <ItemPrice>19.90</ItemPrice>
      <UnitOfMeasurePrice>11.06</UnitOfMeasurePrice>
      <AllowDiscount>0</AllowDiscount>
      <itemStatus>1</itemStatus>
      <LastUpdateDate />
      <LastUpdateTime />
    </Product>
    <Product>
      <PriceUpdateDate>2022/08/19 09:31</PriceUpdateDate>
      <ItemCode>8606018615827</ItemCode>
      <ItemType>1</ItemType>
      <ItemName>פיינט אוראו וניל</ItemName>
      <ManufactureName>נגה גלידות שותפות מוגבלת</ManufactureName>
      <ManufactureCountry />
      <ManufactureItemDescription />
      <UnitQty>'יח</UnitQty>
      <Quantity>1</Quantity>
      <UnitMeasure>ל-100 גרם</UnitMeasure>
      <BisWeighted>0</BisWeighted>
      <QtyInPackage>1</QtyInPackage>
      <ItemPrice>16.90</ItemPrice>
      <UnitOfMeasurePrice>16.90</UnitOfMeasurePrice>
      <AllowDiscount>1</AllowDiscount>
      <itemStatus>1</itemStatus>
      <LastUpdateDate />
      <LastUpdateTime />
    </Product>
    <Product>
      <PriceUpdateDate>2022/08/19 09:31</PriceUpdateDate>
      <ItemCode>8606018615841</ItemCode>
      <ItemType>1</ItemType>
      <ItemName>פיינט מילקה וניל ליבת שוקולד</ItemName>
      <ManufactureName>נגה גלידות שותפות מוגבלת</ManufactureName>
      <ManufactureCountry />
      <ManufactureItemDescription />
      <UnitQty>'יח</UnitQty>
      <Quantity>1</Quantity>
      <UnitMeasure>ל-100 גרם</UnitMeasure>
      <BisWeighted>0</BisWeighted>
      <QtyInPackage>1</QtyInPackage>
      <ItemPrice>16.90</ItemPrice>
      <UnitOfMeasurePrice>16.90</UnitOfMeasurePrice>
      <AllowDiscount>1</AllowDiscount>
      <itemStatus>1</itemStatus>
      <LastUpdateDate />
      <LastUpdateTime />
    </Product>
    <Product>
      <PriceUpdateDate>2022/08/19 09:31</PriceUpdateDate>
      <ItemCode>8606018615865</ItemCode>
      <ItemType>1</ItemType>
      <ItemName>פיינט מילקה קרמל ריבת חלב</ItemName>
      <ManufactureName>נגה גלידות שותפות מוגבלת</ManufactureName>
      <ManufactureCountry />
      <ManufactureItemDescription />
      <UnitQty>'יח</UnitQty>
      <Quantity>1</Quantity>
      <UnitMeasure>ל-100 גרם</UnitMeasure>
      <BisWeighted>0</BisWeighted>
      <QtyInPackage>1</QtyInPackage>
      <ItemPrice>16.90</ItemPrice>
      <UnitOfMeasurePrice>16.90</UnitOfMeasurePrice>
      <AllowDiscount>1</AllowDiscount>
      <itemStatus>1</itemStatus>
      <LastUpdateDate />
      <LastUpdateTime />
    </Product>
    <Product>
      <PriceUpdateDate>2022/11/01 11:47</PriceUpdateDate>
      <ItemCode>8680122862919</ItemCode>
      <ItemType>1</ItemType>
      <ItemName> -GARFIELD חול חתולים מתגבש בניחוח בייבי</ItemName>
      <ManufactureName>שחורי אריה ואנסטסיה</ManufactureName>
      <ManufactureCountry />
      <ManufactureItemDescription />
      <UnitQty>'יח</UnitQty>
      <Quantity>1</Quantity>
      <UnitMeasure />
      <BisWeighted>0</BisWeighted>
      <QtyInPackage>1</QtyInPackage>
      <ItemPrice>59.90</ItemPrice>
      <UnitOfMeasurePrice>59.90</UnitOfMeasurePrice>
      <AllowDiscount>0</AllowDiscount>
      <itemStatus>1</itemStatus>
      <LastUpdateDate />
      <LastUpdateTime />
    </Product>
    <Product>
      <PriceUpdateDate>2022/11/01 11:47</PriceUpdateDate>
      <ItemCode>8680122862926</ItemCode>
      <ItemType>1</ItemType>
      <ItemName> -GARFIELD חול חתולים מתגבש בניחוח לוונד</ItemName>
      <ManufactureName>שחורי אריה ואנסטסיה</ManufactureName>
      <ManufactureCountry />
      <ManufactureItemDescription />
      <UnitQty>'יח</UnitQty>
      <Quantity>1</Quantity>
      <UnitMeasure />
      <BisWeighted>0</BisWeighted>
      <QtyInPackage>1</QtyInPackage>
      <ItemPrice>59.90</ItemPrice>
      <UnitOfMeasurePrice>59.90</UnitOfMeasurePrice>
      <AllowDiscount>0</AllowDiscount>
      <itemStatus>1</itemStatus>
      <LastUpdateDate />
      <LastUpdateTime />
    </Product>
    <Product>
      <PriceUpdateDate>2022/11/01 11:47</PriceUpdateDate>
      <ItemCode>8680122862940</ItemCode>
      <ItemType>1</ItemType>
      <ItemName> -GARFIELD חול חתולים מתגבש ללא בישום 10</ItemName>
      <ManufactureName>שחורי אריה ואנסטסיה</ManufactureName>
      <ManufactureCountry />
      <ManufactureItemDescription />
      <UnitQty>'יח</UnitQty>
      <Quantity>1</Quantity>
      <UnitMeasure />
      <BisWeighted>0</BisWeighted>
      <QtyInPackage>1</QtyInPackage>
      <ItemPrice>59.90</ItemPrice>
      <UnitOfMeasurePrice>59.90</UnitOfMeasurePrice>
      <AllowDiscount>0</AllowDiscount>
      <itemStatus>1</itemStatus>
      <LastUpdateDate />
      <LastUpdateTime />
    </Product>
    <Product>
      <PriceUpdateDate>2022/11/01 11:47</PriceUpdateDate>
      <ItemCode>8680122862957</ItemCode>
      <ItemType>1</ItemType>
      <ItemName> -GARFIELD חול חתולים מתגבש פחם פעיל 10</ItemName>
      <ManufactureName>שחורי אריה ואנסטסיה</ManufactureName>
      <ManufactureCountry />
      <ManufactureItemDescription />
      <UnitQty>'יח</UnitQty>
      <Quantity>1</Quantity>
      <UnitMeasure />
      <BisWeighted>0</BisWeighted>
      <QtyInPackage>1</QtyInPackage>
      <ItemPrice>59.90</ItemPrice>
      <UnitOfMeasurePrice>59.90</UnitOfMeasurePrice>
      <AllowDiscount>0</AllowDiscount>
      <itemStatus>1</itemStatus>
      <LastUpdateDate />
      <LastUpdateTime />
    </Product>
    <Product>
      <PriceUpdateDate>2022/11/01 11:47</PriceUpdateDate>
      <ItemCode>8680659333746</ItemCode>
      <ItemType>1</ItemType>
      <ItemName>חול קט אקספרט ריחני</ItemName>
      <ManufactureName>שחורי אריה ואנסטסיה</ManufactureName>
      <ManufactureCountry />
      <ManufactureItemDescription />
      <UnitQty>'יח</UnitQty>
      <Quantity>60</Quantity>
      <UnitMeasure>ל-100 מ"ל</UnitMeasure>
      <BisWeighted>0</BisWeighted>
      <QtyInPackage>1</QtyInPackage>
      <ItemPrice>49.90</ItemPrice>
      <UnitOfMeasurePrice>0.83</UnitOfMeasurePrice>
      <AllowDiscount>0</AllowDiscount>
      <itemStatus>1</itemStatus>
      <LastUpdateDate />
      <LastUpdateTime />
    </Product>
    <Product>
      <PriceUpdateDate>2022/11/01 11:47</PriceUpdateDate>
      <ItemCode>8680659333753</ItemCode>
      <ItemType>1</ItemType>
      <ItemName>חול קט אקספרט נטורל</ItemName>
      <ManufactureName>שחורי אריה ואנסטסיה</ManufactureName>
      <ManufactureCountry />
      <ManufactureItemDescription />
      <UnitQty>'יח</UnitQty>
      <Quantity>60</Quantity>
      <UnitMeasure>ל-100 מ"ל</UnitMeasure>
      <BisWeighted>0</BisWeighted>
      <QtyInPackage>1</QtyInPackage>
      <ItemPrice>49.90</ItemPrice>
      <UnitOfMeasurePrice>0.83</UnitOfMeasurePrice>
      <AllowDiscount>0</AllowDiscount>
      <itemStatus>1</itemStatus>
      <LastUpdateDate />
      <LastUpdateTime />
    </Product>
    <Product>
      <PriceUpdateDate>2022/11/01 11:47</PriceUpdateDate>
      <ItemCode>8680659333760</ItemCode>
      <ItemType>1</ItemType>
      <ItemName>חול קט אקספרט פחם</ItemName>
      <ManufactureName>שחורי אריה ואנסטסיה</ManufactureName>
      <ManufactureCountry />
      <ManufactureItemDescription />
      <UnitQty>'יח</UnitQty>
      <Quantity>60</Quantity>
      <UnitMeasure>ל-100 מ"ל</UnitMeasure>
      <BisWeighted>0</BisWeighted>
      <QtyInPackage>1</QtyInPackage>
      <ItemPrice>49.90</ItemPrice>
      <UnitOfMeasurePrice>0.83</UnitOfMeasurePrice>
      <AllowDiscount>0</AllowDiscount>
      <itemStatus>1</itemStatus>
      <LastUpdateDate />
      <LastUpdateTime />
    </Product>
    <Product>
      <PriceUpdateDate>2022/11/01 11:47</PriceUpdateDate>
      <ItemCode>8681465604921</ItemCode>
      <ItemType>1</ItemType>
      <ItemName>ר.פט עוף לגור 100 גרם</ItemName>
      <ManufactureName>שחורי אריה ואנסטסיה</ManufactureName>
      <ManufactureCountry />
      <ManufactureItemDescription />
      <UnitQty>'יח</UnitQty>
      <Quantity>1</Quantity>
      <UnitMeasure>ל-100 גרם</UnitMeasure>
      <BisWeighted>0</BisWeighted>
      <QtyInPackage>1</QtyInPackage>
      <ItemPrice>4.90</ItemPrice>
      <UnitOfMeasurePrice>4.90</UnitOfMeasurePrice>
      <AllowDiscount>0</AllowDiscount>
      <itemStatus>1</itemStatus>
      <LastUpdateDate />
      <LastUpdateTime />
    </Product>
    <Product>
      <PriceUpdateDate>2022/11/01 11:47</PriceUpdateDate>
      <ItemCode>8681465604938</ItemCode>
      <ItemType>1</ItemType>
      <ItemName>ר.פט עוף לחתול בוגר בוגר 100 גרם</ItemName>
      <ManufactureName>שחורי אריה ואנסטסיה</ManufactureName>
      <ManufactureCountry />
      <ManufactureItemDescription />
      <UnitQty>'יח</UnitQty>
      <Quantity>1</Quantity>
      <UnitMeasure>ל-100 גרם</UnitMeasure>
      <BisWeighted>0</BisWeighted>
      <QtyInPackage>1</QtyInPackage>
      <ItemPrice>4.90</ItemPrice>
      <UnitOfMeasurePrice>4.90</UnitOfMeasurePrice>
      <AllowDiscount>0</AllowDiscount>
      <itemStatus>1</itemStatus>
      <LastUpdateDate />
      <LastUpdateTime />
    </Product>
    <Product>
      <PriceUpdateDate>2022/11/01 11:47</PriceUpdateDate>
      <ItemCode>8681465604945</ItemCode>
      <ItemType>1</ItemType>
      <ItemName>ר.פט סלמון לחתול בוגר 100 גרם</ItemName>
      <ManufactureName>שחורי אריה ואנסטסיה</ManufactureName>
      <ManufactureCountry />
      <ManufactureItemDescription />
      <UnitQty>'יח</UnitQty>
      <Quantity>1</Quantity>
      <UnitMeasure>ל-100 גרם</UnitMeasure>
      <BisWeighted>0</BisWeighted>
      <QtyInPackage>1</QtyInPackage>
      <ItemPrice>4.90</ItemPrice>
      <UnitOfMeasurePrice>4.90</UnitOfMeasurePrice>
      <AllowDiscount>0</AllowDiscount>
      <itemStatus>1</itemStatus>
      <LastUpdateDate />
      <LastUpdateTime />
    </Product>
    <Product>
      <PriceUpdateDate>2022/11/01 11:47</PriceUpdateDate>
      <ItemCode>8681465604952</ItemCode>
      <ItemType>1</ItemType>
      <ItemName>ר.פט בקר לחתול בוגר 100 גרם</ItemName>
      <ManufactureName>שחורי אריה ואנסטסיה</ManufactureName>
      <ManufactureCountry />
      <ManufactureItemDescription />
      <UnitQty>'יח</UnitQty>
      <Quantity>1</Quantity>
      <UnitMeasure>ל-100 גרם</UnitMeasure>
      <BisWeighted>0</BisWeighted>
      <QtyInPackage>1</QtyInPackage>
      <ItemPrice>4.90</ItemPrice>
      <UnitOfMeasurePrice>4.90</UnitOfMeasurePrice>
      <AllowDiscount>0</AllowDiscount>
      <itemStatus>1</itemStatus>
      <LastUpdateDate />
      <LastUpdateTime />
    </Product>
    <Product>
      <PriceUpdateDate>2022/11/01 11:47</PriceUpdateDate>
      <ItemCode>8681465604969</ItemCode>
      <ItemType>1</ItemType>
      <ItemName>ר.פט סלמון לחתול מסורס בוגר 100 גרם</ItemName>
      <ManufactureName>שחורי אריה ואנסטסיה</ManufactureName>
      <ManufactureCountry />
      <ManufactureItemDescription />
      <UnitQty>'יח</UnitQty>
      <Quantity>1</Quantity>
      <UnitMeasure>ל-100 גרם</UnitMeasure>
      <BisWeighted>0</BisWeighted>
      <QtyInPackage>1</QtyInPackage>
      <ItemPrice>4.90</ItemPrice>
      <UnitOfMeasurePrice>4.90</UnitOfMeasurePrice>
      <AllowDiscount>0</AllowDiscount>
      <itemStatus>1</itemStatus>
      <LastUpdateDate />
      <LastUpdateTime />
    </Product>
    <Product>
      <PriceUpdateDate>2022/11/01 11:47</PriceUpdateDate>
      <ItemCode>8681465604983</ItemCode>
      <ItemType>1</ItemType>
      <ItemName>ר.פט כבש לחתול בוגר 100 גרם</ItemName>
      <ManufactureName>שחורי אריה ואנסטסיה</ManufactureName>
      <ManufactureCountry />
      <ManufactureItemDescription />
      <UnitQty>'יח</UnitQty>
      <Quantity>1</Quantity>
      <UnitMeasure>ל-100 גרם</UnitMeasure>
      <BisWeighted>0</BisWeighted>
      <QtyInPackage>1</QtyInPackage>
      <ItemPrice>4.90</ItemPrice>
      <UnitOfMeasurePrice>4.90</UnitOfMeasurePrice>
      <AllowDiscount>0</AllowDiscount>
      <itemStatus>1</itemStatus>
      <LastUpdateDate />
      <LastUpdateTime />
    </Product>
    <Product>
      <PriceUpdateDate>2022/11/01 11:47</PriceUpdateDate>
      <ItemCode>8681465604990</ItemCode>
      <ItemType>1</ItemType>
      <ItemName>ר.פט טונה ואנשובי לחתול בוגר 100 גרם</ItemName>
      <ManufactureName>שחורי אריה ואנסטסיה</ManufactureName>
      <ManufactureCountry />
      <ManufactureItemDescription />
      <UnitQty>'יח</UnitQty>
      <Quantity>1</Quantity>
      <UnitMeasure>ל-100 גרם</UnitMeasure>
      <BisWeighted>0</BisWeighted>
      <QtyInPackage>1</QtyInPackage>
      <ItemPrice>4.90</ItemPrice>
      <UnitOfMeasurePrice>4.90</UnitOfMeasurePrice>
      <AllowDiscount>0</AllowDiscount>
      <itemStatus>1</itemStatus>
      <LastUpdateDate />
      <LastUpdateTime />
    </Product>
    <Product>
      <PriceUpdateDate>2022/11/01 11:47</PriceUpdateDate>
      <ItemCode>8681692200033</ItemCode>
      <ItemType>1</ItemType>
      <ItemName>מייפוד לחתול בקר 1 קג</ItemName>
      <ManufactureName>שחורי אריה ואנסטסיה</ManufactureName>
      <ManufactureCountry />
      <ManufactureItemDescription />
      <UnitQty>'יח</UnitQty>
      <Quantity>10</Quantity>
      <UnitMeasure>ל-100 גרם</UnitMeasure>
      <BisWeighted>0</BisWeighted>
      <QtyInPackage>1</QtyInPackage>
      <ItemPrice>22.90</ItemPrice>
      <UnitOfMeasurePrice>2.29</UnitOfMeasurePrice>
      <AllowDiscount>0</AllowDiscount>
      <itemStatus>1</itemStatus>
      <LastUpdateDate />
      <LastUpdateTime />
    </Product>
    <Product>
      <PriceUpdateDate>2022/11/01 11:47</PriceUpdateDate>
      <ItemCode>8681692200040</ItemCode>
      <ItemType>1</ItemType>
      <ItemName>רקסי בוגר לחתול 1 קג</ItemName>
      <ManufactureName>שחורי אריה ואנסטסיה</ManufactureName>
      <ManufactureCountry />
      <ManufactureItemDescription />
      <UnitQty>'יח</UnitQty>
      <Quantity>10</Quantity>
      <UnitMeasure>ל-100 גרם</UnitMeasure>
      <BisWeighted>0</BisWeighted>
      <QtyInPackage>1</QtyInPackage>
      <ItemPrice>19.90</ItemPrice>
      <UnitOfMeasurePrice>1.99</UnitOfMeasurePrice>
      <AllowDiscount>0</AllowDiscount>
      <itemStatus>1</itemStatus>
      <LastUpdateDate />
      <LastUpdateTime />
    </Product>
    <Product>
      <PriceUpdateDate>2022/11/01 11:47</PriceUpdateDate>
      <ItemCode>8681692200057</ItemCode>
      <ItemType>1</ItemType>
      <ItemName>מייפוד לחתול מסורס 1 קג</ItemName>
      <ManufactureName>שחורי אריה ואנסטסיה</ManufactureName>
      <ManufactureCountry />
      <ManufactureItemDescription />
      <UnitQty>'יח</UnitQty>
      <Quantity>10</Quantity>
      <UnitMeasure>ל-100 גרם</UnitMeasure>
      <BisWeighted>0</BisWeighted>
      <QtyInPackage>1</QtyInPackage>
      <ItemPrice>22.90</ItemPrice>
      <UnitOfMeasurePrice>2.29</UnitOfMeasurePrice>
      <AllowDiscount>0</AllowDiscount>
      <itemStatus>1</itemStatus>
      <LastUpdateDate />
      <LastUpdateTime />
    </Product>
    <Product>
      <PriceUpdateDate>2022/11/01 11:47</PriceUpdateDate>
      <ItemCode>8681692200071</ItemCode>
      <ItemType>1</ItemType>
      <ItemName>מייפוד כבש 15 קג לכלבים</ItemName>
      <ManufactureName>שחורי אריה ואנסטסיה</ManufactureName>
      <ManufactureCountry />
      <ManufactureItemDescription />
      <UnitQty>'יח</UnitQty>
      <Quantity>150</Quantity>
      <UnitMeasure>ל-100 גרם</UnitMeasure>
      <BisWeighted>0</BisWeighted>
      <QtyInPackage>1</QtyInPackage>
      <ItemPrice>129.90</ItemPrice>
      <UnitOfMeasurePrice>0.87</UnitOfMeasurePrice>
      <AllowDiscount>0</AllowDiscount>
      <itemStatus>1</itemStatus>
      <LastUpdateDate />
      <LastUpdateTime />
    </Product>
    <Product>
      <PriceUpdateDate>2022/11/01 11:47</PriceUpdateDate>
      <ItemCode>8681692200095</ItemCode>
      <ItemType>1</ItemType>
      <ItemName>מייפוד גורי חתול 1 קג</ItemName>
      <ManufactureName>שחורי אריה ואנסטסיה</ManufactureName>
      <ManufactureCountry />
      <ManufactureItemDescription />
      <UnitQty>'יח</UnitQty>
      <Quantity>10</Quantity>
      <UnitMeasure>ל-100 גרם</UnitMeasure>
      <BisWeighted>0</BisWeighted>
      <QtyInPackage>1</QtyInPackage>
      <ItemPrice>22.90</ItemPrice>
      <UnitOfMeasurePrice>2.29</UnitOfMeasurePrice>
      <AllowDiscount>0</AllowDiscount>
      <itemStatus>1</itemStatus>
      <LastUpdateDate />
      <LastUpdateTime />
    </Product>
    <Product>
      <PriceUpdateDate>2022/04/25 13:53</PriceUpdateDate>
      <ItemCode>8681863065287</ItemCode>
      <ItemType>1</ItemType>
      <ItemName>מלח הימלאיה 350 גרם</ItemName>
      <ManufactureName>ג. וילי-פוד אינטרנשיונל בע`מ</ManufactureName>
      <ManufactureCountry />
      <ManufactureItemDescription />
      <UnitQty>'יח</UnitQty>
      <Quantity>3.50</Quantity>
      <UnitMeasure>ל-100 גרם</UnitMeasure>
      <BisWeighted>0</BisWeighted>
      <QtyInPackage>1</QtyInPackage>
      <ItemPrice>24.90</ItemPrice>
      <UnitOfMeasurePrice>7.11</UnitOfMeasurePrice>
      <AllowDiscount>1</AllowDiscount>
      <itemStatus>1</itemStatus>
      <LastUpdateDate />
      <LastUpdateTime />
    </Product>
    <Product>
      <PriceUpdateDate>2022/11/01 11:47</PriceUpdateDate>
      <ItemCode>8682162004045</ItemCode>
      <ItemType>1</ItemType>
      <ItemName>חול קטמניה קרבון 8.5 קג</ItemName>
      <ManufactureName>שחורי אריה ואנסטסיה</ManufactureName>
      <ManufactureCountry />
      <ManufactureItemDescription />
      <UnitQty>'יח</UnitQty>
      <Quantity>85</Quantity>
      <UnitMeasure>ל-100 גרם</UnitMeasure>
      <BisWeighted>0</BisWeighted>
      <QtyInPackage>1</QtyInPackage>
      <ItemPrice>54.90</ItemPrice>
      <UnitOfMeasurePrice>0.65</UnitOfMeasurePrice>
      <AllowDiscount>0</AllowDiscount>
      <itemStatus>1</itemStatus>
      <LastUpdateDate />
      <LastUpdateTime />
    </Product>
    <Product>
      <PriceUpdateDate>2022/11/01 11:47</PriceUpdateDate>
      <ItemCode>8682162004069</ItemCode>
      <ItemType>1</ItemType>
      <ItemName>חול קטמניה לבנדר 8.5 קג</ItemName>
      <ManufactureName>שחורי אריה ואנסטסיה</ManufactureName>
      <ManufactureCountry />
      <ManufactureItemDescription />
      <UnitQty>'יח</UnitQty>
      <Quantity>85</Quantity>
      <UnitMeasure>ל-100 גרם</UnitMeasure>
      <BisWeighted>0</BisWeighted>
      <QtyInPackage>1</QtyInPackage>
      <ItemPrice>54.90</ItemPrice>
      <UnitOfMeasurePrice>0.65</UnitOfMeasurePrice>
      <AllowDiscount>0</AllowDiscount>
      <itemStatus>1</itemStatus>
      <LastUpdateDate />
      <LastUpdateTime />
    </Product>
    <Product>
      <PriceUpdateDate>2021/09/12 13:52</PriceUpdateDate>
      <ItemCode>8683130008355</ItemCode>
      <ItemType>1</ItemType>
      <ItemName>הלמנס מיונז שום 400 גר`</ItemName>
      <ManufactureName>יוניליוור ישראל שיווק בע`מ</ManufactureName>
      <ManufactureCountry />
      <ManufactureItemDescription />
      <UnitQty>'יח</UnitQty>
      <Quantity>4</Quantity>
      <UnitMeasure>ל-100 גרם</UnitMeasure>
      <BisWeighted>0</BisWeighted>
      <QtyInPackage>1</QtyInPackage>
      <ItemPrice>11.90</ItemPrice>
      <UnitOfMeasurePrice>2.98</UnitOfMeasurePrice>
      <AllowDiscount>1</AllowDiscount>
      <itemStatus>1</itemStatus>
      <LastUpdateDate />
      <LastUpdateTime />
    </Product>
    <Product>
      <PriceUpdateDate>2021/12/23 16:11</PriceUpdateDate>
      <ItemCode>8683130008935</ItemCode>
      <ItemType>1</ItemType>
      <ItemName>הלמנס קטשיונז 425 גרם</ItemName>
      <ManufactureName>יוניליוור ישראל שיווק בע`מ</ManufactureName>
      <ManufactureCountry />
      <ManufactureItemDescription />
      <UnitQty>'יח</UnitQty>
      <Quantity>4.80</Quantity>
      <UnitMeasure>ל-100 גרם</UnitMeasure>
      <BisWeighted>0</BisWeighted>
      <QtyInPackage>1</QtyInPackage>
      <ItemPrice>14.90</ItemPrice>
      <UnitOfMeasurePrice>3.10</UnitOfMeasurePrice>
      <AllowDiscount>1</AllowDiscount>
      <itemStatus>1</itemStatus>
      <LastUpdateDate />
      <LastUpdateTime />
    </Product>
    <Product>
      <PriceUpdateDate>2022/05/09 10:33</PriceUpdateDate>
      <ItemCode>8683130025581</ItemCode>
      <ItemType>1</ItemType>
      <ItemName>בדין אקסטרא מרכך ענבר 960 מל</ItemName>
      <ManufactureName>יוניליוור ישראל שיווק בע`מ</ManufactureName>
      <ManufactureCountry />
      <ManufactureItemDescription />
      <UnitQty>'יח</UnitQty>
      <Quantity>96</Quantity>
      <UnitMeasure>ל-100 מ"ל</UnitMeasure>
      <BisWeighted>0</BisWeighted>
      <QtyInPackage>1</QtyInPackage>
      <ItemPrice>15.90</ItemPrice>
      <UnitOfMeasurePrice>0.17</UnitOfMeasurePrice>
      <AllowDiscount>1</AllowDiscount>
      <itemStatus>1</itemStatus>
      <LastUpdateDate />
      <LastUpdateTime />
    </Product>
    <Product>
      <PriceUpdateDate>2019/01/16 14:51</PriceUpdateDate>
      <ItemCode>8690504153740</ItemCode>
      <ItemType>1</ItemType>
      <ItemName>טבלת שוקולד מריר עם גאנש 86 גר`</ItemName>
      <ManufactureName>תה ויסוצקי בע`מ</ManufactureName>
      <ManufactureCountry />
      <ManufactureItemDescription />
      <UnitQty>'יח</UnitQty>
      <Quantity>0.86</Quantity>
      <UnitMeasure>ל-100 גרם</UnitMeasure>
      <BisWeighted>0</BisWeighted>
      <QtyInPackage>1</QtyInPackage>
      <ItemPrice>14.90</ItemPrice>
      <UnitOfMeasurePrice>17.33</UnitOfMeasurePrice>
      <AllowDiscount>1</AllowDiscount>
      <itemStatus>1</itemStatus>
      <LastUpdateDate />
      <LastUpdateTime />
    </Product>
    <Product>
      <PriceUpdateDate>2020/12/29 21:16</PriceUpdateDate>
      <ItemCode>8690637503856</ItemCode>
      <ItemType>1</ItemType>
      <ItemName>מיונז הלמנס לחיץ 385 גרם</ItemName>
      <ManufactureName>יוניליוור ישראל שיווק בע`מ</ManufactureName>
      <ManufactureCountry />
      <ManufactureItemDescription />
      <UnitQty>'יח</UnitQty>
      <Quantity>3.85</Quantity>
      <UnitMeasure>ל-100 גרם</UnitMeasure>
      <BisWeighted>0</BisWeighted>
      <QtyInPackage>1</QtyInPackage>
      <ItemPrice>13.90</ItemPrice>
      <UnitOfMeasurePrice>3.61</UnitOfMeasurePrice>
      <AllowDiscount>1</AllowDiscount>
      <itemStatus>1</itemStatus>
      <LastUpdateDate />
      <LastUpdateTime />
    </Product>
    <Product>
      <PriceUpdateDate>2021/11/10 12:47</PriceUpdateDate>
      <ItemCode>8690637504426</ItemCode>
      <ItemType>1</ItemType>
      <ItemName>לניקוי כללי קרם סיף 500 מל לימון</ItemName>
      <ManufactureName>יוניליוור ישראל שיווק בע`מ</ManufactureName>
      <ManufactureCountry />
      <ManufactureItemDescription />
      <UnitQty>'יח</UnitQty>
      <Quantity>5</Quantity>
      <UnitMeasure>ל-100 מ"ל</UnitMeasure>
      <BisWeighted>0</BisWeighted>
      <QtyInPackage>1</QtyInPackage>
      <ItemPrice>10.90</ItemPrice>
      <UnitOfMeasurePrice>2.18</UnitOfMeasurePrice>
      <AllowDiscount>0</AllowDiscount>
      <itemStatus>1</itemStatus>
      <LastUpdateDate />
      <LastUpdateTime />
    </Product>
    <Product>
      <PriceUpdateDate>2021/07/18 15:00</PriceUpdateDate>
      <ItemCode>8690637505607</ItemCode>
      <ItemType>1</ItemType>
      <ItemName>בדין אקסטרה מרכך כביסה פינוק כחול 960 מ"</ItemName>
      <ManufactureName>יוניליוור ישראל שיווק בע`מ</ManufactureName>
      <ManufactureCountry />
      <ManufactureItemDescription />
      <UnitQty>'יח</UnitQty>
      <Quantity>96</Quantity>
      <UnitMeasure>ל-100 מ"ל</UnitMeasure>
      <BisWeighted>0</BisWeighted>
      <QtyInPackage>1</QtyInPackage>
      <ItemPrice>15.90</ItemPrice>
      <UnitOfMeasurePrice>0.17</UnitOfMeasurePrice>
      <AllowDiscount>1</AllowDiscount>
      <itemStatus>1</itemStatus>
      <LastUpdateDate />
      <LastUpdateTime />
    </Product>
    <Product>
      <PriceUpdateDate>2019/05/26 21:38</PriceUpdateDate>
      <ItemCode>8690637842399</ItemCode>
      <ItemType>1</ItemType>
      <ItemName>מאגדת מיני דאבל פרי יער שוקולד</ItemName>
      <ManufactureName>שטראוס גלידות</ManufactureName>
      <ManufactureCountry />
      <ManufactureItemDescription />
      <UnitQty>'יח</UnitQty>
      <Quantity>1</Quantity>
      <UnitMeasure>ל-100 גרם</UnitMeasure>
      <BisWeighted>0</BisWeighted>
      <QtyInPackage>1</QtyInPackage>
      <ItemPrice>31.90</ItemPrice>
      <UnitOfMeasurePrice>31.90</UnitOfMeasurePrice>
      <AllowDiscount>1</AllowDiscount>
      <itemStatus>1</itemStatus>
      <LastUpdateDate />
      <LastUpdateTime />
    </Product>
    <Product>
      <PriceUpdateDate>2019/05/26 21:38</PriceUpdateDate>
      <ItemCode>8690637871245</ItemCode>
      <ItemType>1</ItemType>
      <ItemName>מיונז הלמנס לחיץ 385 גרם</ItemName>
      <ManufactureName>יוניליוור ישראל שיווק בע`מ</ManufactureName>
      <ManufactureCountry />
      <ManufactureItemDescription />
      <UnitQty>'יח</UnitQty>
      <Quantity>3.85</Quantity>
      <UnitMeasure>ל-100 גרם</UnitMeasure>
      <BisWeighted>0</BisWeighted>
      <QtyInPackage>1</QtyInPackage>
      <ItemPrice>13.90</ItemPrice>
      <UnitOfMeasurePrice>3.61</UnitOfMeasurePrice>
      <AllowDiscount>1</AllowDiscount>
      <itemStatus>1</itemStatus>
      <LastUpdateDate />
      <LastUpdateTime />
    </Product>
    <Product>
      <PriceUpdateDate>2019/05/26 21:38</PriceUpdateDate>
      <ItemCode>8690637890666</ItemCode>
      <ItemType>1</ItemType>
      <ItemName>מאגדת מיני מגנום פיסטוק שוקולד 6 יח</ItemName>
      <ManufactureName>שטראוס גלידות</ManufactureName>
      <ManufactureCountry />
      <ManufactureItemDescription />
      <UnitQty>'יח</UnitQty>
      <Quantity>1</Quantity>
      <UnitMeasure>ל-100 גרם</UnitMeasure>
      <BisWeighted>0</BisWeighted>
      <QtyInPackage>1</QtyInPackage>
      <ItemPrice>31.90</ItemPrice>
      <UnitOfMeasurePrice>31.90</UnitOfMeasurePrice>
      <AllowDiscount>1</AllowDiscount>
      <itemStatus>1</itemStatus>
      <LastUpdateDate />
      <LastUpdateTime />
    </Product>
    <Product>
      <PriceUpdateDate>2020/04/05 09:51</PriceUpdateDate>
      <ItemCode>8690637946301</ItemCode>
      <ItemType>1</ItemType>
      <ItemName>בדין אקסטרא כחול בייבי 960 מל</ItemName>
      <ManufactureName>יוניליוור ישראל שיווק בע`מ</ManufactureName>
      <ManufactureCountry />
      <ManufactureItemDescription />
      <UnitQty>'יח</UnitQty>
      <Quantity>96</Quantity>
      <UnitMeasure>ל-100 מ"ל</UnitMeasure>
      <BisWeighted>0</BisWeighted>
      <QtyInPackage>1</QtyInPackage>
      <ItemPrice>15.90</ItemPrice>
      <UnitOfMeasurePrice>0.17</UnitOfMeasurePrice>
      <AllowDiscount>1</AllowDiscount>
      <itemStatus>1</itemStatus>
      <LastUpdateDate />
      <LastUpdateTime />
    </Product>
    <Product>
      <PriceUpdateDate>2020/06/24 10:02</PriceUpdateDate>
      <ItemCode>8690637946318</ItemCode>
      <ItemType>1</ItemType>
      <ItemName>בדין אקסטרא צהוב בייבי 960 מל</ItemName>
      <ManufactureName>יוניליוור ישראל שיווק בע`מ</ManufactureName>
      <ManufactureCountry />
      <ManufactureItemDescription />
      <UnitQty>'יח</UnitQty>
      <Quantity>96</Quantity>
      <UnitMeasure>ל-100 מ"ל</UnitMeasure>
      <BisWeighted>0</BisWeighted>
      <QtyInPackage>1</QtyInPackage>
      <ItemPrice>15.90</ItemPrice>
      <UnitOfMeasurePrice>0.17</UnitOfMeasurePrice>
      <AllowDiscount>1</AllowDiscount>
      <itemStatus>1</itemStatus>
      <LastUpdateDate />
      <LastUpdateTime />
    </Product>
    <Product>
      <PriceUpdateDate>2021/02/21 14:39</PriceUpdateDate>
      <ItemCode>8690637989612</ItemCode>
      <ItemType>1</ItemType>
      <ItemName>מאגדת מיני מגנוםדאבל דולצה גולד 6 יח</ItemName>
      <ManufactureName>שטראוס גלידות</ManufactureName>
      <ManufactureCountry />
      <ManufactureItemDescription />
      <UnitQty>'יח</UnitQty>
      <Quantity>1</Quantity>
      <UnitMeasure>ל-100 גרם</UnitMeasure>
      <BisWeighted>0</BisWeighted>
      <QtyInPackage>1</QtyInPackage>
      <ItemPrice>31.90</ItemPrice>
      <UnitOfMeasurePrice>31.90</UnitOfMeasurePrice>
      <AllowDiscount>1</AllowDiscount>
      <itemStatus>1</itemStatus>
      <LastUpdateDate />
      <LastUpdateTime />
    </Product>
    <Product>
      <PriceUpdateDate>2019/12/27 06:59</PriceUpdateDate>
      <ItemCode>8690766156374</ItemCode>
      <ItemType>1</ItemType>
      <ItemName>שוקולד PURE מריר 72% קקאו</ItemName>
      <ManufactureName>תה ויסוצקי בע`מ</ManufactureName>
      <ManufactureCountry />
      <ManufactureItemDescription />
      <UnitQty>'יח</UnitQty>
      <Quantity>0.90</Quantity>
      <UnitMeasure>ל-100 גרם</UnitMeasure>
      <BisWeighted>0</BisWeighted>
      <QtyInPackage>1</QtyInPackage>
      <ItemPrice>14.90</ItemPrice>
      <UnitOfMeasurePrice>16.56</UnitOfMeasurePrice>
      <AllowDiscount>1</AllowDiscount>
      <itemStatus>1</itemStatus>
      <LastUpdateDate />
      <LastUpdateTime />
    </Product>
    <Product>
      <PriceUpdateDate>2019/12/27 06:59</PriceUpdateDate>
      <ItemCode>8690766156381</ItemCode>
      <ItemType>1</ItemType>
      <ItemName>שוקולד PURE מריר מעולה 90%</ItemName>
      <ManufactureName>תה ויסוצקי בע`מ</ManufactureName>
      <ManufactureCountry />
      <ManufactureItemDescription />
      <UnitQty>'יח</UnitQty>
      <Quantity>0.90</Quantity>
      <UnitMeasure>ל-100 גרם</UnitMeasure>
      <BisWeighted>0</BisWeighted>
      <QtyInPackage>1</QtyInPackage>
      <ItemPrice>14.90</ItemPrice>
      <UnitOfMeasurePrice>16.56</UnitOfMeasurePrice>
      <AllowDiscount>1</AllowDiscount>
      <itemStatus>1</itemStatus>
      <LastUpdateDate />
      <LastUpdateTime />
    </Product>
    <Product>
      <PriceUpdateDate>2019/12/27 06:59</PriceUpdateDate>
      <ItemCode>8690766156404</ItemCode>
      <ItemType>1</ItemType>
      <ItemName>שוקולד PURE מריר מעולה טעם תפוז</ItemName>
      <ManufactureName>תה ויסוצקי בע`מ</ManufactureName>
      <ManufactureCountry />
      <ManufactureItemDescription />
      <UnitQty>'יח</UnitQty>
      <Quantity>0.90</Quantity>
      <UnitMeasure>ל-100 גרם</UnitMeasure>
      <BisWeighted>0</BisWeighted>
      <QtyInPackage>1</QtyInPackage>
      <ItemPrice>14.90</ItemPrice>
      <UnitOfMeasurePrice>16.56</UnitOfMeasurePrice>
      <AllowDiscount>1</AllowDiscount>
      <itemStatus>1</itemStatus>
      <LastUpdateDate />
      <LastUpdateTime />
    </Product>
    <Product>
      <PriceUpdateDate>2019/07/25 09:19</PriceUpdateDate>
      <ItemCode>8690770322079</ItemCode>
      <ItemType>1</ItemType>
      <ItemName>שמרים יבשים לאפייה 450 גרם</ItemName>
      <ManufactureName>הנמל אריזות ושיווק 1984 בע`מ</ManufactureName>
      <ManufactureCountry />
      <ManufactureItemDescription />
      <UnitQty>'יח</UnitQty>
      <Quantity>4.50</Quantity>
      <UnitMeasure>ל-100 גרם</UnitMeasure>
      <BisWeighted>0</BisWeighted>
      <QtyInPackage>20</QtyInPackage>
      <ItemPrice>12.90</ItemPrice>
      <UnitOfMeasurePrice>2.87</UnitOfMeasurePrice>
      <AllowDiscount>0</AllowDiscount>
      <itemStatus>1</itemStatus>
      <LastUpdateDate />
      <LastUpdateTime />
    </Product>
    <Product>
      <PriceUpdateDate>2019/07/25 09:19</PriceUpdateDate>
      <ItemCode>8690770322598</ItemCode>
      <ItemType>1</ItemType>
      <ItemName>שמרים יבשים לאפייה 125 גרם</ItemName>
      <ManufactureName>הנמל אריזות ושיווק 1984 בע`מ</ManufactureName>
      <ManufactureCountry />
      <ManufactureItemDescription />
      <UnitQty>'יח</UnitQty>
      <Quantity>1</Quantity>
      <UnitMeasure>ל-100 גרם</UnitMeasure>
      <BisWeighted>0</BisWeighted>
      <QtyInPackage>24</QtyInPackage>
      <ItemPrice>4.90</ItemPrice>
      <UnitOfMeasurePrice>4.90</UnitOfMeasurePrice>
      <AllowDiscount>1</AllowDiscount>
      <itemStatus>1</itemStatus>
      <LastUpdateDate />
      <LastUpdateTime />
    </Product>
    <Product>
      <PriceUpdateDate>2019/07/03 08:47</PriceUpdateDate>
      <ItemCode>8690777203012</ItemCode>
      <ItemType>1</ItemType>
      <ItemName>פלפל ירוק כבוש 600 גרם סרה</ItemName>
      <ManufactureName>ג. וילי-פוד אינטרנשיונל בע`מ</ManufactureName>
      <ManufactureCountry />
      <ManufactureItemDescription />
      <UnitQty>'יח</UnitQty>
      <Quantity>6</Quantity>
      <UnitMeasure>ל-100 גרם</UnitMeasure>
      <BisWeighted>0</BisWeighted>
      <QtyInPackage>1</QtyInPackage>
      <ItemPrice>12.90</ItemPrice>
      <UnitOfMeasurePrice>2.15</UnitOfMeasurePrice>
      <AllowDiscount>1</AllowDiscount>
      <itemStatus>1</itemStatus>
      <LastUpdateDate />
      <LastUpdateTime />
    </Product>
    <Product>
      <PriceUpdateDate>2019/07/03 08:47</PriceUpdateDate>
      <ItemCode>8690777204071</ItemCode>
      <ItemType>1</ItemType>
      <ItemName>פלפל חריף 640 גרם סרה</ItemName>
      <ManufactureName>ג. וילי-פוד אינטרנשיונל בע`מ</ManufactureName>
      <ManufactureCountry />
      <ManufactureItemDescription />
      <UnitQty>'יח</UnitQty>
      <Quantity>6.40</Quantity>
      <UnitMeasure>ל-100 גרם</UnitMeasure>
      <BisWeighted>0</BisWeighted>
      <QtyInPackage>1</QtyInPackage>
      <ItemPrice>12.90</ItemPrice>
      <UnitOfMeasurePrice>2.02</UnitOfMeasurePrice>
      <AllowDiscount>1</AllowDiscount>
      <itemStatus>1</itemStatus>
      <LastUpdateDate />
      <LastUpdateTime />
    </Product>
    <Product>
      <PriceUpdateDate>2019/07/03 08:47</PriceUpdateDate>
      <ItemCode>8690777206051</ItemCode>
      <ItemType>1</ItemType>
      <ItemName>חציל קלוי על האש 650 גרם סרה</ItemName>
      <ManufactureName>ג. וילי-פוד אינטרנשיונל בע`מ</ManufactureName>
      <ManufactureCountry />
      <ManufactureItemDescription />
      <UnitQty>'יח</UnitQty>
      <Quantity>6.50</Quantity>
      <UnitMeasure>ל-100 גרם</UnitMeasure>
      <BisWeighted>0</BisWeighted>
      <QtyInPackage>12</QtyInPackage>
      <ItemPrice>12.90</ItemPrice>
      <UnitOfMeasurePrice>1.98</UnitOfMeasurePrice>
      <AllowDiscount>1</AllowDiscount>
      <itemStatus>1</itemStatus>
      <LastUpdateDate />
      <LastUpdateTime />
    </Product>
    <Product>
      <PriceUpdateDate>2019/07/03 08:47</PriceUpdateDate>
      <ItemCode>8690777221405</ItemCode>
      <ItemType>1</ItemType>
      <ItemName>פלפל אדום קלוי על האש 620 גרם סרה</ItemName>
      <ManufactureName>ג. וילי-פוד אינטרנשיונל בע`מ</ManufactureName>
      <ManufactureCountry />
      <ManufactureItemDescription />
      <UnitQty>'יח</UnitQty>
      <Quantity>6.20</Quantity>
      <UnitMeasure>ל-100 גרם</UnitMeasure>
      <BisWeighted>0</BisWeighted>
      <QtyInPackage>12</QtyInPackage>
      <ItemPrice>12.90</ItemPrice>
      <UnitOfMeasurePrice>2.08</UnitOfMeasurePrice>
      <AllowDiscount>1</AllowDiscount>
      <itemStatus>1</itemStatus>
      <LastUpdateDate />
      <LastUpdateTime />
    </Product>
    <Product>
      <PriceUpdateDate>2022/07/24 16:25</PriceUpdateDate>
      <ItemCode>8690784614665</ItemCode>
      <ItemType>1</ItemType>
      <ItemName>דאק סבון ניקוי לאסלה 5ב1 בניחוח ים</ItemName>
      <ManufactureName>דנאגיס בעמ</ManufactureName>
      <ManufactureCountry />
      <ManufactureItemDescription />
      <UnitQty>'יח</UnitQty>
      <Quantity>3</Quantity>
      <UnitMeasure>ל-100 מ"ל</UnitMeasure>
      <BisWeighted>0</BisWeighted>
      <QtyInPackage>1</QtyInPackage>
      <ItemPrice>7.90</ItemPrice>
      <UnitOfMeasurePrice>2.63</UnitOfMeasurePrice>
      <AllowDiscount>1</AllowDiscount>
      <itemStatus>1</itemStatus>
      <LastUpdateDate />
      <LastUpdateTime />
    </Product>
    <Product>
      <PriceUpdateDate>2022/07/04 08:41</PriceUpdateDate>
      <ItemCode>8692255778838</ItemCode>
      <ItemType>1</ItemType>
      <ItemName>משקפי ראייה OPTI</ItemName>
      <ManufactureName>ד.ג.ש ייבוא ושיווק בעמ</ManufactureName>
      <ManufactureCountry />
      <ManufactureItemDescription />
      <UnitQty>'יח</UnitQty>
      <Quantity>1</Quantity>
      <UnitMeasure />
      <BisWeighted>0</BisWeighted>
      <QtyInPackage>1</QtyInPackage>
      <ItemPrice>14.90</ItemPrice>
      <UnitOfMeasurePrice>14.90</UnitOfMeasurePrice>
      <AllowDiscount>0</AllowDiscount>
      <itemStatus>1</itemStatus>
      <LastUpdateDate />
      <LastUpdateTime />
    </Product>
    <Product>
      <PriceUpdateDate>2021/12/01 10:09</PriceUpdateDate>
      <ItemCode>8693495052177</ItemCode>
      <ItemType>1</ItemType>
      <ItemName>פלמוליב תחליב רחצה 750 מל`</ItemName>
      <ManufactureName>ש. שסטוביץ בע`מ</ManufactureName>
      <ManufactureCountry />
      <ManufactureItemDescription />
      <UnitQty>'יח</UnitQty>
      <Quantity>7.50</Quantity>
      <UnitMeasure>ל-100 מ"ל</UnitMeasure>
      <BisWeighted>0</BisWeighted>
      <QtyInPackage>1</QtyInPackage>
      <ItemPrice>19.90</ItemPrice>
      <UnitOfMeasurePrice>2.65</UnitOfMeasurePrice>
      <AllowDiscount>1</AllowDiscount>
      <itemStatus>1</itemStatus>
      <LastUpdateDate />
      <LastUpdateTime />
    </Product>
    <Product>
      <PriceUpdateDate>2022/11/01 11:47</PriceUpdateDate>
      <ItemCode>8694686405857</ItemCode>
      <ItemType>1</ItemType>
      <ItemName>מיטו מזון לחתול 1 קג</ItemName>
      <ManufactureName>שחורי אריה ואנסטסיה</ManufactureName>
      <ManufactureCountry />
      <ManufactureItemDescription />
      <UnitQty>'יח</UnitQty>
      <Quantity>10</Quantity>
      <UnitMeasure>ל-100 גרם</UnitMeasure>
      <BisWeighted>0</BisWeighted>
      <QtyInPackage>1</QtyInPackage>
      <ItemPrice>22</ItemPrice>
      <UnitOfMeasurePrice>2.20</UnitOfMeasurePrice>
      <AllowDiscount>0</AllowDiscount>
      <itemStatus>1</itemStatus>
      <LastUpdateDate />
      <LastUpdateTime />
    </Product>
    <Product>
      <PriceUpdateDate>2022/11/01 11:47</PriceUpdateDate>
      <ItemCode>8694686406083</ItemCode>
      <ItemType>1</ItemType>
      <ItemName>בונאסיבו גורים עוף 2 קג</ItemName>
      <ManufactureName>שחורי אריה ואנסטסיה</ManufactureName>
      <ManufactureCountry />
      <ManufactureItemDescription />
      <UnitQty>'יח</UnitQty>
      <Quantity>20</Quantity>
      <UnitMeasure>ל-100 גרם</UnitMeasure>
      <BisWeighted>0</BisWeighted>
      <QtyInPackage>1</QtyInPackage>
      <ItemPrice>49.90</ItemPrice>
      <UnitOfMeasurePrice>2.50</UnitOfMeasurePrice>
      <AllowDiscount>0</AllowDiscount>
      <itemStatus>1</itemStatus>
      <LastUpdateDate />
      <LastUpdateTime />
    </Product>
    <Product>
      <PriceUpdateDate>2022/11/01 11:47</PriceUpdateDate>
      <ItemCode>8694686406090</ItemCode>
      <ItemType>1</ItemType>
      <ItemName>בונאסיבו חתול עוף 2 קג</ItemName>
      <ManufactureName>שחורי אריה ואנסטסיה</ManufactureName>
      <ManufactureCountry />
      <ManufactureItemDescription />
      <UnitQty>'יח</UnitQty>
      <Quantity>20</Quantity>
      <UnitMeasure>ל-100 גרם</UnitMeasure>
      <BisWeighted>0</BisWeighted>
      <QtyInPackage>1</QtyInPackage>
      <ItemPrice>49.90</ItemPrice>
      <UnitOfMeasurePrice>2.50</UnitOfMeasurePrice>
      <AllowDiscount>0</AllowDiscount>
      <itemStatus>1</itemStatus>
      <LastUpdateDate />
      <LastUpdateTime />
    </Product>
    <Product>
      <PriceUpdateDate>2022/11/01 11:47</PriceUpdateDate>
      <ItemCode>8694686406120</ItemCode>
      <ItemType>1</ItemType>
      <ItemName>בונאסיבו חתול כבש 2 קג</ItemName>
      <ManufactureName>שחורי אריה ואנסטסיה</ManufactureName>
      <ManufactureCountry />
      <ManufactureItemDescription />
      <UnitQty>'יח</UnitQty>
      <Quantity>20</Quantity>
      <UnitMeasure>ל-100 גרם</UnitMeasure>
      <BisWeighted>0</BisWeighted>
      <QtyInPackage>1</QtyInPackage>
      <ItemPrice>49.90</ItemPrice>
      <UnitOfMeasurePrice>2.50</UnitOfMeasurePrice>
      <AllowDiscount>0</AllowDiscount>
      <itemStatus>1</itemStatus>
      <LastUpdateDate />
      <LastUpdateTime />
    </Product>
    <Product>
      <PriceUpdateDate>2022/11/01 11:47</PriceUpdateDate>
      <ItemCode>8694686406137</ItemCode>
      <ItemType>1</ItemType>
      <ItemName>בונאסיבו חתול מעוקר 2 קג</ItemName>
      <ManufactureName>שחורי אריה ואנסטסיה</ManufactureName>
      <ManufactureCountry />
      <ManufactureItemDescription />
      <UnitQty>'יח</UnitQty>
      <Quantity>20</Quantity>
      <UnitMeasure>ל-100 גרם</UnitMeasure>
      <BisWeighted>0</BisWeighted>
      <QtyInPackage>1</QtyInPackage>
      <ItemPrice>49.90</ItemPrice>
      <UnitOfMeasurePrice>2.50</UnitOfMeasurePrice>
      <AllowDiscount>0</AllowDiscount>
      <itemStatus>1</itemStatus>
      <LastUpdateDate />
      <LastUpdateTime />
    </Product>
    <Product>
      <PriceUpdateDate>2022/11/01 11:47</PriceUpdateDate>
      <ItemCode>8696486406416</ItemCode>
      <ItemType>1</ItemType>
      <ItemName>מיצו חתולים 3קג</ItemName>
      <ManufactureName>שחורי אריה ואנסטסיה</ManufactureName>
      <ManufactureCountry />
      <ManufactureItemDescription />
      <UnitQty>'יח</UnitQty>
      <Quantity>30</Quantity>
      <UnitMeasure>ל-100 גרם</UnitMeasure>
      <BisWeighted>0</BisWeighted>
      <QtyInPackage>1</QtyInPackage>
      <ItemPrice>69.90</ItemPrice>
      <UnitOfMeasurePrice>2.33</UnitOfMeasurePrice>
      <AllowDiscount>0</AllowDiscount>
      <itemStatus>1</itemStatus>
      <LastUpdateDate />
      <LastUpdateTime />
    </Product>
    <Product>
      <PriceUpdateDate>2021/07/27 06:38</PriceUpdateDate>
      <ItemCode>8697826469092</ItemCode>
      <ItemType>1</ItemType>
      <ItemName>טורטיה קטנה 540 גר`</ItemName>
      <ManufactureName>דין שיווק וקליה 2021 בעמ</ManufactureName>
      <ManufactureCountry />
      <ManufactureItemDescription />
      <UnitQty>'יח</UnitQty>
      <Quantity>5.40</Quantity>
      <UnitMeasure>ל-100 גרם</UnitMeasure>
      <BisWeighted>0</BisWeighted>
      <QtyInPackage>1</QtyInPackage>
      <ItemPrice>9.90</ItemPrice>
      <UnitOfMeasurePrice>1.83</UnitOfMeasurePrice>
      <AllowDiscount>0</AllowDiscount>
      <itemStatus>1</itemStatus>
      <LastUpdateDate />
      <LastUpdateTime />
    </Product>
    <Product>
      <PriceUpdateDate>2022/06/07 07:36</PriceUpdateDate>
      <ItemCode>8698313596635</ItemCode>
      <ItemType>1</ItemType>
      <ItemName>גלידת שמנת עם פיסטוק משפחתית 500 מ"ל</ItemName>
      <ManufactureName>דילר בי.אם.די. פורמולה בעמ</ManufactureName>
      <ManufactureCountry />
      <ManufactureItemDescription />
      <UnitQty>'יח</UnitQty>
      <Quantity>5</Quantity>
      <UnitMeasure>ל-100 מ"ל</UnitMeasure>
      <BisWeighted>0</BisWeighted>
      <QtyInPackage>1</QtyInPackage>
      <ItemPrice>25.90</ItemPrice>
      <UnitOfMeasurePrice>5.18</UnitOfMeasurePrice>
      <AllowDiscount>0</AllowDiscount>
      <itemStatus>1</itemStatus>
      <LastUpdateDate />
      <LastUpdateTime />
    </Product>
    <Product>
      <PriceUpdateDate>2022/10/26 10:28</PriceUpdateDate>
      <ItemCode>8698734215771</ItemCode>
      <ItemType>1</ItemType>
      <ItemName>מתקן כוסות כפול</ItemName>
      <ManufactureName>ד.ג.ש ייבוא ושיווק בעמ</ManufactureName>
      <ManufactureCountry />
      <ManufactureItemDescription />
      <UnitQty>'יח</UnitQty>
      <Quantity>1</Quantity>
      <UnitMeasure />
      <BisWeighted>0</BisWeighted>
      <QtyInPackage>1</QtyInPackage>
      <ItemPrice>14.90</ItemPrice>
      <UnitOfMeasurePrice>14.90</UnitOfMeasurePrice>
      <AllowDiscount>0</AllowDiscount>
      <itemStatus>1</itemStatus>
      <LastUpdateDate />
      <LastUpdateTime />
    </Product>
    <Product>
      <PriceUpdateDate>2022/09/11 17:57</PriceUpdateDate>
      <ItemCode>8698734216518</ItemCode>
      <ItemType>1</ItemType>
      <ItemName>פח שובך 6 ליטר</ItemName>
      <ManufactureName>ד.ג.ש ייבוא ושיווק בעמ</ManufactureName>
      <ManufactureCountry />
      <ManufactureItemDescription />
      <UnitQty>'יח</UnitQty>
      <Quantity>1</Quantity>
      <UnitMeasure />
      <BisWeighted>0</BisWeighted>
      <QtyInPackage>1</QtyInPackage>
      <ItemPrice>24.90</ItemPrice>
      <UnitOfMeasurePrice>24.90</UnitOfMeasurePrice>
      <AllowDiscount>0</AllowDiscount>
      <itemStatus>1</itemStatus>
      <LastUpdateDate />
      <LastUpdateTime />
    </Product>
    <Product>
      <PriceUpdateDate>2022/10/12 17:15</PriceUpdateDate>
      <ItemCode>8698996006353</ItemCode>
      <ItemType>1</ItemType>
      <ItemName>ממחטות אף 100  יח`3 שכבות</ItemName>
      <ManufactureName>הנמל אריזות ושיווק 1984 בע`מ</ManufactureName>
      <ManufactureCountry />
      <ManufactureItemDescription />
      <UnitQty>'יח</UnitQty>
      <Quantity>1</Quantity>
      <UnitMeasure>'יח</UnitMeasure>
      <BisWeighted>0</BisWeighted>
      <QtyInPackage>1</QtyInPackage>
      <ItemPrice>7.90</ItemPrice>
      <UnitOfMeasurePrice>7.90</UnitOfMeasurePrice>
      <AllowDiscount>0</AllowDiscount>
      <itemStatus>1</itemStatus>
      <LastUpdateDate />
      <LastUpdateTime />
    </Product>
    <Product>
      <PriceUpdateDate>2022/10/02 18:40</PriceUpdateDate>
      <ItemCode>8699947920797</ItemCode>
      <ItemType>1</ItemType>
      <ItemName>סט 3 קופסאות סוגרים</ItemName>
      <ManufactureName>הום פרפקט ק.ד.מ בעמ</ManufactureName>
      <ManufactureCountry />
      <ManufactureItemDescription />
      <UnitQty>'יח</UnitQty>
      <Quantity>1</Quantity>
      <UnitMeasure />
      <BisWeighted>0</BisWeighted>
      <QtyInPackage>1</QtyInPackage>
      <ItemPrice>14.90</ItemPrice>
      <UnitOfMeasurePrice>14.90</UnitOfMeasurePrice>
      <AllowDiscount>1</AllowDiscount>
      <itemStatus>1</itemStatus>
      <LastUpdateDate />
      <LastUpdateTime />
    </Product>
    <Product>
      <PriceUpdateDate>2019/01/16 14:52</PriceUpdateDate>
      <ItemCode>8710447224342</ItemCode>
      <ItemType>1</ItemType>
      <ItemName>שמפו טרזמה קרטין 400 מל`</ItemName>
      <ManufactureName>יוניליוור ישראל שיווק בע`מ</ManufactureName>
      <ManufactureCountry />
      <ManufactureItemDescription />
      <UnitQty>'יח</UnitQty>
      <Quantity>4</Quantity>
      <UnitMeasure>ל-100 מ"ל</UnitMeasure>
      <BisWeighted>0</BisWeighted>
      <QtyInPackage>1</QtyInPackage>
      <ItemPrice>16.90</ItemPrice>
      <UnitOfMeasurePrice>4.23</UnitOfMeasurePrice>
      <AllowDiscount>1</AllowDiscount>
      <itemStatus>1</itemStatus>
      <LastUpdateDate />
      <LastUpdateTime />
    </Product>
    <Product>
      <PriceUpdateDate>2019/01/16 14:52</PriceUpdateDate>
      <ItemCode>8710447224366</ItemCode>
      <ItemType>1</ItemType>
      <ItemName>מרכך טרזמה קרטין 400 מל`</ItemName>
      <ManufactureName>יוניליוור ישראל שיווק בע`מ</ManufactureName>
      <ManufactureCountry />
      <ManufactureItemDescription />
      <UnitQty>'יח</UnitQty>
      <Quantity>4</Quantity>
      <UnitMeasure>ל-100 מ"ל</UnitMeasure>
      <BisWeighted>0</BisWeighted>
      <QtyInPackage>1</QtyInPackage>
      <ItemPrice>16.90</ItemPrice>
      <UnitOfMeasurePrice>4.23</UnitOfMeasurePrice>
      <AllowDiscount>1</AllowDiscount>
      <itemStatus>1</itemStatus>
      <LastUpdateDate />
      <LastUpdateTime />
    </Product>
    <Product>
      <PriceUpdateDate>2022/10/19 11:20</PriceUpdateDate>
      <ItemCode>8710502139017</ItemCode>
      <ItemType>1</ItemType>
      <ItemName>עוגיות מרבה מצופות שוקולד 180 גרם</ItemName>
      <ManufactureName>ש. שסטוביץ בע`מ</ManufactureName>
      <ManufactureCountry />
      <ManufactureItemDescription />
      <UnitQty>'יח</UnitQty>
      <Quantity>1.80</Quantity>
      <UnitMeasure>ל-100 גרם</UnitMeasure>
      <BisWeighted>0</BisWeighted>
      <QtyInPackage>1</QtyInPackage>
      <ItemPrice>9.90</ItemPrice>
      <UnitOfMeasurePrice>5.50</UnitOfMeasurePrice>
      <AllowDiscount>1</AllowDiscount>
      <itemStatus>1</itemStatus>
      <LastUpdateDate />
      <LastUpdateTime />
    </Product>
    <Product>
      <PriceUpdateDate>2021/02/03 13:05</PriceUpdateDate>
      <ItemCode>8710502231018</ItemCode>
      <ItemType>1</ItemType>
      <ItemName>מרבה עוגיות שוקולד ציפס מיני 175 גר`</ItemName>
      <ManufactureName>ש. שסטוביץ בע`מ</ManufactureName>
      <ManufactureCountry />
      <ManufactureItemDescription />
      <UnitQty>'יח</UnitQty>
      <Quantity>1.75</Quantity>
      <UnitMeasure>ל-100 גרם</UnitMeasure>
      <BisWeighted>0</BisWeighted>
      <QtyInPackage>1</QtyInPackage>
      <ItemPrice>9.90</ItemPrice>
      <UnitOfMeasurePrice>5.66</UnitOfMeasurePrice>
      <AllowDiscount>1</AllowDiscount>
      <itemStatus>1</itemStatus>
      <LastUpdateDate />
      <LastUpdateTime />
    </Product>
    <Product>
      <PriceUpdateDate>2022/10/19 11:20</PriceUpdateDate>
      <ItemCode>8710502470028</ItemCode>
      <ItemType>1</ItemType>
      <ItemName>עוגיות מרבה נוגטלי 160גר</ItemName>
      <ManufactureName>ש. שסטוביץ בע`מ</ManufactureName>
      <ManufactureCountry />
      <ManufactureItemDescription />
      <UnitQty>'יח</UnitQty>
      <Quantity>1.60</Quantity>
      <UnitMeasure>ל-100 גרם</UnitMeasure>
      <BisWeighted>0</BisWeighted>
      <QtyInPackage>1</QtyInPackage>
      <ItemPrice>9.90</ItemPrice>
      <UnitOfMeasurePrice>6.19</UnitOfMeasurePrice>
      <AllowDiscount>1</AllowDiscount>
      <itemStatus>1</itemStatus>
      <LastUpdateDate />
      <LastUpdateTime />
    </Product>
    <Product>
      <PriceUpdateDate>2019/07/03 08:47</PriceUpdateDate>
      <ItemCode>8710800961310</ItemCode>
      <ItemType>1</ItemType>
      <ItemName>סוכריות מנטוס טעם תות 4*37.5 גרם</ItemName>
      <ManufactureName>ליימן שליסל בע`מ</ManufactureName>
      <ManufactureCountry />
      <ManufactureItemDescription />
      <UnitQty>'יח</UnitQty>
      <Quantity>1.50</Quantity>
      <UnitMeasure>ל-100 גרם</UnitMeasure>
      <BisWeighted>0</BisWeighted>
      <QtyInPackage>1</QtyInPackage>
      <ItemPrice>10.90</ItemPrice>
      <UnitOfMeasurePrice>7.27</UnitOfMeasurePrice>
      <AllowDiscount>1</AllowDiscount>
      <itemStatus>1</itemStatus>
      <LastUpdateDate />
      <LastUpdateTime />
    </Product>
    <Product>
      <PriceUpdateDate>2020/12/29 21:16</PriceUpdateDate>
      <ItemCode>8710847973970</ItemCode>
      <ItemType>1</ItemType>
      <ItemName>דאב סבון נוזלי חלב אלוורה 750 מל</ItemName>
      <ManufactureName>יוניליוור ישראל שיווק בע`מ</ManufactureName>
      <ManufactureCountry />
      <ManufactureItemDescription />
      <UnitQty>'יח</UnitQty>
      <Quantity>7.50</Quantity>
      <UnitMeasure>ל-100 מ"ל</UnitMeasure>
      <BisWeighted>0</BisWeighted>
      <QtyInPackage>1</QtyInPackage>
      <ItemPrice>19.90</ItemPrice>
      <UnitOfMeasurePrice>2.65</UnitOfMeasurePrice>
      <AllowDiscount>0</AllowDiscount>
      <itemStatus>1</itemStatus>
      <LastUpdateDate />
      <LastUpdateTime />
    </Product>
    <Product>
      <PriceUpdateDate>2022/11/01 11:47</PriceUpdateDate>
      <ItemCode>8710862007131</ItemCode>
      <ItemType>1</ItemType>
      <ItemName>אסטור עוף לכלב 410 גר</ItemName>
      <ManufactureName>שחורי אריה ואנסטסיה</ManufactureName>
      <ManufactureCountry />
      <ManufactureItemDescription />
      <UnitQty>'יח</UnitQty>
      <Quantity>4.10</Quantity>
      <UnitMeasure>ל-100 גרם</UnitMeasure>
      <BisWeighted>0</BisWeighted>
      <QtyInPackage>1</QtyInPackage>
      <ItemPrice>4</ItemPrice>
      <UnitOfMeasurePrice>0.98</UnitOfMeasurePrice>
      <AllowDiscount>0</AllowDiscount>
      <itemStatus>1</itemStatus>
      <LastUpdateDate />
      <LastUpdateTime />
    </Product>
    <Product>
      <PriceUpdateDate>2022/11/01 11:47</PriceUpdateDate>
      <ItemCode>8710862057501</ItemCode>
      <ItemType>1</ItemType>
      <ItemName>מימי בקר לכלב 410ג</ItemName>
      <ManufactureName>שחורי אריה ואנסטסיה</ManufactureName>
      <ManufactureCountry />
      <ManufactureItemDescription />
      <UnitQty>'יח</UnitQty>
      <Quantity>4.10</Quantity>
      <UnitMeasure>ל-100 גרם</UnitMeasure>
      <BisWeighted>0</BisWeighted>
      <QtyInPackage>1</QtyInPackage>
      <ItemPrice>4</ItemPrice>
      <UnitOfMeasurePrice>0.98</UnitOfMeasurePrice>
      <AllowDiscount>0</AllowDiscount>
      <itemStatus>1</itemStatus>
      <LastUpdateDate />
      <LastUpdateTime />
    </Product>
    <Product>
      <PriceUpdateDate>2022/11/01 11:47</PriceUpdateDate>
      <ItemCode>8710862057617</ItemCode>
      <ItemType>1</ItemType>
      <ItemName>מימי בקר לחתול 410ג</ItemName>
      <ManufactureName>שחורי אריה ואנסטסיה</ManufactureName>
      <ManufactureCountry />
      <ManufactureItemDescription />
      <UnitQty>'יח</UnitQty>
      <Quantity>4.10</Quantity>
      <UnitMeasure>ל-100 גרם</UnitMeasure>
      <BisWeighted>0</BisWeighted>
      <QtyInPackage>1</QtyInPackage>
      <ItemPrice>4</ItemPrice>
      <UnitOfMeasurePrice>0.98</UnitOfMeasurePrice>
      <AllowDiscount>0</AllowDiscount>
      <itemStatus>1</itemStatus>
      <LastUpdateDate />
      <LastUpdateTime />
    </Product>
    <Product>
      <PriceUpdateDate>2022/11/01 11:47</PriceUpdateDate>
      <ItemCode>8710862057624</ItemCode>
      <ItemType>1</ItemType>
      <ItemName>מימי עוף לחתול 410ג</ItemName>
      <ManufactureName>שחורי אריה ואנסטסיה</ManufactureName>
      <ManufactureCountry />
      <ManufactureItemDescription />
      <UnitQty>'יח</UnitQty>
      <Quantity>4.10</Quantity>
      <UnitMeasure>ל-100 גרם</UnitMeasure>
      <BisWeighted>0</BisWeighted>
      <QtyInPackage>1</QtyInPackage>
      <ItemPrice>4</ItemPrice>
      <UnitOfMeasurePrice>0.98</UnitOfMeasurePrice>
      <AllowDiscount>0</AllowDiscount>
      <itemStatus>1</itemStatus>
      <LastUpdateDate />
      <LastUpdateTime />
    </Product>
    <Product>
      <PriceUpdateDate>2022/11/01 11:47</PriceUpdateDate>
      <ItemCode>8710862057631</ItemCode>
      <ItemType>1</ItemType>
      <ItemName>מימי צבי לחתול 410ג</ItemName>
      <ManufactureName>שחורי אריה ואנסטסיה</ManufactureName>
      <ManufactureCountry />
      <ManufactureItemDescription />
      <UnitQty>'יח</UnitQty>
      <Quantity>4.10</Quantity>
      <UnitMeasure>ל-100 גרם</UnitMeasure>
      <BisWeighted>0</BisWeighted>
      <QtyInPackage>1</QtyInPackage>
      <ItemPrice>4</ItemPrice>
      <UnitOfMeasurePrice>0.98</UnitOfMeasurePrice>
      <AllowDiscount>0</AllowDiscount>
      <itemStatus>1</itemStatus>
      <LastUpdateDate />
      <LastUpdateTime />
    </Product>
    <Product>
      <PriceUpdateDate>2022/11/01 11:47</PriceUpdateDate>
      <ItemCode>8710862057655</ItemCode>
      <ItemType>1</ItemType>
      <ItemName>מימי עוף לכלב 410ג</ItemName>
      <ManufactureName>שחורי אריה ואנסטסיה</ManufactureName>
      <ManufactureCountry />
      <ManufactureItemDescription />
      <UnitQty>'יח</UnitQty>
      <Quantity>4.10</Quantity>
      <UnitMeasure>ל-100 גרם</UnitMeasure>
      <BisWeighted>0</BisWeighted>
      <QtyInPackage>1</QtyInPackage>
      <ItemPrice>4</ItemPrice>
      <UnitOfMeasurePrice>0.98</UnitOfMeasurePrice>
      <AllowDiscount>0</AllowDiscount>
      <itemStatus>1</itemStatus>
      <LastUpdateDate />
      <LastUpdateTime />
    </Product>
    <Product>
      <PriceUpdateDate>2022/11/01 11:47</PriceUpdateDate>
      <ItemCode>8710862057662</ItemCode>
      <ItemType>1</ItemType>
      <ItemName>מימי צבי לכלב 410ג</ItemName>
      <ManufactureName>שחורי אריה ואנסטסיה</ManufactureName>
      <ManufactureCountry />
      <ManufactureItemDescription />
      <UnitQty>'יח</UnitQty>
      <Quantity>4.10</Quantity>
      <UnitMeasure>ל-100 גרם</UnitMeasure>
      <BisWeighted>0</BisWeighted>
      <QtyInPackage>1</QtyInPackage>
      <ItemPrice>4</ItemPrice>
      <UnitOfMeasurePrice>0.98</UnitOfMeasurePrice>
      <AllowDiscount>0</AllowDiscount>
      <itemStatus>1</itemStatus>
      <LastUpdateDate />
      <LastUpdateTime />
    </Product>
    <Product>
      <PriceUpdateDate>2022/11/01 11:47</PriceUpdateDate>
      <ItemCode>8710864009003</ItemCode>
      <ItemType>1</ItemType>
      <ItemName>גטוליני דגים לחתול 410 גר</ItemName>
      <ManufactureName>שחורי אריה ואנסטסיה</ManufactureName>
      <ManufactureCountry />
      <ManufactureItemDescription />
      <UnitQty>'יח</UnitQty>
      <Quantity>4.10</Quantity>
      <UnitMeasure>ל-100 גרם</UnitMeasure>
      <BisWeighted>0</BisWeighted>
      <QtyInPackage>1</QtyInPackage>
      <ItemPrice>4</ItemPrice>
      <UnitOfMeasurePrice>0.98</UnitOfMeasurePrice>
      <AllowDiscount>0</AllowDiscount>
      <itemStatus>1</itemStatus>
      <LastUpdateDate />
      <LastUpdateTime />
    </Product>
    <Product>
      <PriceUpdateDate>2022/11/01 11:47</PriceUpdateDate>
      <ItemCode>8710864009058</ItemCode>
      <ItemType>1</ItemType>
      <ItemName>גטוליני סלמון לחתול 410 גר</ItemName>
      <ManufactureName>שחורי אריה ואנסטסיה</ManufactureName>
      <ManufactureCountry />
      <ManufactureItemDescription />
      <UnitQty>'יח</UnitQty>
      <Quantity>4.10</Quantity>
      <UnitMeasure>ל-100 גרם</UnitMeasure>
      <BisWeighted>0</BisWeighted>
      <QtyInPackage>1</QtyInPackage>
      <ItemPrice>4</ItemPrice>
      <UnitOfMeasurePrice>0.98</UnitOfMeasurePrice>
      <AllowDiscount>0</AllowDiscount>
      <itemStatus>1</itemStatus>
      <LastUpdateDate />
      <LastUpdateTime />
    </Product>
    <Product>
      <PriceUpdateDate>2022/11/01 11:47</PriceUpdateDate>
      <ItemCode>8710864009089</ItemCode>
      <ItemType>1</ItemType>
      <ItemName>אסטור עוף לכלב 410 גר</ItemName>
      <ManufactureName>שחורי אריה ואנסטסיה</ManufactureName>
      <ManufactureCountry />
      <ManufactureItemDescription />
      <UnitQty>'יח</UnitQty>
      <Quantity>4.10</Quantity>
      <UnitMeasure>ל-100 גרם</UnitMeasure>
      <BisWeighted>0</BisWeighted>
      <QtyInPackage>1</QtyInPackage>
      <ItemPrice>4</ItemPrice>
      <UnitOfMeasurePrice>0.98</UnitOfMeasurePrice>
      <AllowDiscount>0</AllowDiscount>
      <itemStatus>1</itemStatus>
      <LastUpdateDate />
      <LastUpdateTime />
    </Product>
    <Product>
      <PriceUpdateDate>2022/11/01 11:47</PriceUpdateDate>
      <ItemCode>8710864056618</ItemCode>
      <ItemType>1</ItemType>
      <ItemName>גטוליני עוף לחתול 410 גר</ItemName>
      <ManufactureName>שחורי אריה ואנסטסיה</ManufactureName>
      <ManufactureCountry />
      <ManufactureItemDescription />
      <UnitQty>'יח</UnitQty>
      <Quantity>4.10</Quantity>
      <UnitMeasure>ל-100 גרם</UnitMeasure>
      <BisWeighted>0</BisWeighted>
      <QtyInPackage>1</QtyInPackage>
      <ItemPrice>4</ItemPrice>
      <UnitOfMeasurePrice>0.98</UnitOfMeasurePrice>
      <AllowDiscount>0</AllowDiscount>
      <itemStatus>1</itemStatus>
      <LastUpdateDate />
      <LastUpdateTime />
    </Product>
    <Product>
      <PriceUpdateDate>2019/06/30 20:17</PriceUpdateDate>
      <ItemCode>8712400802499</ItemCode>
      <ItemType>1</ItemType>
      <ItemName>נוטרילון שלב 1 800 גרם</ItemName>
      <ManufactureName>דיפלומט מפיצים (1968) בע`מ</ManufactureName>
      <ManufactureCountry />
      <ManufactureItemDescription />
      <UnitQty>'יח</UnitQty>
      <Quantity>8</Quantity>
      <UnitMeasure>ל-100 גרם</UnitMeasure>
      <BisWeighted>0</BisWeighted>
      <QtyInPackage>12</QtyInPackage>
      <ItemPrice>59.90</ItemPrice>
      <UnitOfMeasurePrice>7.49</UnitOfMeasurePrice>
      <AllowDiscount>0</AllowDiscount>
      <itemStatus>1</itemStatus>
      <LastUpdateDate />
      <LastUpdateTime />
    </Product>
    <Product>
      <PriceUpdateDate>2019/06/30 20:17</PriceUpdateDate>
      <ItemCode>8712400802512</ItemCode>
      <ItemType>1</ItemType>
      <ItemName>נוטרילון שלב 2 800 גרם</ItemName>
      <ManufactureName>דיפלומט מפיצים (1968) בע`מ</ManufactureName>
      <ManufactureCountry />
      <ManufactureItemDescription />
      <UnitQty>'יח</UnitQty>
      <Quantity>8</Quantity>
      <UnitMeasure>ל-100 גרם</UnitMeasure>
      <BisWeighted>0</BisWeighted>
      <QtyInPackage>12</QtyInPackage>
      <ItemPrice>59.90</ItemPrice>
      <UnitOfMeasurePrice>7.49</UnitOfMeasurePrice>
      <AllowDiscount>0</AllowDiscount>
      <itemStatus>1</itemStatus>
      <LastUpdateDate />
      <LastUpdateTime />
    </Product>
    <Product>
      <PriceUpdateDate>2019/06/30 20:17</PriceUpdateDate>
      <ItemCode>8712400802536</ItemCode>
      <ItemType>1</ItemType>
      <ItemName>נוטרילון שלב 3 800 גרם</ItemName>
      <ManufactureName>דיפלומט מפיצים (1968) בע`מ</ManufactureName>
      <ManufactureCountry />
      <ManufactureItemDescription />
      <UnitQty>'יח</UnitQty>
      <Quantity>8</Quantity>
      <UnitMeasure>ל-100 גרם</UnitMeasure>
      <BisWeighted>0</BisWeighted>
      <QtyInPackage>12</QtyInPackage>
      <ItemPrice>59.90</ItemPrice>
      <UnitOfMeasurePrice>7.49</UnitOfMeasurePrice>
      <AllowDiscount>0</AllowDiscount>
      <itemStatus>1</itemStatus>
      <LastUpdateDate />
      <LastUpdateTime />
    </Product>
    <Product>
      <PriceUpdateDate>2019/01/16 14:52</PriceUpdateDate>
      <ItemCode>8712561594608</ItemCode>
      <ItemType>1</ItemType>
      <ItemName>דאב סבון נוזלי להזנה עמוקה 750 מל</ItemName>
      <ManufactureName>יוניליוור ישראל שיווק בע`מ</ManufactureName>
      <ManufactureCountry />
      <ManufactureItemDescription />
      <UnitQty>'יח</UnitQty>
      <Quantity>7.50</Quantity>
      <UnitMeasure>ל-100 מ"ל</UnitMeasure>
      <BisWeighted>0</BisWeighted>
      <QtyInPackage>1</QtyInPackage>
      <ItemPrice>19.90</ItemPrice>
      <UnitOfMeasurePrice>2.65</UnitOfMeasurePrice>
      <AllowDiscount>0</AllowDiscount>
      <itemStatus>1</itemStatus>
      <LastUpdateDate />
      <LastUpdateTime />
    </Product>
    <Product>
      <PriceUpdateDate>2019/01/16 14:52</PriceUpdateDate>
      <ItemCode>8712561611411</ItemCode>
      <ItemType>1</ItemType>
      <ItemName>דאב סבון נוזלי תה ירוק ומלפפון 750 מל</ItemName>
      <ManufactureName>יוניליוור ישראל שיווק בע`מ</ManufactureName>
      <ManufactureCountry />
      <ManufactureItemDescription />
      <UnitQty>'יח</UnitQty>
      <Quantity>7.50</Quantity>
      <UnitMeasure>ל-100 מ"ל</UnitMeasure>
      <BisWeighted>0</BisWeighted>
      <QtyInPackage>1</QtyInPackage>
      <ItemPrice>19.90</ItemPrice>
      <UnitOfMeasurePrice>2.65</UnitOfMeasurePrice>
      <AllowDiscount>0</AllowDiscount>
      <itemStatus>1</itemStatus>
      <LastUpdateDate />
      <LastUpdateTime />
    </Product>
    <Product>
      <PriceUpdateDate>2019/10/18 09:44</PriceUpdateDate>
      <ItemCode>8714599410530</ItemCode>
      <ItemType>1</ItemType>
      <ItemName>קפה ג`ייקובס קרוננג מיובש בהקפאה 200 ג</ItemName>
      <ManufactureName>דיפלומט מפיצים (1968) בע`מ</ManufactureName>
      <ManufactureCountry />
      <ManufactureItemDescription />
      <UnitQty>'יח</UnitQty>
      <Quantity>0.75</Quantity>
      <UnitMeasure>ל-100 גרם</UnitMeasure>
      <BisWeighted>0</BisWeighted>
      <QtyInPackage>10</QtyInPackage>
      <ItemPrice>21.90</ItemPrice>
      <UnitOfMeasurePrice>29.20</UnitOfMeasurePrice>
      <AllowDiscount>0</AllowDiscount>
      <itemStatus>1</itemStatus>
      <LastUpdateDate />
      <LastUpdateTime />
    </Product>
    <Product>
      <PriceUpdateDate>2019/01/16 14:52</PriceUpdateDate>
      <ItemCode>8714599513866</ItemCode>
      <ItemType>1</ItemType>
      <ItemName>קפה ג`יקובס ירוק מיובש בהקפאה 200 גרם</ItemName>
      <ManufactureName>דיפלומט מפיצים (1968) בע`מ</ManufactureName>
      <ManufactureCountry />
      <ManufactureItemDescription />
      <UnitQty>'יח</UnitQty>
      <Quantity>2</Quantity>
      <UnitMeasure>ל-100 גרם</UnitMeasure>
      <BisWeighted>0</BisWeighted>
      <QtyInPackage>6</QtyInPackage>
      <ItemPrice>29.90</ItemPrice>
      <UnitOfMeasurePrice>14.95</UnitOfMeasurePrice>
      <AllowDiscount>0</AllowDiscount>
      <itemStatus>1</itemStatus>
      <LastUpdateDate />
      <LastUpdateTime />
    </Product>
    <Product>
      <PriceUpdateDate>2021/12/01 10:09</PriceUpdateDate>
      <ItemCode>8714789402918</ItemCode>
      <ItemType>1</ItemType>
      <ItemName>אגקס חגיגת הפרחים נוזל אדום 1.5 ליטר</ItemName>
      <ManufactureName>ש. שסטוביץ בע`מ</ManufactureName>
      <ManufactureCountry />
      <ManufactureItemDescription />
      <UnitQty>'יח</UnitQty>
      <Quantity>15</Quantity>
      <UnitMeasure>ל-100 מ"ל</UnitMeasure>
      <BisWeighted>0</BisWeighted>
      <QtyInPackage>1</QtyInPackage>
      <ItemPrice>19.90</ItemPrice>
      <UnitOfMeasurePrice>1.33</UnitOfMeasurePrice>
      <AllowDiscount>0</AllowDiscount>
      <itemStatus>1</itemStatus>
      <LastUpdateDate />
      <LastUpdateTime />
    </Product>
    <Product>
      <PriceUpdateDate>2021/12/01 10:09</PriceUpdateDate>
      <ItemCode>8714789402970</ItemCode>
      <ItemType>1</ItemType>
      <ItemName>אג`קס חגיגת הפרחים נוזל ירוק 1.5ל`</ItemName>
      <ManufactureName>ש. שסטוביץ בע`מ</ManufactureName>
      <ManufactureCountry />
      <ManufactureItemDescription />
      <UnitQty>'יח</UnitQty>
      <Quantity>1.50</Quantity>
      <UnitMeasure>לליטר</UnitMeasure>
      <BisWeighted>0</BisWeighted>
      <QtyInPackage>1</QtyInPackage>
      <ItemPrice>19.90</ItemPrice>
      <UnitOfMeasurePrice>13.27</UnitOfMeasurePrice>
      <AllowDiscount>0</AllowDiscount>
      <itemStatus>1</itemStatus>
      <LastUpdateDate />
      <LastUpdateTime />
    </Product>
    <Product>
      <PriceUpdateDate>2021/12/01 10:09</PriceUpdateDate>
      <ItemCode>8714789930848</ItemCode>
      <ItemType>1</ItemType>
      <ItemName>קולגייט משחת שיניים אופטיק וייט 75גר`</ItemName>
      <ManufactureName>ש. שסטוביץ בע`מ</ManufactureName>
      <ManufactureCountry />
      <ManufactureItemDescription />
      <UnitQty>'יח</UnitQty>
      <Quantity>0.75</Quantity>
      <UnitMeasure>ל-100 גרם</UnitMeasure>
      <BisWeighted>0</BisWeighted>
      <QtyInPackage>1</QtyInPackage>
      <ItemPrice>19.90</ItemPrice>
      <UnitOfMeasurePrice>26.53</UnitOfMeasurePrice>
      <AllowDiscount>0</AllowDiscount>
      <itemStatus>1</itemStatus>
      <LastUpdateDate />
      <LastUpdateTime />
    </Product>
    <Product>
      <PriceUpdateDate>2019/01/16 14:52</PriceUpdateDate>
      <ItemCode>8715700110141</ItemCode>
      <ItemType>1</ItemType>
      <ItemName>מיונז היינץ צנצנת 460 גר`</ItemName>
      <ManufactureName>דיפלומט מפיצים (1968) בע`מ</ManufactureName>
      <ManufactureCountry />
      <ManufactureItemDescription />
      <UnitQty>'יח</UnitQty>
      <Quantity>4.60</Quantity>
      <UnitMeasure>ל-100 גרם</UnitMeasure>
      <BisWeighted>0</BisWeighted>
      <QtyInPackage>8</QtyInPackage>
      <ItemPrice>12.90</ItemPrice>
      <UnitOfMeasurePrice>2.80</UnitOfMeasurePrice>
      <AllowDiscount>1</AllowDiscount>
      <itemStatus>1</itemStatus>
      <LastUpdateDate />
      <LastUpdateTime />
    </Product>
    <Product>
      <PriceUpdateDate>2019/01/16 14:52</PriceUpdateDate>
      <ItemCode>8715700110158</ItemCode>
      <ItemType>1</ItemType>
      <ItemName>מיונז לייט היינץ צנצנת 460 גרם</ItemName>
      <ManufactureName>דיפלומט מפיצים (1968) בע`מ</ManufactureName>
      <ManufactureCountry />
      <ManufactureItemDescription />
      <UnitQty>'יח</UnitQty>
      <Quantity>4.60</Quantity>
      <UnitMeasure>ל-100 גרם</UnitMeasure>
      <BisWeighted>0</BisWeighted>
      <QtyInPackage>8</QtyInPackage>
      <ItemPrice>12.90</ItemPrice>
      <UnitOfMeasurePrice>2.80</UnitOfMeasurePrice>
      <AllowDiscount>1</AllowDiscount>
      <itemStatus>1</itemStatus>
      <LastUpdateDate />
      <LastUpdateTime />
    </Product>
    <Product>
      <PriceUpdateDate>2020/02/19 08:44</PriceUpdateDate>
      <ItemCode>8715700117805</ItemCode>
      <ItemType>1</ItemType>
      <ItemName>קטשופ היינץ ללא סוכר ומלח 425 מ"ל</ItemName>
      <ManufactureName>דיפלומט מפיצים (1968) בע`מ</ManufactureName>
      <ManufactureCountry />
      <ManufactureItemDescription />
      <UnitQty>'יח</UnitQty>
      <Quantity>4.25</Quantity>
      <UnitMeasure>ל-100 גרם</UnitMeasure>
      <BisWeighted>0</BisWeighted>
      <QtyInPackage>1</QtyInPackage>
      <ItemPrice>11.90</ItemPrice>
      <UnitOfMeasurePrice>2.80</UnitOfMeasurePrice>
      <AllowDiscount>1</AllowDiscount>
      <itemStatus>1</itemStatus>
      <LastUpdateDate />
      <LastUpdateTime />
    </Product>
    <Product>
      <PriceUpdateDate>2021/12/23 21:44</PriceUpdateDate>
      <ItemCode>8715700419732</ItemCode>
      <ItemType>1</ItemType>
      <ItemName>מתבל עגבניות היינץ 700 גרם</ItemName>
      <ManufactureName>דיפלומט מפיצים (1968) בע`מ</ManufactureName>
      <ManufactureCountry />
      <ManufactureItemDescription />
      <UnitQty>'יח</UnitQty>
      <Quantity>7</Quantity>
      <UnitMeasure>ל-100 גרם</UnitMeasure>
      <BisWeighted>0</BisWeighted>
      <QtyInPackage>10</QtyInPackage>
      <ItemPrice>11.90</ItemPrice>
      <UnitOfMeasurePrice>1.70</UnitOfMeasurePrice>
      <AllowDiscount>1</AllowDiscount>
      <itemStatus>1</itemStatus>
      <LastUpdateDate />
      <LastUpdateTime />
    </Product>
    <Product>
      <PriceUpdateDate>2019/07/03 08:47</PriceUpdateDate>
      <ItemCode>8715700422473</ItemCode>
      <ItemType>1</ItemType>
      <ItemName>מיונז היינץ לחיץ ללא חומרים מ. 395 גר`</ItemName>
      <ManufactureName>דיפלומט מפיצים (1968) בע`מ</ManufactureName>
      <ManufactureCountry />
      <ManufactureItemDescription />
      <UnitQty>'יח</UnitQty>
      <Quantity>3.95</Quantity>
      <UnitMeasure>ל-100 גרם</UnitMeasure>
      <BisWeighted>0</BisWeighted>
      <QtyInPackage>1</QtyInPackage>
      <ItemPrice>16.90</ItemPrice>
      <UnitOfMeasurePrice>4.28</UnitOfMeasurePrice>
      <AllowDiscount>0</AllowDiscount>
      <itemStatus>1</itemStatus>
      <LastUpdateDate />
      <LastUpdateTime />
    </Product>
    <Product>
      <PriceUpdateDate>2019/01/16 14:52</PriceUpdateDate>
      <ItemCode>8715700423906</ItemCode>
      <ItemType>1</ItemType>
      <ItemName>מתבל עגבניות 50% פחות סוכר 555 גר`</ItemName>
      <ManufactureName>דיפלומט מפיצים (1968) בע`מ</ManufactureName>
      <ManufactureCountry />
      <ManufactureItemDescription />
      <UnitQty>'יח</UnitQty>
      <Quantity>0.55</Quantity>
      <UnitMeasure>ל-100 גרם</UnitMeasure>
      <BisWeighted>0</BisWeighted>
      <QtyInPackage>10</QtyInPackage>
      <ItemPrice>11.90</ItemPrice>
      <UnitOfMeasurePrice>21.64</UnitOfMeasurePrice>
      <AllowDiscount>1</AllowDiscount>
      <itemStatus>1</itemStatus>
      <LastUpdateDate />
      <LastUpdateTime />
    </Product>
    <Product>
      <PriceUpdateDate>2019/07/12 10:39</PriceUpdateDate>
      <ItemCode>8717163647226</ItemCode>
      <ItemType>1</ItemType>
      <ItemName>אקס דאודורנט ספריי  גוף בלאק 150 מל</ItemName>
      <ManufactureName>יוניליוור ישראל שיווק בע`מ</ManufactureName>
      <ManufactureCountry />
      <ManufactureItemDescription />
      <UnitQty>'יח</UnitQty>
      <Quantity>1.50</Quantity>
      <UnitMeasure>ל-100 מ"ל</UnitMeasure>
      <BisWeighted>0</BisWeighted>
      <QtyInPackage>1</QtyInPackage>
      <ItemPrice>14.90</ItemPrice>
      <UnitOfMeasurePrice>9.93</UnitOfMeasurePrice>
      <AllowDiscount>1</AllowDiscount>
      <itemStatus>1</itemStatus>
      <LastUpdateDate />
      <LastUpdateTime />
    </Product>
    <Product>
      <PriceUpdateDate>2019/07/12 10:39</PriceUpdateDate>
      <ItemCode>8717163647240</ItemCode>
      <ItemType>1</ItemType>
      <ItemName>אקס דאודורנט ספריי  גוף שוקולד  150 מל</ItemName>
      <ManufactureName>יוניליוור ישראל שיווק בע`מ</ManufactureName>
      <ManufactureCountry />
      <ManufactureItemDescription />
      <UnitQty>'יח</UnitQty>
      <Quantity>1.50</Quantity>
      <UnitMeasure>ל-100 מ"ל</UnitMeasure>
      <BisWeighted>0</BisWeighted>
      <QtyInPackage>1</QtyInPackage>
      <ItemPrice>14.90</ItemPrice>
      <UnitOfMeasurePrice>9.93</UnitOfMeasurePrice>
      <AllowDiscount>1</AllowDiscount>
      <itemStatus>1</itemStatus>
      <LastUpdateDate />
      <LastUpdateTime />
    </Product>
    <Product>
      <PriceUpdateDate>2019/05/26 21:38</PriceUpdateDate>
      <ItemCode>8717163647264</ItemCode>
      <ItemType>1</ItemType>
      <ItemName>אקס דאודורנט ספריי אייס ציל 150 מל</ItemName>
      <ManufactureName>יוניליוור ישראל שיווק בע`מ</ManufactureName>
      <ManufactureCountry />
      <ManufactureItemDescription />
      <UnitQty>'יח</UnitQty>
      <Quantity>1.50</Quantity>
      <UnitMeasure>ל-100 מ"ל</UnitMeasure>
      <BisWeighted>0</BisWeighted>
      <QtyInPackage>1</QtyInPackage>
      <ItemPrice>14.90</ItemPrice>
      <UnitOfMeasurePrice>9.93</UnitOfMeasurePrice>
      <AllowDiscount>1</AllowDiscount>
      <itemStatus>1</itemStatus>
      <LastUpdateDate />
      <LastUpdateTime />
    </Product>
    <Product>
      <PriceUpdateDate>2022/01/19 14:23</PriceUpdateDate>
      <ItemCode>8717677336593</ItemCode>
      <ItemType>1</ItemType>
      <ItemName>שוקולד חלב טוניס 180 גרם</ItemName>
      <ManufactureName>ליימן שליסל בע`מ</ManufactureName>
      <ManufactureCountry />
      <ManufactureItemDescription />
      <UnitQty>'יח</UnitQty>
      <Quantity>1.80</Quantity>
      <UnitMeasure>ל-100 גרם</UnitMeasure>
      <BisWeighted>0</BisWeighted>
      <QtyInPackage>1</QtyInPackage>
      <ItemPrice>18.90</ItemPrice>
      <UnitOfMeasurePrice>10.50</UnitOfMeasurePrice>
      <AllowDiscount>1</AllowDiscount>
      <itemStatus>1</itemStatus>
      <LastUpdateDate />
      <LastUpdateTime />
    </Product>
    <Product>
      <PriceUpdateDate>2022/01/06 16:57</PriceUpdateDate>
      <ItemCode>8717677338436</ItemCode>
      <ItemType>1</ItemType>
      <ItemName>שוקולד חלב עם אגוזי לוז טוניס 180 גרם</ItemName>
      <ManufactureName>ליימן שליסל בע`מ</ManufactureName>
      <ManufactureCountry />
      <ManufactureItemDescription />
      <UnitQty>'יח</UnitQty>
      <Quantity>1.80</Quantity>
      <UnitMeasure>ל-100 גרם</UnitMeasure>
      <BisWeighted>0</BisWeighted>
      <QtyInPackage>1</QtyInPackage>
      <ItemPrice>18.90</ItemPrice>
      <UnitOfMeasurePrice>10.50</UnitOfMeasurePrice>
      <AllowDiscount>1</AllowDiscount>
      <itemStatus>1</itemStatus>
      <LastUpdateDate />
      <LastUpdateTime />
    </Product>
    <Product>
      <PriceUpdateDate>2020/12/07 07:10</PriceUpdateDate>
      <ItemCode>8718951159808</ItemCode>
      <ItemType>1</ItemType>
      <ItemName>מברשת שיניים קולגייט 360 שלישייה</ItemName>
      <ManufactureName>ש. שסטוביץ בע`מ</ManufactureName>
      <ManufactureCountry />
      <ManufactureItemDescription />
      <UnitQty>'יח</UnitQty>
      <Quantity>0.75</Quantity>
      <UnitMeasure>ל-100 גרם</UnitMeasure>
      <BisWeighted>0</BisWeighted>
      <QtyInPackage>1</QtyInPackage>
      <ItemPrice>29.90</ItemPrice>
      <UnitOfMeasurePrice>39.87</UnitOfMeasurePrice>
      <AllowDiscount>0</AllowDiscount>
      <itemStatus>1</itemStatus>
      <LastUpdateDate />
      <LastUpdateTime />
    </Product>
    <Product>
      <PriceUpdateDate>2021/12/01 10:09</PriceUpdateDate>
      <ItemCode>8718951166288</ItemCode>
      <ItemType>1</ItemType>
      <ItemName>קולגייט משחת מקס וייט 125 מל`</ItemName>
      <ManufactureName>ש. שסטוביץ בע`מ</ManufactureName>
      <ManufactureCountry />
      <ManufactureItemDescription />
      <UnitQty>'יח</UnitQty>
      <Quantity>1.25</Quantity>
      <UnitMeasure>ל-100 מ"ל</UnitMeasure>
      <BisWeighted>0</BisWeighted>
      <QtyInPackage>1</QtyInPackage>
      <ItemPrice>19.90</ItemPrice>
      <UnitOfMeasurePrice>15.92</UnitOfMeasurePrice>
      <AllowDiscount>0</AllowDiscount>
      <itemStatus>1</itemStatus>
      <LastUpdateDate />
      <LastUpdateTime />
    </Product>
    <Product>
      <PriceUpdateDate>2021/12/01 10:09</PriceUpdateDate>
      <ItemCode>8718951166561</ItemCode>
      <ItemType>1</ItemType>
      <ItemName>קולגייט משחת מקס פרש כחול 125 מל`</ItemName>
      <ManufactureName>ש. שסטוביץ בע`מ</ManufactureName>
      <ManufactureCountry />
      <ManufactureItemDescription />
      <UnitQty>'יח</UnitQty>
      <Quantity>1.25</Quantity>
      <UnitMeasure>ל-100 מ"ל</UnitMeasure>
      <BisWeighted>0</BisWeighted>
      <QtyInPackage>1</QtyInPackage>
      <ItemPrice>19.90</ItemPrice>
      <UnitOfMeasurePrice>15.92</UnitOfMeasurePrice>
      <AllowDiscount>0</AllowDiscount>
      <itemStatus>1</itemStatus>
      <LastUpdateDate />
      <LastUpdateTime />
    </Product>
    <Product>
      <PriceUpdateDate>2019/07/03 08:47</PriceUpdateDate>
      <ItemCode>8718951170445</ItemCode>
      <ItemType>1</ItemType>
      <ItemName>קולגייט משחת שיניים Smiles משחת שיניים</ItemName>
      <ManufactureName>ש. שסטוביץ בע`מ</ManufactureName>
      <ManufactureCountry />
      <ManufactureItemDescription />
      <UnitQty>'יח</UnitQty>
      <Quantity>0.50</Quantity>
      <UnitMeasure>ל-100 גרם</UnitMeasure>
      <BisWeighted>0</BisWeighted>
      <QtyInPackage>1</QtyInPackage>
      <ItemPrice>11.90</ItemPrice>
      <UnitOfMeasurePrice>23.80</UnitOfMeasurePrice>
      <AllowDiscount>0</AllowDiscount>
      <itemStatus>1</itemStatus>
      <LastUpdateDate />
      <LastUpdateTime />
    </Product>
    <Product>
      <PriceUpdateDate>2021/12/01 10:09</PriceUpdateDate>
      <ItemCode>8718951236806</ItemCode>
      <ItemType>1</ItemType>
      <ItemName>קולגייט משחת שיניים טוטאל להלבנה 100גר</ItemName>
      <ManufactureName>ש. שסטוביץ בע`מ</ManufactureName>
      <ManufactureCountry />
      <ManufactureItemDescription />
      <UnitQty>'יח</UnitQty>
      <Quantity>1</Quantity>
      <UnitMeasure>ל-100 גרם</UnitMeasure>
      <BisWeighted>0</BisWeighted>
      <QtyInPackage>1</QtyInPackage>
      <ItemPrice>16.90</ItemPrice>
      <UnitOfMeasurePrice>16.90</UnitOfMeasurePrice>
      <AllowDiscount>1</AllowDiscount>
      <itemStatus>1</itemStatus>
      <LastUpdateDate />
      <LastUpdateTime />
    </Product>
    <Product>
      <PriceUpdateDate>2021/12/01 10:09</PriceUpdateDate>
      <ItemCode>8718951240742</ItemCode>
      <ItemType>1</ItemType>
      <ItemName>קולגייט טוטאל משחת שיניים פסים מרעננים</ItemName>
      <ManufactureName>ש. שסטוביץ בע`מ</ManufactureName>
      <ManufactureCountry />
      <ManufactureItemDescription />
      <UnitQty>'יח</UnitQty>
      <Quantity>1</Quantity>
      <UnitMeasure>ל-100 גרם</UnitMeasure>
      <BisWeighted>0</BisWeighted>
      <QtyInPackage>1</QtyInPackage>
      <ItemPrice>16.90</ItemPrice>
      <UnitOfMeasurePrice>16.90</UnitOfMeasurePrice>
      <AllowDiscount>1</AllowDiscount>
      <itemStatus>1</itemStatus>
      <LastUpdateDate />
      <LastUpdateTime />
    </Product>
    <Product>
      <PriceUpdateDate>2021/12/01 10:09</PriceUpdateDate>
      <ItemCode>8718951289833</ItemCode>
      <ItemType>1</ItemType>
      <ItemName>פלמוליב סבון מוצק לומינוס 90 גרם*4</ItemName>
      <ManufactureName>ש. שסטוביץ בע`מ</ManufactureName>
      <ManufactureCountry />
      <ManufactureItemDescription />
      <UnitQty>'יח</UnitQty>
      <Quantity>4</Quantity>
      <UnitMeasure>ל-100 גרם</UnitMeasure>
      <BisWeighted>0</BisWeighted>
      <QtyInPackage>1</QtyInPackage>
      <ItemPrice>16.90</ItemPrice>
      <UnitOfMeasurePrice>4.23</UnitOfMeasurePrice>
      <AllowDiscount>0</AllowDiscount>
      <itemStatus>1</itemStatus>
      <LastUpdateDate />
      <LastUpdateTime />
    </Product>
    <Product>
      <PriceUpdateDate>2020/08/14 08:05</PriceUpdateDate>
      <ItemCode>8718951315303</ItemCode>
      <ItemType>1</ItemType>
      <ItemName>מארז קולגייט אדומה ביטיוב 100 מ"ל*2</ItemName>
      <ManufactureName>ש. שסטוביץ בע`מ</ManufactureName>
      <ManufactureCountry />
      <ManufactureItemDescription />
      <UnitQty>'יח</UnitQty>
      <Quantity>2</Quantity>
      <UnitMeasure>ל-100 מ"ל</UnitMeasure>
      <BisWeighted>0</BisWeighted>
      <QtyInPackage>1</QtyInPackage>
      <ItemPrice>19.90</ItemPrice>
      <UnitOfMeasurePrice>9.95</UnitOfMeasurePrice>
      <AllowDiscount>0</AllowDiscount>
      <itemStatus>1</itemStatus>
      <LastUpdateDate />
      <LastUpdateTime />
    </Product>
    <Product>
      <PriceUpdateDate>2020/12/23 15:22</PriceUpdateDate>
      <ItemCode>8718951345119</ItemCode>
      <ItemType>1</ItemType>
      <ItemName>אג`קס נוזל לניקוי כללי היביסקוס 2 ליטר</ItemName>
      <ManufactureName>ש. שסטוביץ בע`מ</ManufactureName>
      <ManufactureCountry />
      <ManufactureItemDescription />
      <UnitQty>'יח</UnitQty>
      <Quantity>20</Quantity>
      <UnitMeasure>ל-100 מ"ל</UnitMeasure>
      <BisWeighted>0</BisWeighted>
      <QtyInPackage>1</QtyInPackage>
      <ItemPrice>23.90</ItemPrice>
      <UnitOfMeasurePrice>1.20</UnitOfMeasurePrice>
      <AllowDiscount>0</AllowDiscount>
      <itemStatus>1</itemStatus>
      <LastUpdateDate />
      <LastUpdateTime />
    </Product>
    <Product>
      <PriceUpdateDate>2021/12/01 10:09</PriceUpdateDate>
      <ItemCode>8718951381292</ItemCode>
      <ItemType>1</ItemType>
      <ItemName>קולגייט משחת מקס דיטוקס פואם  125 מל`</ItemName>
      <ManufactureName>ש. שסטוביץ בע`מ</ManufactureName>
      <ManufactureCountry />
      <ManufactureItemDescription />
      <UnitQty>'יח</UnitQty>
      <Quantity>1.25</Quantity>
      <UnitMeasure>ל-100 מ"ל</UnitMeasure>
      <BisWeighted>0</BisWeighted>
      <QtyInPackage>1</QtyInPackage>
      <ItemPrice>19.90</ItemPrice>
      <UnitOfMeasurePrice>15.92</UnitOfMeasurePrice>
      <AllowDiscount>0</AllowDiscount>
      <itemStatus>1</itemStatus>
      <LastUpdateDate />
      <LastUpdateTime />
    </Product>
    <Product>
      <PriceUpdateDate>2021/01/24 12:30</PriceUpdateDate>
      <ItemCode>8718951385290</ItemCode>
      <ItemType>1</ItemType>
      <ItemName>אג`קס נוזל לניקוי כללי כחול 2 ליטר</ItemName>
      <ManufactureName>ש. שסטוביץ בע`מ</ManufactureName>
      <ManufactureCountry />
      <ManufactureItemDescription />
      <UnitQty>'יח</UnitQty>
      <Quantity>20</Quantity>
      <UnitMeasure>ל-100 מ"ל</UnitMeasure>
      <BisWeighted>0</BisWeighted>
      <QtyInPackage>1</QtyInPackage>
      <ItemPrice>23.90</ItemPrice>
      <UnitOfMeasurePrice>1.20</UnitOfMeasurePrice>
      <AllowDiscount>0</AllowDiscount>
      <itemStatus>1</itemStatus>
      <LastUpdateDate />
      <LastUpdateTime />
    </Product>
    <Product>
      <PriceUpdateDate>2022/06/09 15:23</PriceUpdateDate>
      <ItemCode>8718951400597</ItemCode>
      <ItemType>1</ItemType>
      <ItemName>פלמוליב תחליב רחצה קוקוס וחלב 750 מל`</ItemName>
      <ManufactureName>ש. שסטוביץ בע`מ</ManufactureName>
      <ManufactureCountry />
      <ManufactureItemDescription />
      <UnitQty>'יח</UnitQty>
      <Quantity>7.50</Quantity>
      <UnitMeasure>ל-100 מ"ל</UnitMeasure>
      <BisWeighted>0</BisWeighted>
      <QtyInPackage>1</QtyInPackage>
      <ItemPrice>19.90</ItemPrice>
      <UnitOfMeasurePrice>2.65</UnitOfMeasurePrice>
      <AllowDiscount>1</AllowDiscount>
      <itemStatus>1</itemStatus>
      <LastUpdateDate />
      <LastUpdateTime />
    </Product>
    <Product>
      <PriceUpdateDate>2021/05/18 10:42</PriceUpdateDate>
      <ItemCode>8718951409798</ItemCode>
      <ItemType>1</ItemType>
      <ItemName>קולגייט מברשת שיניים מקס וויט פחם זוג</ItemName>
      <ManufactureName>ש. שסטוביץ בע`מ</ManufactureName>
      <ManufactureCountry />
      <ManufactureItemDescription />
      <UnitQty>'יח</UnitQty>
      <Quantity>0</Quantity>
      <UnitMeasure>ל-100 גרם</UnitMeasure>
      <BisWeighted>0</BisWeighted>
      <QtyInPackage>1</QtyInPackage>
      <ItemPrice>24.90</ItemPrice>
      <UnitOfMeasurePrice>24.90</UnitOfMeasurePrice>
      <AllowDiscount>0</AllowDiscount>
      <itemStatus>1</itemStatus>
      <LastUpdateDate />
      <LastUpdateTime />
    </Product>
    <Product>
      <PriceUpdateDate>2022/10/23 19:20</PriceUpdateDate>
      <ItemCode>8718951509627</ItemCode>
      <ItemType>1</ItemType>
      <ItemName>קולגייט משחת שיניים אופטיק וויט 75גר`</ItemName>
      <ManufactureName>ש. שסטוביץ בע`מ</ManufactureName>
      <ManufactureCountry />
      <ManufactureItemDescription />
      <UnitQty>'יח</UnitQty>
      <Quantity>0.75</Quantity>
      <UnitMeasure>ל-100 גרם</UnitMeasure>
      <BisWeighted>0</BisWeighted>
      <QtyInPackage>1</QtyInPackage>
      <ItemPrice>26.90</ItemPrice>
      <UnitOfMeasurePrice>35.87</UnitOfMeasurePrice>
      <AllowDiscount>0</AllowDiscount>
      <itemStatus>1</itemStatus>
      <LastUpdateDate />
      <LastUpdateTime />
    </Product>
    <Product>
      <PriceUpdateDate>2019/11/14 10:03</PriceUpdateDate>
      <ItemCode>8719200997998</ItemCode>
      <ItemType>1</ItemType>
      <ItemName>מרגרינה בלובנד עם מלח 200 גרם כשלפ</ItemName>
      <ManufactureName>דיפלומט מפיצים (1968) בע`מ</ManufactureName>
      <ManufactureCountry />
      <ManufactureItemDescription />
      <UnitQty>'יח</UnitQty>
      <Quantity>2</Quantity>
      <UnitMeasure>ל-100 גרם</UnitMeasure>
      <BisWeighted>0</BisWeighted>
      <QtyInPackage>1</QtyInPackage>
      <ItemPrice>4.90</ItemPrice>
      <UnitOfMeasurePrice>2.45</UnitOfMeasurePrice>
      <AllowDiscount>0</AllowDiscount>
      <itemStatus>1</itemStatus>
      <LastUpdateDate />
      <LastUpdateTime />
    </Product>
    <Product>
      <PriceUpdateDate>2019/11/14 10:03</PriceUpdateDate>
      <ItemCode>8719200998001</ItemCode>
      <ItemType>1</ItemType>
      <ItemName>מרגרינה בלובנדבלי מלח 200 גר כשלפ</ItemName>
      <ManufactureName>דיפלומט מפיצים (1968) בע`מ</ManufactureName>
      <ManufactureCountry />
      <ManufactureItemDescription />
      <UnitQty>'יח</UnitQty>
      <Quantity>2</Quantity>
      <UnitMeasure>ל-100 גרם</UnitMeasure>
      <BisWeighted>0</BisWeighted>
      <QtyInPackage>1</QtyInPackage>
      <ItemPrice>4.50</ItemPrice>
      <UnitOfMeasurePrice>2.25</UnitOfMeasurePrice>
      <AllowDiscount>0</AllowDiscount>
      <itemStatus>1</itemStatus>
      <LastUpdateDate />
      <LastUpdateTime />
    </Product>
    <Product>
      <PriceUpdateDate>2019/11/14 10:03</PriceUpdateDate>
      <ItemCode>8719200998018</ItemCode>
      <ItemType>1</ItemType>
      <ItemName>מרגרינה מחמאה חבילה 200 גרם כשלפ</ItemName>
      <ManufactureName>דיפלומט מפיצים (1968) בע`מ</ManufactureName>
      <ManufactureCountry />
      <ManufactureItemDescription />
      <UnitQty>'יח</UnitQty>
      <Quantity>2</Quantity>
      <UnitMeasure>ל-100 גרם</UnitMeasure>
      <BisWeighted>0</BisWeighted>
      <QtyInPackage>1</QtyInPackage>
      <ItemPrice>4.90</ItemPrice>
      <UnitOfMeasurePrice>2.45</UnitOfMeasurePrice>
      <AllowDiscount>0</AllowDiscount>
      <itemStatus>1</itemStatus>
      <LastUpdateDate />
      <LastUpdateTime />
    </Product>
    <Product>
      <PriceUpdateDate>2019/11/14 10:03</PriceUpdateDate>
      <ItemCode>8719200998032</ItemCode>
      <ItemType>1</ItemType>
      <ItemName>מרגרינה מזולה בטעם חמאה 250 גר כשלפ</ItemName>
      <ManufactureName>דיפלומט מפיצים (1968) בע`מ</ManufactureName>
      <ManufactureCountry />
      <ManufactureItemDescription />
      <UnitQty>'יח</UnitQty>
      <Quantity>2.50</Quantity>
      <UnitMeasure>ל-100 גרם</UnitMeasure>
      <BisWeighted>0</BisWeighted>
      <QtyInPackage>1</QtyInPackage>
      <ItemPrice>10.70</ItemPrice>
      <UnitOfMeasurePrice>4.28</UnitOfMeasurePrice>
      <AllowDiscount>0</AllowDiscount>
      <itemStatus>1</itemStatus>
      <LastUpdateDate />
      <LastUpdateTime />
    </Product>
    <Product>
      <PriceUpdateDate>2019/11/14 10:03</PriceUpdateDate>
      <ItemCode>8719200998049</ItemCode>
      <ItemType>1</ItemType>
      <ItemName>מרגרינה מזולה רגילה 250 גר כשלפ</ItemName>
      <ManufactureName>דיפלומט מפיצים (1968) בע`מ</ManufactureName>
      <ManufactureCountry />
      <ManufactureItemDescription />
      <UnitQty>'יח</UnitQty>
      <Quantity>2.50</Quantity>
      <UnitMeasure>ל-100 גרם</UnitMeasure>
      <BisWeighted>0</BisWeighted>
      <QtyInPackage>1</QtyInPackage>
      <ItemPrice>10.70</ItemPrice>
      <UnitOfMeasurePrice>4.28</UnitOfMeasurePrice>
      <AllowDiscount>0</AllowDiscount>
      <itemStatus>1</itemStatus>
      <LastUpdateDate />
      <LastUpdateTime />
    </Product>
    <Product>
      <PriceUpdateDate>2019/11/14 10:03</PriceUpdateDate>
      <ItemCode>8719200998094</ItemCode>
      <ItemType>1</ItemType>
      <ItemName>מרגרינה מזולה ללא מלח 200גר</ItemName>
      <ManufactureName>דיפלומט מפיצים (1968) בע`מ</ManufactureName>
      <ManufactureCountry />
      <ManufactureItemDescription />
      <UnitQty>'יח</UnitQty>
      <Quantity>2</Quantity>
      <UnitMeasure>ל-100 גרם</UnitMeasure>
      <BisWeighted>0</BisWeighted>
      <QtyInPackage>1</QtyInPackage>
      <ItemPrice>6.60</ItemPrice>
      <UnitOfMeasurePrice>3.30</UnitOfMeasurePrice>
      <AllowDiscount>0</AllowDiscount>
      <itemStatus>1</itemStatus>
      <LastUpdateDate />
      <LastUpdateTime />
    </Product>
    <Product>
      <PriceUpdateDate>2019/11/14 10:03</PriceUpdateDate>
      <ItemCode>8719200998100</ItemCode>
      <ItemType>1</ItemType>
      <ItemName>מרגרינה מזולה טעם חמאה 200גר</ItemName>
      <ManufactureName>דיפלומט מפיצים (1968) בע`מ</ManufactureName>
      <ManufactureCountry />
      <ManufactureItemDescription />
      <UnitQty>'יח</UnitQty>
      <Quantity>2</Quantity>
      <UnitMeasure>ל-100 גרם</UnitMeasure>
      <BisWeighted>0</BisWeighted>
      <QtyInPackage>1</QtyInPackage>
      <ItemPrice>6.60</ItemPrice>
      <UnitOfMeasurePrice>3.30</UnitOfMeasurePrice>
      <AllowDiscount>0</AllowDiscount>
      <itemStatus>1</itemStatus>
      <LastUpdateDate />
      <LastUpdateTime />
    </Product>
    <Product>
      <PriceUpdateDate>2020/09/29 17:24</PriceUpdateDate>
      <ItemCode>8720181045912</ItemCode>
      <ItemType>1</ItemType>
      <ItemName>אקס דאודורנט ספריי  גוף אפריקה  150 מל</ItemName>
      <ManufactureName>יוניליוור ישראל שיווק בע`מ</ManufactureName>
      <ManufactureCountry />
      <ManufactureItemDescription />
      <UnitQty>'יח</UnitQty>
      <Quantity>1.50</Quantity>
      <UnitMeasure>ל-100 מ"ל</UnitMeasure>
      <BisWeighted>0</BisWeighted>
      <QtyInPackage>1</QtyInPackage>
      <ItemPrice>14.90</ItemPrice>
      <UnitOfMeasurePrice>9.93</UnitOfMeasurePrice>
      <AllowDiscount>1</AllowDiscount>
      <itemStatus>1</itemStatus>
      <LastUpdateDate />
      <LastUpdateTime />
    </Product>
    <Product>
      <PriceUpdateDate>2022/05/18 19:08</PriceUpdateDate>
      <ItemCode>8720181046605</ItemCode>
      <ItemType>1</ItemType>
      <ItemName>דאב דאודורנט ספריי א.פ אוריגניל   150</ItemName>
      <ManufactureName>יוניליוור ישראל שיווק בע`מ</ManufactureName>
      <ManufactureCountry />
      <ManufactureItemDescription />
      <UnitQty>'יח</UnitQty>
      <Quantity>1.50</Quantity>
      <UnitMeasure>ל-100 מ"ל</UnitMeasure>
      <BisWeighted>0</BisWeighted>
      <QtyInPackage>1</QtyInPackage>
      <ItemPrice>15.90</ItemPrice>
      <UnitOfMeasurePrice>10.60</UnitOfMeasurePrice>
      <AllowDiscount>1</AllowDiscount>
      <itemStatus>1</itemStatus>
      <LastUpdateDate />
      <LastUpdateTime />
    </Product>
    <Product>
      <PriceUpdateDate>2021/05/26 07:48</PriceUpdateDate>
      <ItemCode>8720181090219</ItemCode>
      <ItemType>1</ItemType>
      <ItemName>דאב סבון תחליב רחצה רימונים  750 מל`</ItemName>
      <ManufactureName>יוניליוור ישראל שיווק בע`מ</ManufactureName>
      <ManufactureCountry />
      <ManufactureItemDescription />
      <UnitQty>'יח</UnitQty>
      <Quantity>7.50</Quantity>
      <UnitMeasure>ל-100 מ"ל</UnitMeasure>
      <BisWeighted>0</BisWeighted>
      <QtyInPackage>1</QtyInPackage>
      <ItemPrice>19.90</ItemPrice>
      <UnitOfMeasurePrice>2.65</UnitOfMeasurePrice>
      <AllowDiscount>0</AllowDiscount>
      <itemStatus>1</itemStatus>
      <LastUpdateDate />
      <LastUpdateTime />
    </Product>
    <Product>
      <PriceUpdateDate>2022/08/22 17:22</PriceUpdateDate>
      <ItemCode>8720182256850</ItemCode>
      <ItemType>1</ItemType>
      <ItemName>סבון DOVE מוצק לבן רביעיה 4*90 גרם</ItemName>
      <ManufactureName>יוניליוור ישראל שיווק בע`מ</ManufactureName>
      <ManufactureCountry />
      <ManufactureItemDescription />
      <UnitQty>'יח</UnitQty>
      <Quantity>4</Quantity>
      <UnitMeasure>ל-100 גרם</UnitMeasure>
      <BisWeighted>0</BisWeighted>
      <QtyInPackage>1</QtyInPackage>
      <ItemPrice>17.90</ItemPrice>
      <UnitOfMeasurePrice>4.48</UnitOfMeasurePrice>
      <AllowDiscount>1</AllowDiscount>
      <itemStatus>1</itemStatus>
      <LastUpdateDate />
      <LastUpdateTime />
    </Product>
    <Product>
      <PriceUpdateDate>2021/03/24 12:05</PriceUpdateDate>
      <ItemCode>8801055708772</ItemCode>
      <ItemType>1</ItemType>
      <ItemName>טסטר ציויס 200 גרם +50 גר`</ItemName>
      <ManufactureName>קבוצת אסם סחר</ManufactureName>
      <ManufactureCountry />
      <ManufactureItemDescription />
      <UnitQty>'יח</UnitQty>
      <Quantity>2</Quantity>
      <UnitMeasure>ל-100 גרם</UnitMeasure>
      <BisWeighted>0</BisWeighted>
      <QtyInPackage>1</QtyInPackage>
      <ItemPrice>29.90</ItemPrice>
      <UnitOfMeasurePrice>14.95</UnitOfMeasurePrice>
      <AllowDiscount>0</AllowDiscount>
      <itemStatus>1</itemStatus>
      <LastUpdateDate />
      <LastUpdateTime />
    </Product>
    <Product>
      <PriceUpdateDate>2022/01/10 15:18</PriceUpdateDate>
      <ItemCode>8801055709465</ItemCode>
      <ItemType>1</ItemType>
      <ItemName>נס קפה קפוצ`ינו וניל 10יח*17גר`</ItemName>
      <ManufactureName>קבוצת אסם סחר</ManufactureName>
      <ManufactureCountry />
      <ManufactureItemDescription />
      <UnitQty>'יח</UnitQty>
      <Quantity>1.70</Quantity>
      <UnitMeasure>ל-100 גרם</UnitMeasure>
      <BisWeighted>0</BisWeighted>
      <QtyInPackage>1</QtyInPackage>
      <ItemPrice>17.90</ItemPrice>
      <UnitOfMeasurePrice>10.53</UnitOfMeasurePrice>
      <AllowDiscount>0</AllowDiscount>
      <itemStatus>1</itemStatus>
      <LastUpdateDate />
      <LastUpdateTime />
    </Product>
    <Product>
      <PriceUpdateDate>2022/01/10 15:18</PriceUpdateDate>
      <ItemCode>8801055709472</ItemCode>
      <ItemType>1</ItemType>
      <ItemName>נס קפה קפוצ`ינו קלאסי  10יח*17גר`</ItemName>
      <ManufactureName>קבוצת אסם סחר</ManufactureName>
      <ManufactureCountry />
      <ManufactureItemDescription />
      <UnitQty>'יח</UnitQty>
      <Quantity>1.70</Quantity>
      <UnitMeasure>ל-100 גרם</UnitMeasure>
      <BisWeighted>0</BisWeighted>
      <QtyInPackage>1</QtyInPackage>
      <ItemPrice>17.90</ItemPrice>
      <UnitOfMeasurePrice>10.53</UnitOfMeasurePrice>
      <AllowDiscount>0</AllowDiscount>
      <itemStatus>1</itemStatus>
      <LastUpdateDate />
      <LastUpdateTime />
    </Product>
    <Product>
      <PriceUpdateDate>2022/01/10 15:18</PriceUpdateDate>
      <ItemCode>8801055709489</ItemCode>
      <ItemType>1</ItemType>
      <ItemName>נס קפה קפוצ`ינו אגוזים  10יח*17גר`</ItemName>
      <ManufactureName>קבוצת אסם סחר</ManufactureName>
      <ManufactureCountry />
      <ManufactureItemDescription />
      <UnitQty>'יח</UnitQty>
      <Quantity>1.70</Quantity>
      <UnitMeasure>ל-100 גרם</UnitMeasure>
      <BisWeighted>0</BisWeighted>
      <QtyInPackage>1</QtyInPackage>
      <ItemPrice>17.90</ItemPrice>
      <UnitOfMeasurePrice>10.53</UnitOfMeasurePrice>
      <AllowDiscount>0</AllowDiscount>
      <itemStatus>1</itemStatus>
      <LastUpdateDate />
      <LastUpdateTime />
    </Product>
    <Product>
      <PriceUpdateDate>2020/12/27 09:51</PriceUpdateDate>
      <ItemCode>8802241131664</ItemCode>
      <ItemType>1</ItemType>
      <ItemName>חטיף אצות קלויות עם מלח 9 יח`</ItemName>
      <ManufactureName>טחנת האבן קואופ בעמ</ManufactureName>
      <ManufactureCountry />
      <ManufactureItemDescription />
      <UnitQty>'יח</UnitQty>
      <Quantity>2</Quantity>
      <UnitMeasure>ל-100 גרם</UnitMeasure>
      <BisWeighted>0</BisWeighted>
      <QtyInPackage>1</QtyInPackage>
      <ItemPrice>22.90</ItemPrice>
      <UnitOfMeasurePrice>11.45</UnitOfMeasurePrice>
      <AllowDiscount>0</AllowDiscount>
      <itemStatus>1</itemStatus>
      <LastUpdateDate />
      <LastUpdateTime />
    </Product>
    <Product>
      <PriceUpdateDate>2022/07/07 19:37</PriceUpdateDate>
      <ItemCode>8850389104637</ItemCode>
      <ItemType>1</ItemType>
      <ItemName>סאפה אפרסק 300 מל`</ItemName>
      <ManufactureName>טמפו משקאות בע`מ</ManufactureName>
      <ManufactureCountry />
      <ManufactureItemDescription />
      <UnitQty>'יח</UnitQty>
      <Quantity>3</Quantity>
      <UnitMeasure>ל-100 מ"ל</UnitMeasure>
      <BisWeighted>0</BisWeighted>
      <QtyInPackage>24</QtyInPackage>
      <ItemPrice>7.90</ItemPrice>
      <UnitOfMeasurePrice>2.53</UnitOfMeasurePrice>
      <AllowDiscount>1</AllowDiscount>
      <itemStatus>1</itemStatus>
      <LastUpdateDate />
      <LastUpdateTime />
    </Product>
    <Product>
      <PriceUpdateDate>2022/07/07 19:37</PriceUpdateDate>
      <ItemCode>8850389105825</ItemCode>
      <ItemType>1</ItemType>
      <ItemName>סאפה אלוורה 1ל`</ItemName>
      <ManufactureName>טמפו משקאות בע`מ</ManufactureName>
      <ManufactureCountry />
      <ManufactureItemDescription />
      <UnitQty>'יח</UnitQty>
      <Quantity>10</Quantity>
      <UnitMeasure>ל-100 מ"ל</UnitMeasure>
      <BisWeighted>0</BisWeighted>
      <QtyInPackage>12</QtyInPackage>
      <ItemPrice>12.90</ItemPrice>
      <UnitOfMeasurePrice>1.26</UnitOfMeasurePrice>
      <AllowDiscount>0</AllowDiscount>
      <itemStatus>1</itemStatus>
      <LastUpdateDate />
      <LastUpdateTime />
    </Product>
    <Product>
      <PriceUpdateDate>2022/07/07 19:37</PriceUpdateDate>
      <ItemCode>8850389105832</ItemCode>
      <ItemType>1</ItemType>
      <ItemName>סאפה אלוורה 1ל`</ItemName>
      <ManufactureName>טמפו משקאות בע`מ</ManufactureName>
      <ManufactureCountry />
      <ManufactureItemDescription />
      <UnitQty>'יח</UnitQty>
      <Quantity>10</Quantity>
      <UnitMeasure>ל-100 מ"ל</UnitMeasure>
      <BisWeighted>0</BisWeighted>
      <QtyInPackage>12</QtyInPackage>
      <ItemPrice>12.90</ItemPrice>
      <UnitOfMeasurePrice>1.26</UnitOfMeasurePrice>
      <AllowDiscount>0</AllowDiscount>
      <itemStatus>1</itemStatus>
      <LastUpdateDate />
      <LastUpdateTime />
    </Product>
    <Product>
      <PriceUpdateDate>2022/07/07 19:37</PriceUpdateDate>
      <ItemCode>8850389105849</ItemCode>
      <ItemType>1</ItemType>
      <ItemName>סאפה אלוורה 1ל`</ItemName>
      <ManufactureName>טמפו משקאות בע`מ</ManufactureName>
      <ManufactureCountry />
      <ManufactureItemDescription />
      <UnitQty>'יח</UnitQty>
      <Quantity>10</Quantity>
      <UnitMeasure>ל-100 מ"ל</UnitMeasure>
      <BisWeighted>0</BisWeighted>
      <QtyInPackage>12</QtyInPackage>
      <ItemPrice>12.90</ItemPrice>
      <UnitOfMeasurePrice>1.26</UnitOfMeasurePrice>
      <AllowDiscount>0</AllowDiscount>
      <itemStatus>1</itemStatus>
      <LastUpdateDate />
      <LastUpdateTime />
    </Product>
    <Product>
      <PriceUpdateDate>2022/07/07 19:37</PriceUpdateDate>
      <ItemCode>8850389115336</ItemCode>
      <ItemType>1</ItemType>
      <ItemName>סאפה מלון 1ל`</ItemName>
      <ManufactureName>טמפו משקאות בע`מ</ManufactureName>
      <ManufactureCountry />
      <ManufactureItemDescription />
      <UnitQty>'יח</UnitQty>
      <Quantity>10</Quantity>
      <UnitMeasure>ל-100 מ"ל</UnitMeasure>
      <BisWeighted>0</BisWeighted>
      <QtyInPackage>12</QtyInPackage>
      <ItemPrice>12.90</ItemPrice>
      <UnitOfMeasurePrice>1.26</UnitOfMeasurePrice>
      <AllowDiscount>0</AllowDiscount>
      <itemStatus>1</itemStatus>
      <LastUpdateDate />
      <LastUpdateTime />
    </Product>
    <Product>
      <PriceUpdateDate>2019/01/16 14:52</PriceUpdateDate>
      <ItemCode>8850632604266</ItemCode>
      <ItemType>1</ItemType>
      <ItemName>חספוסים בטעם קולה 50 גרם יוגטה</ItemName>
      <ManufactureName>ליימן שליסל בע`מ</ManufactureName>
      <ManufactureCountry />
      <ManufactureItemDescription />
      <UnitQty>'יח</UnitQty>
      <Quantity>1</Quantity>
      <UnitMeasure />
      <BisWeighted>0</BisWeighted>
      <QtyInPackage>1</QtyInPackage>
      <ItemPrice>4.90</ItemPrice>
      <UnitOfMeasurePrice>4.90</UnitOfMeasurePrice>
      <AllowDiscount>1</AllowDiscount>
      <itemStatus>1</itemStatus>
      <LastUpdateDate />
      <LastUpdateTime />
    </Product>
    <Product>
      <PriceUpdateDate>2019/01/16 14:52</PriceUpdateDate>
      <ItemCode>8850632604372</ItemCode>
      <ItemType>1</ItemType>
      <ItemName>חספוסים בטעם תות 50 גרם יוגטה</ItemName>
      <ManufactureName>ליימן שליסל בע`מ</ManufactureName>
      <ManufactureCountry />
      <ManufactureItemDescription />
      <UnitQty>'יח</UnitQty>
      <Quantity>1</Quantity>
      <UnitMeasure />
      <BisWeighted>0</BisWeighted>
      <QtyInPackage>1</QtyInPackage>
      <ItemPrice>4.90</ItemPrice>
      <UnitOfMeasurePrice>4.90</UnitOfMeasurePrice>
      <AllowDiscount>1</AllowDiscount>
      <itemStatus>1</itemStatus>
      <LastUpdateDate />
      <LastUpdateTime />
    </Product>
    <Product>
      <PriceUpdateDate>2019/01/16 14:52</PriceUpdateDate>
      <ItemCode>8850632604402</ItemCode>
      <ItemType>1</ItemType>
      <ItemName>חספוסים בטעם מעורב 50 גרם יוגטה</ItemName>
      <ManufactureName>ליימן שליסל בע`מ</ManufactureName>
      <ManufactureCountry />
      <ManufactureItemDescription />
      <UnitQty>'יח</UnitQty>
      <Quantity>1</Quantity>
      <UnitMeasure />
      <BisWeighted>0</BisWeighted>
      <QtyInPackage>1</QtyInPackage>
      <ItemPrice>4.90</ItemPrice>
      <UnitOfMeasurePrice>4.90</UnitOfMeasurePrice>
      <AllowDiscount>1</AllowDiscount>
      <itemStatus>1</itemStatus>
      <LastUpdateDate />
      <LastUpdateTime />
    </Product>
    <Product>
      <PriceUpdateDate>2019/01/16 14:52</PriceUpdateDate>
      <ItemCode>8850632605201</ItemCode>
      <ItemType>1</ItemType>
      <ItemName>חספוסים בטעם תות בננה תפוח 50 גרם יוגטה</ItemName>
      <ManufactureName>ליימן שליסל בע`מ</ManufactureName>
      <ManufactureCountry />
      <ManufactureItemDescription />
      <UnitQty>'יח</UnitQty>
      <Quantity>1</Quantity>
      <UnitMeasure />
      <BisWeighted>0</BisWeighted>
      <QtyInPackage>1</QtyInPackage>
      <ItemPrice>4.90</ItemPrice>
      <UnitOfMeasurePrice>4.90</UnitOfMeasurePrice>
      <AllowDiscount>1</AllowDiscount>
      <itemStatus>1</itemStatus>
      <LastUpdateDate />
      <LastUpdateTime />
    </Product>
    <Product>
      <PriceUpdateDate>2019/01/16 14:52</PriceUpdateDate>
      <ItemCode>8850632606390</ItemCode>
      <ItemType>1</ItemType>
      <ItemName>חספוסים בטעם אבטיח 50 גרם יוגטה</ItemName>
      <ManufactureName>ליימן שליסל בע`מ</ManufactureName>
      <ManufactureCountry />
      <ManufactureItemDescription />
      <UnitQty>'יח</UnitQty>
      <Quantity>1</Quantity>
      <UnitMeasure />
      <BisWeighted>0</BisWeighted>
      <QtyInPackage>1</QtyInPackage>
      <ItemPrice>4.90</ItemPrice>
      <UnitOfMeasurePrice>4.90</UnitOfMeasurePrice>
      <AllowDiscount>1</AllowDiscount>
      <itemStatus>1</itemStatus>
      <LastUpdateDate />
      <LastUpdateTime />
    </Product>
    <Product>
      <PriceUpdateDate>2022/01/24 19:10</PriceUpdateDate>
      <ItemCode>8851613101378</ItemCode>
      <ItemType>1</ItemType>
      <ItemName>חלב קוקוס 250 מ`ל</ItemName>
      <ManufactureName>גורי מוצרי צריכה 1991 בע`מ</ManufactureName>
      <ManufactureCountry />
      <ManufactureItemDescription />
      <UnitQty>'יח</UnitQty>
      <Quantity>2.50</Quantity>
      <UnitMeasure>ל-100 גרם</UnitMeasure>
      <BisWeighted>0</BisWeighted>
      <QtyInPackage>36</QtyInPackage>
      <ItemPrice>9.90</ItemPrice>
      <UnitOfMeasurePrice>3.96</UnitOfMeasurePrice>
      <AllowDiscount>0</AllowDiscount>
      <itemStatus>1</itemStatus>
      <LastUpdateDate />
      <LastUpdateTime />
    </Product>
    <Product>
      <PriceUpdateDate>2021/11/10 08:15</PriceUpdateDate>
      <ItemCode>8851613101385</ItemCode>
      <ItemType>1</ItemType>
      <ItemName>חלב קוקוס 500 מ`ל</ItemName>
      <ManufactureName>גורי מוצרי צריכה 1991 בע`מ</ManufactureName>
      <ManufactureCountry />
      <ManufactureItemDescription />
      <UnitQty>'יח</UnitQty>
      <Quantity>5</Quantity>
      <UnitMeasure>ל-100 מ"ל</UnitMeasure>
      <BisWeighted>0</BisWeighted>
      <QtyInPackage>1</QtyInPackage>
      <ItemPrice>12.90</ItemPrice>
      <UnitOfMeasurePrice>2.58</UnitOfMeasurePrice>
      <AllowDiscount>0</AllowDiscount>
      <itemStatus>1</itemStatus>
      <LastUpdateDate />
      <LastUpdateTime />
    </Product>
    <Product>
      <PriceUpdateDate>2022/10/18 20:22</PriceUpdateDate>
      <ItemCode>8852633119039</ItemCode>
      <ItemType>1</ItemType>
      <ItemName>רוטב דגים 300 מ"ל</ItemName>
      <ManufactureName>טחנת האבן קואופ בעמ</ManufactureName>
      <ManufactureCountry />
      <ManufactureItemDescription />
      <UnitQty>'יח</UnitQty>
      <Quantity>3</Quantity>
      <UnitMeasure>ל-100 מ"ל</UnitMeasure>
      <BisWeighted>0</BisWeighted>
      <QtyInPackage>1</QtyInPackage>
      <ItemPrice>10.90</ItemPrice>
      <UnitOfMeasurePrice>3.63</UnitOfMeasurePrice>
      <AllowDiscount>0</AllowDiscount>
      <itemStatus>1</itemStatus>
      <LastUpdateDate />
      <LastUpdateTime />
    </Product>
    <Product>
      <PriceUpdateDate>2020/12/07 15:06</PriceUpdateDate>
      <ItemCode>8858744800064</ItemCode>
      <ItemType>1</ItemType>
      <ItemName>מחית קארי אדום 50  גר`כשר</ItemName>
      <ManufactureName>טחנת האבן קואופ בעמ</ManufactureName>
      <ManufactureCountry />
      <ManufactureItemDescription />
      <UnitQty>'יח</UnitQty>
      <Quantity>1</Quantity>
      <UnitMeasure />
      <BisWeighted>0</BisWeighted>
      <QtyInPackage>1</QtyInPackage>
      <ItemPrice>5.90</ItemPrice>
      <UnitOfMeasurePrice>5.90</UnitOfMeasurePrice>
      <AllowDiscount>0</AllowDiscount>
      <itemStatus>1</itemStatus>
      <LastUpdateDate />
      <LastUpdateTime />
    </Product>
    <Product>
      <PriceUpdateDate>2021/05/06 13:38</PriceUpdateDate>
      <ItemCode>8901537024014</ItemCode>
      <ItemType>1</ItemType>
      <ItemName>אורז בסמטי 1 ק"ג</ItemName>
      <ManufactureName>ג. וילי-פוד אינטרנשיונל בע`מ</ManufactureName>
      <ManufactureCountry />
      <ManufactureItemDescription />
      <UnitQty>'יח</UnitQty>
      <Quantity>10</Quantity>
      <UnitMeasure>ל-100 גרם</UnitMeasure>
      <BisWeighted>0</BisWeighted>
      <QtyInPackage>1</QtyInPackage>
      <ItemPrice>12.90</ItemPrice>
      <UnitOfMeasurePrice>1.29</UnitOfMeasurePrice>
      <AllowDiscount>1</AllowDiscount>
      <itemStatus>1</itemStatus>
      <LastUpdateDate />
      <LastUpdateTime />
    </Product>
    <Product>
      <PriceUpdateDate>2022/09/28 18:45</PriceUpdateDate>
      <ItemCode>8907931003600</ItemCode>
      <ItemType>1</ItemType>
      <ItemName>חטיף צ`יפס בטטה עם מלח ים 30 גרם</ItemName>
      <ManufactureName>משה סידס ובנו בעמ</ManufactureName>
      <ManufactureCountry />
      <ManufactureItemDescription />
      <UnitQty>'יח</UnitQty>
      <Quantity>3</Quantity>
      <UnitMeasure>ל-100 גרם</UnitMeasure>
      <BisWeighted>0</BisWeighted>
      <QtyInPackage>1</QtyInPackage>
      <ItemPrice>5.90</ItemPrice>
      <UnitOfMeasurePrice>1.97</UnitOfMeasurePrice>
      <AllowDiscount>1</AllowDiscount>
      <itemStatus>1</itemStatus>
      <LastUpdateDate />
      <LastUpdateTime />
    </Product>
    <Product>
      <PriceUpdateDate>2022/09/28 18:45</PriceUpdateDate>
      <ItemCode>8907931003662</ItemCode>
      <ItemType>1</ItemType>
      <ItemName>חטיף צ`יפס בטטה עם ברביקיו 30 גרם</ItemName>
      <ManufactureName>משה סידס ובנו בעמ</ManufactureName>
      <ManufactureCountry />
      <ManufactureItemDescription />
      <UnitQty>'יח</UnitQty>
      <Quantity>3</Quantity>
      <UnitMeasure>ל-100 גרם</UnitMeasure>
      <BisWeighted>0</BisWeighted>
      <QtyInPackage>1</QtyInPackage>
      <ItemPrice>5.90</ItemPrice>
      <UnitOfMeasurePrice>1.97</UnitOfMeasurePrice>
      <AllowDiscount>1</AllowDiscount>
      <itemStatus>1</itemStatus>
      <LastUpdateDate />
      <LastUpdateTime />
    </Product>
    <Product>
      <PriceUpdateDate>2022/05/16 09:45</PriceUpdateDate>
      <ItemCode>8957123840223</ItemCode>
      <ItemType>1</ItemType>
      <ItemName>פלטה כרמית BT-4011</ItemName>
      <ManufactureName>ד.ש.ש אלקטרוניקה בעמ`</ManufactureName>
      <ManufactureCountry />
      <ManufactureItemDescription />
      <UnitQty>'יח</UnitQty>
      <Quantity>1</Quantity>
      <UnitMeasure>'יח</UnitMeasure>
      <BisWeighted>0</BisWeighted>
      <QtyInPackage>1</QtyInPackage>
      <ItemPrice>179</ItemPrice>
      <UnitOfMeasurePrice>179</UnitOfMeasurePrice>
      <AllowDiscount>0</AllowDiscount>
      <itemStatus>1</itemStatus>
      <LastUpdateDate />
      <LastUpdateTime />
    </Product>
    <Product>
      <PriceUpdateDate>2022/06/20 21:03</PriceUpdateDate>
      <ItemCode>9001148803103</ItemCode>
      <ItemType>1</ItemType>
      <ItemName>שיני שום קלופות</ItemName>
      <ManufactureName>ביכורי השדה הצפון בעמ` 1964</ManufactureName>
      <ManufactureCountry />
      <ManufactureItemDescription />
      <UnitQty>'יח</UnitQty>
      <Quantity>1</Quantity>
      <UnitMeasure />
      <BisWeighted>0</BisWeighted>
      <QtyInPackage>1</QtyInPackage>
      <ItemPrice>9.90</ItemPrice>
      <UnitOfMeasurePrice>9.90</UnitOfMeasurePrice>
      <AllowDiscount>0</AllowDiscount>
      <itemStatus>1</itemStatus>
      <LastUpdateDate />
      <LastUpdateTime />
    </Product>
    <Product>
      <PriceUpdateDate>2022/10/26 17:23</PriceUpdateDate>
      <ItemCode>9001395807015</ItemCode>
      <ItemType>1</ItemType>
      <ItemName>חטיף טעם בננה מצופה שוקולד 300 גרם</ItemName>
      <ManufactureName>יעד ממתקים בעמ</ManufactureName>
      <ManufactureCountry />
      <ManufactureItemDescription />
      <UnitQty>'יח</UnitQty>
      <Quantity>3</Quantity>
      <UnitMeasure>ל-100 גרם</UnitMeasure>
      <BisWeighted>0</BisWeighted>
      <QtyInPackage>1</QtyInPackage>
      <ItemPrice>10.90</ItemPrice>
      <UnitOfMeasurePrice>3.63</UnitOfMeasurePrice>
      <AllowDiscount>0</AllowDiscount>
      <itemStatus>1</itemStatus>
      <LastUpdateDate />
      <LastUpdateTime />
    </Product>
    <Product>
      <PriceUpdateDate>2021/10/12 15:11</PriceUpdateDate>
      <ItemCode>9002975393829</ItemCode>
      <ItemType>1</ItemType>
      <ItemName>גומי הריבו האפי פיצ`ס</ItemName>
      <ManufactureName>משה סידס ובנו בעמ</ManufactureName>
      <ManufactureCountry />
      <ManufactureItemDescription />
      <UnitQty>'יח</UnitQty>
      <Quantity>1</Quantity>
      <UnitMeasure>'יח</UnitMeasure>
      <BisWeighted>0</BisWeighted>
      <QtyInPackage>1</QtyInPackage>
      <ItemPrice>6.90</ItemPrice>
      <UnitOfMeasurePrice>6.90</UnitOfMeasurePrice>
      <AllowDiscount>0</AllowDiscount>
      <itemStatus>1</itemStatus>
      <LastUpdateDate />
      <LastUpdateTime />
    </Product>
    <Product>
      <PriceUpdateDate>2021/10/12 15:11</PriceUpdateDate>
      <ItemCode>9002975393836</ItemCode>
      <ItemType>1</ItemType>
      <ItemName>גומי הריבו האפי קולה</ItemName>
      <ManufactureName>משה סידס ובנו בעמ</ManufactureName>
      <ManufactureCountry />
      <ManufactureItemDescription />
      <UnitQty>'יח</UnitQty>
      <Quantity>1</Quantity>
      <UnitMeasure>'יח</UnitMeasure>
      <BisWeighted>0</BisWeighted>
      <QtyInPackage>1</QtyInPackage>
      <ItemPrice>6.90</ItemPrice>
      <UnitOfMeasurePrice>6.90</UnitOfMeasurePrice>
      <AllowDiscount>0</AllowDiscount>
      <itemStatus>1</itemStatus>
      <LastUpdateDate />
      <LastUpdateTime />
    </Product>
    <Product>
      <PriceUpdateDate>2022/07/20 20:07</PriceUpdateDate>
      <ItemCode>9120025834723</ItemCode>
      <ItemType>1</ItemType>
      <ItemName>חטיף אוראו 120 גרם</ItemName>
      <ManufactureName>ג. וילי-פוד אינטרנשיונל בע`מ</ManufactureName>
      <ManufactureCountry />
      <ManufactureItemDescription />
      <UnitQty>'יח</UnitQty>
      <Quantity>1.20</Quantity>
      <UnitMeasure>ל-100 גרם</UnitMeasure>
      <BisWeighted>0</BisWeighted>
      <QtyInPackage>1</QtyInPackage>
      <ItemPrice>14.90</ItemPrice>
      <UnitOfMeasurePrice>12.42</UnitOfMeasurePrice>
      <AllowDiscount>0</AllowDiscount>
      <itemStatus>1</itemStatus>
      <LastUpdateDate />
      <LastUpdateTime />
    </Product>
    <Product>
      <PriceUpdateDate>2022/08/02 14:41</PriceUpdateDate>
      <ItemCode>9120025839896</ItemCode>
      <ItemType>1</ItemType>
      <ItemName>חטיף מילקה 120 גרם</ItemName>
      <ManufactureName>ג. וילי-פוד אינטרנשיונל בע`מ</ManufactureName>
      <ManufactureCountry />
      <ManufactureItemDescription />
      <UnitQty>'יח</UnitQty>
      <Quantity>1.20</Quantity>
      <UnitMeasure>ל-100 גרם</UnitMeasure>
      <BisWeighted>0</BisWeighted>
      <QtyInPackage>1</QtyInPackage>
      <ItemPrice>14.90</ItemPrice>
      <UnitOfMeasurePrice>12.42</UnitOfMeasurePrice>
      <AllowDiscount>0</AllowDiscount>
      <itemStatus>1</itemStatus>
      <LastUpdateDate />
      <LastUpdateTime />
    </Product>
    <Product>
      <PriceUpdateDate>2022/10/31 14:55</PriceUpdateDate>
      <ItemCode>9120097310545</ItemCode>
      <ItemType>1</ItemType>
      <ItemName>חטיף מיני מיניונים</ItemName>
      <ManufactureName>ג. וילי-פוד אינטרנשיונל בע`מ</ManufactureName>
      <ManufactureCountry />
      <ManufactureItemDescription />
      <UnitQty>'יח</UnitQty>
      <Quantity>1.20</Quantity>
      <UnitMeasure>ל-100 גרם</UnitMeasure>
      <BisWeighted>0</BisWeighted>
      <QtyInPackage>1</QtyInPackage>
      <ItemPrice>14.90</ItemPrice>
      <UnitOfMeasurePrice>12.42</UnitOfMeasurePrice>
      <AllowDiscount>0</AllowDiscount>
      <itemStatus>1</itemStatus>
      <LastUpdateDate />
      <LastUpdateTime />
    </Product>
    <Product>
      <PriceUpdateDate>2022/07/20 20:07</PriceUpdateDate>
      <ItemCode>9120097310583</ItemCode>
      <ItemType>1</ItemType>
      <ItemName>חטיף שוקו בננה מיניונים 108 גרם</ItemName>
      <ManufactureName>ג. וילי-פוד אינטרנשיונל בע`מ</ManufactureName>
      <ManufactureCountry />
      <ManufactureItemDescription />
      <UnitQty>'יח</UnitQty>
      <Quantity>1.08</Quantity>
      <UnitMeasure>ל-100 גרם</UnitMeasure>
      <BisWeighted>0</BisWeighted>
      <QtyInPackage>1</QtyInPackage>
      <ItemPrice>14.90</ItemPrice>
      <UnitOfMeasurePrice>13.80</UnitOfMeasurePrice>
      <AllowDiscount>0</AllowDiscount>
      <itemStatus>1</itemStatus>
      <LastUpdateDate />
      <LastUpdateTime />
    </Product>
    <Product>
      <PriceUpdateDate>2022/09/28 18:51</PriceUpdateDate>
      <ItemCode>9272345678041</ItemCode>
      <ItemType>1</ItemType>
      <ItemName>מפת שולחן עם גומי לשולחן מתקפל</ItemName>
      <ManufactureName>ד.ג.ש ייבוא ושיווק בעמ</ManufactureName>
      <ManufactureCountry />
      <ManufactureItemDescription />
      <UnitQty>'יח</UnitQty>
      <Quantity>1</Quantity>
      <UnitMeasure />
      <BisWeighted>0</BisWeighted>
      <QtyInPackage>1</QtyInPackage>
      <ItemPrice>24.90</ItemPrice>
      <UnitOfMeasurePrice>24.90</UnitOfMeasurePrice>
      <AllowDiscount>0</AllowDiscount>
      <itemStatus>1</itemStatus>
      <LastUpdateDate />
      <LastUpdateTime />
    </Product>
    <Product>
      <PriceUpdateDate>2022/08/08 17:14</PriceUpdateDate>
      <ItemCode>9272345678065</ItemCode>
      <ItemType>1</ItemType>
      <ItemName>מגן ארונות TONY</ItemName>
      <ManufactureName>ד.ג.ש ייבוא ושיווק בעמ</ManufactureName>
      <ManufactureCountry />
      <ManufactureItemDescription />
      <UnitQty>'יח</UnitQty>
      <Quantity>1</Quantity>
      <UnitMeasure />
      <BisWeighted>0</BisWeighted>
      <QtyInPackage>1</QtyInPackage>
      <ItemPrice>9.90</ItemPrice>
      <UnitOfMeasurePrice>9.90</UnitOfMeasurePrice>
      <AllowDiscount>0</AllowDiscount>
      <itemStatus>1</itemStatus>
      <LastUpdateDate />
      <LastUpdateTime />
    </Product>
    <Product>
      <PriceUpdateDate>2022/07/04 08:41</PriceUpdateDate>
      <ItemCode>9272345678072</ItemCode>
      <ItemType>1</ItemType>
      <ItemName>מצע גמיש TONY</ItemName>
      <ManufactureName>ד.ג.ש ייבוא ושיווק בעמ</ManufactureName>
      <ManufactureCountry />
      <ManufactureItemDescription />
      <UnitQty>'יח</UnitQty>
      <Quantity>1</Quantity>
      <UnitMeasure />
      <BisWeighted>0</BisWeighted>
      <QtyInPackage>1</QtyInPackage>
      <ItemPrice>14.90</ItemPrice>
      <UnitOfMeasurePrice>14.90</UnitOfMeasurePrice>
      <AllowDiscount>0</AllowDiscount>
      <itemStatus>1</itemStatus>
      <LastUpdateDate />
      <LastUpdateTime />
    </Product>
    <Product>
      <PriceUpdateDate>2021/02/09 13:22</PriceUpdateDate>
      <ItemCode>9310072028750</ItemCode>
      <ItemType>1</ItemType>
      <ItemName>טים טם דאבל 200 גר`</ItemName>
      <ManufactureName>משה סידס ובנו בעמ</ManufactureName>
      <ManufactureCountry />
      <ManufactureItemDescription />
      <UnitQty>'יח</UnitQty>
      <Quantity>2</Quantity>
      <UnitMeasure>ל-100 גרם</UnitMeasure>
      <BisWeighted>0</BisWeighted>
      <QtyInPackage>1</QtyInPackage>
      <ItemPrice>19.90</ItemPrice>
      <UnitOfMeasurePrice>9.95</UnitOfMeasurePrice>
      <AllowDiscount>0</AllowDiscount>
      <itemStatus>1</itemStatus>
      <LastUpdateDate />
      <LastUpdateTime />
    </Product>
    <Product>
      <PriceUpdateDate>2022/11/01 11:47</PriceUpdateDate>
      <ItemCode>9725331915519</ItemCode>
      <ItemType>1</ItemType>
      <ItemName>קערת נירוסטה צבעונית 15 סמ</ItemName>
      <ManufactureName>שחורי אריה ואנסטסיה</ManufactureName>
      <ManufactureCountry />
      <ManufactureItemDescription />
      <UnitQty>'יח</UnitQty>
      <Quantity>1</Quantity>
      <UnitMeasure />
      <BisWeighted>0</BisWeighted>
      <QtyInPackage>1</QtyInPackage>
      <ItemPrice>14.90</ItemPrice>
      <UnitOfMeasurePrice>14.90</UnitOfMeasurePrice>
      <AllowDiscount>0</AllowDiscount>
      <itemStatus>1</itemStatus>
      <LastUpdateDate />
      <LastUpdateTime />
    </Product>
    <Product>
      <PriceUpdateDate>2022/11/01 11:47</PriceUpdateDate>
      <ItemCode>9725331915526</ItemCode>
      <ItemType>1</ItemType>
      <ItemName>קערת נירוסטה צבעונית 20 סמ</ItemName>
      <ManufactureName>שחורי אריה ואנסטסיה</ManufactureName>
      <ManufactureCountry />
      <ManufactureItemDescription />
      <UnitQty>'יח</UnitQty>
      <Quantity>1</Quantity>
      <UnitMeasure />
      <BisWeighted>0</BisWeighted>
      <QtyInPackage>1</QtyInPackage>
      <ItemPrice>19.90</ItemPrice>
      <UnitOfMeasurePrice>19.90</UnitOfMeasurePrice>
      <AllowDiscount>0</AllowDiscount>
      <itemStatus>1</itemStatus>
      <LastUpdateDate />
      <LastUpdateTime />
    </Product>
    <Product>
      <PriceUpdateDate>2022/11/01 11:47</PriceUpdateDate>
      <ItemCode>9725331915533</ItemCode>
      <ItemType>1</ItemType>
      <ItemName>קערת ניקוסטה צבעונית 23 סמ</ItemName>
      <ManufactureName>שחורי אריה ואנסטסיה</ManufactureName>
      <ManufactureCountry />
      <ManufactureItemDescription />
      <UnitQty>'יח</UnitQty>
      <Quantity>1</Quantity>
      <UnitMeasure />
      <BisWeighted>0</BisWeighted>
      <QtyInPackage>1</QtyInPackage>
      <ItemPrice>23.90</ItemPrice>
      <UnitOfMeasurePrice>23.90</UnitOfMeasurePrice>
      <AllowDiscount>0</AllowDiscount>
      <itemStatus>1</itemStatus>
      <LastUpdateDate />
      <LastUpdateTime />
    </Product>
    <Product>
      <PriceUpdateDate>2022/02/01 09:32</PriceUpdateDate>
      <ItemCode>9771565025005</ItemCode>
      <ItemType>1</ItemType>
      <ItemName>עיתון מעריב סופשבוע</ItemName>
      <ManufactureName>ג`רוזלם פוסט בעמ</ManufactureName>
      <ManufactureCountry />
      <ManufactureItemDescription />
      <UnitQty>'יח</UnitQty>
      <Quantity>1</Quantity>
      <UnitMeasure />
      <BisWeighted>0</BisWeighted>
      <QtyInPackage>1</QtyInPackage>
      <ItemPrice>6</ItemPrice>
      <UnitOfMeasurePrice>6</UnitOfMeasurePrice>
      <AllowDiscount>0</AllowDiscount>
      <itemStatus>1</itemStatus>
      <LastUpdateDate />
      <LastUpdateTime />
    </Product>
    <Product>
      <PriceUpdateDate>2022/10/31 14:53</PriceUpdateDate>
      <ItemCode>9780201305890</ItemCode>
      <ItemType>1</ItemType>
      <ItemName>שואב אבק ציקלון BENATON BT</ItemName>
      <ManufactureName>ד.ש.ש אלקטרוניקה בעמ`</ManufactureName>
      <ManufactureCountry />
      <ManufactureItemDescription />
      <UnitQty>'יח</UnitQty>
      <Quantity>1</Quantity>
      <UnitMeasure />
      <BisWeighted>0</BisWeighted>
      <QtyInPackage>1</QtyInPackage>
      <ItemPrice>199</ItemPrice>
      <UnitOfMeasurePrice>199</UnitOfMeasurePrice>
      <AllowDiscount>0</AllowDiscount>
      <itemStatus>1</itemStatus>
      <LastUpdateDate />
      <LastUpdateTime />
    </Product>
    <Product>
      <PriceUpdateDate>2022/10/31 14:53</PriceUpdateDate>
      <ItemCode>9780201322255</ItemCode>
      <ItemType>1</ItemType>
      <ItemName>קומקום נירוסטה 2.2 BT-2225</ItemName>
      <ManufactureName>ד.ש.ש אלקטרוניקה בעמ`</ManufactureName>
      <ManufactureCountry />
      <ManufactureItemDescription />
      <UnitQty>'יח</UnitQty>
      <Quantity>0</Quantity>
      <UnitMeasure>'יח</UnitMeasure>
      <BisWeighted>0</BisWeighted>
      <QtyInPackage>1</QtyInPackage>
      <ItemPrice>79</ItemPrice>
      <UnitOfMeasurePrice>79</UnitOfMeasurePrice>
      <AllowDiscount>0</AllowDiscount>
      <itemStatus>1</itemStatus>
      <LastUpdateDate />
      <LastUpdateTime />
    </Product>
    <Product>
      <PriceUpdateDate>2022/11/01 11:47</PriceUpdateDate>
      <ItemCode>9780201379655</ItemCode>
      <ItemType>1</ItemType>
      <ItemName>משטח גירוד קרטון שטוח</ItemName>
      <ManufactureName>שחורי אריה ואנסטסיה</ManufactureName>
      <ManufactureCountry />
      <ManufactureItemDescription />
      <UnitQty>'יח</UnitQty>
      <Quantity>1</Quantity>
      <UnitMeasure />
      <BisWeighted>0</BisWeighted>
      <QtyInPackage>1</QtyInPackage>
      <ItemPrice>29.90</ItemPrice>
      <UnitOfMeasurePrice>29.90</UnitOfMeasurePrice>
      <AllowDiscount>0</AllowDiscount>
      <itemStatus>1</itemStatus>
      <LastUpdateDate />
      <LastUpdateTime />
    </Product>
    <Product>
      <PriceUpdateDate>2022/10/31 14:53</PriceUpdateDate>
      <ItemCode>9780204022251</ItemCode>
      <ItemType>1</ItemType>
      <ItemName>קומקום צבעוני BT-2225</ItemName>
      <ManufactureName>ד.ש.ש אלקטרוניקה בעמ`</ManufactureName>
      <ManufactureCountry />
      <ManufactureItemDescription />
      <UnitQty>'יח</UnitQty>
      <Quantity>0</Quantity>
      <UnitMeasure>'יח</UnitMeasure>
      <BisWeighted>0</BisWeighted>
      <QtyInPackage>1</QtyInPackage>
      <ItemPrice>99</ItemPrice>
      <UnitOfMeasurePrice>99</UnitOfMeasurePrice>
      <AllowDiscount>0</AllowDiscount>
      <itemStatus>1</itemStatus>
      <LastUpdateDate />
      <LastUpdateTime />
    </Product>
    <Product>
      <PriceUpdateDate>2022/10/28 08:07</PriceUpdateDate>
      <ItemCode>72901178601337</ItemCode>
      <ItemType>0</ItemType>
      <ItemName>הוואי תחליב בניחוח פרח הקמליה 700 מל`</ItemName>
      <ManufactureName>הנקל סוד בע`מ</ManufactureName>
      <ManufactureCountry />
      <ManufactureItemDescription />
      <UnitQty>'יח</UnitQty>
      <Quantity>1.50</Quantity>
      <UnitMeasure>לליטר</UnitMeasure>
      <BisWeighted>0</BisWeighted>
      <QtyInPackage>1</QtyInPackage>
      <ItemPrice>9.90</ItemPrice>
      <UnitOfMeasurePrice>6.60</UnitOfMeasurePrice>
      <AllowDiscount>0</AllowDiscount>
      <itemStatus>1</itemStatus>
      <LastUpdateDate />
      <LastUpdateTime />
    </Product>
  </Products>
</Prices>